  <div class='ocr_page' id='page_1' title='image "/cluster/home/n/w/nwhite01/storage/ocr_20150623/72/uva.x000827084/571.png"; bbox 0 0 4016 6240; ppageno 0'>
   <div class='ocr_carea' id='block_1_1' title="bbox 505 344 607 398">
    <p class='ocr_par' dir='ltr' id='par_1_1' title="bbox 505 344 607 398">
     <span class='ocr_line' id='line_1_1' title="bbox 505 344 607 398; baseline -0.01 -1"><span class='ocrx_word' id='word_1_1' title='bbox 505 344 607 398; x_wconf 81' lang='lat'><strong>779</strong></span> 
     </span>
    </p>
   </div>
   <div class='ocr_carea' id='block_1_2' title="bbox 1632 324 2771 393">
    <p class='ocr_par' dir='ltr' id='par_1_2' title="bbox 1632 324 2771 393">
     <span class='ocr_line' id='line_1_2' title="bbox 1632 324 2771 393; baseline -0.004 -6"><span class='ocrx_word' id='word_1_2' title='bbox 1632 328 1783 387; x_wconf 78' lang='lat' dir='ltr'><strong>VlTA</strong></span> <span class='ocrx_word' id='word_1_3' title='bbox 1821 331 2097 387; x_wconf 62' lang='lat' dir='ltr'><strong>SANCTzE</strong></span> <span class='ocrx_word' id='word_1_4' title='bbox 2138 329 2423 385; x_wconf 68' lang='lat' dir='ltr'><strong>BRIGlD/E</strong></span> <span class='ocrx_word' id='word_1_5' title='bbox 2462 324 2771 393; x_wconf 81' lang='lat' dir='ltr'><strong>VIRGINIS,</strong></span> 
     </span>
    </p>
   </div>
   <div class='ocr_carea' id='block_1_3' title="bbox 3784 314 3886 370">
    <p class='ocr_par' dir='ltr' id='par_1_3' title="bbox 3784 314 3886 370">
     <span class='ocr_line' id='line_1_3' title="bbox 3784 314 3886 370; baseline -0.01 0"><span class='ocrx_word' id='word_1_6' title='bbox 3784 314 3886 370; x_wconf 71' lang='lat'><strong>780</strong></span> 
     </span>
    </p>
   </div>
   <div class='ocr_carea' id='block_1_4' title="bbox 502 424 3887 523">
    <p class='ocr_par' dir='ltr' id='par_1_4' title="bbox 502 424 3887 523">
     <span class='ocr_line' id='line_1_4' title="bbox 502 424 3887 523; baseline -0.007 -22"><span class='ocrx_word' id='word_1_7' title='bbox 502 445 738 519; x_wconf 84' lang='lat' dir='ltr'>pallium</span> <span class='ocrx_word' id='word_1_8' title='bbox 766 443 960 498; x_wconf 87' lang='lat' dir='ltr'><strong>album</strong></span> <span class='ocrx_word' id='word_1_9' title='bbox 986 442 1043 496; x_wconf 87' lang='lat' dir='ltr'><strong>et</strong></span> <span class='ocrx_word' id='word_1_10' title='bbox 1068 444 1280 496; x_wconf 82' lang='lat' dir='ltr'><strong>vestem</strong></span> <span class='ocrx_word' id='word_1_11' title='bbox 1314 439 1613 494; x_wconf 86' lang='lat' dir='ltr'><strong>candidam</strong></span> <span class='ocrx_word' id='word_1_12' title='bbox 1644 455 1815 509; x_wconf 88' lang='lat' dir='ltr'><strong>super</strong></span> <span class='ocrx_word' id='word_1_13' title='bbox 1846 439 2021 510; x_wconf 87' lang='lat' dir='ltr'><strong>ipsius</strong></span> <span class='ocrx_word' id='word_1_14' title='bbox 2045 454 2142 491; x_wconf 92' lang='lat' dir='ltr'><strong>ve-</strong></span> <span class='ocrx_word' id='word_1_15' title='bbox 2165 451 2224 523; x_wconf 76' lang='grc' dir='ltr'>Α</span> <span class='ocrx_word' id='word_1_16' title='bbox 2245 442 2619 492; x_wconf 80' lang='lat' dir='ltr'><strong>transversam</strong></span> <span class='ocrx_word' id='word_1_17' title='bbox 2646 440 2703 489; x_wconf 91' lang='lat' dir='ltr'><strong>et</strong></span> <span class='ocrx_word' id='word_1_18' title='bbox 2721 436 2891 488; x_wconf 77' lang='lat' dir='ltr'><strong>lixam</strong></span> <span class='ocrx_word' id='word_1_19' title='bbox 2919 435 3146 504; x_wconf 79' lang='lat' dir='ltr'><strong>putans,</strong></span> <span class='ocrx_word' id='word_1_20' title='bbox 3168 447 3233 484; x_wconf 89' lang='lat' dir='ltr'><strong>ac</strong></span> <span class='ocrx_word' id='word_1_21' title='bbox 3258 428 3503 501; x_wconf 86' lang='lat' dir='ltr'><strong>desuper</strong></span> <span class='ocrx_word' id='word_1_22' title='bbox 3524 424 3887 497; x_wconf 89' lang='lat' dir='ltr'><strong>complutam</strong></span> 
     </span>
    </p>
   </div>
   <div class='ocr_carea' id='block_1_5' title="bbox 504 532 2135 609">
    <p class='ocr_par' dir='ltr' id='par_1_5' title="bbox 504 532 2135 609">
     <span class='ocr_line' id='line_1_5' title="bbox 504 532 2135 609; baseline -0.007 -14"><span class='ocrx_word' id='word_1_23' title='bbox 504 540 754 596; x_wconf 87' lang='lat' dir='ltr'><strong>nerabile</strong></span> <span class='ocrx_word' id='word_1_24' title='bbox 784 541 953 609; x_wconf 88' lang='lat' dir='ltr'><strong>caput</strong></span> <span class='ocrx_word' id='word_1_25' title='bbox 975 535 1266 607; x_wconf 84' lang='lat' dir='ltr'><strong>imposuit.</strong></span> <span class='ocrx_word' id='word_1_26' title='bbox 1303 535 1438 598; x_wconf 84' lang='lat' dir='ltr'><strong>Quae</strong></span> <span class='ocrx_word' id='word_1_27' title='bbox 1455 549 1642 587; x_wconf 89' lang='lat' dir='ltr'><strong>coram</strong></span> <span class='ocrx_word' id='word_1_28' title='bbox 1663 534 1774 587; x_wconf 94' lang='lat' dir='ltr'><strong>Deo</strong></span> <span class='ocrx_word' id='word_1_29' title='bbox 1802 537 1857 587; x_wconf 91' lang='lat' dir='ltr'><strong>et</strong></span> <span class='ocrx_word' id='word_1_30' title='bbox 1876 532 2135 603; x_wconf 91' lang='lat' dir='ltr'><strong>episcopo</strong></span> 
     </span>
    </p>
   </div>
   <div class='ocr_carea' id='block_1_6' title="bbox 506 626 2137 703">
    <p class='ocr_par' dir='ltr' id='par_1_6' title="bbox 506 626 2137 703">
     <span class='ocr_line' id='line_1_6' title="bbox 506 626 2137 703; baseline -0.006 -15"><span class='ocrx_word' id='word_1_31' title='bbox 506 651 569 689; x_wconf 86' lang='lat' dir='ltr'><strong>ac</strong></span> <span class='ocrx_word' id='word_1_32' title='bbox 585 632 744 687; x_wconf 82' lang='lat' dir='ltr'><strong>altari</strong></span> <span class='ocrx_word' id='word_1_33' title='bbox 762 648 949 703; x_wconf 89' lang='lat' dir='ltr'><strong>genua</strong></span> <span class='ocrx_word' id='word_1_34' title='bbox 967 630 1266 684; x_wconf 85' lang='lat' dir='ltr'><strong>humiliter</strong></span> <span class='ocrx_word' id='word_1_35' title='bbox 1284 628 1532 695; x_wconf 89' lang='lat' dir='ltr'><strong>ﬂectens,</strong></span> <span class='ocrx_word' id='word_1_36' title='bbox 1548 632 1603 681; x_wconf 92' lang='lat' dir='ltr'><strong>et</strong></span> <span class='ocrx_word' id='word_1_37' title='bbox 1616 643 1779 681; x_wconf 89' lang='lat' dir='ltr'><strong>suam</strong></span> <span class='ocrx_word' id='word_1_38' title='bbox 1803 626 2137 697; x_wconf 81' lang='lat' dir='ltr'><strong>virginalem</strong></span> 
     </span>
    </p>
   </div>
   <div class='ocr_carea' id='block_1_7' title="bbox 513 720 2139 799">
    <p class='ocr_par' dir='ltr' id='par_1_7' title="bbox 513 720 2139 799">
     <span class='ocr_line' id='line_1_7' title="bbox 513 720 2139 799; baseline -0.005 -18"><span class='ocrx_word' id='word_1_39' title='bbox 513 726 589 799; x_wconf 91' lang='lat' dir='ltr'><strong>[F.</strong></span> <span class='ocrx_word' id='word_1_40' title='bbox 613 722 1018 795; x_wconf 85' lang='lat' dir='ltr'><strong>virginitatem]</strong></span> <span class='ocrx_word' id='word_1_41' title='bbox 1055 739 1243 775; x_wconf 88' lang='lat' dir='ltr'><strong>coram</strong></span> <span class='ocrx_word' id='word_1_42' title='bbox 1276 720 1517 777; x_wconf 91' lang='lat' dir='ltr'><strong>Domino</strong></span> <span class='ocrx_word' id='word_1_43' title='bbox 1567 720 1961 791; x_wconf 87' lang='lat' dir='ltr'><strong>Omnipotente</strong></span> <span class='ocrx_word' id='word_1_44' title='bbox 2009 720 2139 774; x_wconf 75' lang='lat' dir='ltr'><strong>olfe-</strong></span> 
     </span>
    </p>
   </div>
   <div class='ocr_carea' id='block_1_8' title="bbox 506 813 2136 888">
    <p class='ocr_par' dir='ltr' id='par_1_8' title="bbox 506 813 2136 888">
     <span class='ocr_line' id='line_1_8' title="bbox 506 813 2136 888; baseline -0.005 -13"><span class='ocrx_word' id='word_1_45' title='bbox 506 837 658 888; x_wconf 89' lang='lat' dir='ltr'><strong>rens,</strong></span> <span class='ocrx_word' id='word_1_46' title='bbox 682 818 1116 872; x_wconf 83' lang='lat' dir='ltr'><strong>fundamentum</strong></span> <span class='ocrx_word' id='word_1_47' title='bbox 1142 815 1421 885; x_wconf 88' lang='lat' dir='ltr'><strong>ligneum,</strong></span> <span class='ocrx_word' id='word_1_48' title='bbox 1450 830 1564 884; x_wconf 90' lang='lat' dir='ltr'><strong>quo</strong></span> <span class='ocrx_word' id='word_1_49' title='bbox 1592 815 1766 868; x_wconf 88' lang='lat' dir='ltr'><strong>altare</strong></span> <span class='ocrx_word' id='word_1_50' title='bbox 1780 813 2136 882; x_wconf 88' lang='lat' dir='ltr'><strong>fulciebatur,</strong></span> 
     </span>
    </p>
   </div>
   <div class='ocr_carea' id='block_1_9' title="bbox 508 906 2141 983">
    <p class='ocr_par' dir='ltr' id='par_1_9' title="bbox 508 906 2141 983">
     <span class='ocr_line' id='line_1_9' title="bbox 508 906 2141 983; baseline -0.004 -16"><span class='ocrx_word' id='word_1_51' title='bbox 508 913 717 983; x_wconf 82' lang='lat' dir='ltr'><strong>tetigit.</strong></span> <span class='ocrx_word' id='word_1_52' title='bbox 745 910 902 974; x_wconf 90' lang='lat' dir='ltr'><strong>Quod</strong></span> <span class='ocrx_word' id='word_1_53' title='bbox 952 910 1170 979; x_wconf 83' lang='lat' dir='ltr'><strong>lignum</strong></span> <span class='ocrx_word' id='word_1_54' title='bbox 1202 908 1262 962; x_wconf 92' lang='lat' dir='ltr'><strong>in</strong></span> <span class='ocrx_word' id='word_1_55' title='bbox 1306 908 1840 962; x_wconf 83' lang='lat' dir='ltr'><strong>commemoratione</strong></span> <span class='ocrx_word' id='word_1_56' title='bbox 1887 906 2141 978; x_wconf 78' lang='lat' dir='ltr'><strong>pristinae</strong></span> 
     </span>
    </p>
   </div>
   <div class='ocr_carea' id='block_1_10' title="bbox 506 999 2142 1074">
    <p class='ocr_par' dir='ltr' id='par_1_10' title="bbox 506 999 2142 1074">
     <span class='ocr_line' id='line_1_10' title="bbox 506 999 2142 1074; baseline -0.004 -15"><span class='ocrx_word' id='word_1_57' title='bbox 506 1004 748 1070; x_wconf 87' lang='lat' dir='ltr'><strong>virtutis,</strong></span> <span class='ocrx_word' id='word_1_58' title='bbox 778 1018 958 1073; x_wconf 89' lang='lat' dir='ltr'><strong>usque</strong></span> <span class='ocrx_word' id='word_1_59' title='bbox 987 1002 1054 1056; x_wconf 90' lang='lat' dir='ltr'><strong>ad</strong></span> <span class='ocrx_word' id='word_1_60' title='bbox 1087 1018 1338 1074; x_wconf 71' lang='lat' dir='ltr'><strong>przesens</strong></span> <span class='ocrx_word' id='word_1_61' title='bbox 1364 1005 1594 1073; x_wconf 83' lang='lat' dir='ltr'><strong>tempus</strong></span> <span class='ocrx_word' id='word_1_62' title='bbox 1624 1001 1821 1070; x_wconf 82' lang='lat' dir='ltr'><strong>viride,</strong></span> <span class='ocrx_word' id='word_1_63' title='bbox 1864 1017 1926 1053; x_wconf 90' lang='lat' dir='ltr'><strong>ac</strong></span> <span class='ocrx_word' id='word_1_64' title='bbox 1952 999 1998 1053; x_wconf 91' lang='lat' dir='ltr'><strong>si</strong></span> <span class='ocrx_word' id='word_1_65' title='bbox 2026 1015 2142 1053; x_wconf 91' lang='lat' dir='ltr'><strong>non</strong></span> 
     </span>
    </p>
   </div>
   <div class='ocr_carea' id='block_1_11' title="bbox 511 1093 2144 1164">
    <p class='ocr_par' dir='ltr' id='par_1_11' title="bbox 511 1093 2144 1164">
     <span class='ocr_line' id='line_1_11' title="bbox 511 1093 2144 1164; baseline -0.005 -11"><span class='ocrx_word' id='word_1_66' title='bbox 511 1103 657 1153; x_wconf 85' lang='lat' dir='ltr'><strong>esset</strong></span> <span class='ocrx_word' id='word_1_67' title='bbox 685 1096 956 1164; x_wconf 88' lang='lat' dir='ltr'><strong>excisum,</strong></span> <span class='ocrx_word' id='word_1_68' title='bbox 1005 1100 1061 1149; x_wconf 90' lang='lat' dir='ltr'><strong>et</strong></span> <span class='ocrx_word' id='word_1_69' title='bbox 1124 1095 1551 1164; x_wconf 87' lang='lat' dir='ltr'><strong>decorticatum,</strong></span> <span class='ocrx_word' id='word_1_70' title='bbox 1601 1095 1696 1149; x_wconf 91' lang='lat' dir='ltr'><strong>sed</strong></span> <span class='ocrx_word' id='word_1_71' title='bbox 1752 1094 1811 1148; x_wconf 90' lang='lat' dir='ltr'><strong>in</strong></span> <span class='ocrx_word' id='word_1_72' title='bbox 1863 1093 2144 1147; x_wconf 86' lang='lat' dir='ltr'><strong>radicibus</strong></span> 
     </span>
    </p>
   </div>
   <div class='ocr_carea' id='block_1_12' title="bbox 508 1187 2146 1260">
    <p class='ocr_par' dir='ltr' id='par_1_12' title="bbox 508 1187 2146 1260">
     <span class='ocr_line' id='line_1_12' title="bbox 508 1187 2146 1260; baseline -0.004 -15"><span class='ocrx_word' id='word_1_73' title='bbox 508 1191 688 1245; x_wconf 87' lang='lat' dir='ltr'><strong>ﬁxum</strong></span> <span class='ocrx_word' id='word_1_74' title='bbox 715 1188 1084 1257; x_wconf 75' lang='lat' dir='ltr'><strong>viresceret&#39;;</strong></span> <span class='ocrx_word' id='word_1_75' title='bbox 1117 1193 1173 1243; x_wconf 91' lang='lat' dir='ltr'><strong>et</strong></span> <span class='ocrx_word' id='word_1_76' title='bbox 1200 1204 1375 1260; x_wconf 89' lang='lat' dir='ltr'><strong>usque</strong></span> <span class='ocrx_word' id='word_1_77' title='bbox 1404 1187 1571 1242; x_wconf 89' lang='lat' dir='ltr'><strong>hodie</strong></span> <span class='ocrx_word' id='word_1_78' title='bbox 1597 1188 1901 1259; x_wconf 89' lang='lat' dir='ltr'><strong>languores</strong></span> <span class='ocrx_word' id='word_1_79' title='bbox 1923 1191 1978 1241; x_wconf 91' lang='lat' dir='ltr'><strong>et</strong></span> <span class='ocrx_word' id='word_1_80' title='bbox 1996 1202 2146 1240; x_wconf 89' lang='lat' dir='ltr'><strong>mor-</strong></span> 
     </span>
    </p>
   </div>
   <div class='ocr_carea' id='block_1_13' title="bbox 509 1281 1610 1352">
    <p class='ocr_par' dir='ltr' id='par_1_13' title="bbox 509 1281 1610 1352">
     <span class='ocr_line' id='line_1_13' title="bbox 509 1281 1610 1352; baseline -0.004 -13"><span class='ocrx_word' id='word_1_81' title='bbox 509 1285 610 1339; x_wconf 87' lang='lat' dir='ltr'><strong>bos</strong></span> <span class='ocrx_word' id='word_1_82' title='bbox 638 1284 706 1338; x_wconf 91' lang='lat' dir='ltr'><strong>de</strong></span> <span class='ocrx_word' id='word_1_83' title='bbox 732 1281 1059 1337; x_wconf 89' lang='lat' dir='ltr'><strong>hominibus</strong></span> <span class='ocrx_word' id='word_1_84' title='bbox 1085 1282 1311 1352; x_wconf 87' lang='lat' dir='ltr'><strong>expellit</strong></span> <span class='ocrx_word' id='word_1_85' title='bbox 1334 1281 1610 1336; x_wconf 84' lang='lat' dir='ltr'><strong>fidelibus.</strong></span> 
     </span>
    </p>
   </div>
   <div class='ocr_carea' id='block_1_14' title="bbox 584 1374 2146 1448">
    <p class='ocr_par' dir='ltr' id='par_1_14' title="bbox 584 1374 2146 1448">
     <span class='ocr_line' id='line_1_14' title="bbox 584 1374 2146 1448; baseline -0.003 -16"><span class='ocrx_word' id='word_1_86' title='bbox 584 1379 693 1432; x_wconf 82' lang='lat' dir='ltr'><strong>Nec</strong></span> <span class='ocrx_word' id='word_1_87' title='bbox 720 1375 1186 1448; x_wconf 73' lang='lat' dir='ltr'><strong>praetereundum</strong></span> <span class='ocrx_word' id='word_1_88' title='bbox 1210 1374 1587 1430; x_wconf 87' lang='lat' dir='ltr'><strong>mihividetur</strong></span> <span class='ocrx_word' id='word_1_89' title='bbox 1601 1390 2050 1435; x_wconf 83' lang='lat' dir='ltr'><strong>commemorare</strong></span> <span class='ocrx_word' id='word_1_90' title='bbox 2076 1374 2146 1428; x_wconf 91' lang='lat' dir='ltr'><strong>de</strong></span> 
     </span>
    </p>
   </div>
   <div class='ocr_carea' id='block_1_15' title="bbox 510 1467 2149 1540">
    <p class='ocr_par' dir='ltr' id='par_1_15' title="bbox 510 1467 2149 1540">
     <span class='ocr_line' id='line_1_15' title="bbox 510 1467 2149 1540; baseline -0.003 -15"><span class='ocrx_word' id='word_1_91' title='bbox 510 1471 606 1526; x_wconf 90' lang='lat' dir='ltr'><strong>illa</strong></span> <span class='ocrx_word' id='word_1_92' title='bbox 630 1471 857 1537; x_wconf 85' lang='lat' dir='ltr'><strong>virtute,</strong></span> <span class='ocrx_word' id='word_1_93' title='bbox 888 1486 1061 1540; x_wconf 88' lang='lat' dir='ltr'><strong>quam</strong></span> <span class='ocrx_word' id='word_1_94' title='bbox 1114 1468 1236 1522; x_wconf 70' lang='lat' dir='ltr'><strong>haec</strong></span> <span class='ocrx_word' id='word_1_95' title='bbox 1278 1468 1649 1522; x_wconf 80' lang='lat' dir='ltr'><strong>famosissima</strong></span> <span class='ocrx_word' id='word_1_96' title='bbox 1687 1469 1897 1522; x_wconf 89' lang='lat' dir='ltr'><strong>famula</strong></span> <span class='ocrx_word' id='word_1_97' title='bbox 1941 1467 2149 1522; x_wconf 89' lang='lat' dir='ltr'><strong>dicitur</strong></span> 
     </span>
    </p>
   </div>
   <div class='ocr_carea' id='block_1_16' title="bbox 514 1561 2144 1631">
    <p class='ocr_par' dir='ltr' id='par_1_16' title="bbox 514 1561 2144 1631">
     <span class='ocr_line' id='line_1_16' title="bbox 514 1561 2144 1631; baseline -0.002 -13"><span class='ocrx_word' id='word_1_98' title='bbox 514 1581 578 1618; x_wconf 88' lang='lat' dir='ltr'><strong>ac</strong></span> <span class='ocrx_word' id='word_1_99' title='bbox 604 1563 791 1617; x_wconf 91' lang='lat' dir='ltr'><strong>divino</strong></span> <span class='ocrx_word' id='word_1_100' title='bbox 818 1561 1166 1617; x_wconf 89' lang='lat' dir='ltr'><strong>incessanter</strong></span> <span class='ocrx_word' id='word_1_101' title='bbox 1201 1561 1499 1615; x_wconf 86' lang='lat' dir='ltr'><strong>famulatui</strong></span> <span class='ocrx_word' id='word_1_102' title='bbox 1528 1561 1755 1630; x_wconf 85' lang='lat' dir='ltr'><strong>tradita,</strong></span> <span class='ocrx_word' id='word_1_103' title='bbox 1784 1566 2015 1631; x_wconf 86' lang='lat' dir='ltr'><strong>operata</strong></span> <span class='ocrx_word' id='word_1_104' title='bbox 2041 1564 2144 1614; x_wconf 91' lang='lat' dir='ltr'><strong>est.</strong></span> 
     </span>
    </p>
   </div>
   <div class='ocr_carea' id='block_1_17' title="bbox 517 1654 2146 1726">
    <p class='ocr_par' dir='ltr' id='par_1_17' title="bbox 517 1654 2146 1726">
     <span class='ocr_line' id='line_1_17' title="bbox 517 1654 2146 1726; baseline -0.003 -14"><span class='ocrx_word' id='word_1_105' title='bbox 517 1658 655 1711; x_wconf 88' lang='lat' dir='ltr'><strong>Nam</strong></span> <span class='ocrx_word' id='word_1_106' title='bbox 706 1674 836 1711; x_wconf 92' lang='lat' dir='ltr'><strong>cum</strong></span> <span class='ocrx_word' id='word_1_107' title='bbox 887 1656 985 1709; x_wconf 90' lang='lat' dir='ltr'><strong>illa</strong></span> <span class='ocrx_word' id='word_1_108' title='bbox 1015 1655 1313 1726; x_wconf 86' lang='lat' dir='ltr'><strong>aliquando</strong></span> <span class='ocrx_word' id='word_1_109' title='bbox 1344 1655 1404 1708; x_wconf 90' lang='lat' dir='ltr'><strong>in</strong></span> <span class='ocrx_word' id='word_1_110' title='bbox 1433 1654 1676 1708; x_wconf 88' lang='lat' dir='ltr'><strong>caldario</strong></span> <span class='ocrx_word' id='word_1_111' title='bbox 1726 1655 1950 1709; x_wconf 87' lang='lat' dir='ltr'><strong>lardum</strong></span> <span class='ocrx_word' id='word_1_112' title='bbox 1978 1655 2146 1709; x_wconf 90' lang='lat' dir='ltr'><strong>adve-</strong></span> 
     </span>
    </p>
   </div>
   <div class='ocr_carea' id='block_1_18' title="bbox 518 1747 2148 1820">
    <p class='ocr_par' dir='ltr' id='par_1_18' title="bbox 518 1747 2148 1820">
     <span class='ocr_line' id='line_1_18' title="bbox 518 1747 2148 1820; baseline -0.002 -15"><span class='ocrx_word' id='word_1_113' title='bbox 518 1750 811 1805; x_wconf 89' lang='lat' dir='ltr'><strong>nientibus</strong></span> <span class='ocrx_word' id='word_1_114' title='bbox 858 1749 1173 1820; x_wconf 87' lang='lat' dir='ltr'><strong>hospitibus</strong></span> <span class='ocrx_word' id='word_1_115' title='bbox 1198 1753 1441 1815; x_wconf 87' lang='lat' dir='ltr'><strong>coxerat,</strong></span> <span class='ocrx_word' id='word_1_116' title='bbox 1466 1748 1593 1801; x_wconf 88' lang='lat' dir='ltr'><strong>cani</strong></span> <span class='ocrx_word' id='word_1_117' title='bbox 1627 1748 1900 1817; x_wconf 89' lang='lat' dir='ltr'><strong>adulanti,</strong></span> <span class='ocrx_word' id='word_1_118' title='bbox 1934 1765 1996 1802; x_wconf 90' lang='lat' dir='ltr'><strong>ac</strong></span> <span class='ocrx_word' id='word_1_119' title='bbox 2041 1747 2148 1801; x_wconf 88' lang='lat' dir='ltr'><strong>ﬂa-</strong></span> 
     </span>
    </p>
   </div>
   <div class='ocr_carea' id='block_1_19' title="bbox 2235 523 3884 607">
    <p class='ocr_par' dir='ltr' id='par_1_19' title="bbox 2235 523 3884 607">
     <span class='ocr_line' id='line_1_19' title="bbox 2235 523 3884 607; baseline -0.01 -16"><span class='ocrx_word' id='word_1_120' title='bbox 2235 542 2447 591; x_wconf 86' lang='lat' dir='ltr'><strong>vestem</strong></span> <span class='ocrx_word' id='word_1_121' title='bbox 2473 551 2693 607; x_wconf 86' lang='lat' dir='ltr'><strong>ponens</strong></span> <span class='ocrx_word' id='word_1_122' title='bbox 2724 538 3000 603; x_wconf 89' lang='lat' dir='ltr'><strong>tanquam</strong></span> <span class='ocrx_word' id='word_1_123' title='bbox 3039 531 3099 584; x_wconf 93' lang='lat' dir='ltr'><strong>in</strong></span> <span class='ocrx_word' id='word_1_124' title='bbox 3130 529 3330 583; x_wconf 87' lang='lat' dir='ltr'><strong>arbore</strong></span> <span class='ocrx_word' id='word_1_125' title='bbox 3380 525 3583 598; x_wconf 86' lang='lat' dir='ltr'><strong>grandi</strong></span> <span class='ocrx_word' id='word_1_126' title='bbox 3613 529 3668 579; x_wconf 90' lang='lat' dir='ltr'><strong>et</strong></span> <span class='ocrx_word' id='word_1_127' title='bbox 3695 523 3884 586; x_wconf 83' lang='lat' dir='ltr'><strong>ﬁrma,</strong></span> 
     </span>
    </p>
   </div>
   <div class='ocr_carea' id='block_1_20' title="bbox 2238 618 3887 700">
    <p class='ocr_par' dir='ltr' id='par_1_20' title="bbox 2238 618 3887 700">
     <span class='ocr_line' id='line_1_20' title="bbox 2238 618 3887 700; baseline -0.011 -16"><span class='ocrx_word' id='word_1_128' title='bbox 2238 630 2296 683; x_wconf 90' lang='lat' dir='ltr'><strong>in</strong></span> <span class='ocrx_word' id='word_1_129' title='bbox 2344 630 2465 700; x_wconf 89' lang='lat' dir='ltr'><strong>ipsa</strong></span> <span class='ocrx_word' id='word_1_130' title='bbox 2492 628 2651 683; x_wconf 90' lang='lat' dir='ltr'><strong>tenui</strong></span> <span class='ocrx_word' id='word_1_131' title='bbox 2702 626 2870 681; x_wconf 88' lang='lat' dir='ltr'><strong>solari</strong></span> <span class='ocrx_word' id='word_1_132' title='bbox 2896 624 3097 679; x_wconf 90' lang='lat' dir='ltr'><strong>umbra</strong></span> <span class='ocrx_word' id='word_1_133' title='bbox 3138 623 3307 677; x_wconf 84' lang='lat' dir='ltr'><strong>vestis</strong></span> <span class='ocrx_word' id='word_1_134' title='bbox 3333 618 3623 692; x_wconf 85' lang='lat' dir='ltr'><strong>pependit.</strong></span> <span class='ocrx_word' id='word_1_135' title='bbox 3660 618 3729 671; x_wconf 85' lang='lat' dir='ltr'><strong>Et</strong></span> <span class='ocrx_word' id='word_1_136' title='bbox 3755 630 3887 669; x_wconf 90' lang='lat' dir='ltr'><strong>cum</strong></span> 
     </span>
    </p>
   </div>
   <div class='ocr_carea' id='block_1_21' title="bbox 2238 708 3889 795">
    <p class='ocr_par' dir='ltr' id='par_1_21' title="bbox 2238 708 3889 795">
     <span class='ocr_line' id='line_1_21' title="bbox 2238 708 3889 795; baseline -0.011 -17"><span class='ocrx_word' id='word_1_137' title='bbox 2238 724 2419 795; x_wconf 89' lang='lat' dir='ltr'><strong>ipsius</strong></span> <span class='ocrx_word' id='word_1_138' title='bbox 2451 722 2656 777; x_wconf 91' lang='lat' dir='ltr'><strong>domus</strong></span> <span class='ocrx_word' id='word_1_139' title='bbox 2685 720 3034 775; x_wconf 85' lang='lat' dir='ltr'><strong>habitatores</strong></span> <span class='ocrx_word' id='word_1_140' title='bbox 3056 716 3226 771; x_wconf 89' lang='lat' dir='ltr'><strong>vicini</strong></span> <span class='ocrx_word' id='word_1_141' title='bbox 3244 717 3349 770; x_wconf 89' lang='lat' dir='ltr'><strong>hoc</strong></span> <span class='ocrx_word' id='word_1_142' title='bbox 3366 713 3587 785; x_wconf 85' lang='lat' dir='ltr'><strong>ingenti</strong></span> <span class='ocrx_word' id='word_1_143' title='bbox 3610 708 3889 765; x_wconf 88' lang='lat' dir='ltr'><strong>miraculo</strong></span> 
     </span>
    </p>
   </div>
   <div class='ocr_carea' id='block_1_22' title="bbox 2239 802 3891 887">
    <p class='ocr_par' dir='ltr' id='par_1_22' title="bbox 2239 802 3891 887">
     <span class='ocr_line' id='line_1_22' title="bbox 2239 802 3891 887; baseline -0.01 -16"><span class='ocrx_word' id='word_1_144' title='bbox 2239 817 2473 871; x_wconf 87' lang='lat' dir='ltr'><strong>fuissent</strong></span> <span class='ocrx_word' id='word_1_145' title='bbox 2495 814 2760 887; x_wconf 87' lang='lat' dir='ltr'><strong>perculsi,</strong></span> <span class='ocrx_word' id='word_1_146' title='bbox 2781 814 2928 868; x_wconf 87' lang='lat' dir='ltr'><strong>hanc</strong></span> <span class='ocrx_word' id='word_1_147' title='bbox 2953 809 3456 882; x_wconf 88' lang='lat' dir='ltr'><strong>incomparabilem</strong></span> <span class='ocrx_word' id='word_1_148' title='bbox 3480 805 3672 877; x_wconf 87' lang='lat' dir='ltr'><strong>dignis</strong></span> <span class='ocrx_word' id='word_1_149' title='bbox 3712 802 3891 857; x_wconf 85' lang='lat' dir='ltr'><strong>laudi-</strong></span> 
     </span>
    </p>
   </div>
   <div class='ocr_carea' id='block_1_23' title="bbox 2239 910 2738 965">
    <p class='ocr_par' dir='ltr' id='par_1_23' title="bbox 2239 910 2738 965">
     <span class='ocr_line' id='line_1_23' title="bbox 2239 910 2738 965; baseline -0.008 0"><span class='ocrx_word' id='word_1_150' title='bbox 2239 912 2346 965; x_wconf 88' lang='lat' dir='ltr'><strong>bus</strong></span> <span class='ocrx_word' id='word_1_151' title='bbox 2374 910 2738 965; x_wconf 78' lang='lat' dir='ltr'><strong>extollebant.</strong></span> 
     </span>
    </p>
   </div>
   <div class='ocr_carea' id='block_1_24' title="bbox 2318 994 3893 1071">
    <p class='ocr_par' dir='ltr' id='par_1_24' title="bbox 2318 994 3893 1071">
     <span class='ocr_line' id='line_1_24' title="bbox 2318 994 3893 1071; baseline -0.009 -12"><span class='ocrx_word' id='word_1_152' title='bbox 2318 1007 2382 1059; x_wconf 88' lang='lat' dir='ltr'><strong>Et</strong></span> <span class='ocrx_word' id='word_1_153' title='bbox 2410 1005 2515 1058; x_wconf 86' lang='lat' dir='ltr'><strong>hoc</strong></span> <span class='ocrx_word' id='word_1_154' title='bbox 2542 1002 2766 1056; x_wconf 89' lang='lat' dir='ltr'><strong>silentio</strong></span> <span class='ocrx_word' id='word_1_155' title='bbox 2797 1017 2937 1071; x_wconf 92' lang='lat' dir='ltr'><strong>opus</strong></span> <span class='ocrx_word' id='word_1_156' title='bbox 2961 1016 3078 1053; x_wconf 90' lang='lat' dir='ltr'><strong>non</strong></span> <span class='ocrx_word' id='word_1_157' title='bbox 3107 1003 3191 1053; x_wconf 89' lang='lat' dir='ltr'><strong>est</strong></span> <span class='ocrx_word' id='word_1_158' title='bbox 3219 994 3712 1069; x_wconf 81' lang='lat' dir='ltr'><strong>praetereundum.</strong></span> <span class='ocrx_word' id='word_1_159' title='bbox 3744 994 3893 1047; x_wconf 87' lang='lat' dir='ltr'><strong>Cum</strong></span> 
     </span>
    </p>
   </div>
   <div class='ocr_carea' id='block_1_25' title="bbox 2244 1086 3894 1164">
    <p class='ocr_par' dir='ltr' id='par_1_25' title="bbox 2244 1086 3894 1164">
     <span class='ocr_line' id='line_1_25' title="bbox 2244 1086 3894 1164; baseline -0.01 -10"><span class='ocrx_word' id='word_1_160' title='bbox 2244 1099 2397 1154; x_wconf 91' lang='lat' dir='ltr'><strong>enim</strong></span> <span class='ocrx_word' id='word_1_161' title='bbox 2428 1099 2548 1152; x_wconf 69' lang='lat' dir='ltr'><strong>hrec</strong></span> <span class='ocrx_word' id='word_1_162' title='bbox 2564 1100 2752 1150; x_wconf 88' lang='lat' dir='ltr'><strong>sancta</strong></span> <span class='ocrx_word' id='word_1_163' title='bbox 2773 1094 2994 1164; x_wconf 86' lang='lat' dir='ltr'><strong>Brigida</strong></span> <span class='ocrx_word' id='word_1_164' title='bbox 3012 1092 3069 1146; x_wconf 89' lang='lat' dir='ltr'><strong>in</strong></span> <span class='ocrx_word' id='word_1_165' title='bbox 3100 1109 3236 1163; x_wconf 86' lang='lat' dir='ltr'><strong>agro</strong></span> <span class='ocrx_word' id='word_1_166' title='bbox 3257 1091 3422 1161; x_wconf 86' lang='lat' dir='ltr'><strong>juxta</strong></span> <span class='ocrx_word' id='word_1_167' title='bbox 3442 1105 3677 1161; x_wconf 89' lang='lat' dir='ltr'><strong>gregem</strong></span> <span class='ocrx_word' id='word_1_168' title='bbox 3697 1086 3894 1140; x_wconf 88' lang='lat' dir='ltr'><strong>ovium</strong></span> 
     </span>
    </p>
   </div>
   <div class='ocr_carea' id='block_1_26' title="bbox 2245 1179 3897 1265">
    <p class='ocr_par' dir='ltr' id='par_1_26' title="bbox 2245 1179 3897 1265">
     <span class='ocr_line' id='line_1_26' title="bbox 2245 1179 3897 1265; baseline -0.009 -18"><span class='ocrx_word' id='word_1_169' title='bbox 2245 1192 2593 1265; x_wconf 89' lang='lat' dir='ltr'><strong>pascendum</strong></span> <span class='ocrx_word' id='word_1_170' title='bbox 2638 1205 2775 1243; x_wconf 88' lang='lat' dir='ltr'><strong>cura</strong></span> <span class='ocrx_word' id='word_1_171' title='bbox 2828 1185 3095 1258; x_wconf 84' lang='lat' dir='ltr'><strong>pastorali</strong></span> <span class='ocrx_word' id='word_1_172' title='bbox 3150 1189 3295 1239; x_wconf 87' lang='lat' dir='ltr'><strong>esset</strong></span> <span class='ocrx_word' id='word_1_173' title='bbox 3350 1183 3587 1237; x_wconf 86' lang='lat' dir='ltr'><strong>sollicita</strong></span> <span class='ocrx_word' id='word_1_174' title='bbox 3618 1224 3631 1251; x_wconf 94' lang='lat'><strong>,</strong></span> <span class='ocrx_word' id='word_1_175' title='bbox 3687 1179 3897 1251; x_wconf 86' lang='lat' dir='ltr'><strong>aliquis</strong></span> 
     </span>
    </p>
   </div>
   <div class='ocr_carea' id='block_1_27' title="bbox 2247 1274 3895 1357">
    <p class='ocr_par' dir='ltr' id='par_1_27' title="bbox 2247 1274 3895 1357">
     <span class='ocr_line' id='line_1_27' title="bbox 2247 1274 3895 1357; baseline -0.008 -17"><span class='ocrx_word' id='word_1_176' title='bbox 2247 1302 2495 1357; x_wconf 84' lang='lat' dir='ltr'><strong>nequam</strong></span> <span class='ocrx_word' id='word_1_177' title='bbox 2531 1284 2851 1337; x_wconf 86' lang='lat' dir='ltr'><strong>adolescens</strong></span> <span class='ocrx_word' id='word_1_178' title='bbox 2879 1280 3077 1335; x_wconf 86' lang='lat' dir='ltr'><strong>callide</strong></span> <span class='ocrx_word' id='word_1_179' title='bbox 3106 1278 3449 1349; x_wconf 87' lang='lat' dir='ltr'><strong>subripiens,</strong></span> <span class='ocrx_word' id='word_1_180' title='bbox 3481 1282 3537 1330; x_wconf 92' lang='lat' dir='ltr'><strong>et</strong></span> <span class='ocrx_word' id='word_1_181' title='bbox 3564 1274 3744 1346; x_wconf 89' lang='lat' dir='ltr'><strong>ipsius</strong></span> <span class='ocrx_word' id='word_1_182' title='bbox 3778 1275 3895 1327; x_wconf 90' lang='lat' dir='ltr'><strong>lar-</strong></span> 
     </span>
    </p>
   </div>
   <div class='ocr_carea' id='block_1_28' title="bbox 2249 1373 3899 1451">
    <p class='ocr_par' dir='ltr' id='par_1_28' title="bbox 2249 1373 3899 1451">
     <span class='ocr_line' id='line_1_28' title="bbox 2249 1373 3899 1451; baseline -0.009 -17"><span class='ocrx_word' id='word_1_183' title='bbox 2249 1382 2480 1451; x_wconf 89' lang='lat' dir='ltr'><strong>gitatem</strong></span> <span class='ocrx_word' id='word_1_184' title='bbox 2495 1379 2551 1432; x_wconf 91' lang='lat' dir='ltr'><strong>in</strong></span> <span class='ocrx_word' id='word_1_185' title='bbox 2569 1376 2915 1448; x_wconf 84' lang='lat' dir='ltr'><strong>pauperibus</strong></span> <span class='ocrx_word' id='word_1_186' title='bbox 2941 1373 3341 1444; x_wconf 87' lang='lat' dir='ltr'><strong>comprobans,</strong></span> <span class='ocrx_word' id='word_1_187' title='bbox 3366 1374 3421 1425; x_wconf 88' lang='lat' dir='ltr'><strong>et</strong></span> <span class='ocrx_word' id='word_1_188' title='bbox 3435 1374 3650 1423; x_wconf 87' lang='lat' dir='ltr'><strong>mutato</strong></span> <span class='ocrx_word' id='word_1_189' title='bbox 3670 1374 3899 1439; x_wconf 81' lang='lat' dir='ltr'><strong>septem</strong></span> 
     </span>
    </p>
   </div>
   <div class='ocr_carea' id='block_1_29' title="bbox 2248 1462 3899 1530">
    <p class='ocr_par' dir='ltr' id='par_1_29' title="bbox 2248 1462 3899 1530">
     <span class='ocr_line' id='line_1_29' title="bbox 2248 1462 3899 1530; baseline -0.01 -1"><span class='ocrx_word' id='word_1_190' title='bbox 2248 1476 2318 1529; x_wconf 94' lang='lat' dir='ltr'><strong>ab</strong></span> <span class='ocrx_word' id='word_1_191' title='bbox 2349 1491 2413 1527; x_wconf 89' lang='lat' dir='ltr'><strong>ea</strong></span> <span class='ocrx_word' id='word_1_192' title='bbox 2441 1487 2704 1526; x_wconf 89' lang='lat' dir='ltr'><strong>verveces</strong></span> <span class='ocrx_word' id='word_1_193' title='bbox 2755 1470 2815 1523; x_wconf 90' lang='lat' dir='ltr'><strong>in</strong></span> <span class='ocrx_word' id='word_1_194' title='bbox 2854 1485 2965 1522; x_wconf 89' lang='lat' dir='ltr'><strong>una</strong></span> <span class='ocrx_word' id='word_1_195' title='bbox 3016 1469 3105 1522; x_wconf 90' lang='lat' dir='ltr'><strong>die</strong></span> <span class='ocrx_word' id='word_1_196' title='bbox 3133 1465 3355 1530; x_wconf 88' lang='lat' dir='ltr'><strong>detulit,</strong></span> <span class='ocrx_word' id='word_1_197' title='bbox 3384 1469 3440 1517; x_wconf 90' lang='lat' dir='ltr'><strong>et</strong></span> <span class='ocrx_word' id='word_1_198' title='bbox 3465 1463 3524 1517; x_wconf 88' lang='lat' dir='ltr'><strong>in</strong></span> <span class='ocrx_word' id='word_1_199' title='bbox 3550 1465 3767 1516; x_wconf 88' lang='lat' dir='ltr'><strong>secreto</strong></span> <span class='ocrx_word' id='word_1_200' title='bbox 3795 1462 3899 1515; x_wconf 86' lang='lat' dir='ltr'><strong>ab-</strong></span> 
     </span>
    </p>
   </div>
   <div class='ocr_carea' id='block_1_30' title="bbox 2253 1557 3904 1635">
    <p class='ocr_par' dir='ltr' id='par_1_30' title="bbox 2253 1557 3904 1635">
     <span class='ocr_line' id='line_1_30' title="bbox 2253 1557 3904 1635; baseline -0.01 -11"><span class='ocrx_word' id='word_1_201' title='bbox 2253 1566 2497 1624; x_wconf 90' lang='lat' dir='ltr'><strong>scondit.</strong></span> <span class='ocrx_word' id='word_1_202' title='bbox 2533 1567 2601 1619; x_wconf 88' lang='lat' dir='ltr'><strong>Et</strong></span> <span class='ocrx_word' id='word_1_203' title='bbox 2636 1581 2766 1619; x_wconf 92' lang='lat' dir='ltr'><strong>cum</strong></span> <span class='ocrx_word' id='word_1_204' title='bbox 2814 1579 2951 1635; x_wconf 88' lang='lat' dir='ltr'><strong>grex</strong></span> <span class='ocrx_word' id='word_1_205' title='bbox 2975 1562 3045 1616; x_wconf 88' lang='lat' dir='ltr'><strong>ad</strong></span> <span class='ocrx_word' id='word_1_206' title='bbox 3074 1575 3375 1631; x_wconf 87' lang='lat' dir='ltr'><strong>vesperum</strong></span> <span class='ocrx_word' id='word_1_207' title='bbox 3406 1557 3475 1611; x_wconf 90' lang='lat' dir='ltr'><strong>ad</strong></span> <span class='ocrx_word' id='word_1_208' title='bbox 3498 1557 3716 1610; x_wconf 84' lang='lat' dir='ltr'><strong>caulam</strong></span> <span class='ocrx_word' id='word_1_209' title='bbox 3753 1559 3904 1609; x_wconf 87' lang='lat' dir='ltr'><strong>esset</strong></span> 
     </span>
    </p>
   </div>
   <div class='ocr_carea' id='block_1_31' title="bbox 2258 1648 3897 1733">
    <p class='ocr_par' dir='ltr' id='par_1_31' title="bbox 2258 1648 3897 1733">
     <span class='ocr_line' id='line_1_31' title="bbox 2258 1648 3897 1733; baseline -0.01 -16"><span class='ocrx_word' id='word_1_210' title='bbox 2258 1660 2592 1733; x_wconf 85' lang='lat' dir='ltr'><strong>dirigendus</strong></span> <span class='ocrx_word' id='word_1_211' title='bbox 2640 1676 2705 1712; x_wconf 89' lang='lat' dir='ltr'><strong>ex</strong></span> <span class='ocrx_word' id='word_1_212' title='bbox 2736 1674 2913 1726; x_wconf 89' lang='lat' dir='ltr'><strong>more,</strong></span> <span class='ocrx_word' id='word_1_213' title='bbox 2943 1655 3161 1710; x_wconf 90' lang='lat' dir='ltr'><strong>duabus</strong></span> <span class='ocrx_word' id='word_1_214' title='bbox 3185 1653 3271 1706; x_wconf 86' lang='lat' dir='ltr'><strong>vel</strong></span> <span class='ocrx_word' id='word_1_215' title='bbox 3301 1651 3483 1706; x_wconf 90' lang='lat' dir='ltr'><strong>tribus</strong></span> <span class='ocrx_word' id='word_1_216' title='bbox 3510 1650 3724 1704; x_wconf 86' lang='lat' dir='ltr'><strong>vicibus</strong></span> <span class='ocrx_word' id='word_1_217' title='bbox 3763 1648 3897 1702; x_wconf 90' lang='lat' dir='ltr'><strong>dili-</strong></span> 
     </span>
    </p>
   </div>
   <div class='ocr_carea' id='block_1_32' title="bbox 2254 1743 3894 1829">
    <p class='ocr_par' dir='ltr' id='par_1_32' title="bbox 2254 1743 3894 1829">
     <span class='ocr_line' id='line_1_32' title="bbox 2254 1743 3894 1829; baseline -0.01 -19"><span class='ocrx_word' id='word_1_218' title='bbox 2254 1754 2579 1829; x_wconf 86' lang='lat' dir='ltr'><strong>gentissime</strong></span> <span class='ocrx_word' id='word_1_219' title='bbox 2610 1754 3034 1818; x_wconf 90' lang='lat' dir='ltr'><strong>adnumeratus,</strong></span> <span class='ocrx_word' id='word_1_220' title='bbox 3064 1749 3185 1803; x_wconf 89' lang='lat' dir='ltr'><strong>sine</strong></span> <span class='ocrx_word' id='word_1_221' title='bbox 3211 1748 3421 1802; x_wconf 89' lang='lat' dir='ltr'><strong>damno</strong></span> <span class='ocrx_word' id='word_1_222' title='bbox 3439 1745 3651 1799; x_wconf 88' lang='lat' dir='ltr'><strong>mirum</strong></span> <span class='ocrx_word' id='word_1_223' title='bbox 3670 1743 3730 1796; x_wconf 89' lang='lat' dir='ltr'><strong>in</strong></span> <span class='ocrx_word' id='word_1_224' title='bbox 3762 1758 3894 1795; x_wconf 91' lang='lat' dir='ltr'><strong>mo-</strong></span> 
     </span>
    </p>
   </div>
   <div class='ocr_carea' id='block_1_33' title="bbox 523 1824 3895 1917">
    <p class='ocr_par' dir='ltr' id='par_1_33' title="bbox 523 1824 3895 1917">
     <span class='ocr_line' id='line_1_33' title="bbox 523 1824 3895 1917; baseline -0.007 -20"><span class='ocrx_word' id='word_1_225' title='bbox 523 1844 745 1916; x_wconf 87' lang='lat' dir='ltr'><strong>gitanti,</strong></span> <span class='ocrx_word' id='word_1_226' title='bbox 792 1842 1230 1897; x_wconf 87' lang='lat' dir='ltr'><strong>misericorditer</strong></span> <span class='ocrx_word' id='word_1_227' title='bbox 1266 1858 1391 1895; x_wconf 90' lang='lat' dir='ltr'><strong>eam</strong></span> <span class='ocrx_word' id='word_1_228' title='bbox 1439 1841 1711 1911; x_wconf 85' lang='lat' dir='ltr'><strong>tradidit;</strong></span> <span class='ocrx_word' id='word_1_229' title='bbox 1759 1847 1815 1896; x_wconf 90' lang='lat' dir='ltr'><strong>et</strong></span> <span class='ocrx_word' id='word_1_230' title='bbox 1840 1857 1967 1895; x_wconf 92' lang='lat' dir='ltr'><strong>cum</strong></span> <span class='ocrx_word' id='word_1_231' title='bbox 1994 1824 2228 1896; x_wconf 82' lang='lat' dir='ltr'><strong>lardoB</strong></span> <span class='ocrx_word' id='word_1_232' title='bbox 2253 1824 2391 1906; x_wconf 53' lang='lat' dir='ltr'><strong>(ium</strong></span> <span class='ocrx_word' id='word_1_233' title='bbox 2432 1854 2581 1903; x_wconf 70' lang='lat' dir='ltr'><strong>totus</strong></span> <span class='ocrx_word' id='word_1_234' title='bbox 2620 1847 2844 1917; x_wconf 67' lang='lat' dir='ltr'><strong>integro</strong></span> <span class='ocrx_word' id='word_1_235' title='bbox 2881 1849 3140 1915; x_wconf 71' lang='lat' dir='ltr'><strong>repertus</strong></span> <span class='ocrx_word' id='word_1_236' title='bbox 3168 1846 3250 1897; x_wconf 64' lang='lat' dir='ltr'><strong>est</strong></span> <span class='ocrx_word' id='word_1_237' title='bbox 3289 1855 3547 1895; x_wconf 55' lang='lat' dir='ltr'><strong>numero,</strong></span> <span class='ocrx_word' id='word_1_238' title='bbox 3606 1838 3675 1891; x_wconf 66' lang='lat' dir='ltr'><strong>Et</strong></span> <span class='ocrx_word' id='word_1_239' title='bbox 3703 1835 3895 1889; x_wconf 71' lang='lat' dir='ltr'><strong>admi-</strong></span> 
     </span>
    </p>
   </div>
   <div class='ocr_carea' id='block_1_34' title="bbox 521 1934 2149 2006">
    <p class='ocr_par' dir='ltr' id='par_1_34' title="bbox 521 1934 2149 2006">
     <span class='ocr_line' id='line_1_34' title="bbox 521 1934 2149 2006; baseline -0.002 -15"><span class='ocrx_word' id='word_1_240' title='bbox 521 1937 590 1991; x_wconf 91' lang='lat' dir='ltr'><strong>de</strong></span> <span class='ocrx_word' id='word_1_241' title='bbox 621 1936 862 1991; x_wconf 83' lang='lat' dir='ltr'><strong>caldario</strong></span> <span class='ocrx_word' id='word_1_242' title='bbox 891 1940 1088 2004; x_wconf 89' lang='lat' dir='ltr'><strong>tracto,</strong></span> <span class='ocrx_word' id='word_1_243' title='bbox 1112 1952 1175 1989; x_wconf 91' lang='lat' dir='ltr'><strong>ac</strong></span> <span class='ocrx_word' id='word_1_244' title='bbox 1207 1941 1399 2006; x_wconf 89' lang='lat' dir='ltr'><strong>postea</strong></span> <span class='ocrx_word' id='word_1_245' title='bbox 1424 1935 1738 2005; x_wconf 87' lang='lat' dir='ltr'><strong>hospitibus</strong></span> <span class='ocrx_word' id='word_1_246' title='bbox 1787 1940 1929 1989; x_wconf 87' lang='lat' dir='ltr'><strong>esset</strong></span> <span class='ocrx_word' id='word_1_247' title='bbox 1953 1934 2149 2002; x_wconf 89' lang='lat' dir='ltr'><strong>divisa,</strong></span> 
     </span>
    </p>
   </div>
   <div class='ocr_carea' id='block_1_35' title="bbox 521 2028 2155 2100">
    <p class='ocr_par' dir='ltr' id='par_1_35' title="bbox 521 2028 2155 2100">
     <span class='ocr_line' id='line_1_35' title="bbox 521 2028 2155 2100; baseline -0.002 -15"><span class='ocrx_word' id='word_1_248' title='bbox 521 2047 587 2086; x_wconf 89' lang='lat' dir='ltr'><strong>ac</strong></span> <span class='ocrx_word' id='word_1_249' title='bbox 634 2031 677 2084; x_wconf 91' lang='lat' dir='ltr'><strong>si</strong></span> <span class='ocrx_word' id='word_1_250' title='bbox 709 2048 824 2084; x_wconf 92' lang='lat' dir='ltr'><strong>non</strong></span> <span class='ocrx_word' id='word_1_251' title='bbox 850 2032 995 2084; x_wconf 89' lang='lat' dir='ltr'><strong>esset</strong></span> <span class='ocrx_word' id='word_1_252' title='bbox 1023 2029 1270 2099; x_wconf 88' lang='lat' dir='ltr'><strong>dempta,</strong></span> <span class='ocrx_word' id='word_1_253' title='bbox 1302 2028 1625 2099; x_wconf 89' lang='lat' dir='ltr'><strong>plenissime</strong></span> <span class='ocrx_word' id='word_1_254' title='bbox 1658 2032 1887 2100; x_wconf 88' lang='lat' dir='ltr'><strong>reperta</strong></span> <span class='ocrx_word' id='word_1_255' title='bbox 1911 2034 1995 2082; x_wconf 89' lang='lat' dir='ltr'><strong>est</strong></span> <span class='ocrx_word' id='word_1_256' title='bbox 2013 2028 2055 2082; x_wconf 69' lang='grc'><strong>⁸.</strong></span> <span class='ocrx_word' id='word_1_257' title='bbox 2088 2030 2155 2082; x_wconf 87' lang='lat' dir='ltr'><strong>Et</strong></span> 
     </span>
    </p>
   </div>
   <div class='ocr_carea' id='block_1_36' title="bbox 522 2121 2152 2194">
    <p class='ocr_par' dir='ltr' id='par_1_36' title="bbox 522 2121 2152 2194">
     <span class='ocr_line' id='line_1_36' title="bbox 522 2121 2152 2194; baseline -0.002 -16"><span class='ocrx_word' id='word_1_258' title='bbox 522 2124 684 2178; x_wconf 79' lang='lat' dir='ltr'><strong>valde</strong></span> <span class='ocrx_word' id='word_1_259' title='bbox 712 2124 773 2177; x_wconf 90' lang='lat' dir='ltr'><strong>hi</strong></span> <span class='ocrx_word' id='word_1_260' title='bbox 811 2123 910 2194; x_wconf 91' lang='lat' dir='ltr'><strong>qui</strong></span> <span class='ocrx_word' id='word_1_261' title='bbox 934 2123 1043 2177; x_wconf 92' lang='lat' dir='ltr'><strong>hoc</strong></span> <span class='ocrx_word' id='word_1_262' title='bbox 1070 2122 1356 2191; x_wconf 89' lang='lat' dir='ltr'><strong>viderunt,</strong></span> <span class='ocrx_word' id='word_1_263' title='bbox 1395 2121 1742 2177; x_wconf 88' lang='lat' dir='ltr'><strong>admirantes</strong></span> <span class='ocrx_word' id='word_1_264' title='bbox 1784 2122 2031 2193; x_wconf 88' lang='lat' dir='ltr'><strong>puellam</strong></span> <span class='ocrx_word' id='word_1_265' title='bbox 2063 2121 2152 2175; x_wconf 81' lang='lat' dir='ltr'><strong>in-</strong></span> 
     </span>
    </p>
   </div>
   <div class='ocr_carea' id='block_1_37' title="bbox 524 2215 2153 2289">
    <p class='ocr_par' dir='ltr' id='par_1_37' title="bbox 524 2215 2153 2289">
     <span class='ocr_line' id='line_1_37' title="bbox 524 2215 2153 2289; baseline -0.002 -17"><span class='ocrx_word' id='word_1_266' title='bbox 524 2217 963 2289; x_wconf 88' lang='lat' dir='ltr'><strong>comparabilem</strong></span> <span class='ocrx_word' id='word_1_267' title='bbox 989 2216 1195 2270; x_wconf 78' lang='lat' dir='ltr'><strong>virtute</strong></span> <span class='ocrx_word' id='word_1_268' title='bbox 1224 2215 1375 2284; x_wconf 83' lang='lat' dir='ltr'><strong>ﬁdei,</strong></span> <span class='ocrx_word' id='word_1_269' title='bbox 1409 2216 1611 2271; x_wconf 90' lang='lat' dir='ltr'><strong>merito</strong></span> <span class='ocrx_word' id='word_1_270' title='bbox 1648 2217 1928 2271; x_wconf 88' lang='lat' dir='ltr'><strong>bonarum</strong></span> <span class='ocrx_word' id='word_1_271' title='bbox 1979 2216 2153 2269; x_wconf 89' lang='lat' dir='ltr'><strong>virtu-</strong></span> 
     </span>
    </p>
   </div>
   <div class='ocr_carea' id='block_1_38' title="bbox 524 2309 1653 2380">
    <p class='ocr_par' dir='ltr' id='par_1_38' title="bbox 524 2309 1653 2380">
     <span class='ocr_line' id='line_1_38' title="bbox 524 2309 1653 2380; baseline -0.002 -15"><span class='ocrx_word' id='word_1_272' title='bbox 524 2315 670 2379; x_wconf 90' lang='lat' dir='ltr'><strong>tum,</strong></span> <span class='ocrx_word' id='word_1_273' title='bbox 700 2310 886 2380; x_wconf 90' lang='lat' dir='ltr'><strong>dignis</strong></span> <span class='ocrx_word' id='word_1_274' title='bbox 910 2309 1172 2364; x_wconf 89' lang='lat' dir='ltr'><strong>laudibus</strong></span> <span class='ocrx_word' id='word_1_275' title='bbox 1198 2309 1653 2379; x_wconf 86' lang='lat' dir='ltr'><strong>divulgaverunt.</strong></span> 
     </span>
    </p>
   </div>
   <div class='ocr_carea' id='block_1_39' title="bbox 597 2402 2160 2474">
    <p class='ocr_par' dir='ltr' id='par_1_39' title="bbox 597 2402 2160 2474">
     <span class='ocr_line' id='line_1_39' title="bbox 597 2402 2160 2474; baseline 0 -17"><span class='ocrx_word' id='word_1_276' title='bbox 597 2405 665 2457; x_wconf 88' lang='lat' dir='ltr'><strong>Et</strong></span> <span class='ocrx_word' id='word_1_277' title='bbox 737 2404 933 2457; x_wconf 88' lang='lat' dir='ltr'><strong>eadem</strong></span> <span class='ocrx_word' id='word_1_278' title='bbox 1009 2419 1285 2456; x_wconf 88' lang='lat' dir='ltr'><strong>messores</strong></span> <span class='ocrx_word' id='word_1_279' title='bbox 1339 2419 1402 2456; x_wconf 89' lang='lat' dir='ltr'><strong>ac</strong></span> <span class='ocrx_word' id='word_1_280' title='bbox 1448 2402 1736 2474; x_wconf 79' lang='lat' dir='ltr'><strong>operarios</strong></span> <span class='ocrx_word' id='word_1_281' title='bbox 1786 2406 2051 2457; x_wconf 88' lang='lat' dir='ltr'><strong>convocat</strong></span> <span class='ocrx_word' id='word_1_282' title='bbox 2099 2402 2160 2456; x_wconf 90' lang='lat' dir='ltr'><strong>in</strong></span> 
     </span>
    </p>
   </div>
   <div class='ocr_carea' id='block_1_40' title="bbox 525 2495 2155 2566">
    <p class='ocr_par' dir='ltr' id='par_1_40' title="bbox 525 2495 2155 2566">
     <span class='ocr_line' id='line_1_40' title="bbox 525 2495 2155 2566; baseline -0.002 -13"><span class='ocrx_word' id='word_1_283' title='bbox 525 2512 765 2553; x_wconf 89' lang='lat' dir='ltr'><strong>messem</strong></span> <span class='ocrx_word' id='word_1_284' title='bbox 799 2512 997 2566; x_wconf 80' lang='lat' dir='ltr'><strong>suam;</strong></span> <span class='ocrx_word' id='word_1_285' title='bbox 1042 2500 1096 2549; x_wconf 89' lang='lat' dir='ltr'><strong>et</strong></span> <span class='ocrx_word' id='word_1_286' title='bbox 1119 2496 1264 2550; x_wconf 85' lang='lat' dir='ltr'><strong>facta</strong></span> <span class='ocrx_word' id='word_1_287' title='bbox 1295 2495 1393 2550; x_wconf 88' lang='lat' dir='ltr'><strong>illa</strong></span> <span class='ocrx_word' id='word_1_288' title='bbox 1420 2512 1738 2551; x_wconf 86' lang='lat' dir='ltr'><strong>messorum</strong></span> <span class='ocrx_word' id='word_1_289' title='bbox 1766 2496 2155 2566; x_wconf 87' lang='lat' dir='ltr'><strong>conventione,</strong></span> 
     </span>
    </p>
   </div>
   <div class='ocr_carea' id='block_1_41' title="bbox 528 2588 2156 2660">
    <p class='ocr_par' dir='ltr' id='par_1_41' title="bbox 528 2588 2156 2660">
     <span class='ocr_line' id='line_1_41' title="bbox 528 2588 2156 2660; baseline -0.001 -15"><span class='ocrx_word' id='word_1_290' title='bbox 528 2590 797 2645; x_wconf 89' lang='lat' dir='ltr'><strong>nebulosa</strong></span> <span class='ocrx_word' id='word_1_291' title='bbox 838 2606 902 2643; x_wconf 91' lang='lat' dir='ltr'><strong>ac</strong></span> <span class='ocrx_word' id='word_1_292' title='bbox 931 2588 1189 2660; x_wconf 83' lang='lat' dir='ltr'><strong>pluvialis</strong></span> <span class='ocrx_word' id='word_1_293' title='bbox 1229 2589 1347 2644; x_wconf 87' lang='lat' dir='ltr'><strong>dies</strong></span> <span class='ocrx_word' id='word_1_294' title='bbox 1387 2589 1480 2643; x_wconf 88' lang='lat' dir='ltr'><strong>illa</strong></span> <span class='ocrx_word' id='word_1_295' title='bbox 1520 2590 1722 2644; x_wconf 84' lang='lat' dir='ltr'><strong>accidit</strong></span> <span class='ocrx_word' id='word_1_296' title='bbox 1751 2590 2156 2645; x_wconf 85' lang='lat' dir='ltr'><strong>conventionis.</strong></span> 
     </span>
    </p>
   </div>
   <div class='ocr_carea' id='block_1_42' title="bbox 531 2683 2161 2755">
    <p class='ocr_par' dir='ltr' id='par_1_42' title="bbox 531 2683 2161 2755">
     <span class='ocr_line' id='line_1_42' title="bbox 531 2683 2161 2755; baseline -0.001 -17"><span class='ocrx_word' id='word_1_297' title='bbox 531 2686 597 2738; x_wconf 88' lang='lat' dir='ltr'><strong>Et</strong></span> <span class='ocrx_word' id='word_1_298' title='bbox 638 2683 841 2754; x_wconf 83' lang='lat' dir='ltr'><strong>pluviis</strong></span> <span class='ocrx_word' id='word_1_299' title='bbox 886 2684 1115 2755; x_wconf 86' lang='lat' dir='ltr'><strong>largiter</strong></span> <span class='ocrx_word' id='word_1_300' title='bbox 1164 2700 1231 2737; x_wconf 84' lang='lat' dir='ltr'><strong>ex</strong></span> <span class='ocrx_word' id='word_1_301' title='bbox 1272 2683 1517 2737; x_wconf 87' lang='lat' dir='ltr'><strong>nubibus</strong></span> <span class='ocrx_word' id='word_1_302' title='bbox 1571 2685 1781 2753; x_wconf 80' lang='lat' dir='ltr'><strong>effusis,</strong></span> <span class='ocrx_word' id='word_1_303' title='bbox 1830 2702 1934 2755; x_wconf 85' lang='lat' dir='ltr'><strong>per</strong></span> <span class='ocrx_word' id='word_1_304' title='bbox 1984 2687 2161 2738; x_wconf 86' lang='lat' dir='ltr'><strong>totam</strong></span> 
     </span>
    </p>
   </div>
   <div class='ocr_carea' id='block_1_43' title="bbox 530 2776 2161 2847">
    <p class='ocr_par' dir='ltr' id='par_1_43' title="bbox 530 2776 2161 2847">
     <span class='ocr_line' id='line_1_43' title="bbox 530 2776 2161 2847; baseline 0 -17"><span class='ocrx_word' id='word_1_305' title='bbox 530 2777 686 2831; x_wconf 88' lang='lat' dir='ltr'><strong>illam</strong></span> <span class='ocrx_word' id='word_1_306' title='bbox 732 2777 792 2830; x_wconf 93' lang='lat' dir='ltr'><strong>in</strong></span> <span class='ocrx_word' id='word_1_307' title='bbox 836 2776 1076 2831; x_wconf 87' lang='lat' dir='ltr'><strong>circuitu</strong></span> <span class='ocrx_word' id='word_1_308' title='bbox 1130 2776 1499 2847; x_wconf 86' lang='lat' dir='ltr'><strong>provinciam,</strong></span> <span class='ocrx_word' id='word_1_309' title='bbox 1538 2794 1601 2831; x_wconf 88' lang='lat' dir='ltr'><strong>ac</strong></span> <span class='ocrx_word' id='word_1_310' title='bbox 1634 2777 1827 2831; x_wconf 91' lang='lat' dir='ltr'><strong>rivulis</strong></span> <span class='ocrx_word' id='word_1_311' title='bbox 1867 2782 2161 2847; x_wconf 86' lang='lat' dir='ltr'><strong>guttarum</strong></span> 
     </span>
    </p>
   </div>
   <div class='ocr_carea' id='block_1_44' title="bbox 532 2870 2159 2941">
    <p class='ocr_par' dir='ltr' id='par_1_44' title="bbox 532 2870 2159 2941">
     <span class='ocr_line' id='line_1_44' title="bbox 532 2870 2159 2941; baseline -0.001 -15"><span class='ocrx_word' id='word_1_312' title='bbox 532 2871 821 2926; x_wconf 81' lang='lat' dir='ltr'><strong>effluentia</strong></span> <span class='ocrx_word' id='word_1_313' title='bbox 848 2887 950 2941; x_wconf 90' lang='lat' dir='ltr'><strong>per</strong></span> <span class='ocrx_word' id='word_1_314' title='bbox 991 2871 1265 2924; x_wconf 86' lang='lat' dir='ltr'><strong>convalles</strong></span> <span class='ocrx_word' id='word_1_315' title='bbox 1295 2875 1350 2924; x_wconf 90' lang='lat' dir='ltr'><strong>et</strong></span> <span class='ocrx_word' id='word_1_316' title='bbox 1396 2870 1567 2924; x_wconf 87' lang='lat' dir='ltr'><strong>rimas</strong></span> <span class='ocrx_word' id='word_1_317' title='bbox 1593 2875 1874 2925; x_wconf 90' lang='lat' dir='ltr'><strong>terrarum</strong></span> <span class='ocrx_word' id='word_1_318' title='bbox 1922 2885 2159 2925; x_wconf 78' lang='lat' dir='ltr'><strong>curren-</strong></span> 
     </span>
    </p>
   </div>
   <div class='ocr_carea' id='block_1_45' title="bbox 530 2963 2160 3036">
    <p class='ocr_par' dir='ltr' id='par_1_45' title="bbox 530 2963 2160 3036">
     <span class='ocr_line' id='line_1_45' title="bbox 530 2963 2160 3036; baseline -0.001 -17"><span class='ocrx_word' id='word_1_319' title='bbox 530 2964 701 3033; x_wconf 87' lang='lat' dir='ltr'><strong>tibus,</strong></span> <span class='ocrx_word' id='word_1_320' title='bbox 730 2964 847 3018; x_wconf 88' lang='lat' dir='ltr'><strong>sola</strong></span> <span class='ocrx_word' id='word_1_321' title='bbox 893 2964 1085 3018; x_wconf 89' lang='lat' dir='ltr'><strong>messis</strong></span> <span class='ocrx_word' id='word_1_322' title='bbox 1116 2972 1214 3017; x_wconf 81' lang='lat' dir='ltr'><strong>sua</strong></span> <span class='ocrx_word' id='word_1_323' title='bbox 1257 2964 1412 3017; x_wconf 90' lang='lat' dir='ltr'><strong>arida</strong></span> <span class='ocrx_word' id='word_1_324' title='bbox 1464 2964 1587 3018; x_wconf 91' lang='lat' dir='ltr'><strong>sine</strong></span> <span class='ocrx_word' id='word_1_325' title='bbox 1623 2963 1943 3035; x_wconf 85' lang='lat' dir='ltr'><strong>pluviarum</strong></span> <span class='ocrx_word' id='word_1_326' title='bbox 1976 2964 2160 3036; x_wconf 90' lang='lat' dir='ltr'><strong>impe-</strong></span> 
     </span>
    </p>
   </div>
   <div class='ocr_carea' id='block_1_46' title="bbox 532 3057 2164 3128">
    <p class='ocr_par' dir='ltr' id='par_1_46' title="bbox 532 3057 2164 3128">
     <span class='ocr_line' id='line_1_46' title="bbox 532 3057 2164 3128; baseline 0 -16"><span class='ocrx_word' id='word_1_327' title='bbox 532 3058 785 3112; x_wconf 89' lang='lat' dir='ltr'><strong>dimento</strong></span> <span class='ocrx_word' id='word_1_328' title='bbox 822 3062 877 3111; x_wconf 92' lang='lat' dir='ltr'><strong>et</strong></span> <span class='ocrx_word' id='word_1_329' title='bbox 914 3057 1336 3127; x_wconf 87' lang='lat' dir='ltr'><strong>perturbatione</strong></span> <span class='ocrx_word' id='word_1_330' title='bbox 1381 3057 1668 3128; x_wconf 83' lang='lat' dir='ltr'><strong>perstitit;</strong></span> <span class='ocrx_word' id='word_1_331' title='bbox 1724 3060 1781 3112; x_wconf 89' lang='lat' dir='ltr'><strong>et</strong></span> <span class='ocrx_word' id='word_1_332' title='bbox 1808 3075 1939 3112; x_wconf 87' lang='lat' dir='ltr'><strong>cum</strong></span> <span class='ocrx_word' id='word_1_333' title='bbox 1965 3074 2164 3112; x_wconf 89' lang='lat' dir='ltr'><strong>omnes</strong></span> 
     </span>
    </p>
   </div>
   <div class='ocr_carea' id='block_1_47' title="bbox 532 3149 2163 3222">
    <p class='ocr_par' dir='ltr' id='par_1_47' title="bbox 532 3149 2163 3222">
     <span class='ocr_line' id='line_1_47' title="bbox 532 3149 2163 3222; baseline -0.001 -16"><span class='ocrx_word' id='word_1_334' title='bbox 532 3168 812 3207; x_wconf 86' lang='lat' dir='ltr'><strong>messores</strong></span> <span class='ocrx_word' id='word_1_335' title='bbox 840 3150 1087 3222; x_wconf 88' lang='lat' dir='ltr'><strong>undique</strong></span> <span class='ocrx_word' id='word_1_336' title='bbox 1114 3149 1287 3221; x_wconf 90' lang='lat' dir='ltr'><strong>ipsius</strong></span> <span class='ocrx_word' id='word_1_337' title='bbox 1325 3150 1572 3221; x_wconf 89' lang='lat' dir='ltr'><strong>regionis</strong></span> <span class='ocrx_word' id='word_1_338' title='bbox 1614 3151 1887 3222; x_wconf 85' lang='lat' dir='ltr'><strong>prohibiti</strong></span> <span class='ocrx_word' id='word_1_339' title='bbox 1930 3151 2163 3222; x_wconf 90' lang='lat' dir='ltr'><strong>pluviali</strong></span> 
     </span>
    </p>
   </div>
   <div class='ocr_carea' id='block_1_48' title="bbox 534 3243 2162 3315">
    <p class='ocr_par' dir='ltr' id='par_1_48' title="bbox 534 3243 2162 3315">
     <span class='ocr_line' id='line_1_48' title="bbox 534 3243 2162 3315; baseline 0 -17"><span class='ocrx_word' id='word_1_340' title='bbox 534 3244 645 3313; x_wconf 88' lang='lat' dir='ltr'><strong>die,</strong></span> <span class='ocrx_word' id='word_1_341' title='bbox 676 3244 782 3311; x_wconf 90' lang='lat' dir='ltr'><strong>sui,</strong></span> <span class='ocrx_word' id='word_1_342' title='bbox 830 3243 950 3297; x_wconf 91' lang='lat' dir='ltr'><strong>sine</strong></span> <span class='ocrx_word' id='word_1_343' title='bbox 980 3244 1092 3297; x_wconf 87' lang='lat' dir='ltr'><strong>ulla</strong></span> <span class='ocrx_word' id='word_1_344' title='bbox 1117 3244 1323 3296; x_wconf 91' lang='lat' dir='ltr'><strong>umbra</strong></span> <span class='ocrx_word' id='word_1_345' title='bbox 1367 3243 1622 3314; x_wconf 84' lang='lat' dir='ltr'><strong>caliginis</strong></span> <span class='ocrx_word' id='word_1_346' title='bbox 1665 3244 1894 3315; x_wconf 69' lang='lat' dir='ltr'><strong>pluviae,</strong></span> <span class='ocrx_word' id='word_1_347' title='bbox 1930 3244 2021 3298; x_wconf 87' lang='lat' dir='ltr'><strong>illa</strong></span> <span class='ocrx_word' id='word_1_348' title='bbox 2071 3245 2162 3298; x_wconf 89' lang='lat' dir='ltr'><strong>die</strong></span> 
     </span>
    </p>
   </div>
   <div class='ocr_carea' id='block_1_49' title="bbox 532 3336 2165 3410">
    <p class='ocr_par' dir='ltr' id='par_1_49' title="bbox 532 3336 2165 3410">
     <span class='ocr_line' id='line_1_49' title="bbox 532 3336 2165 3410; baseline 0 -19"><span class='ocrx_word' id='word_1_349' title='bbox 532 3340 668 3399; x_wconf 87' lang='lat' dir='ltr'><strong>tota,</strong></span> <span class='ocrx_word' id='word_1_350' title='bbox 690 3336 759 3390; x_wconf 91' lang='lat' dir='ltr'><strong>ab</strong></span> <span class='ocrx_word' id='word_1_351' title='bbox 787 3341 915 3390; x_wconf 89' lang='lat' dir='ltr'><strong>ortu</strong></span> <span class='ocrx_word' id='word_1_352' title='bbox 941 3352 1120 3407; x_wconf 88' lang='lat' dir='ltr'><strong>usque</strong></span> <span class='ocrx_word' id='word_1_353' title='bbox 1162 3336 1233 3391; x_wconf 90' lang='lat' dir='ltr'><strong>ad</strong></span> <span class='ocrx_word' id='word_1_354' title='bbox 1264 3353 1543 3407; x_wconf 87' lang='lat' dir='ltr'><strong>occasum,</strong></span> <span class='ocrx_word' id='word_1_355' title='bbox 1585 3354 1881 3407; x_wconf 88' lang='lat' dir='ltr'><strong>messores,</strong></span> <span class='ocrx_word' id='word_1_356' title='bbox 1928 3338 2028 3392; x_wconf 90' lang='lat' dir='ltr'><strong>Dei</strong></span> <span class='ocrx_word' id='word_1_357' title='bbox 2061 3354 2165 3410; x_wconf 91' lang='lat' dir='ltr'><strong>po-</strong></span> 
     </span>
    </p>
   </div>
   <div class='ocr_carea' id='block_1_50' title="bbox 542 3429 1269 3500">
    <p class='ocr_par' dir='ltr' id='par_1_50' title="bbox 542 3429 1269 3500">
     <span class='ocr_line' id='line_1_50' title="bbox 542 3429 1269 3500; baseline 0 -16"><span class='ocrx_word' id='word_1_358' title='bbox 542 3430 725 3484; x_wconf 83' lang='lat' dir='ltr'><strong>tentia</strong></span> <span class='ocrx_word' id='word_1_359' title='bbox 746 3446 888 3500; x_wconf 93' lang='lat' dir='ltr'><strong>opus</strong></span> <span class='ocrx_word' id='word_1_360' title='bbox 916 3429 1269 3484; x_wconf 81' lang='lat' dir='ltr'><strong>exercebant.</strong></span> 
     </span>
    </p>
   </div>
   <div class='ocr_carea' id='block_1_51' title="bbox 608 3531 2169 3606">
    <p class='ocr_par' dir='ltr' id='par_1_51' title="bbox 608 3531 2169 3606">
     <span class='ocr_line' id='line_1_51' title="bbox 608 3531 2169 3606; baseline 0.003 -21"><span class='ocrx_word' id='word_1_361' title='bbox 608 3532 744 3585; x_wconf 88' lang='lat' dir='ltr'><strong>Ecce</strong></span> <span class='ocrx_word' id='word_1_362' title='bbox 794 3531 943 3585; x_wconf 88' lang='lat' dir='ltr'><strong>inter</strong></span> <span class='ocrx_word' id='word_1_363' title='bbox 997 3534 1226 3585; x_wconf 83' lang='lat' dir='ltr'><strong>caeteras</strong></span> <span class='ocrx_word' id='word_1_364' title='bbox 1277 3531 1510 3587; x_wconf 86' lang='lat' dir='ltr'><strong>virtutes</strong></span> <span class='ocrx_word' id='word_1_365' title='bbox 1559 3533 1733 3604; x_wconf 89' lang='lat' dir='ltr'><strong>ipsius</strong></span> <span class='ocrx_word' id='word_1_366' title='bbox 1777 3534 1883 3588; x_wconf 89' lang='lat' dir='ltr'><strong>hoc</strong></span> <span class='ocrx_word' id='word_1_367' title='bbox 1930 3534 2169 3606; x_wconf 90' lang='lat' dir='ltr'><strong>dignum</strong></span> 
     </span>
    </p>
   </div>
   <div class='ocr_carea' id='block_1_52' title="bbox 537 3624 2169 3694">
    <p class='ocr_par' dir='ltr' id='par_1_52' title="bbox 537 3624 2169 3694">
     <span class='ocr_line' id='line_1_52' title="bbox 537 3624 2169 3694; baseline 0.002 -14"><span class='ocrx_word' id='word_1_368' title='bbox 537 3624 911 3680; x_wconf 86' lang='lat' dir='ltr'><strong>admiratione</strong></span> <span class='ocrx_word' id='word_1_369' title='bbox 937 3624 1158 3678; x_wconf 90' lang='lat' dir='ltr'><strong>videtur</strong></span> <span class='ocrx_word' id='word_1_370' title='bbox 1188 3641 1327 3694; x_wconf 90' lang='lat' dir='ltr'><strong>esse,</strong></span> <span class='ocrx_word' id='word_1_371' title='bbox 1357 3629 1413 3679; x_wconf 89' lang='lat' dir='ltr'><strong>et</strong></span> <span class='ocrx_word' id='word_1_372' title='bbox 1437 3626 1784 3682; x_wconf 90' lang='lat' dir='ltr'><strong>admirabile.</strong></span> <span class='ocrx_word' id='word_1_373' title='bbox 1814 3628 2169 3683; x_wconf 78' lang='lat' dir='ltr'><strong>Advenienti-</strong></span> 
     </span>
    </p>
   </div>
   <div class='ocr_carea' id='block_1_53' title="bbox 536 3717 2171 3792">
    <p class='ocr_par' dir='ltr' id='par_1_53' title="bbox 536 3717 2171 3792">
     <span class='ocr_line' id='line_1_53' title="bbox 536 3717 2171 3792; baseline 0.002 -19"><span class='ocrx_word' id='word_1_374' title='bbox 536 3719 644 3773; x_wconf 88' lang='lat' dir='ltr'><strong>bus</strong></span> <span class='ocrx_word' id='word_1_375' title='bbox 684 3718 837 3773; x_wconf 91' lang='lat' dir='ltr'><strong>enim</strong></span> <span class='ocrx_word' id='word_1_376' title='bbox 884 3717 1179 3789; x_wconf 90' lang='lat' dir='ltr'><strong>episcopis,</strong></span> <span class='ocrx_word' id='word_1_377' title='bbox 1210 3723 1423 3772; x_wconf 88' lang='lat' dir='ltr'><strong>etcum</strong></span> <span class='ocrx_word' id='word_1_378' title='bbox 1465 3736 1530 3773; x_wconf 89' lang='lat' dir='ltr'><strong>ea</strong></span> <span class='ocrx_word' id='word_1_379' title='bbox 1576 3720 2012 3792; x_wconf 88' lang='lat' dir='ltr'><strong>hospitantibus,</strong></span> <span class='ocrx_word' id='word_1_380' title='bbox 2041 3738 2171 3777; x_wconf 89' lang='lat' dir='ltr'><strong>cum</strong></span> 
     </span>
    </p>
   </div>
   <div class='ocr_carea' id='block_1_54' title="bbox 535 3811 2170 3887">
    <p class='ocr_par' dir='ltr' id='par_1_54' title="bbox 535 3811 2170 3887">
     <span class='ocr_line' id='line_1_54' title="bbox 535 3811 2170 3887; baseline 0.002 -20"><span class='ocrx_word' id='word_1_381' title='bbox 535 3829 653 3867; x_wconf 90' lang='lat' dir='ltr'><strong>non</strong></span> <span class='ocrx_word' id='word_1_382' title='bbox 680 3811 915 3867; x_wconf 77' lang='lat' dir='ltr'><strong>haberet</strong></span> <span class='ocrx_word' id='word_1_383' title='bbox 951 3812 1102 3865; x_wconf 91' lang='lat' dir='ltr'><strong>unde</strong></span> <span class='ocrx_word' id='word_1_384' title='bbox 1139 3828 1232 3866; x_wconf 91' lang='lat' dir='ltr'><strong>eos</strong></span> <span class='ocrx_word' id='word_1_385' title='bbox 1257 3811 1491 3878; x_wconf 88' lang='lat' dir='ltr'><strong>cibaret,</strong></span> <span class='ocrx_word' id='word_1_386' title='bbox 1531 3813 1723 3884; x_wconf 87' lang='lat' dir='ltr'><strong>adjuta</strong></span> <span class='ocrx_word' id='word_1_387' title='bbox 1748 3814 1841 3869; x_wconf 88' lang='lat' dir='ltr'><strong>Dei</strong></span> <span class='ocrx_word' id='word_1_388' title='bbox 1872 3815 2170 3887; x_wconf 91' lang='lat' dir='ltr'><strong>multiplici</strong></span> 
     </span>
    </p>
   </div>
   <div class='ocr_carea' id='block_1_55' title="bbox 534 3904 2174 3981">
    <p class='ocr_par' dir='ltr' id='par_1_55' title="bbox 534 3904 2174 3981">
     <span class='ocr_line' id='line_1_55' title="bbox 534 3904 2174 3981; baseline 0.002 -21"><span class='ocrx_word' id='word_1_389' title='bbox 534 3907 744 3961; x_wconf 88' lang='lat' dir='ltr'><strong>virtute</strong></span> <span class='ocrx_word' id='word_1_390' title='bbox 787 3905 951 3959; x_wconf 90' lang='lat' dir='ltr'><strong>solito</strong></span> <span class='ocrx_word' id='word_1_391' title='bbox 998 3921 1159 3959; x_wconf 88' lang='lat' dir='ltr'><strong>more</strong></span> <span class='ocrx_word' id='word_1_392' title='bbox 1223 3904 1598 3976; x_wconf 86' lang='lat' dir='ltr'><strong>abundanter,</strong></span> <span class='ocrx_word' id='word_1_393' title='bbox 1648 3912 1714 3962; x_wconf 90' lang='lat' dir='ltr'><strong>ut</strong></span> <span class='ocrx_word' id='word_1_394' title='bbox 1761 3925 1861 3962; x_wconf 90' lang='lat' dir='ltr'><strong>sua</strong></span> <span class='ocrx_word' id='word_1_395' title='bbox 1910 3909 2174 3981; x_wconf 88' lang='lat' dir='ltr'><strong>poscebat</strong></span> 
     </span>
    </p>
   </div>
   <div class='ocr_carea' id='block_1_56' title="bbox 538 3999 2175 4068">
    <p class='ocr_par' dir='ltr' id='par_1_56' title="bbox 538 3999 2175 4068">
     <span class='ocr_line' id='line_1_56' title="bbox 538 3999 2175 4068; baseline 0.002 -13"><span class='ocrx_word' id='word_1_396' title='bbox 538 3999 859 4066; x_wconf 89' lang='lat' dir='ltr'><strong>necessitas,</strong></span> <span class='ocrx_word' id='word_1_397' title='bbox 881 4015 1105 4052; x_wconf 89' lang='lat' dir='ltr'><strong>vaccam</strong></span> <span class='ocrx_word' id='word_1_398' title='bbox 1157 4015 1333 4053; x_wconf 90' lang='lat' dir='ltr'><strong>unam</strong></span> <span class='ocrx_word' id='word_1_399' title='bbox 1362 4000 1564 4068; x_wconf 90' lang='lat' dir='ltr'><strong>tribus,</strong></span> <span class='ocrx_word' id='word_1_400' title='bbox 1598 4006 1791 4055; x_wconf 89' lang='lat' dir='ltr'><strong>contra</strong></span> <span class='ocrx_word' id='word_1_401' title='bbox 1821 4004 2175 4059; x_wconf 88' lang='lat' dir='ltr'><strong>consuetudi-</strong></span> 
     </span>
    </p>
   </div>
   <div class='ocr_carea' id='block_1_57' title="bbox 538 4090 2172 4169">
    <p class='ocr_par' dir='ltr' id='par_1_57' title="bbox 538 4090 2172 4169">
     <span class='ocr_line' id='line_1_57' title="bbox 538 4090 2172 4169; baseline 0.002 -22"><span class='ocrx_word' id='word_1_402' title='bbox 538 4108 693 4161; x_wconf 89' lang='lat' dir='ltr'><strong>nem,</strong></span> <span class='ocrx_word' id='word_1_403' title='bbox 723 4092 783 4145; x_wconf 89' lang='lat' dir='ltr'><strong>in</strong></span> <span class='ocrx_word' id='word_1_404' title='bbox 811 4107 927 4144; x_wconf 88' lang='lat' dir='ltr'><strong>una</strong></span> <span class='ocrx_word' id='word_1_405' title='bbox 956 4091 1045 4145; x_wconf 91' lang='lat' dir='ltr'><strong>die</strong></span> <span class='ocrx_word' id='word_1_406' title='bbox 1065 4090 1277 4146; x_wconf 87' lang='lat' dir='ltr'><strong>vicibus</strong></span> <span class='ocrx_word' id='word_1_407' title='bbox 1304 4093 1526 4147; x_wconf 74' lang='lat' dir='ltr'><strong>mulsit.</strong></span> <span class='ocrx_word' id='word_1_408' title='bbox 1555 4094 1621 4147; x_wconf 91' lang='lat' dir='ltr'><strong>Et</strong></span> <span class='ocrx_word' id='word_1_409' title='bbox 1651 4095 1802 4165; x_wconf 90' lang='lat' dir='ltr'><strong>quod</strong></span> <span class='ocrx_word' id='word_1_410' title='bbox 1822 4096 1964 4150; x_wconf 90' lang='lat' dir='ltr'><strong>solet</strong></span> <span class='ocrx_word' id='word_1_411' title='bbox 1984 4097 2053 4151; x_wconf 91' lang='lat' dir='ltr'><strong>de</strong></span> <span class='ocrx_word' id='word_1_412' title='bbox 2069 4114 2172 4169; x_wconf 90' lang='lat' dir='ltr'><strong>0p-</strong></span> 
     </span>
    </p>
   </div>
   <div class='ocr_carea' id='block_1_58' title="bbox 540 4184 2173 4257">
    <p class='ocr_par' dir='ltr' id='par_1_58' title="bbox 540 4184 2173 4257">
     <span class='ocr_line' id='line_1_58' title="bbox 540 4184 2173 4257; baseline 0.004 -16"><span class='ocrx_word' id='word_1_413' title='bbox 540 4185 694 4241; x_wconf 82' lang='lat' dir='ltr'><strong>timis</strong></span> <span class='ocrx_word' id='word_1_414' title='bbox 720 4184 899 4238; x_wconf 88' lang='lat' dir='ltr'><strong>tribus</strong></span> <span class='ocrx_word' id='word_1_415' title='bbox 924 4184 1105 4238; x_wconf 89' lang='lat' dir='ltr'><strong>vaccis</strong></span> <span class='ocrx_word' id='word_1_416' title='bbox 1134 4184 1399 4256; x_wconf 78' lang='lat' dir='ltr'><strong>exprimi,</strong></span> <span class='ocrx_word' id='word_1_417' title='bbox 1430 4185 1553 4257; x_wconf 87' lang='lat' dir='ltr'><strong>ipsa</strong></span> <span class='ocrx_word' id='word_1_418' title='bbox 1584 4186 1831 4242; x_wconf 88' lang='lat' dir='ltr'><strong>mirabili</strong></span> <span class='ocrx_word' id='word_1_419' title='bbox 1871 4195 2075 4247; x_wconf 86' lang='lat' dir='ltr'><strong>eventu</strong></span> <span class='ocrx_word' id='word_1_420' title='bbox 2105 4192 2173 4248; x_wconf 91' lang='lat' dir='ltr'><strong>de</strong></span> 
     </span>
    </p>
   </div>
   <div class='ocr_carea' id='block_1_59' title="bbox 540 4278 1294 4349">
    <p class='ocr_par' dir='ltr' id='par_1_59' title="bbox 540 4278 1294 4349">
     <span class='ocr_line' id='line_1_59' title="bbox 540 4278 1294 4349; baseline -0.001 -15"><span class='ocrx_word' id='word_1_421' title='bbox 540 4296 659 4335; x_wconf 90' lang='lat' dir='ltr'><strong>una</strong></span> <span class='ocrx_word' id='word_1_422' title='bbox 683 4296 783 4333; x_wconf 91' lang='lat' dir='ltr'><strong>sua</strong></span> <span class='ocrx_word' id='word_1_423' title='bbox 812 4278 1088 4349; x_wconf 85' lang='lat' dir='ltr'><strong>expressit</strong></span> <span class='ocrx_word' id='word_1_424' title='bbox 1112 4295 1294 4333; x_wconf 90' lang='lat' dir='ltr'><strong>vacca.</strong></span> 
     </span>
    </p>
   </div>
   <div class='ocr_carea' id='block_1_60' title="bbox 612 4381 2175 4442">
    <p class='ocr_par' dir='ltr' id='par_1_60' title="bbox 612 4381 2175 4442">
     <span class='ocr_line' id='line_1_60' title="bbox 612 4381 2175 4442; baseline 0.004 -6"><span class='ocrx_word' id='word_1_425' title='bbox 612 4383 752 4436; x_wconf 88' lang='lat' dir='ltr'><strong>Ecce</strong></span> <span class='ocrx_word' id='word_1_426' title='bbox 776 4386 832 4437; x_wconf 92' lang='lat' dir='ltr'><strong>et</strong></span> <span class='ocrx_word' id='word_1_427' title='bbox 855 4382 1001 4435; x_wconf 88' lang='lat' dir='ltr'><strong>hanc</strong></span> <span class='ocrx_word' id='word_1_428' title='bbox 1024 4381 1296 4436; x_wconf 87' lang='lat' dir='ltr'><strong>virtutem</strong></span> <span class='ocrx_word' id='word_1_429' title='bbox 1320 4381 1659 4437; x_wconf 86' lang='lat' dir='ltr'><strong>beatitudini</strong></span> <span class='ocrx_word' id='word_1_430' title='bbox 1680 4388 1876 4439; x_wconf 67' lang='lat' dir='ltr'><strong>vestrm</strong></span> <span class='ocrx_word' id='word_1_431' title='bbox 1912 4385 2175 4442; x_wconf 89' lang='lat' dir='ltr'><strong>intimare</strong></span> 
     </span>
    </p>
   </div>
   <div class='ocr_carea' id='block_1_61' title="bbox 542 4475 2177 4548">
    <p class='ocr_par' dir='ltr' id='par_1_61' title="bbox 542 4475 2177 4548">
     <span class='ocr_line' id='line_1_61' title="bbox 542 4475 2177 4548; baseline 0.003 -17"><span class='ocrx_word' id='word_1_432' title='bbox 542 4492 761 4544; x_wconf 82' lang='lat' dir='ltr'><strong>censeo,</strong></span> <span class='ocrx_word' id='word_1_433' title='bbox 816 4475 872 4529; x_wconf 90' lang='lat' dir='ltr'><strong>in</strong></span> <span class='ocrx_word' id='word_1_434' title='bbox 918 4491 1090 4545; x_wconf 90' lang='lat' dir='ltr'><strong>quam</strong></span> <span class='ocrx_word' id='word_1_435' title='bbox 1135 4490 1296 4528; x_wconf 89' lang='lat' dir='ltr'><strong>mens</strong></span> <span class='ocrx_word' id='word_1_436' title='bbox 1348 4492 1493 4546; x_wconf 89' lang='lat' dir='ltr'><strong>pura</strong></span> <span class='ocrx_word' id='word_1_437' title='bbox 1542 4476 1856 4548; x_wconf 82' lang='lat' dir='ltr'><strong>virginalis,</strong></span> <span class='ocrx_word' id='word_1_438' title='bbox 1887 4483 1943 4534; x_wconf 90' lang='lat' dir='ltr'><strong>et</strong></span> <span class='ocrx_word' id='word_1_439' title='bbox 1975 4497 2177 4536; x_wconf 91' lang='lat' dir='ltr'><strong>manus</strong></span> 
     </span>
    </p>
   </div>
   <div class='ocr_carea' id='block_1_62' title="bbox 2183 3193 2237 3266">
    <p class='ocr_par' dir='ltr' id='par_1_62' title="bbox 2183 3193 2237 3266">
     <span class='ocr_line' id='line_1_62' title="bbox 2183 3193 2237 3266; baseline 0 0"><span class='ocrx_word' id='word_1_440' title='bbox 2183 3193 2237 3266; x_wconf 88' lang='lat' dir='ltr'><strong>C</strong></span> 
     </span>
    </p>
   </div>
   <div class='ocr_carea' id='block_1_63' title="bbox 2252 1928 3902 2012">
    <p class='ocr_par' dir='ltr' id='par_1_63' title="bbox 2252 1928 3902 2012">
     <span class='ocr_line' id='line_1_63' title="bbox 2252 1928 3902 2012; baseline -0.012 -12"><span class='ocrx_word' id='word_1_441' title='bbox 2252 1949 2441 2001; x_wconf 88' lang='lat' dir='ltr'><strong>rantes</strong></span> <span class='ocrx_word' id='word_1_442' title='bbox 2471 1942 2550 2009; x_wconf 93' lang='lat' dir='ltr'><strong>hi,</strong></span> <span class='ocrx_word' id='word_1_443' title='bbox 2579 1941 2677 2012; x_wconf 91' lang='lat' dir='ltr'><strong>qui</strong></span> <span class='ocrx_word' id='word_1_444' title='bbox 2709 1938 2915 1994; x_wconf 88' lang='lat' dir='ltr'><strong>conscii</strong></span> <span class='ocrx_word' id='word_1_445' title='bbox 2941 1937 3077 1992; x_wconf 89' lang='lat' dir='ltr'><strong>facti</strong></span> <span class='ocrx_word' id='word_1_446' title='bbox 3103 1939 3285 2003; x_wconf 88' lang='lat' dir='ltr'><strong>erant,</strong></span> <span class='ocrx_word' id='word_1_447' title='bbox 3307 1934 3581 1987; x_wconf 88' lang='lat' dir='ltr'><strong>virtutem</strong></span> <span class='ocrx_word' id='word_1_448' title='bbox 3602 1930 3700 1984; x_wconf 88' lang='lat' dir='ltr'><strong>Dei</strong></span> <span class='ocrx_word' id='word_1_449' title='bbox 3718 1928 3902 1982; x_wconf 88' lang='lat' dir='ltr'><strong>mani-</strong></span> 
     </span>
    </p>
   </div>
   <div class='ocr_carea' id='block_1_64' title="bbox 2253 2022 3899 2106">
    <p class='ocr_par' dir='ltr' id='par_1_64' title="bbox 2253 2022 3899 2106">
     <span class='ocr_line' id='line_1_64' title="bbox 2253 2022 3899 2106; baseline -0.011 -13"><span class='ocrx_word' id='word_1_450' title='bbox 2253 2040 2391 2093; x_wconf 88' lang='lat' dir='ltr'><strong>feste</strong></span> <span class='ocrx_word' id='word_1_451' title='bbox 2434 2038 2639 2091; x_wconf 89' lang='lat' dir='ltr'><strong>factam</strong></span> <span class='ocrx_word' id='word_1_452' title='bbox 2676 2051 2781 2106; x_wconf 91' lang='lat' dir='ltr'><strong>per</strong></span> <span class='ocrx_word' id='word_1_453' title='bbox 2815 2033 3116 2103; x_wconf 84' lang='lat' dir='ltr'><strong>virginem,</strong></span> <span class='ocrx_word' id='word_1_454' title='bbox 3157 2031 3373 2100; x_wconf 86' lang='lat' dir='ltr'><strong>septem</strong></span> <span class='ocrx_word' id='word_1_455' title='bbox 3404 2042 3547 2097; x_wconf 87' lang='lat' dir='ltr'><strong>quos</strong></span> <span class='ocrx_word' id='word_1_456' title='bbox 3583 2022 3899 2077; x_wconf 90' lang='lat' dir='ltr'><strong>absconde-</strong></span> 
     </span>
    </p>
   </div>
   <div class='ocr_carea' id='block_1_65' title="bbox 2254 2116 3903 2190">
    <p class='ocr_par' dir='ltr' id='par_1_65' title="bbox 2254 2116 3903 2190">
     <span class='ocr_line' id='line_1_65' title="bbox 2254 2116 3903 2190; baseline -0.012 -2"><span class='ocrx_word' id='word_1_457' title='bbox 2254 2137 2390 2188; x_wconf 87' lang='lat' dir='ltr'><strong>ruut</strong></span> <span class='ocrx_word' id='word_1_458' title='bbox 2437 2146 2694 2186; x_wconf 90' lang='lat' dir='ltr'><strong>verveces</strong></span> <span class='ocrx_word' id='word_1_459' title='bbox 2736 2128 2805 2182; x_wconf 89' lang='lat' dir='ltr'><strong>ad</strong></span> <span class='ocrx_word' id='word_1_460' title='bbox 2837 2143 3004 2181; x_wconf 89' lang='lat' dir='ltr'><strong>suum</strong></span> <span class='ocrx_word' id='word_1_461' title='bbox 3042 2123 3387 2178; x_wconf 88' lang='lat' dir='ltr'><strong>remiserunt</strong></span> <span class='ocrx_word' id='word_1_462' title='bbox 3418 2134 3674 2190; x_wconf 86' lang='lat' dir='ltr'><strong>gregem,</strong></span> <span class='ocrx_word' id='word_1_463' title='bbox 3715 2120 3773 2170; x_wconf 89' lang='lat' dir='ltr'><strong>et</strong></span> <span class='ocrx_word' id='word_1_464' title='bbox 3802 2116 3903 2169; x_wconf 91' lang='lat' dir='ltr'><strong>ille</strong></span> 
     </span>
    </p>
   </div>
   <div class='ocr_carea' id='block_1_66' title="bbox 2259 2212 3903 2298">
    <p class='ocr_par' dir='ltr' id='par_1_66' title="bbox 2259 2212 3903 2298">
     <span class='ocr_line' id='line_1_66' title="bbox 2259 2212 3903 2298; baseline -0.012 -16"><span class='ocrx_word' id='word_1_465' title='bbox 2259 2226 2450 2298; x_wconf 86' lang='lat' dir='ltr'><strong>gregis</strong></span> <span class='ocrx_word' id='word_1_466' title='bbox 2486 2240 2759 2279; x_wconf 89' lang='lat' dir='ltr'><strong>numerus</strong></span> <span class='ocrx_word' id='word_1_467' title='bbox 2814 2238 2917 2274; x_wconf 91' lang='lat' dir='ltr'><strong>nec</strong></span> <span class='ocrx_word' id='word_1_468' title='bbox 2946 2220 3072 2290; x_wconf 88' lang='lat' dir='ltr'><strong>plus</strong></span> <span class='ocrx_word' id='word_1_469' title='bbox 3114 2234 3219 2272; x_wconf 91' lang='lat' dir='ltr'><strong>nec</strong></span> <span class='ocrx_word' id='word_1_470' title='bbox 3256 2216 3465 2283; x_wconf 90' lang='lat' dir='ltr'><strong>minus,</strong></span> <span class='ocrx_word' id='word_1_471' title='bbox 3504 2212 3602 2268; x_wconf 89' lang='lat' dir='ltr'><strong>sed</strong></span> <span class='ocrx_word' id='word_1_472' title='bbox 3653 2215 3722 2265; x_wconf 85' lang='lat' dir='ltr'><strong>ut</strong></span> <span class='ocrx_word' id='word_1_473' title='bbox 3767 2215 3903 2264; x_wconf 88' lang='lat' dir='ltr'><strong>ante</strong></span> 
     </span>
    </p>
   </div>
   <div class='ocr_carea' id='block_1_67' title="bbox 2257 2317 3207 2391">
    <p class='ocr_par' dir='ltr' id='par_1_67' title="bbox 2257 2317 3207 2391">
     <span class='ocr_line' id='line_1_67' title="bbox 2257 2317 3207 2391; baseline -0.012 -17"><span class='ocrx_word' id='word_1_474' title='bbox 2257 2321 2479 2391; x_wconf 87' lang='lat' dir='ltr'><strong>integer</strong></span> <span class='ocrx_word' id='word_1_475' title='bbox 2504 2322 2758 2389; x_wconf 89' lang='lat' dir='ltr'><strong>repertus</strong></span> <span class='ocrx_word' id='word_1_476' title='bbox 2788 2319 2871 2369; x_wconf 90' lang='lat' dir='ltr'><strong>est</strong></span> <span class='ocrx_word' id='word_1_477' title='bbox 2898 2317 2945 2367; x_wconf 67' lang='grc' dir='ltr'><strong>δ.</strong></span> <span class='ocrx_word' id='word_1_478' title='bbox 3180 2366 3207 2383; x_wconf 86' lang='lat'><em>_</em></span> 
     </span>
    </p>
   </div>
   <div class='ocr_carea' id='block_1_68' title="bbox 2333 2397 3901 2468">
    <p class='ocr_par' dir='ltr' id='par_1_68' title="bbox 2333 2397 3901 2468">
     <span class='ocr_line' id='line_1_68' title="bbox 2333 2397 3901 2468; baseline -0.012 0"><span class='ocrx_word' id='word_1_479' title='bbox 2333 2414 2428 2468; x_wconf 84' lang='lat' dir='ltr'><strong>His</strong></span> <span class='ocrx_word' id='word_1_480' title='bbox 2458 2416 2515 2467; x_wconf 89' lang='lat' dir='ltr'><strong>et</strong></span> <span class='ocrx_word' id='word_1_481' title='bbox 2550 2411 2672 2465; x_wconf 84' lang='lat' dir='ltr'><strong>aliis</strong></span> <span class='ocrx_word' id='word_1_482' title='bbox 2700 2405 3149 2463; x_wconf 90' lang='lat' dir='ltr'><strong>innumeralihus</strong></span> <span class='ocrx_word' id='word_1_483' title='bbox 3196 2401 3494 2457; x_wconf 86' lang='lat' dir='ltr'><strong>virtutibus</strong></span> <span class='ocrx_word' id='word_1_484' title='bbox 3524 2397 3901 2454; x_wconf 87' lang='lat' dir='ltr'><strong>famosissima</strong></span> 
     </span>
    </p>
   </div>
   <div class='ocr_carea' id='block_1_69' title="bbox 2262 2490 3906 2564">
    <p class='ocr_par' dir='ltr' id='par_1_69' title="bbox 2262 2490 3906 2564">
     <span class='ocr_line' id='line_1_69' title="bbox 2262 2490 3906 2564; baseline -0.013 0"><span class='ocrx_word' id='word_1_485' title='bbox 2262 2511 2357 2564; x_wconf 76' lang='lat' dir='ltr'><strong>DEI</strong></span> <span class='ocrx_word' id='word_1_486' title='bbox 2376 2507 2587 2562; x_wconf 86' lang='lat' dir='ltr'><strong>famula</strong></span> <span class='ocrx_word' id='word_1_487' title='bbox 2614 2505 2675 2558; x_wconf 93' lang='lat' dir='ltr'><strong>in</strong></span> <span class='ocrx_word' id='word_1_488' title='bbox 2701 2519 2795 2557; x_wconf 88' lang='lat' dir='ltr'><strong>ore</strong></span> <span class='ocrx_word' id='word_1_489' title='bbox 2826 2500 3084 2555; x_wconf 89' lang='lat' dir='ltr'><strong>omnium</strong></span> <span class='ocrx_word' id='word_1_490' title='bbox 3110 2514 3228 2552; x_wconf 91' lang='lat' dir='ltr'><strong>non</strong></span> <span class='ocrx_word' id='word_1_491' title='bbox 3252 2495 3558 2562; x_wconf 89' lang='lat' dir='ltr'><strong>immerito,</strong></span> <span class='ocrx_word' id='word_1_492' title='bbox 3590 2492 3690 2547; x_wconf 89' lang='lat' dir='ltr'><strong>sed</strong></span> <span class='ocrx_word' id='word_1_493' title='bbox 3716 2490 3906 2561; x_wconf 79' lang='lat' dir='ltr'><strong>dignis</strong></span> 
     </span>
    </p>
   </div>
   <div class='ocr_carea' id='block_1_70' title="bbox 2260 2594 3198 2658">
    <p class='ocr_par' dir='ltr' id='par_1_70' title="bbox 2260 2594 3198 2658">
     <span class='ocr_line' id='line_1_70' title="bbox 2260 2594 3198 2658; baseline -0.015 0"><span class='ocrx_word' id='word_1_494' title='bbox 2260 2602 2519 2658; x_wconf 88' lang='lat' dir='ltr'><strong>laudibus</strong></span> <span class='ocrx_word' id='word_1_495' title='bbox 2548 2596 2927 2654; x_wconf 83' lang='lat' dir='ltr'><strong>cxcelsissima</strong></span> <span class='ocrx_word' id='word_1_496' title='bbox 2951 2594 3070 2647; x_wconf 88' lang='lat' dir='ltr'><strong>visa</strong></span> <span class='ocrx_word' id='word_1_497' title='bbox 3095 2594 3198 2646; x_wconf 89' lang='lat' dir='ltr'><strong>est.</strong></span> 
     </span>
    </p>
   </div>
   <div class='ocr_carea' id='block_1_71' title="bbox 2331 2679 3911 2763">
    <p class='ocr_par' dir='ltr' id='par_1_71' title="bbox 2331 2679 3911 2763">
     <span class='ocr_line' id='line_1_71' title="bbox 2331 2679 3911 2763; baseline -0.011 -13"><span class='ocrx_word' id='word_1_498' title='bbox 2331 2693 2571 2751; x_wconf 84' lang='lat' dir='ltr'><strong>Mirabili</strong></span> <span class='ocrx_word' id='word_1_499' title='bbox 2622 2706 2849 2763; x_wconf 85' lang='lat' dir='ltr'><strong>quoque</strong></span> <span class='ocrx_word' id='word_1_500' title='bbox 2889 2690 3093 2742; x_wconf 89' lang='lat' dir='ltr'><strong>eventu</strong></span> <span class='ocrx_word' id='word_1_501' title='bbox 3120 2686 3189 2739; x_wconf 88' lang='lat' dir='ltr'><strong>ab</strong></span> <span class='ocrx_word' id='word_1_502' title='bbox 3214 2685 3319 2738; x_wconf 87' lang='lat' dir='ltr'><strong>hac</strong></span> <span class='ocrx_word' id='word_1_503' title='bbox 3346 2681 3647 2737; x_wconf 88' lang='lat' dir='ltr'><strong>venerabili</strong></span> <span class='ocrx_word' id='word_1_504' title='bbox 3675 2679 3911 2751; x_wconf 86' lang='lat' dir='ltr'><strong>Brigida</strong></span> 
     </span>
    </p>
   </div>
   <div class='ocr_carea' id='block_1_72' title="bbox 2262 2775 3910 2862">
    <p class='ocr_par' dir='ltr' id='par_1_72' title="bbox 2262 2775 3910 2862">
     <span class='ocr_line' id='line_1_72' title="bbox 2262 2775 3910 2862; baseline -0.012 -16"><span class='ocrx_word' id='word_1_505' title='bbox 2262 2789 2467 2862; x_wconf 88' lang='lat' dir='ltr'><strong>leprosi</strong></span> <span class='ocrx_word' id='word_1_506' title='bbox 2518 2785 2808 2841; x_wconf 89' lang='lat' dir='ltr'><strong>cervisiam</strong></span> <span class='ocrx_word' id='word_1_507' title='bbox 2855 2785 3131 2854; x_wconf 86' lang='lat' dir='ltr'><strong>petentes,</strong></span> <span class='ocrx_word' id='word_1_508' title='bbox 3179 2795 3311 2833; x_wconf 91' lang='lat' dir='ltr'><strong>cum</strong></span> <span class='ocrx_word' id='word_1_509' title='bbox 3341 2794 3458 2831; x_wconf 89' lang='lat' dir='ltr'><strong>non</strong></span> <span class='ocrx_word' id='word_1_510' title='bbox 3497 2776 3730 2830; x_wconf 88' lang='lat' dir='ltr'><strong>haberet</strong></span> <span class='ocrx_word' id='word_1_511' title='bbox 3782 2775 3910 2844; x_wconf 86' lang='lat' dir='ltr'><strong>illa,</strong></span> 
     </span>
    </p>
   </div>
   <div class='ocr_carea' id='block_1_73' title="bbox 2262 2868 3916 2951">
    <p class='ocr_par' dir='ltr' id='par_1_73' title="bbox 2262 2868 3916 2951">
     <span class='ocr_line' id='line_1_73' title="bbox 2262 2868 3916 2951; baseline -0.011 -12"><span class='ocrx_word' id='word_1_512' title='bbox 2262 2885 2458 2940; x_wconf 89' lang='lat' dir='ltr'><strong>videns</strong></span> <span class='ocrx_word' id='word_1_513' title='bbox 2496 2897 2699 2951; x_wconf 86' lang='lat' dir='ltr'><strong>aquam</strong></span> <span class='ocrx_word' id='word_1_514' title='bbox 2730 2878 2800 2931; x_wconf 91' lang='lat' dir='ltr'><strong>ad</strong></span> <span class='ocrx_word' id='word_1_515' title='bbox 2827 2876 3031 2930; x_wconf 89' lang='lat' dir='ltr'><strong>balnea</strong></span> <span class='ocrx_word' id='word_1_516' title='bbox 3062 2878 3338 2945; x_wconf 87' lang='lat' dir='ltr'><strong>paratam,</strong></span> <span class='ocrx_word' id='word_1_517' title='bbox 3372 2887 3505 2924; x_wconf 92' lang='lat' dir='ltr'><strong>cum</strong></span> <span class='ocrx_word' id='word_1_518' title='bbox 3533 2871 3743 2923; x_wconf 85' lang='lat' dir='ltr'><strong>virtute</strong></span> <span class='ocrx_word' id='word_1_519' title='bbox 3774 2868 3916 2921; x_wconf 83' lang='lat' dir='ltr'><strong>ﬁdei</strong></span> 
     </span>
    </p>
   </div>
   <div class='ocr_carea' id='block_1_74' title="bbox 2263 2962 3912 3043">
    <p class='ocr_par' dir='ltr' id='par_1_74' title="bbox 2263 2962 3912 3043">
     <span class='ocr_line' id='line_1_74' title="bbox 2263 2962 3912 3043; baseline -0.012 -11"><span class='ocrx_word' id='word_1_520' title='bbox 2263 2976 2621 3043; x_wconf 84' lang='lat' dir='ltr'><strong>benedicens,</strong></span> <span class='ocrx_word' id='word_1_521' title='bbox 2648 2973 2706 3025; x_wconf 90' lang='lat' dir='ltr'><strong>in</strong></span> <span class='ocrx_word' id='word_1_522' title='bbox 2725 2971 2998 3041; x_wconf 89' lang='lat' dir='ltr'><strong>optimam</strong></span> <span class='ocrx_word' id='word_1_523' title='bbox 3021 2966 3303 3022; x_wconf 88' lang='lat' dir='ltr'><strong>convertit</strong></span> <span class='ocrx_word' id='word_1_524' title='bbox 3322 2964 3636 3031; x_wconf 89' lang='lat' dir='ltr'><strong>cervisiam,</strong></span> <span class='ocrx_word' id='word_1_525' title='bbox 3652 2967 3707 3016; x_wconf 91' lang='lat' dir='ltr'><strong>et</strong></span> <span class='ocrx_word' id='word_1_526' title='bbox 3718 2962 3912 3014; x_wconf 85' lang='lat' dir='ltr'><strong>abun-</strong></span> 
     </span>
    </p>
   </div>
   <div class='ocr_carea' id='block_1_75' title="bbox 2265 3054 3917 3127">
    <p class='ocr_par' dir='ltr' id='par_1_75' title="bbox 2265 3054 3917 3127">
     <span class='ocr_line' id='line_1_75' title="bbox 2265 3054 3917 3127; baseline -0.011 -2"><span class='ocrx_word' id='word_1_527' title='bbox 2265 3073 2465 3125; x_wconf 88' lang='lat' dir='ltr'><strong>danter</strong></span> <span class='ocrx_word' id='word_1_528' title='bbox 2494 3065 2812 3121; x_wconf 89' lang='lat' dir='ltr'><strong>sitientibus</strong></span> <span class='ocrx_word' id='word_1_529' title='bbox 2853 3061 3130 3117; x_wconf 86' lang='lat' dir='ltr'><strong>exhausit.</strong></span> <span class='ocrx_word' id='word_1_530' title='bbox 3184 3060 3281 3113; x_wconf 91' lang='lat' dir='ltr'><strong>llle</strong></span> <span class='ocrx_word' id='word_1_531' title='bbox 3312 3058 3491 3125; x_wconf 91' lang='lat' dir='ltr'><strong>enim,</strong></span> <span class='ocrx_word' id='word_1_532' title='bbox 3524 3056 3625 3127; x_wconf 91' lang='lat' dir='ltr'><strong>qui</strong></span> <span class='ocrx_word' id='word_1_533' title='bbox 3664 3056 3723 3108; x_wconf 90' lang='lat' dir='ltr'><strong>in</strong></span> <span class='ocrx_word' id='word_1_534' title='bbox 3755 3054 3917 3109; x_wconf 84' lang='lat' dir='ltr'><strong>Cana</strong></span> 
     </span>
    </p>
   </div>
   <div class='ocr_carea' id='block_1_76' title="bbox 2266 3148 3913 3231">
    <p class='ocr_par' dir='ltr' id='par_1_76' title="bbox 2266 3148 3913 3231">
     <span class='ocr_line' id='line_1_76' title="bbox 2266 3148 3913 3231; baseline -0.011 -13"><span class='ocrx_word' id='word_1_535' title='bbox 2266 3164 2504 3219; x_wconf 63' lang='lat' dir='ltr'><strong>Galilaeae</strong></span> <span class='ocrx_word' id='word_1_536' title='bbox 2534 3175 2743 3231; x_wconf 86' lang='lat' dir='ltr'><strong>aquam</strong></span> <span class='ocrx_word' id='word_1_537' title='bbox 2770 3156 3043 3211; x_wconf 86' lang='lat' dir='ltr'><strong>convertit</strong></span> <span class='ocrx_word' id='word_1_538' title='bbox 3071 3154 3127 3207; x_wconf 89' lang='lat' dir='ltr'><strong>in</strong></span> <span class='ocrx_word' id='word_1_539' title='bbox 3159 3154 3377 3219; x_wconf 90' lang='lat' dir='ltr'><strong>vinum,</strong></span> <span class='ocrx_word' id='word_1_540' title='bbox 3410 3167 3514 3222; x_wconf 89' lang='lat' dir='ltr'><strong>per</strong></span> <span class='ocrx_word' id='word_1_541' title='bbox 3556 3148 3729 3219; x_wconf 87' lang='lat' dir='ltr'><strong>hujus</strong></span> <span class='ocrx_word' id='word_1_542' title='bbox 3758 3164 3913 3218; x_wconf 87' lang='lat' dir='ltr'><strong>quo-</strong></span> 
     </span>
    </p>
   </div>
   <div class='ocr_carea' id='block_1_77' title="bbox 2268 3242 3912 3330">
    <p class='ocr_par' dir='ltr' id='par_1_77' title="bbox 2268 3242 3912 3330">
     <span class='ocr_line' id='line_1_77' title="bbox 2268 3242 3912 3330; baseline -0.01 -18"><span class='ocrx_word' id='word_1_543' title='bbox 2268 3275 2379 3330; x_wconf 91' lang='lat' dir='ltr'><strong>que</strong></span> <span class='ocrx_word' id='word_1_544' title='bbox 2400 3254 2741 3311; x_wconf 67' lang='lat' dir='ltr'><strong>beatissima:</strong></span> <span class='ocrx_word' id='word_1_545' title='bbox 2766 3251 2992 3305; x_wconf 56' lang='lat' dir='ltr'><strong>feminae</strong></span> <span class='ocrx_word' id='word_1_546' title='bbox 3020 3249 3191 3302; x_wconf 87' lang='lat' dir='ltr'><strong>fidem</strong></span> <span class='ocrx_word' id='word_1_547' title='bbox 3220 3262 3427 3318; x_wconf 89' lang='lat' dir='ltr'><strong>aquam</strong></span> <span class='ocrx_word' id='word_1_548' title='bbox 3450 3243 3691 3299; x_wconf 86' lang='lat' dir='ltr'><strong>mutavit</strong></span> <span class='ocrx_word' id='word_1_549' title='bbox 3711 3242 3772 3296; x_wconf 89' lang='lat' dir='ltr'><strong>in</strong></span> <span class='ocrx_word' id='word_1_550' title='bbox 3785 3258 3912 3296; x_wconf 90' lang='lat' dir='ltr'><strong>cer-</strong></span> 
     </span>
    </p>
   </div>
   <div class='ocr_carea' id='block_1_78' title="bbox 2339 3430 3916 3511">
    <p class='ocr_par' dir='ltr' id='par_1_78' title="bbox 2339 3430 3916 3511">
     <span class='ocr_line' id='line_1_78' title="bbox 2339 3430 3916 3511; baseline -0.011 -10"><span class='ocrx_word' id='word_1_551' title='bbox 2339 3448 2408 3501; x_wconf 89' lang='lat' dir='ltr'><strong>Et</strong></span> <span class='ocrx_word' id='word_1_552' title='bbox 2431 3444 2746 3499; x_wconf 85' lang='lat' dir='ltr'><strong>secundum</strong></span> <span class='ocrx_word' id='word_1_553' title='bbox 2770 3439 2926 3511; x_wconf 89' lang='lat' dir='ltr'><strong>quod</strong></span> <span class='ocrx_word' id='word_1_554' title='bbox 2955 3436 3145 3491; x_wconf 88' lang='lat' dir='ltr'><strong>omnia</strong></span> <span class='ocrx_word' id='word_1_555' title='bbox 3182 3434 3468 3507; x_wconf 87' lang='lat' dir='ltr'><strong>possibilia</strong></span> <span class='ocrx_word' id='word_1_556' title='bbox 3505 3436 3639 3486; x_wconf 89' lang='lat' dir='ltr'><strong>sunt</strong></span> <span class='ocrx_word' id='word_1_557' title='bbox 3664 3430 3916 3485; x_wconf 84' lang='lat' dir='ltr'><strong>creden-</strong></span> 
     </span>
    </p>
   </div>
   <div class='ocr_carea' id='block_1_79' title="bbox 2270 3525 3917 3606">
    <p class='ocr_par' dir='ltr' id='par_1_79' title="bbox 2270 3525 3917 3606">
     <span class='ocr_line' id='line_1_79' title="bbox 2270 3525 3917 3606; baseline -0.01 -10"><span class='ocrx_word' id='word_1_558' title='bbox 2270 3541 2417 3596; x_wconf 89' lang='lat' dir='ltr'><strong>tibus</strong></span> <span class='ocrx_word' id='word_1_559' title='bbox 2443 3538 2564 3593; x_wconf 89' lang='lat' dir='ltr'><strong>sine</strong></span> <span class='ocrx_word' id='word_1_560' title='bbox 2584 3537 2698 3591; x_wconf 88' lang='lat' dir='ltr'><strong>ulla</strong></span> <span class='ocrx_word' id='word_1_561' title='bbox 2716 3531 3090 3606; x_wconf 89' lang='lat' dir='ltr'><strong>possibilitate</strong></span> <span class='ocrx_word' id='word_1_562' title='bbox 3117 3528 3372 3602; x_wconf 90' lang='lat' dir='ltr'><strong>quotidie</strong></span> <span class='ocrx_word' id='word_1_563' title='bbox 3398 3527 3705 3581; x_wconf 87' lang='lat' dir='ltr'><strong>innumera</strong></span> <span class='ocrx_word' id='word_1_564' title='bbox 3732 3525 3917 3580; x_wconf 89' lang='lat' dir='ltr'><strong>mira-</strong></span> 
     </span>
    </p>
   </div>
   <div class='ocr_carea' id='block_1_80' title="bbox 2270 3631 2781 3703">
    <p class='ocr_par' dir='ltr' id='par_1_80' title="bbox 2270 3631 2781 3703">
     <span class='ocr_line' id='line_1_80' title="bbox 2270 3631 2781 3703; baseline -0.014 -14"><span class='ocrx_word' id='word_1_565' title='bbox 2270 3635 2397 3689; x_wconf 91' lang='lat' dir='ltr'><strong>cula</strong></span> <span class='ocrx_word' id='word_1_566' title='bbox 2425 3631 2781 3703; x_wconf 80' lang='lat' dir='ltr'><strong>operabatur.</strong></span> 
     </span>
    </p>
   </div>
   <div class='ocr_carea' id='block_1_81' title="bbox 2342 3715 3917 3792">
    <p class='ocr_par' dir='ltr' id='par_1_81' title="bbox 2342 3715 3917 3792">
     <span class='ocr_line' id='line_1_81' title="bbox 2342 3715 3917 3792; baseline -0.008 -11"><span class='ocrx_word' id='word_1_567' title='bbox 2342 3726 2594 3792; x_wconf 87' lang='lat' dir='ltr'><strong>Quadam</strong></span> <span class='ocrx_word' id='word_1_568' title='bbox 2618 3723 2774 3779; x_wconf 89' lang='lat' dir='ltr'><strong>enim</strong></span> <span class='ocrx_word' id='word_1_569' title='bbox 2795 3722 2903 3790; x_wconf 91' lang='lat' dir='ltr'><strong>die,</strong></span> <span class='ocrx_word' id='word_1_570' title='bbox 2928 3736 3057 3775; x_wconf 87' lang='lat' dir='ltr'><strong>cum</strong></span> <span class='ocrx_word' id='word_1_571' title='bbox 3083 3717 3320 3790; x_wconf 87' lang='lat' dir='ltr'><strong>quidam</strong></span> <span class='ocrx_word' id='word_1_572' title='bbox 3348 3715 3640 3787; x_wconf 84' lang='lat' dir='ltr'><strong>salpetens</strong></span> <span class='ocrx_word' id='word_1_573' title='bbox 3667 3715 3917 3783; x_wconf 85' lang='lat' dir='ltr'><strong>veniret,</strong></span> 
     </span>
    </p>
   </div>
   <div class='ocr_carea' id='block_1_82' title="bbox 2273 3812 3917 3893">
    <p class='ocr_par' dir='ltr' id='par_1_82' title="bbox 2273 3812 3917 3893">
     <span class='ocr_line' id='line_1_82' title="bbox 2273 3812 3917 3893; baseline -0.009 -13"><span class='ocrx_word' id='word_1_574' title='bbox 2273 3826 2419 3881; x_wconf 91' lang='lat' dir='ltr'><strong>sicut</strong></span> <span class='ocrx_word' id='word_1_575' title='bbox 2445 3822 2632 3878; x_wconf 57' lang='lat' dir='ltr'><strong>cateri</strong></span> <span class='ocrx_word' id='word_1_576' title='bbox 2661 3835 2967 3893; x_wconf 73' lang='lat' dir='ltr'><strong>pauperes,</strong></span> <span class='ocrx_word' id='word_1_577' title='bbox 2991 3822 3047 3871; x_wconf 90' lang='lat' dir='ltr'><strong>et</strong></span> <span class='ocrx_word' id='word_1_578' title='bbox 3067 3815 3232 3887; x_wconf 85' lang='lat' dir='ltr'><strong>egeni</strong></span> <span class='ocrx_word' id='word_1_579' title='bbox 3258 3820 3315 3869; x_wconf 88' lang='lat' dir='ltr'><strong>et</strong></span> <span class='ocrx_word' id='word_1_580' title='bbox 3340 3812 3796 3868; x_wconf 89' lang='lat' dir='ltr'><strong>innumerabiles</strong></span> <span class='ocrx_word' id='word_1_581' title='bbox 3813 3829 3917 3866; x_wconf 80' lang='lat' dir='ltr'><strong>ve-</strong></span> 
     </span>
    </p>
   </div>
   <div class='ocr_carea' id='block_1_83' title="bbox 2271 3905 3921 3985">
    <p class='ocr_par' dir='ltr' id='par_1_83' title="bbox 2271 3905 3921 3985">
     <span class='ocr_line' id='line_1_83' title="bbox 2271 3905 3921 3985; baseline -0.01 -11"><span class='ocrx_word' id='word_1_582' title='bbox 2271 3920 2397 3975; x_wconf 89' lang='lat' dir='ltr'><strong>nire</strong></span> <span class='ocrx_word' id='word_1_583' title='bbox 2422 3917 2694 3983; x_wconf 91' lang='lat' dir='ltr'><strong>solebant,</strong></span> <span class='ocrx_word' id='word_1_584' title='bbox 2712 3932 2812 3985; x_wconf 90' lang='lat' dir='ltr'><strong>pro</strong></span> <span class='ocrx_word' id='word_1_585' title='bbox 2826 3913 2940 3967; x_wconf 90' lang='lat' dir='ltr'><strong>suis</strong></span> <span class='ocrx_word' id='word_1_586' title='bbox 2967 3909 3411 3974; x_wconf 88' lang='lat' dir='ltr'><strong>necessitatibus,</strong></span> <span class='ocrx_word' id='word_1_587' title='bbox 3437 3907 3562 3978; x_wconf 87' lang='lat' dir='ltr'><strong>ipsa</strong></span> <span class='ocrx_word' id='word_1_588' title='bbox 3583 3905 3921 3960; x_wconf 86' lang='lat' dir='ltr'><strong>beatissima</strong></span> 
     </span>
    </p>
   </div>
   <div class='ocr_carea' id='block_1_84' title="bbox 2275 4000 3920 4084">
    <p class='ocr_par' dir='ltr' id='par_1_84' title="bbox 2275 4000 3920 4084">
     <span class='ocr_line' id='line_1_84' title="bbox 2275 4000 3920 4084; baseline -0.01 -15"><span class='ocrx_word' id='word_1_589' title='bbox 2275 4012 2503 4084; x_wconf 88' lang='lat' dir='ltr'><strong>Brigida</strong></span> <span class='ocrx_word' id='word_1_590' title='bbox 2529 4011 2589 4064; x_wconf 91' lang='lat' dir='ltr'><strong>in</strong></span> <span class='ocrx_word' id='word_1_591' title='bbox 2604 4010 2698 4063; x_wconf 89' lang='lat' dir='ltr'><strong>illa</strong></span> <span class='ocrx_word' id='word_1_592' title='bbox 2714 4009 2858 4062; x_wconf 81' lang='lat' dir='ltr'><strong>liora</strong></span> <span class='ocrx_word' id='word_1_593' title='bbox 2883 4007 2962 4061; x_wconf 88' lang='lat' dir='ltr'><strong>sal</strong></span> <span class='ocrx_word' id='word_1_594' title='bbox 2986 4007 3197 4061; x_wconf 86' lang='lat' dir='ltr'><strong>factum</strong></span> <span class='ocrx_word' id='word_1_595' title='bbox 3223 4003 3292 4058; x_wconf 91' lang='lat' dir='ltr'><strong>de</strong></span> <span class='ocrx_word' id='word_1_596' title='bbox 3312 4001 3519 4073; x_wconf 85' lang='lat' dir='ltr'><strong>lapide,</strong></span> <span class='ocrx_word' id='word_1_597' title='bbox 3538 4016 3714 4084; x_wconf 76' lang='lat' dir='ltr'><strong>quem</strong></span> <span class='ocrx_word' id='word_1_598' title='bbox 3736 4000 3920 4053; x_wconf 87' lang='lat' dir='ltr'><strong>bene-</strong></span> 
     </span>
    </p>
   </div>
   <div class='ocr_carea' id='block_1_85' title="bbox 2275 4074 3921 4176">
    <p class='ocr_par' dir='ltr' id='par_1_85' title="bbox 2275 4074 3921 4176">
     <span class='ocr_line' id='line_1_85' title="bbox 2275 4074 3921 4176; baseline -0.011 -13"><span class='ocrx_word' id='word_1_599' title='bbox 2275 4074 2437 4175; x_wconf 71' lang='lat' dir='ltr'><strong>dixit,</strong></span> <span class='ocrx_word' id='word_1_600' title='bbox 2466 4107 2526 4160; x_wconf 90' lang='lat' dir='ltr'><strong>in</strong></span> <span class='ocrx_word' id='word_1_601' title='bbox 2549 4121 2691 4176; x_wconf 87' lang='lat' dir='ltr'><strong>opus</strong></span> <span class='ocrx_word' id='word_1_602' title='bbox 2709 4100 2989 4174; x_wconf 86' lang='lat' dir='ltr'><strong>poscentis</strong></span> <span class='ocrx_word' id='word_1_603' title='bbox 3015 4098 3360 4154; x_wconf 81' lang='lat' dir='ltr'><strong>sufficienter</strong></span> <span class='ocrx_word' id='word_1_604' title='bbox 3384 4095 3586 4164; x_wconf 81' lang='lat' dir='ltr'><strong>largita</strong></span> <span class='ocrx_word' id='word_1_605' title='bbox 3605 4074 3710 4148; x_wconf 77' lang='lat' dir='ltr'><strong>est.</strong></span> <span class='ocrx_word' id='word_1_606' title='bbox 3741 4094 3810 4148; x_wconf 85' lang='lat' dir='ltr'><strong>Et</strong></span> <span class='ocrx_word' id='word_1_607' title='bbox 3838 4092 3921 4146; x_wconf 88' lang='lat' dir='ltr'><strong>sic</strong></span> 
     </span>
    </p>
   </div>
   <div class='ocr_carea' id='block_1_86' title="bbox 2274 4186 3801 4271">
    <p class='ocr_par' dir='ltr' id='par_1_86' title="bbox 2274 4186 3801 4271">
     <span class='ocr_line' id='line_1_86' title="bbox 2274 4186 3801 4271; baseline -0.01 -14"><span class='ocrx_word' id='word_1_608' title='bbox 2274 4202 2344 4257; x_wconf 88' lang='lat' dir='ltr'><strong>ab</strong></span> <span class='ocrx_word' id='word_1_609' title='bbox 2376 4219 2441 4255; x_wconf 88' lang='lat' dir='ltr'><strong>ea</strong></span> <span class='ocrx_word' id='word_1_610' title='bbox 2468 4201 2549 4254; x_wconf 87' lang='lat' dir='ltr'><strong>sal</strong></span> <span class='ocrx_word' id='word_1_611' title='bbox 2574 4202 2805 4271; x_wconf 89' lang='lat' dir='ltr'><strong>portans</strong></span> <span class='ocrx_word' id='word_1_612' title='bbox 2831 4196 2996 4249; x_wconf 63' lang='lat' dir='ltr'><strong>laetus</strong></span> <span class='ocrx_word' id='word_1_613' title='bbox 3024 4191 3316 4264; x_wconf 88' lang='lat' dir='ltr'><strong>propriam</strong></span> <span class='ocrx_word' id='word_1_614' title='bbox 3344 4189 3581 4244; x_wconf 92' lang='lat' dir='ltr'><strong>domum</strong></span> <span class='ocrx_word' id='word_1_615' title='bbox 3606 4186 3801 4241; x_wconf 86' lang='lat' dir='ltr'><strong>rediit.</strong></span> 
     </span>
    </p>
   </div>
   <div class='ocr_carea' id='block_1_87' title="bbox 2349 4280 3914 4364">
    <p class='ocr_par' dir='ltr' id='par_1_87' title="bbox 2349 4280 3914 4364">
     <span class='ocr_line' id='line_1_87' title="bbox 2349 4280 3914 4364; baseline -0.011 -14"><span class='ocrx_word' id='word_1_616' title='bbox 2349 4297 2416 4350; x_wconf 90' lang='lat' dir='ltr'><strong>Et</strong></span> <span class='ocrx_word' id='word_1_617' title='bbox 2434 4295 2542 4349; x_wconf 88' lang='lat' dir='ltr'><strong>hoc</strong></span> <span class='ocrx_word' id='word_1_618' title='bbox 2566 4290 3025 4364; x_wconf 88' lang='lat' dir='ltr'><strong>potentissimum</strong></span> <span class='ocrx_word' id='word_1_619' title='bbox 3054 4303 3195 4358; x_wconf 88' lang='lat' dir='ltr'><strong>opus</strong></span> <span class='ocrx_word' id='word_1_620' title='bbox 3215 4284 3474 4339; x_wconf 91' lang='lat' dir='ltr'><strong>divinum</strong></span> <span class='ocrx_word' id='word_1_621' title='bbox 3495 4280 3752 4352; x_wconf 89' lang='lat' dir='ltr'><strong>ejusdem</strong></span> <span class='ocrx_word' id='word_1_622' title='bbox 3769 4280 3914 4351; x_wconf 89' lang='lat' dir='ltr'><strong>jun-</strong></span> 
     </span>
    </p>
   </div>
   <div class='ocr_carea' id='block_1_88' title="bbox 2278 4373 3911 4462">
    <p class='ocr_par' dir='ltr' id='par_1_88' title="bbox 2278 4373 3911 4462">
     <span class='ocr_line' id='line_1_88' title="bbox 2278 4373 3911 4462; baseline -0.012 -17"><span class='ocrx_word' id='word_1_623' title='bbox 2278 4389 2532 4462; x_wconf 87' lang='lat' dir='ltr'><strong>gendum</strong></span> <span class='ocrx_word' id='word_1_624' title='bbox 2564 4402 2683 4441; x_wconf 91' lang='lat' dir='ltr'><strong>esse</strong></span> <span class='ocrx_word' id='word_1_625' title='bbox 2710 4383 2855 4438; x_wconf 86' lang='lat' dir='ltr'><strong>mihi</strong></span> <span class='ocrx_word' id='word_1_626' title='bbox 2881 4382 3105 4436; x_wconf 88' lang='lat' dir='ltr'><strong>videtur</strong></span> <span class='ocrx_word' id='word_1_627' title='bbox 3129 4379 3284 4433; x_wconf 87' lang='lat' dir='ltr'><strong>inter</strong></span> <span class='ocrx_word' id='word_1_628' title='bbox 3307 4381 3527 4441; x_wconf 61' lang='lat' dir='ltr'><strong>uetera,</strong></span> <span class='ocrx_word' id='word_1_629' title='bbox 3559 4391 3673 4445; x_wconf 92' lang='lat' dir='ltr'><strong>quo</strong></span> <span class='ocrx_word' id='word_1_630' title='bbox 3719 4373 3911 4429; x_wconf 83' lang='lat' dir='ltr'><strong>Salva-</strong></span> 
     </span>
    </p>
   </div>
   <div class='ocr_carea' id='block_1_89' title="bbox 2276 4468 3915 4542">
    <p class='ocr_par' dir='ltr' id='par_1_89' title="bbox 2276 4468 3915 4542">
     <span class='ocr_line' id='line_1_89' title="bbox 2276 4468 3915 4542; baseline -0.012 -3"><span class='ocrx_word' id='word_1_631' title='bbox 2276 4483 2413 4540; x_wconf 88' lang='lat' dir='ltr'><strong>toris</strong></span> <span class='ocrx_word' id='word_1_632' title='bbox 2437 4482 2614 4536; x_wconf 90' lang='lat' dir='ltr'><strong>instar</strong></span> <span class='ocrx_word' id='word_1_633' title='bbox 2650 4477 2942 4542; x_wconf 86' lang='lat' dir='ltr'><strong>imitatrix,</strong></span> <span class='ocrx_word' id='word_1_634' title='bbox 2973 4473 3147 4530; x_wconf 90' lang='lat' dir='ltr'><strong>divini</strong></span> <span class='ocrx_word' id='word_1_635' title='bbox 3175 4470 3424 4527; x_wconf 89' lang='lat' dir='ltr'><strong>nominis</strong></span> <span class='ocrx_word' id='word_1_636' title='bbox 3468 4468 3915 4524; x_wconf 86' lang='lat' dir='ltr'><strong>excelsissimam</strong></span> 
     </span>
    </p>
   </div>
   <div class='ocr_carea' id='block_1_90' title="bbox 542 4566 2931 4650">
    <p class='ocr_par' dir='ltr' id='par_1_90' title="bbox 542 4566 2931 4650">
     <span class='ocr_line' id='line_1_90' title="bbox 542 4566 2931 4650; baseline -0.001 -25"><span class='ocrx_word' id='word_1_637' title='bbox 542 4568 891 4641; x_wconf 86' lang='lat' dir='ltr'><strong>cooperatrix</strong></span> <span class='ocrx_word' id='word_1_638' title='bbox 919 4568 978 4622; x_wconf 89' lang='lat' dir='ltr'><strong>in</strong></span> <span class='ocrx_word' id='word_1_639' title='bbox 1006 4584 1186 4622; x_wconf 89' lang='lat' dir='ltr'><strong>unum</strong></span> <span class='ocrx_word' id='word_1_640' title='bbox 1221 4569 1523 4625; x_wconf 89' lang='lat' dir='ltr'><strong>convenire</strong></span> <span class='ocrx_word' id='word_1_641' title='bbox 1548 4576 1842 4642; x_wconf 88' lang='lat' dir='ltr'><strong>apparent.</strong></span> <span class='ocrx_word' id='word_1_642' title='bbox 1871 4574 2012 4628; x_wconf 82' lang='lat' dir='ltr'><strong>Nam</strong></span> <span class='ocrx_word' id='word_1_643' title='bbox 2050 4575 2173 4630; x_wconf 63' lang='lat' dir='ltr'><strong>haec</strong></span> <span class='ocrx_word' id='word_1_644' title='bbox 2192 4566 2250 4638; x_wconf 89' lang='lat' dir='ltr'><strong>D</strong></span> <span class='ocrx_word' id='word_1_645' title='bbox 2275 4580 2508 4650; x_wconf 87' lang='lat' dir='ltr'><strong>operata</strong></span> <span class='ocrx_word' id='word_1_646' title='bbox 2533 4577 2618 4628; x_wconf 87' lang='lat' dir='ltr'><strong>est</strong></span> <span class='ocrx_word' id='word_1_647' title='bbox 2642 4573 2931 4627; x_wconf 90' lang='lat' dir='ltr'><strong>virtutem.</strong></span> 
     </span>
    </p>
   </div>
   <div class='ocr_carea' id='block_1_91' title="bbox 542 4662 2170 4739">
    <p class='ocr_par' dir='ltr' id='par_1_91' title="bbox 542 4662 2170 4739">
     <span class='ocr_line' id='line_1_91' title="bbox 542 4662 2170 4739; baseline 0.003 -21"><span class='ocrx_word' id='word_1_648' title='bbox 542 4680 673 4718; x_wconf 91' lang='lat' dir='ltr'><strong>cum</strong></span> <span class='ocrx_word' id='word_1_649' title='bbox 700 4679 827 4717; x_wconf 89' lang='lat' dir='ltr'><strong>suas</strong></span> <span class='ocrx_word' id='word_1_650' title='bbox 864 4678 971 4733; x_wconf 93' lang='lat' dir='ltr'><strong>ope</strong></span> <span class='ocrx_word' id='word_1_651' title='bbox 1008 4662 1275 4733; x_wconf 88' lang='lat' dir='ltr'><strong>pastorali</strong></span> <span class='ocrx_word' id='word_1_652' title='bbox 1306 4667 1561 4734; x_wconf 88' lang='lat' dir='ltr'><strong>pasceret</strong></span> <span class='ocrx_word' id='word_1_653' title='bbox 1604 4682 1733 4719; x_wconf 88' lang='lat' dir='ltr'><strong>oves</strong></span> <span class='ocrx_word' id='word_1_654' title='bbox 1757 4666 1816 4720; x_wconf 89' lang='lat' dir='ltr'><strong>in</strong></span> <span class='ocrx_word' id='word_1_655' title='bbox 1849 4670 2170 4739; x_wconf 86' lang='lat' dir='ltr'><strong>campestri,</strong></span> 
     </span>
    </p>
   </div>
   <div class='ocr_carea' id='block_1_92' title="bbox 544 4755 2171 4833">
    <p class='ocr_par' dir='ltr' id='par_1_92' title="bbox 544 4755 2171 4833">
     <span class='ocr_line' id='line_1_92' title="bbox 544 4755 2171 4833; baseline 0.004 -23"><span class='ocrx_word' id='word_1_656' title='bbox 544 4757 667 4811; x_wconf 94' lang='lat' dir='ltr'><strong>loco</strong></span> <span class='ocrx_word' id='word_1_657' title='bbox 706 4756 968 4825; x_wconf 90' lang='lat' dir='ltr'><strong>herboso,</strong></span> <span class='ocrx_word' id='word_1_658' title='bbox 1021 4755 1286 4828; x_wconf 88' lang='lat' dir='ltr'><strong>largitate</strong></span> <span class='ocrx_word' id='word_1_659' title='bbox 1342 4756 1520 4812; x_wconf 89' lang='lat' dir='ltr'><strong>nimia</strong></span> <span class='ocrx_word' id='word_1_660' title='bbox 1563 4759 1884 4829; x_wconf 89' lang='lat' dir='ltr'><strong>pluviarum</strong></span> <span class='ocrx_word' id='word_1_661' title='bbox 1923 4762 2171 4833; x_wconf 87' lang='lat' dir='ltr'><strong>profusa,</strong></span> 
     </span>
    </p>
   </div>
   <div class='ocr_carea' id='block_1_93' title="bbox 544 4849 2178 4911">
    <p class='ocr_par' dir='ltr' id='par_1_93' title="bbox 544 4849 2178 4911">
     <span class='ocr_line' id='line_1_93' title="bbox 544 4849 2178 4911; baseline 0.004 -7"><span class='ocrx_word' id='word_1_662' title='bbox 544 4849 794 4905; x_wconf 88' lang='lat' dir='ltr'><strong>humidis</strong></span> <span class='ocrx_word' id='word_1_663' title='bbox 821 4849 1066 4903; x_wconf 88' lang='lat' dir='ltr'><strong>vestibus</strong></span> <span class='ocrx_word' id='word_1_664' title='bbox 1096 4849 1331 4905; x_wconf 90' lang='lat' dir='ltr'><strong>domum</strong></span> <span class='ocrx_word' id='word_1_665' title='bbox 1361 4851 1548 4907; x_wconf 88' lang='lat' dir='ltr'><strong>rediit.</strong></span> <span class='ocrx_word' id='word_1_666' title='bbox 1580 4854 1646 4907; x_wconf 88' lang='lat' dir='ltr'><strong>Et</strong></span> <span class='ocrx_word' id='word_1_667' title='bbox 1659 4870 1786 4908; x_wconf 91' lang='lat' dir='ltr'><strong>cum</strong></span> <span class='ocrx_word' id='word_1_668' title='bbox 1806 4855 2012 4910; x_wconf 90' lang='lat' dir='ltr'><strong>umbra</strong></span> <span class='ocrx_word' id='word_1_669' title='bbox 2038 4856 2178 4911; x_wconf 89' lang='lat' dir='ltr'><strong>sola-</strong></span> 
     </span>
    </p>
   </div>
   <div class='ocr_carea' id='block_1_94' title="bbox 544 4942 2175 5020">
    <p class='ocr_par' dir='ltr' id='par_1_94' title="bbox 544 4942 2175 5020">
     <span class='ocr_line' id='line_1_94' title="bbox 544 4942 2175 5020; baseline 0.004 -22"><span class='ocrx_word' id='word_1_670' title='bbox 544 4944 621 4999; x_wconf 90' lang='lat' dir='ltr'><strong>ris</strong></span> <span class='ocrx_word' id='word_1_671' title='bbox 650 4959 752 5015; x_wconf 88' lang='lat' dir='ltr'><strong>per</strong></span> <span class='ocrx_word' id='word_1_672' title='bbox 776 4942 1057 4997; x_wconf 89' lang='lat' dir='ltr'><strong>foramina</strong></span> <span class='ocrx_word' id='word_1_673' title='bbox 1096 4943 1335 4999; x_wconf 90' lang='lat' dir='ltr'><strong>domum</strong></span> <span class='ocrx_word' id='word_1_674' title='bbox 1358 4944 1700 5002; x_wconf 88' lang='lat' dir='ltr'><strong>intrinsecus</strong></span> <span class='ocrx_word' id='word_1_675' title='bbox 1723 4948 1980 5020; x_wconf 88' lang='lat' dir='ltr'><strong>intraret,</strong></span> <span class='ocrx_word' id='word_1_676' title='bbox 2021 4949 2175 5004; x_wconf 88' lang='lat' dir='ltr'><strong>illam</strong></span> 
     </span>
    </p>
   </div>
   <div class='ocr_carea' id='block_1_95' title="bbox 546 5037 2176 5108">
    <p class='ocr_par' dir='ltr' id='par_1_95' title="bbox 546 5037 2176 5108">
     <span class='ocr_line' id='line_1_95' title="bbox 546 5037 2176 5108; baseline 0.004 -16"><span class='ocrx_word' id='word_1_677' title='bbox 546 5037 808 5092; x_wconf 88' lang='lat' dir='ltr'><strong>umbram</strong></span> <span class='ocrx_word' id='word_1_678' title='bbox 873 5037 1074 5091; x_wconf 87' lang='lat' dir='ltr'><strong>obtusa</strong></span> <span class='ocrx_word' id='word_1_679' title='bbox 1125 5039 1421 5094; x_wconf 90' lang='lat' dir='ltr'><strong>oculorum</strong></span> <span class='ocrx_word' id='word_1_680' title='bbox 1479 5040 1627 5108; x_wconf 90' lang='lat' dir='ltr'><strong>acie,</strong></span> <span class='ocrx_word' id='word_1_681' title='bbox 1673 5041 1936 5096; x_wconf 86' lang='lat' dir='ltr'><strong>arborem</strong></span> <span class='ocrx_word' id='word_1_682' title='bbox 2005 5043 2176 5099; x_wconf 89' lang='lat' dir='ltr'><strong>fuisse</strong></span> 
     </span>
    </p>
   </div>
   <div class='ocr_carea' id='block_1_96' title="bbox 543 5162 2178 5243">
    <p class='ocr_par' dir='ltr' id='par_1_96' title="bbox 543 5162 2178 5243">
     <span class='ocr_line' id='line_1_96' title="bbox 543 5162 2178 5243; baseline 0.004 -24"><span class='ocrx_word' id='word_1_683' title='bbox 543 5163 895 5243; x_wconf 76' lang='lat' dir='ltr'><strong>Augustinus</strong></span> <span class='ocrx_word' id='word_1_684' title='bbox 926 5162 1127 5243; x_wconf 44' lang='lat' dir='ltr'><strong>doct-or</strong></span> <span class='ocrx_word' id='word_1_685' title='bbox 1166 5167 1425 5243; x_wconf 76' lang='lat' dir='ltr'><strong>mortuus</strong></span> <span class='ocrx_word' id='word_1_686' title='bbox 1454 5171 1569 5243; x_wconf 72' lang='lat' dir='ltr'><strong>est,</strong></span> <span class='ocrx_word' id='word_1_687' title='bbox 1587 5166 1794 5222; x_wconf 89' lang='lat' dir='ltr'><strong>scilicet</strong></span> <span class='ocrx_word' id='word_1_688' title='bbox 1819 5167 1941 5243; x_wconf 71' lang='grc'><strong>418,</strong></span> <span class='ocrx_word' id='word_1_689' title='bbox 1973 5169 2178 5227; x_wconf 89' lang='lat' dir='ltr'><strong>missus</strong></span> 
     </span>
    </p>
   </div>
   <div class='ocr_carea' id='block_1_97' title="bbox 544 5233 2174 5315">
    <p class='ocr_par' dir='ltr' id='par_1_97' title="bbox 544 5233 2174 5315">
     <span class='ocr_line' id='line_1_97' title="bbox 544 5233 2174 5315; baseline 0.002 -24"><span class='ocrx_word' id='word_1_690' title='bbox 544 5233 921 5315; x_wconf 9' lang='lat' dir='ltr'><strong>estr&#39;lfatritius</strong></span> <span class='ocrx_word' id='word_1_691' title='bbox 946 5234 1007 5315; x_wconf 85' lang='lat' dir='ltr'><strong>in</strong></span> <span class='ocrx_word' id='word_1_692' title='bbox 1048 5233 1392 5315; x_wconf 57' lang='lat' dir='ltr'><strong>Hiberniam,</strong></span> <span class='ocrx_word' id='word_1_693' title='bbox 1425 5233 1579 5290; x_wconf 85' lang='lat' dir='ltr'><strong>venit</strong></span> <span class='ocrx_word' id='word_1_694' title='bbox 1609 5255 1739 5292; x_wconf 90' lang='lat' dir='ltr'><strong>vero</strong></span> <span class='ocrx_word' id='word_1_695' title='bbox 1774 5256 1839 5294; x_wconf 92' lang='lat' dir='ltr'><strong>eo</strong></span> <span class='ocrx_word' id='word_1_696' title='bbox 1871 5241 1995 5296; x_wconf 75' lang='grc'><strong>432.</strong></span> <span class='ocrx_word' id='word_1_697' title='bbox 2040 5243 2174 5297; x_wconf 87' lang='lat' dir='ltr'><strong>San-</strong></span> 
     </span>
    </p>
   </div>
   <div class='ocr_carea' id='block_1_98' title="bbox 545 5306 2179 5386">
    <p class='ocr_par' dir='ltr' id='par_1_98' title="bbox 545 5306 2179 5386">
     <span class='ocr_line' id='line_1_98' title="bbox 545 5306 2179 5386; baseline 0.002 -23"><span class='ocrx_word' id='word_1_698' title='bbox 545 5314 630 5363; x_wconf 81' lang='lat' dir='ltr'><strong>cta</strong></span> <span class='ocrx_word' id='word_1_699' title='bbox 662 5306 885 5386; x_wconf 71' lang='lat' dir='ltr'><strong>Brigida</strong></span> <span class='ocrx_word' id='word_1_700' title='bbox 914 5311 1042 5386; x_wconf 77' lang='lat' dir='ltr'><strong>nata</strong></span> <span class='ocrx_word' id='word_1_701' title='bbox 1068 5306 1192 5360; x_wconf 76' lang='grc'><strong>439.</strong></span> <span class='ocrx_word' id='word_1_702' title='bbox 1216 5306 1363 5386; x_wconf 76' lang='lat' dir='ltr'><strong>Qbiit</strong></span> <span class='ocrx_word' id='word_1_703' title='bbox 1390 5308 1796 5386; x_wconf 23' lang='lat' dir='ltr'><strong>Patritius.493,</strong></span> <span class='ocrx_word' id='word_1_704' title='bbox 1825 5329 1973 5386; x_wconf 86' lang='lat' dir='ltr'><strong>anno</strong></span> <span class='ocrx_word' id='word_1_705' title='bbox 2000 5315 2179 5368; x_wconf 66' lang='lat' dir='ltr'><strong>aetatis</strong></span> 
     </span>
    </p>
   </div>
   <div class='ocr_carea' id='block_1_99' title="bbox 543 5377 2177 5458">
    <p class='ocr_par' dir='ltr' id='par_1_99' title="bbox 543 5377 2177 5458">
     <span class='ocr_line' id='line_1_99' title="bbox 543 5377 2177 5458; baseline 0.004 -25"><span class='ocrx_word' id='word_1_706' title='bbox 543 5396 659 5458; x_wconf 62' lang='lat' dir='ltr'><strong>sure</strong></span> <span class='ocrx_word' id='word_1_707' title='bbox 691 5382 809 5458; x_wconf 62' lang='lat'><strong>120.</strong></span> <span class='ocrx_word' id='word_1_708' title='bbox 838 5378 964 5458; x_wconf 52' lang='lat' dir='ltr'><strong>llaec</strong></span> <span class='ocrx_word' id='word_1_709' title='bbox 1095 5377 1600 5458; x_wconf 48' lang='lat' dir='ltr'><strong>quodamjetusto</strong></span> <span class='ocrx_word' id='word_1_710' title='bbox 1643 5381 1787 5435; x_wconf 86' lang='lat' dir='ltr'><strong>libro</strong></span> <span class='ocrx_word' id='word_1_711' title='bbox 1820 5385 2177 5441; x_wconf 68' lang='lat' dir='ltr'><strong>Chromellitc</strong></span> 
     </span>
    </p>
   </div>
   <div class='ocr_carea' id='block_1_100' title="bbox 462 5448 1631 5519">
    <p class='ocr_par' dir='ltr' id='par_1_100' title="bbox 462 5448 1631 5519">
     <span class='ocr_line' id='line_1_100' title="bbox 462 5448 1631 5519; baseline 0.002 -15"><span class='ocrx_word' id='word_1_712' title='bbox 462 5494 470 5511; x_wconf 46' lang='grc' dir='ltr'><strong>η</strong></span> <span class='ocrx_word' id='word_1_713' title='bbox 545 5449 755 5504; x_wconf 89' lang='lat' dir='ltr'><strong>inveni.</strong></span> <span class='ocrx_word' id='word_1_714' title='bbox 788 5472 812 5497; x_wconf 85' lang='grc'><strong>››</strong></span> <span class='ocrx_word' id='word_1_715' title='bbox 844 5449 969 5501; x_wconf 50' lang='lat' dir='ltr'><strong>Haec</strong></span> <span class='ocrx_word' id='word_1_716' title='bbox 994 5448 1160 5501; x_wconf 74' lang='lat' dir='ltr'><strong>ibiin</strong></span> <span class='ocrx_word' id='word_1_717' title='bbox 1186 5448 1465 5519; x_wconf 85' lang='lat' dir='ltr'><strong>margine.</strong></span> <span class='ocrx_word' id='word_1_718' title='bbox 1499 5452 1631 5507; x_wconf 76' lang='lat' dir='ltr'><strong>CAN.</strong></span> 
     </span>
    </p>
   </div>
   <div class='ocr_carea' id='block_1_101' title="bbox 544 5519 2176 5645">
    <p class='ocr_par' dir='ltr' id='par_1_101' title="bbox 544 5519 2176 5645">
     <span class='ocr_line' id='line_1_101' title="bbox 544 5519 2176 5645; baseline 0.006 -73"><span class='ocrx_word' id='word_1_719' title='bbox 544 5519 849 5645; x_wconf 45' lang='grc' dir='ltr'><strong>Ὲρὶιξίυέηὲ</strong></span> <span class='ocrx_word' id='word_1_720' title='bbox 888 5519 1146 5572; x_wconf 88' lang='lat' dir='ltr'><strong>miraculi</strong></span> <span class='ocrx_word' id='word_1_721' title='bbox 1199 5520 1411 5574; x_wconf 87' lang='lat' dir='ltr'><strong>mentio</strong></span> <span class='ocrx_word' id='word_1_722' title='bbox 1441 5520 1498 5574; x_wconf 93' lang='lat' dir='ltr'><strong>in</strong></span> <span class='ocrx_word' id='word_1_723' title='bbox 1529 5522 1693 5577; x_wconf 83' lang='lat' dir='ltr'><strong>Rom.</strong></span> <span class='ocrx_word' id='word_1_724' title='bbox 1730 5524 2086 5598; x_wconf 82' lang='lat' dir='ltr'><strong>Martyrolog.</strong></span> <span class='ocrx_word' id='word_1_725' title='bbox 2127 5531 2176 5582; x_wconf 84' lang='grc'><strong>1.</strong></span> 
     </span>
    </p>
   </div>
   <div class='ocr_carea' id='block_1_102' title="bbox 600 5659 2175 5742">
    <p class='ocr_par' dir='ltr' id='par_1_102' title="bbox 600 5659 2175 5742">
     <span class='ocr_line' id='line_1_102' title="bbox 600 5659 2175 5742; baseline 0.008 -31"><span class='ocrx_word' id='word_1_726' title='bbox 600 5663 643 5742; x_wconf 40' lang='lat' dir='ltr'><strong>&#39;b</strong></span> <span class='ocrx_word' id='word_1_727' title='bbox 671 5661 932 5742; x_wconf 67' lang='lat' dir='ltr'><strong>Silvester</strong></span> <span class='ocrx_word' id='word_1_728' title='bbox 966 5659 1223 5742; x_wconf 52' lang='lat' dir='ltr'><strong>giraldus</strong></span> <span class='ocrx_word' id='word_1_729' title='bbox 1247 5660 1306 5714; x_wconf 89' lang='lat' dir='ltr'><strong>in</strong></span> <span class='ocrx_word' id='word_1_730' title='bbox 1333 5666 1710 5742; x_wconf 70' lang='lat' dir='ltr'><strong>topographia</strong></span> <span class='ocrx_word' id='word_1_731' title='bbox 1735 5667 2059 5742; x_wconf 53' lang='lat' dir='ltr'><strong>hibernis},</strong></span> <span class='ocrx_word' id='word_1_732' title='bbox 2089 5670 2175 5723; x_wconf 80' lang='lat' dir='ltr'><strong>di-</strong></span> 
     </span>
    </p>
   </div>
   <div class='ocr_carea' id='block_1_103' title="bbox 544 5732 2182 5815">
    <p class='ocr_par' dir='ltr' id='par_1_103' title="bbox 544 5732 2182 5815">
     <span class='ocr_line' id='line_1_103' title="bbox 544 5732 2182 5815; baseline 0.007 -32"><span class='ocrx_word' id='word_1_733' title='bbox 544 5734 731 5815; x_wconf 63' lang='lat' dir='ltr'><strong>stiiict.</strong></span> <span class='ocrx_word' id='word_1_734' title='bbox 753 5735 808 5809; x_wconf 69' lang='lat'><strong>2,</strong></span> <span class='ocrx_word' id='word_1_735' title='bbox 839 5746 962 5815; x_wconf 74' lang='lat' dir='ltr'><strong>cap.</strong></span> <span class='ocrx_word' id='word_1_736' title='bbox 992 5734 1078 5795; x_wconf 89' lang='lat'><strong>36,</strong></span> <span class='ocrx_word' id='word_1_737' title='bbox 1108 5732 1227 5812; x_wconf 57' lang='lat' dir='ltr'><strong>hac</strong></span> <span class='ocrx_word' id='word_1_738' title='bbox 1253 5749 1264 5784; x_wconf 94' lang='lat'>:</span> <span class='ocrx_word' id='word_1_739' title='bbox 1304 5753 1331 5779; x_wconf 86' lang='grc'><strong>‹‹</strong></span> <span class='ocrx_word' id='word_1_740' title='bbox 1360 5733 1500 5815; x_wconf 72' lang='lat' dir='ltr'><strong>Sunt</strong></span> <span class='ocrx_word' id='word_1_741' title='bbox 1527 5732 1695 5815; x_wconf 69' lang='lat' dir='ltr'><strong>ethic</strong></span> <span class='ocrx_word' id='word_1_742' title='bbox 1725 5739 2000 5815; x_wconf 52' lang='lat' dir='ltr'><strong>{intelligo</strong></span> <span class='ocrx_word' id='word_1_743' title='bbox 2030 5732 2182 5811; x_wconf 78' lang='lat' dir='ltr'><strong>apud</strong></span> 
     </span>
    </p>
   </div>
   <div class='ocr_carea' id='block_1_104' title="bbox 549 5800 2184 5879">
    <p class='ocr_par' dir='ltr' id='par_1_104' title="bbox 549 5800 2184 5879">
     <span class='ocr_line' id='line_1_104' title="bbox 549 5800 2184 5879; baseline 0.008 -26"><span class='ocrx_word' id='word_1_744' title='bbox 549 5800 865 5869; x_wconf 70' lang='lat' dir='ltr'><strong>Kyldariam</strong></span> <span class='ocrx_word' id='word_1_745' title='bbox 920 5801 1180 5869; x_wconf 69' lang='lat' dir='ltr'><strong>Lagrnize</strong></span> <span class='ocrx_word' id='word_1_746' title='bbox 1229 5819 1400 5874; x_wconf 89' lang='lat' dir='ltr'><strong>quam</strong></span> <span class='ocrx_word' id='word_1_747' title='bbox 1435 5804 1675 5873; x_wconf 82' lang='lat' dir='ltr'><strong>gloriosa</strong></span> <span class='ocrx_word' id='word_1_748' title='bbox 1725 5800 1964 5879; x_wconf 58' lang='lat' dir='ltr'><strong>Drigidzf</strong></span> <span class='ocrx_word' id='word_1_749' title='bbox 1998 5800 2184 5867; x_wconf 77' lang='lat' dir='ltr'><strong>reddit</strong></span> 
     </span>
    </p>
   </div>
   <div class='ocr_carea' id='block_1_105' title="bbox 2344 4655 3915 4732">
    <p class='ocr_par' dir='ltr' id='par_1_105' title="bbox 2344 4655 3915 4732">
     <span class='ocr_line' id='line_1_105' title="bbox 2344 4655 3915 4732; baseline -0.011 -8"><span class='ocrx_word' id='word_1_750' title='bbox 2344 4671 2485 4724; x_wconf 87' lang='lat' dir='ltr'><strong>Nam</strong></span> <span class='ocrx_word' id='word_1_751' title='bbox 2518 4666 2832 4722; x_wconf 91' lang='lat' dir='ltr'><strong>secundum</strong></span> <span class='ocrx_word' id='word_1_752' title='bbox 2866 4660 3192 4732; x_wconf 87' lang='lat' dir='ltr'><strong>exemplum</strong></span> <span class='ocrx_word' id='word_1_753' title='bbox 3217 4656 3445 4713; x_wconf 90' lang='lat' dir='ltr'><strong>Domini</strong></span> <span class='ocrx_word' id='word_1_754' title='bbox 3481 4661 3537 4712; x_wconf 90' lang='lat' dir='ltr'><strong>et</strong></span> <span class='ocrx_word' id='word_1_755' title='bbox 3561 4655 3683 4711; x_wconf 60' lang='lat' dir='ltr'><strong>hinc</strong></span> <span class='ocrx_word' id='word_1_756' title='bbox 3719 4655 3915 4710; x_wconf 85' lang='lat' dir='ltr'><strong>oculos</strong></span> 
     </span>
    </p>
   </div>
   <div class='ocr_carea' id='block_1_106' title="bbox 2274 4752 3917 4832">
    <p class='ocr_par' dir='ltr' id='par_1_106' title="bbox 2274 4752 3917 4832">
     <span class='ocr_line' id='line_1_106' title="bbox 2274 4752 3917 4832; baseline -0.01 -13"><span class='ocrx_word' id='word_1_757' title='bbox 2274 4764 2407 4820; x_wconf 66' lang='lat' dir='ltr'><strong>eieci</strong></span> <span class='ocrx_word' id='word_1_758' title='bbox 2436 4762 2551 4816; x_wconf 90' lang='lat' dir='ltr'><strong>nati</strong></span> <span class='ocrx_word' id='word_1_759' title='bbox 2580 4758 2820 4832; x_wconf 89' lang='lat' dir='ltr'><strong>aperuit.</strong></span> <span class='ocrx_word' id='word_1_760' title='bbox 2852 4759 2962 4813; x_wconf 88' lang='lat' dir='ltr'><strong>Sua</strong></span> <span class='ocrx_word' id='word_1_761' title='bbox 2987 4754 3141 4810; x_wconf 90' lang='lat' dir='ltr'><strong>enim</strong></span> <span class='ocrx_word' id='word_1_762' title='bbox 3178 4752 3411 4807; x_wconf 88' lang='lat' dir='ltr'><strong>nomina</strong></span> <span class='ocrx_word' id='word_1_763' title='bbox 3436 4756 3493 4806; x_wconf 88' lang='lat' dir='ltr'><strong>et</strong></span> <span class='ocrx_word' id='word_1_764' title='bbox 3527 4766 3699 4822; x_wconf 89' lang='lat' dir='ltr'><strong>opera</strong></span> <span class='ocrx_word' id='word_1_765' title='bbox 3723 4766 3917 4804; x_wconf 86' lang='lat' dir='ltr'><strong>mem-</strong></span> 
     </span>
    </p>
   </div>
   <div class='ocr_carea' id='block_1_107' title="bbox 2274 4844 3919 4923">
    <p class='ocr_par' dir='ltr' id='par_1_107' title="bbox 2274 4844 3919 4923">
     <span class='ocr_line' id='line_1_107' title="bbox 2274 4844 3919 4923; baseline -0.01 -11"><span class='ocrx_word' id='word_1_766' title='bbox 2274 4858 2391 4913; x_wconf 91' lang='lat' dir='ltr'><strong>bris</strong></span> <span class='ocrx_word' id='word_1_767' title='bbox 2418 4844 2687 4910; x_wconf 88' lang='lat' dir='ltr'><strong>Dominus</strong></span> <span class='ocrx_word' id='word_1_768' title='bbox 2723 4851 2958 4923; x_wconf 86' lang='lat' dir='ltr'><strong>largitus</strong></span> <span class='ocrx_word' id='word_1_769' title='bbox 2987 4855 3071 4904; x_wconf 91' lang='lat' dir='ltr'><strong>est</strong></span> <span class='ocrx_word' id='word_1_770' title='bbox 3106 4847 3240 4918; x_wconf 88' lang='lat' dir='ltr'><strong>suis,</strong></span> <span class='ocrx_word' id='word_1_771' title='bbox 3267 4846 3404 4918; x_wconf 88' lang='lat' dir='ltr'><strong>quia</strong></span> <span class='ocrx_word' id='word_1_772' title='bbox 3431 4846 3501 4900; x_wconf 92' lang='lat' dir='ltr'><strong>de</strong></span> <span class='ocrx_word' id='word_1_773' title='bbox 3528 4860 3586 4898; x_wconf 89' lang='lat' dir='ltr'><strong>se</strong></span> <span class='ocrx_word' id='word_1_774' title='bbox 3628 4844 3753 4915; x_wconf 91' lang='lat' dir='ltr'><strong>ipso</strong></span> <span class='ocrx_word' id='word_1_775' title='bbox 3779 4859 3919 4897; x_wconf 88' lang='lat' dir='ltr'><strong>cum</strong></span> 
     </span>
    </p>
   </div>
   <div class='ocr_carea' id='block_1_108' title="bbox 2277 4937 3917 5023">
    <p class='ocr_par' dir='ltr' id='par_1_108' title="bbox 2277 4937 3917 5023">
     <span class='ocr_line' id='line_1_108' title="bbox 2277 4937 3917 5023; baseline -0.01 -16"><span class='ocrx_word' id='word_1_776' title='bbox 2277 4952 2608 5023; x_wconf 88' lang='lat' dir='ltr'><strong>loqueretur</strong></span> <span class='ocrx_word' id='word_1_777' title='bbox 2635 4966 2649 5002; x_wconf 92' lang='lat'><strong>:</strong></span> <span class='ocrx_word' id='word_1_778' title='bbox 2678 4949 2791 5016; x_wconf 89' lang='lat' dir='ltr'><strong>Ego</strong></span> <span class='ocrx_word' id='word_1_779' title='bbox 2823 4961 2944 5000; x_wconf 86' lang='lat' dir='ltr'><strong>sum</strong></span> <span class='ocrx_word' id='word_1_780' title='bbox 2970 4944 3067 4998; x_wconf 74' lang='lat' dir='ltr'><strong>lum</strong></span> <span class='ocrx_word' id='word_1_781' title='bbox 3102 4942 3302 4997; x_wconf 74' lang='lat' dir='ltr'><strong>mundi</strong></span> <span class='ocrx_word' id='word_1_782' title='bbox 3328 4940 3504 5012; x_wconf 81' lang='lat' dir='ltr'><strong>(Joan.</strong></span> <span class='ocrx_word' id='word_1_783' title='bbox 3532 4938 3670 5009; x_wconf 81' lang='lat' dir='ltr'><strong>vin),</strong></span> <span class='ocrx_word' id='word_1_784' title='bbox 3698 4937 3917 4991; x_wconf 88' lang='lat' dir='ltr'><strong>nihilo-</strong></span> 
     </span>
    </p>
   </div>
   <div class='ocr_carea' id='block_1_109' title="bbox 2276 5032 3917 5110">
    <p class='ocr_par' dir='ltr' id='par_1_109' title="bbox 2276 5032 3917 5110">
     <span class='ocr_line' id='line_1_109' title="bbox 2276 5032 3917 5110; baseline -0.011 -9"><span class='ocrx_word' id='word_1_785' title='bbox 2276 5046 2470 5100; x_wconf 86' lang='lat' dir='ltr'><strong>minus</strong></span> <span class='ocrx_word' id='word_1_786' title='bbox 2524 5043 2639 5098; x_wconf 88' lang='lat' dir='ltr'><strong>suis</strong></span> <span class='ocrx_word' id='word_1_787' title='bbox 2688 5040 2824 5096; x_wconf 89' lang='lat' dir='ltr'><strong>dicit</strong></span> <span class='ocrx_word' id='word_1_788' title='bbox 2873 5037 3181 5110; x_wconf 88' lang='lat' dir='ltr'><strong>apostolis:</strong></span> <span class='ocrx_word' id='word_1_789' title='bbox 3230 5039 3334 5092; x_wconf 84' lang='lat' dir='ltr'><strong>Vos</strong></span> <span class='ocrx_word' id='word_1_790' title='bbox 3380 5037 3505 5090; x_wconf 80' lang='lat' dir='ltr'><strong>estis</strong></span> <span class='ocrx_word' id='word_1_791' title='bbox 3552 5034 3651 5087; x_wconf 70' lang='lat' dir='ltr'><strong>tua:</strong></span> <span class='ocrx_word' id='word_1_792' title='bbox 3700 5032 3917 5091; x_wconf 77' lang='lat' dir='ltr'><strong>mundi,</strong></span> 
     </span>
    </p>
   </div>
   <div class='ocr_carea' id='block_1_110' title="bbox 2276 5156 3916 5237">
    <p class='ocr_par' dir='ltr' id='par_1_110' title="bbox 2276 5156 3916 5237">
     <span class='ocr_line' id='line_1_110' title="bbox 2276 5156 3916 5237; baseline -0.011 -11"><span class='ocrx_word' id='word_1_793' title='bbox 2276 5171 2575 5236; x_wconf 91' lang='lat' dir='ltr'><strong>illustrem,</strong></span> <span class='ocrx_word' id='word_1_794' title='bbox 2595 5172 2659 5222; x_wconf 89' lang='lat' dir='ltr'><strong>ut</strong></span> <span class='ocrx_word' id='word_1_795' title='bbox 2677 5165 2865 5237; x_wconf 90' lang='lat' dir='ltr'><strong>inquit</strong></span> <span class='ocrx_word' id='word_1_796' title='bbox 2883 5181 3004 5235; x_wconf 87' lang='lat' dir='ltr'><strong>cap.</strong></span> <span class='ocrx_word' id='word_1_797' title='bbox 3034 5163 3120 5234; x_wconf 76' lang='grc'><strong>34)</strong></span> <span class='ocrx_word' id='word_1_798' title='bbox 3139 5159 3479 5237; x_wconf 84' lang='lat' dir='ltr'><strong>campestria</strong></span> <span class='ocrx_word' id='word_1_799' title='bbox 3502 5156 3916 5237; x_wconf 67' lang='lat' dir='ltr'><strong>pulcherrima,</strong></span> 
     </span>
    </p>
   </div>
   <div class='ocr_carea' id='block_1_111' title="bbox 2277 5228 3917 5314">
    <p class='ocr_par' dir='ltr' id='par_1_111' title="bbox 2277 5228 3917 5314">
     <span class='ocr_line' id='line_1_111' title="bbox 2277 5228 3917 5314; baseline -0.013 -17"><span class='ocrx_word' id='word_1_800' title='bbox 2277 5258 2405 5314; x_wconf 83' lang='lat' dir='ltr'><strong>quae</strong></span> <span class='ocrx_word' id='word_1_801' title='bbox 2435 5228 2675 5311; x_wconf 65' lang='lat' dir='ltr'><strong>Brigida:</strong></span> <span class='ocrx_word' id='word_1_802' title='bbox 2705 5228 2913 5314; x_wconf 73' lang='lat' dir='ltr'><strong>pascua</strong></span> <span class='ocrx_word' id='word_1_803' title='bbox 2940 5228 3256 5314; x_wconf 47' lang='lat' dir='ltr'><strong>vocantur”;</strong></span> <span class='ocrx_word' id='word_1_804' title='bbox 3274 5228 3361 5285; x_wconf 54' lang='lat' dir='ltr'><strong>&#39;in</strong></span> <span class='ocrx_word' id='word_1_805' title='bbox 3389 5228 3517 5301; x_wconf 74' lang='lat' dir='ltr'><strong>quae</strong></span> <span class='ocrx_word' id='word_1_806' title='bbox 3561 5228 3757 5314; x_wconf 73' lang='lat' dir='ltr'><strong>nullus</strong></span> <span class='ocrx_word' id='word_1_807' title='bbox 3786 5244 3917 5314; x_wconf 55' lang='lat' dir='ltr'><strong>ara-</strong></span> 
     </span>
    </p>
   </div>
   <div class='ocr_carea' id='block_1_112' title="bbox 2277 5299 3917 5375">
    <p class='ocr_par' dir='ltr' id='par_1_112' title="bbox 2277 5299 3917 5375">
     <span class='ocr_line' id='line_1_112' title="bbox 2277 5299 3917 5375; baseline -0.011 -8"><span class='ocrx_word' id='word_1_808' title='bbox 2277 5299 2431 5368; x_wconf 66' lang='lat' dir='ltr'><strong>ti&#39;um</strong></span> <span class='ocrx_word' id='word_1_809' title='bbox 2462 5299 2632 5365; x_wconf 56' lang='lat' dir='ltr'><strong>ausus</strong></span> <span class='ocrx_word' id='word_1_810' title='bbox 2658 5299 2740 5363; x_wconf 68' lang='lat' dir='ltr'><strong>est</strong></span> <span class='ocrx_word' id='word_1_811' title='bbox 2760 5308 3007 5375; x_wconf 86' lang='lat' dir='ltr'><strong>mittere,</strong></span> <span class='ocrx_word' id='word_1_812' title='bbox 3042 5306 3110 5359; x_wconf 90' lang='lat' dir='ltr'><strong>de</strong></span> <span class='ocrx_word' id='word_1_813' title='bbox 3137 5299 3344 5375; x_wconf 89' lang='lat' dir='ltr'><strong>quibus</strong></span> <span class='ocrx_word' id='word_1_814' title='bbox 3371 5299 3474 5375; x_wconf 76' lang='lat' dir='ltr'><strong>pro</strong></span> <span class='ocrx_word' id='word_1_815' title='bbox 3502 5300 3780 5375; x_wconf 79' lang='lat' dir='ltr'><strong>miraculo</strong></span> <span class='ocrx_word' id='word_1_816' title='bbox 3808 5299 3917 5352; x_wconf 82' lang='lat' dir='ltr'><strong>du-</strong></span> 
     </span>
    </p>
   </div>
   <div class='ocr_carea' id='block_1_113' title="bbox 2278 5371 3922 5463">
    <p class='ocr_par' dir='ltr' id='par_1_113' title="bbox 2278 5371 3922 5463">
     <span class='ocr_line' id='line_1_113' title="bbox 2278 5371 3922 5463; baseline -0.013 -24"><span class='ocrx_word' id='word_1_817' title='bbox 2278 5386 2443 5453; x_wconf 84' lang='lat' dir='ltr'><strong>citur,</strong></span> <span class='ocrx_word' id='word_1_818' title='bbox 2472 5382 2780 5463; x_wconf 43' lang='lat' dir='ltr'><strong>quod‘licet</strong></span> <span class='ocrx_word' id='word_1_819' title='bbox 2807 5371 3112 5457; x_wconf 76' lang='lat' dir='ltr'><strong>provinciae</strong></span> <span class='ocrx_word' id='word_1_820' title='bbox 3126 5371 3295 5430; x_wconf 75' lang='lat' dir='ltr'><strong>totius</strong></span> <span class='ocrx_word' id='word_1_821' title='bbox 3313 5371 3579 5463; x_wconf 57' lang='lat' dir='ltr'><strong>animalia</strong></span> <span class='ocrx_word' id='word_1_822' title='bbox 3605 5371 3725 5424; x_wconf 89' lang='lat' dir='ltr'><strong>solo</strong></span> <span class='ocrx_word' id='word_1_823' title='bbox 3752 5376 3922 5450; x_wconf 61' lang='lat' dir='ltr'><strong>tenus</strong></span> 
     </span>
    </p>
   </div>
   <div class='ocr_carea' id='block_1_114' title="bbox 2279 5441 3922 5516">
    <p class='ocr_par' dir='ltr' id='par_1_114' title="bbox 2279 5441 3922 5516">
     <span class='ocr_line' id='line_1_114' title="bbox 2279 5441 3922 5516; baseline -0.011 -6"><span class='ocrx_word' id='word_1_824' title='bbox 2279 5441 2508 5516; x_wconf 72' lang='lat' dir='ltr'><strong>vesperi</strong></span> <span class='ocrx_word' id='word_1_825' title='bbox 2526 5452 2759 5507; x_wconf 86' lang='lat' dir='ltr'><strong>herbam</strong></span> <span class='ocrx_word' id='word_1_826' title='bbox 2788 5441 3149 5516; x_wconf 68' lang='lat' dir='ltr'><strong>corroserint,</strong></span> <span class='ocrx_word' id='word_1_827' title='bbox 3188 5462 3357 5500; x_wconf 88' lang='lat' dir='ltr'><strong>mane</strong></span> <span class='ocrx_word' id='word_1_828' title='bbox 3386 5446 3702 5516; x_wconf 72' lang='lat' dir='ltr'><strong>facto,_non</strong></span> <span class='ocrx_word' id='word_1_829' title='bbox 3720 5441 3922 5516; x_wconf 72' lang='lat' dir='ltr'><strong>minus</strong></span> 
     </span>
    </p>
   </div>
   <div class='ocr_carea' id='block_1_115' title="bbox 2277 5512 3921 5653">
    <p class='ocr_par' dir='ltr' id='par_1_115' title="bbox 2277 5512 3921 5653">
     <span class='ocr_line' id='line_1_115' title="bbox 2277 5512 3921 5653; baseline -0.01 -72"><span class='ocrx_word' id='word_1_830' title='bbox 2277 5512 2589 5653; x_wconf 39' lang='lat' dir='ltr'><strong>i‘ierbitisitas</strong></span> <span class='ocrx_word' id='word_1_831' title='bbox 2605 5522 2917 5595; x_wconf 89' lang='lat' dir='ltr'><strong>apparebit.</strong></span> <span class='ocrx_word' id='word_1_832' title='bbox 2937 5512 3227 5591; x_wconf 81' lang='lat' dir='ltr'><strong>Tanquam</strong></span> <span class='ocrx_word' id='word_1_833' title='bbox 3249 5517 3318 5572; x_wconf 89' lang='lat' dir='ltr'><strong>de</strong></span> <span class='ocrx_word' id='word_1_834' title='bbox 3334 5515 3553 5589; x_wconf 86' lang='lat' dir='ltr'><strong>pascuis</strong></span> <span class='ocrx_word' id='word_1_835' title='bbox 3567 5513 3678 5567; x_wconf 89' lang='lat' dir='ltr'><strong>illis</strong></span> <span class='ocrx_word' id='word_1_836' title='bbox 3704 5512 3921 5568; x_wconf 85' lang='lat' dir='ltr'><strong>dictum</strong></span> 
     </span>
     <span class='ocr_line' id='line_1_116' title="bbox 2305 5614 2483 5653; baseline -0.006 0"><span class='ocrx_word' id='word_1_837' title='bbox 2305 5615 2425 5653; x_wconf 80' lang='lat' dir='ltr'><strong>ueri</strong></span> <span class='ocrx_word' id='word_1_838' title='bbox 2471 5614 2483 5652; x_wconf 88' lang='lat'><strong>:</strong></span> 
     </span>
    </p>
   </div>
   <div class='ocr_carea' id='block_1_116' title="bbox 2305 5599 2483 5654">
    <p class='ocr_par' dir='ltr' id='par_1_116' title="bbox 2305 5599 2483 5654">
     <span class='ocr_line' id='line_1_117' title="bbox 2305 5599 2483 5654; baseline -0.011 0"><span class='ocrx_word' id='word_1_839' title='bbox 2305 5599 2449 5654; x_wconf 87' lang='lat' dir='ltr'><strong>uerit</strong></span> <span class='ocrx_word' id='word_1_840' title='bbox 2471 5614 2483 5652; x_wconf 87' lang='lat'><strong>:</strong></span> 
     </span>
    </p>
   </div>
   <div class='ocr_carea' id='block_1_117' title="bbox 2444 5683 3733 5758">
    <p class='ocr_par' dir='ltr' id='par_1_117' title="bbox 2444 5683 3733 5758">
     <span class='ocr_line' id='line_1_118' title="bbox 2444 5683 3733 5758; baseline -0.012 -12"><span class='ocrx_word' id='word_1_841' title='bbox 2444 5696 2507 5746; x_wconf 84' lang='lat' dir='ltr'><strong>Et</strong></span> <span class='ocrx_word' id='word_1_842' title='bbox 2534 5696 2783 5758; x_wconf 86' lang='lat' dir='ltr'><strong>quantum</strong></span> <span class='ocrx_word' id='word_1_843' title='bbox 2810 5690 3232 5758; x_wconf 36' lang='lat' dir='ltr'><strong>longisﬂcarpunt</strong></span> <span class='ocrx_word' id='word_1_844' title='bbox 3261 5687 3496 5758; x_wconf 80' lang='lat' dir='ltr'><strong>armenta</strong></span> <span class='ocrx_word' id='word_1_845' title='bbox 3522 5683 3733 5758; x_wconf 76' lang='lat' dir='ltr'><strong>diebus,</strong></span> 
     </span>
    </p>
   </div>
   <div class='ocr_carea' id='block_1_118' title="bbox 2457 5747 3653 5821">
    <p class='ocr_par' dir='ltr' id='par_1_118' title="bbox 2457 5747 3653 5821">
     <span class='ocr_line' id='line_1_119' title="bbox 2457 5747 3653 5821; baseline -0.011 -13"><span class='ocrx_word' id='word_1_846' title='bbox 2457 5747 2655 5821; x_wconf 69' lang='lat' dir='ltr'><strong>Exigua</strong></span> <span class='ocrx_word' id='word_1_847' title='bbox 2681 5760 2880 5806; x_wconf 86' lang='lat' dir='ltr'><strong>tantum</strong></span> <span class='ocrx_word' id='word_1_848' title='bbox 2904 5747 3118 5819; x_wconf 61' lang='lat' dir='ltr'><strong>gelidus;</strong></span> <span class='ocrx_word' id='word_1_849' title='bbox 3136 5764 3224 5800; x_wconf 85' lang='lat' dir='ltr'><strong>ros</strong></span> <span class='ocrx_word' id='word_1_850' title='bbox 3250 5753 3405 5799; x_wconf 83' lang='lat' dir='ltr'><strong>nocte</strong></span> <span class='ocrx_word' id='word_1_851' title='bbox 3427 5747 3653 5811; x_wconf 85' lang='lat' dir='ltr'><strong>reponit.</strong></span> 
     </span>
    </p>
   </div>
   <div class='ocr_carea' id='block_1_119' title="bbox 617 5893 3919 5983">
    <p class='ocr_par' dir='ltr' id='par_1_119' title="bbox 617 5893 3919 5983">
     <span class='ocr_line' id='line_1_120' title="bbox 617 5893 3919 5983; baseline 0.002 -34"><span class='ocrx_word' id='word_1_852' title='bbox 617 5895 639 5915; x_wconf 83' lang='grc'><strong><em>⁴</em></strong></span> <span class='ocrx_word' id='word_1_853' title='bbox 676 5893 899 5951; x_wconf 78' lang='lat' dir='ltr'><strong>Phrasis</strong></span> <span class='ocrx_word' id='word_1_854' title='bbox 942 5899 1229 5958; x_wconf 85' lang='lat' dir='ltr'><strong>mendosa.</strong></span> <span class='ocrx_word' id='word_1_855' title='bbox 1271 5900 1548 5959; x_wconf 69' lang='lat' dir='ltr'><strong>Caeterum</strong></span> <span class='ocrx_word' id='word_1_856' title='bbox 1591 5921 1763 5979; x_wconf 86' lang='lat' dir='ltr'><strong>quam</strong></span> <span class='ocrx_word' id='word_1_857' title='bbox 1802 5907 2133 5981; x_wconf 84' lang='lat' dir='ltr'><strong>imperfecto</strong></span> <span class='ocrx_word' id='word_1_858' title='bbox 2176 5910 2317 5983; x_wconf 87' lang='lat' dir='ltr'><strong>stylo</strong></span> <span class='ocrx_word' id='word_1_859' title='bbox 2353 5916 2465 5968; x_wconf 83' lang='lat' dir='ltr'><strong>tota</strong></span> <span class='ocrx_word' id='word_1_860' title='bbox 2507 5911 2626 5967; x_wconf 83' lang='lat' dir='ltr'><strong>Vita</strong></span> <span class='ocrx_word' id='word_1_861' title='bbox 2664 5912 2873 5982; x_wconf 88' lang='lat' dir='ltr'><strong>scripta</strong></span> <span class='ocrx_word' id='word_1_862' title='bbox 2906 5906 2996 5977; x_wconf 85' lang='lat' dir='ltr'><strong>sit,</strong></span> <span class='ocrx_word' id='word_1_863' title='bbox 3035 5906 3194 5965; x_wconf 84' lang='lat' dir='ltr'><strong>facile</strong></span> <span class='ocrx_word' id='word_1_864' title='bbox 3230 5900 3448 5979; x_wconf 86' lang='lat' dir='ltr'><strong>patebit</strong></span> <span class='ocrx_word' id='word_1_865' title='bbox 3484 5899 3727 5975; x_wconf 80' lang='lat' dir='ltr'><strong>legenti.</strong></span> <span class='ocrx_word' id='word_1_866' title='bbox 3774 5901 3919 5967; x_wconf 75' lang='grc' dir='ltr'><strong>Ευιῐ,</strong></span> 
     </span>
    </p>
   </div>
  </div>
