4016 6240
200 318 299 372 781

1488 324 1531 379 Α
1568 324 1885 382 COGITOSO
1922 325 2297 382 ADORNATA.

3464 339 3567 392 782

187 426 411 494 (Matth.
443 427 516 497 v),
546 429 602 480 et
632 424 844 481 eisdem
871 427 1065 484 dicens
1090 429 1283 484 intulit
1311 448 1324 485 :
1373 432 1546 501 Opera
1583 450 1701 502 qua:
1742 450 1834 502 ego
1857 448 1914 519 Α
1934 436 2217 505 poscebat.
2250 438 2359 490 Nec
2392 436 2512 508 ipsa
2533 438 2654 508 ejus
2683 438 2915 493 audiens
2941 456 3136 511 preces
3170 440 3383 496 distulit
3407 460 3423 510 ;
3469 443 3568 498 sed

177 520 353 585 facio,
380 522 489 589 ipsi
504 522 731 587 facient,
755 526 805 576 et
825 522 1033 591 majora
1060 524 1249 578 horum
1267 527 1473 592 facient
1496 526 1668 595 (Joan.
1694 530 1824 598 xw).

266 613 397 667 Inde
419 629 590 684 quem
619 616 890 670 naturalis
913 621 1107 687 partus
1126 634 1339 672 caecum
1359 620 1824 689 protulitnatum,

188 706 330 760 fides
356 707 610 777 ejusdem
634 709 873 779 Brigidaa
895 727 1072 781 grano
1104 718 1335 782 operata
1353 713 1583 784 sinapis,
1617 718 1673 769 et
1697 731 1830 769 con-

183 799 390 853 similis
439 800 645 870 eidem,
694 804 882 857 oculos
926 804 1209 875 simplices
1253 811 1308 860 et
1343 807 1559 861 lucidos
1612 808 1828 877 ingenii

182 892 460 947 miraculo
486 895 728 964 aperuit.
762 896 886 949 Hzec
921 896 1110 969 itaque
1154 899 1323 951 tantis
1361 900 1663 954 virtutibus
1693 901 1824 954 illii-

146 975 342 1051 'stris,
373 987 694 1042 humilitate
716 989 900 1043 cordis
936 995 993 1045 et
1044 990 1287 1062 puritate
1324 994 1549 1061 mentis,
1600 1010 1825 1049 morum

183 1082 565 1150 temperantia
584 1087 639 1136 et
664 1082 941 1153 spirituali
970 1084 1147 1155 gratia
1184 1085 1368 1156 plena,
1397 1091 1617 1141 tantam
1640 1092 1827 1142 aucto-

178 1173 416 1228 ritatem
446 1179 503 1229 et
551 1176 768 1232 celebre
804 1193 1013 1231 nomen
1062 1194 1176 1248 prae
1222 1178 1486 1235 omnibus
1530 1181 1825 1236 coaetaneis

177 1267 502 1338 virginibus
530 1268 738 1324 habere
778 1271 1010 1326 meruit.

257 1361 327 1414 Et
358 1360 605 1431 quadam
650 1362 760 1431 die,
806 1381 937 1418 cum
982 1381 1097 1420 una
1140 1382 1209 1420 ex
1255 1367 1677 1421 adhaerentibus
1719 1368 1824 1422 sibi

182 1454 537 1508 extrinsecus
562 1455 794 1525 femina,
817 1473 949 1511 cum
969 1457 1082 1512 tilia
1101 1459 1400 1515 duodecim
1429 1476 1607 1515 annos
1626 1462 1821 1531 astatis,

181 1563 255 1601 ex
297 1548 541 1602 naturali
578 1550 968 1619 procreatione
995 1557 1173 1619 muta,
1200 1554 1269 1607 ad
1298 1570 1422 1608 eam
1450 1554 1665 1609 veniret
1691 1554 1815 1609 visi-

180 1640 443 1707 tandam,
498 1658 629 1695 cum
670 1643 847 1713 digna
884 1646 1245 1700 veneratione
1288 1653 1343 1701 et
1377 1648 1716 1717 reverentia,
1760 1652 1826 1702 ut

181 1750 385 1788 omnes
413 1736 684 1805 solebant,
714 1754 772 1791 se
803 1738 1079 1793 inclinans
1101 1745 1157 1794 et
1186 1740 1387 1794 humili
1414 1742 1555 1795 collo
1590 1742 1661 1795 ad
1703 1742 1826 1811 ejus

1934 546 2067 583 mox
2121 530 2275 583 illam
2320 548 2491 601 quam
2541 532 2816 603 optimam
2844 534 2914 588 de
2942 534 3207 589 omnibus
3234 552 3477 605 vaccam,
3510 542 3568 592 et

1928 623 2071 676 alius
2091 640 2269 677 vaccae
2295 625 2537 679 vitulum
2579 626 2901 697 elegantem
2930 632 2986 683 et
3027 628 3311 699 Optimum
3344 629 3571 701 roganti

1930 714 2155 769 inﬁrmo
2182 717 2493 772 voluntarie
2515 718 2777 787 donavit;
2821 725 2877 774 ct
2918 721 3362 777 misericorditer
3399 739 3567 777 suum

1928 824 2059 862 cum
2088 809 2183 862 illo
2210 811 2598 865 transmittens
2626 828 2859 866 currum
2886 814 3116 883 pariter,
3150 815 3387 887 longum
3414 821 3470 870 et
3492 816 3569 870 la-

1926 905 2211 959 tissimum
2237 923 2521 978 campum,
2555 924 2626 962 ne
2650 910 2963 964 molestiam
2994 911 3053 965 in
3096 929 3259 967 vacca
3293 913 3567 969 minanda

1926 998 2188 1053 infirmus
2234 1001 2407 1070 longo
2454 1002 2632 1055 fessus
2676 1003 2881 1057 itinere
2925 1009 3279 1075 sustentaret,
3324 1007 3569 1063 vitulum

1927 1095 2055 1163 post
2078 1096 2306 1163 tergum
2331 1094 2378 1165 ej
2390 1111 2452 1148 us
2480 1095 2539 1149 in
2567 1111 2799 1151 currum
2828 1097 2963 1167 poni
2986 1098 3369 1170 prmcipiebat.
3394 1102 3461 1154 Et
3487 1101 3566 1156 sic

1928 1199 2062 1240 eum
2081 1202 2245 1240 vacca
2269 1186 2465 1257 lingua
2488 1188 2762 1257 lambens,
2786 1194 2841 1244 et
2860 1195 3127 1261 tanquam
3166 1194 3460 1264 proprium
3488 1193 3569 1249 di-

1926 1277 2129 1350 ligens,
2160 1266 2391 1335 nemine
2405 1297 2533 1336 eam
2559 1288 2814 1353 cogente,
2841 1299 3020 1355 usque
3042 1285 3113 1339 ad
3127 1285 3247 1340 loca
3285 1286 3563 1342 destinata

1926 1378 2223 1428 consecuta
2253 1379 2356 1429 est.

1996 1466 2321 1520 Charissimi
2362 1468 2561 1523 videtis
2602 1469 2825 1537 fratres,
2871 1472 3023 1542 quod
3068 1476 3123 1526 et
3156 1471 3324 1530 bruta
3370 1480 3561 1529 contra

1925 1561 2392 1616 consuetudinem
2419 1562 2471 1616 ei
2498 1562 2925 1618 famulabantur
2952 1566 3236 1620 animalia.

1997 1654 2249 1717 Quodam
2281 1654 2572 1710 intervallo
2602 1658 2872 1727 temporis
2900 1658 2993 1711 alii
3017 1659 3351 1730 nequissimi
3385 1661 3560 1729 fures,

1925 1746 2023 1816 qui
2052 1763 2154 1800 nec
2176 1748 2475 1802 Dominum
2491 1766 2595 1804 nec
2617 1750 2876 1803 homines
2896 1751 3251 1819 verebantur,
3284 1753 3353 1807 de
3374 1754 3563 1824 aliqua

182 1828 487 1898 pacificum
526 1831 779 1885 osculum
807 1832 1119 1902 procidens,
1150 1832 1268 1904 ipsa
1298 1835 1558 1888 omnibus
1593 1835 1826 1889 affabilis
1845 1825 1902 1897 Β
1925 1835 2210 1906 provincia
2230 1836 2300 1890 ob
2320 1837 2677 1893 latrocinium
2700 1839 3012 1906 venientes,
3038 1857 3374 1910 peramnem
3400 1859 3566 1914 gran-

182 1922 435 1992 Brigida,
493 1928 549 1977 et
601 1923 756 1992 felix,
813 1926 1052 1980 conditis
1091 1926 1204 1981 sale
1236 1928 1590 1982 sermonibus
1632 1928 1823 1983 divino

182 2031 311 2068 eam
340 2016 643 2071 salubriter
667 2018 906 2073 allocuta
926 2025 1028 2087 est,
1059 2036 1122 2074 ac
1168 2020 1462 2075 Salvatoris
1502 2022 1679 2076 nostri
1722 2023 1818 2093 ju-

181 2109 373 2164 bentis
401 2112 663 2182 exemplo
688 2113 953 2183 parvulos
980 2113 1051 2167 ad
1073 2129 1131 2168 se
1168 2114 1377 2184 venire,
1417 2114 1548 2169 filice
1586 2132 1820 2171 manum

182 2204 437 2259 retinens
464 2222 638 2259 manu
664 2223 787 2273 sua,
824 2207 1108 2261 nesciente
1143 2207 1238 2261 illa
1268 2208 1419 2279 quod
1464 2214 1608 2264 esset
1640 2216 1817 2279 muta,

185 2299 602 2354 etvoluntatem
624 2300 800 2371 ipsius
826 2300 1207 2371 interrogans,
1228 2308 1423 2356 utrum
1442 2303 1621 2358 velato
1641 2304 1820 2374 capite

182 2408 522 2463 permanere
560 2394 719 2464 virgo
771 2411 843 2448 an
886 2395 1100 2466 nuptiis
1147 2396 1421 2450 tradenda
1468 2412 1589 2450 esse
1630 2398 1816 2467 vellet,

183 2492 368 2540 matre
398 2487 575 2557 ipsius
600 2487 960 2554 admonente,
989 2489 1277 2560 quodsibi
1314 2489 1428 2543 ﬁlia
1473 2491 1627 2544 nulla
1663 2491 1823 2546 daret

185 2596 474 2650 responsa,
504 2581 850 2651 respondens
872 2583 1041 2636 matri
1057 2582 1218 2652 dixit,
1242 2600 1299 2637 se
1316 2600 1429 2638 non
1457 2584 1818 2638 dimissuram

184 2672 319 2726 tiliae
350 2689 602 2743 manum,
641 2674 695 2727 ni
727 2675 832 2729 sibi
872 2676 1032 2746 prius
1067 2693 1403 2748 responsum
1436 2678 1713 2732 redderet.
1754 2679 1821 2733 Et

184 2768 362 2820 ﬁliam
388 2784 520 2820 cum
545 2768 786 2822 secunda
814 2769 933 2823 vice
964 2770 1360 2842 interrogaret,
1390 2772 1679 2860 requndit
1702 2772 1821 2825 tilia

183 2861 296 2914 sibi
321 2860 510 2915 dicens
540 2878 553 2915 :
583 2862 701 2915 Non
728 2862 899 2930 aliud,
922 2863 1031 2916 nisi
1076 2865 1226 2934 quod
1274 2870 1335 2919 tu
1383 2866 1643 2934 volueris,
1693 2865 1820 2919 volo

183 2969 382 3025 agere.
437 2956 515 3008 Ac
557 2954 634 3008 sic
677 2960 870 3026 postea
910 2962 1105 3027 aperto
1142 2974 1238 3011 ore
1290 2958 1411 3012 sine
1451 2958 1663 3030 lingme
1718 2959 1822 3013 im-

181 3047 548 3119 pedimento,
595 3053 651 3103 et
704 3048 889 3103 soluto
944 3050 1116 3120 ipsius
1167 3052 1426 3122 vinculo,
1481 3053 1822 3125 loquebatur

181 3158 340 3195 38118.

258 3237 323 3289 Et
350 3235 556 3307 quibus
584 3236 689 3291 hoc
716 3236 1141 3310 ejusdemopus
1167 3239 1337 3294 nullis
1376 3240 1688 3296 multorum
1717 3258 1818 3295 au-

181 3328 343 3383 ribus
370 3329 689 3384 inauditum
717 3332 1048 3402 scrupulum
1076 3350 1191 3387 non
1220 3336 1519 3389 moveret?

256 3424 404 3477 Dum
433 3424 586 3477 enim
610 3425 731 3480 haec
755 3426 946 3480 animo
969 3432 1112 3481 esset
1136 3427 1683 3482 intenta'caalestium
1707 3445 1824 3484 me-

177 3515 473 3587 ditatione,
502 3523 567 3572 ut
591 3536 815 3590 semper
840 3519 1070 3589 solebat,
1094 3537 1256 3575 suam
1286 3521 1354 3575 de
1374 3521 1732 3576 terrestribus
1751 3523 1822 3577 ad

177 3611 432 3666 coelestia
456 3612 680 3667 elevans
699 3614 1199 3683 conversationem,
1224 3616 1534 3686 quamdam
1558 3632 1677 3671 non
1698 3632 1823 3687 par-

177 3721 332 3772 vam,
362 3705 461 3759 sed
489 3706 760 3777 grandem
790 3707 932 3761 lardi
971 3712 1196 3778 partem
1236 3725 1367 3763 cum
1411 3726 1547 3764 cane
1584 3709 1816 3765 dimisit.

179 3800 251 3853 Et
275 3815 409 3852 cum
438 3805 581 3854 esset
609 3800 903 3871 inquisita,
933 3817 1047 3856 non
1076 3801 1302 3869 alicubi,
1335 3804 1432 3857 sed
1464 3803 1561 3858 ubi
1589 3804 1738 3858 canis
1758 3803 1820 3858 in

177 3909 248 3948 eo
273 3894 395 3947 loco
426 3893 637 3948 solebat
661 3882 801 3963 esSe,
825 3911 1019 3950 mense
1044 3900 1343 3963 transacto,
1374 3896 1584 3952 intacta
1629 3903 1685 3952 et
1727 3897 1817 3952 in-

178 3992 344 4057 tegra
370 3992 594 4058 reperta
617 3993 719 4043 est.
750 3989 870 4042 Non
898 3988 1051 4043 enim
1096 3989 1249 4043 canis
1298 4007 1468 4045 ausus
1522 3991 1818 4046 comedere

177 4080 501 4152 depositum
526 4081 703 4136 beatae
728 4081 986 4152 virginis,
1016 4082 1114 4137 sed
1139 4088 1323 4138 custos
1350 4084 1573 4154 patiens
1593 4083 1735 4139 lardi
1762 4089 1820 4139 et

175 4174 418 4229 idoneus
443 4181 636 4230 contra
662 4192 830 4231 suum
858 4176 1085 4231 solitum
1110 4193 1334 4232 morem
1355 4178 1548 4233 divina
1572 4178 1821 4233 refrena-

178 4275 274 4325 tur
299 4270 508 4324 virtute
536 4271 767 4325 exstitit.

250 4370 616 4420 Accrescente
655 4364 906 4437 quotidie
936 4364 1345 4420 miraculorum
1382 4382 1643 4433 numero,
1687 4383 1817 4440 quae

179 4459 270 4513 vix
301 4458 627 4513 enumerari
646 4463 901 4530 possunt,
916 4463 1192 4530 quantum
1211 4459 1608 4515 misericordiae
1634 4466 1690 4517 et
1702 4462 1819 4533 pie-

1842 3190 1897 3265 C

1830 3382 1835 3387 .
1922 3349 2045 3386 rem
2079 3336 2281 3399 oraret,
2316 3332 2384 3387 de
2411 3332 2519 3386 alio
2540 3333 3155 3404 procidensloco,alter
3178 3335 3345 3391 bruto
3368 3337 3559 3392 animo

1925 1928 2055 1983 dem
2081 1929 2227 1983 facili
2257 1935 2449 1985 meatu
2477 1932 2685 2001 pedum
2737 1933 3110 2003 egredientes,
3146 1934 3346 1990 bovem
3388 1935 3563 2007 ipsius

1921 2021 2092 2076 furati
2123 2026 2273 2077 sunt.
2306 2024 2414 2078 Sed
2442 2040 2536 2078 eos
2563 2026 2821 2080 eamdem
2852 2030 3197 2081 revertentes
3217 2029 3367 2083 viam
3387 2030 3563 2100 impe-

1920 2119 2012 2169 tus
2037 2116 2285 2185 ingentis
2326 2116 2599 2185 ﬂuminis,
2642 2118 3008 2173 inundatione
3054 2137 3331 2191 aquarum
3377 2122 3562 2178 subito

1920 2208 2083 2277 facta,
2123 2210 2495 2265 conturbavit.
2553 2213 2677 2265 Non
2727 2212 2881 2266 enim
2929 2212 3145 2267 ﬂumen
3189 2213 3368 2269 instar
3408 2217 3557 2269 muri

1921 2306 2172 2355 erectum
2216 2303 2663 2358 scelestissimam
2709 2304 2887 2359 boum
2930 2306 3190 2361 fraudem
3218 2307 3398 2361 beatae
3430 2309 3555 2362 Bri-

1923 2394 2066 2465 gidaa
2094 2413 2196 2467 per
2215 2413 2273 2451 se
2303 2397 2535 2451 transire
2564 2399 2853 2468 permisit;
2885 2399 2981 2453 sed
3001 2401 3227 2455 eosdem
3266 2401 3420 2455 fures
3458 2402 3555 2458 de-

1921 2504 2185 2559 mergens
2211 2493 2267 2544 et
2292 2506 2481 2544 secum
2509 2492 2757 2557 trahens,
2798 2492 2967 2546 boves
2992 2493 3060 2548 de
3086 2494 3341 2564 ipsorum
3375 2498 3556 2551 mani-

1920 2580 2024 2635 bus
2066 2583 2309 2651 liberati,
2350 2584 2484 2638 loris
2522 2584 2581 2638 in
2610 2585 2874 2639 cornibus
2898 2586 3296 2657 pendentibus,
3328 2589 3399 2643 ad
3427 2607 3560 2661 pro-

1921 2675 2109 2748 prium
2135 2681 2525 2732 armentorum
2554 2678 2624 2732 ad
2654 2678 2936 2733 bubulum
2980 2681 3186 2735 reversi
3221 2687 3372 2738 sunt.
3424 2685 3561 2739 Ecce

1920 2774 1976 2825 et
2004 2769 2095 2824 hic
2121 2771 2297 2825 virtus
2324 2770 2513 2825 divina
2539 2775 2794 2843 apparet.

1992 2864 2135 2919 Cum
2161 2864 2405 2935 quadam
2432 2864 2522 2919 die
2547 2864 2669 2935 ipsa
2695 2866 3042 2921 sanctissima
3056 2867 3301 2939 Brigida,
3325 2873 3559 2941 cogente

1918 2958 2109 3029 aliqua
2135 2958 2461 3012 necessitate
2489 2958 2763 3025 utilitatis,
2792 2964 2857 3013 ut
2898 2961 3329 3016 conventionem
3376 2964 3555 3034 plebis

1919 3051 2189 3119 visitaret,
2222 3051 2282 3104 in
2309 3067 2480 3105 curru
2516 3052 2715 3106 sedens
2759 3052 2919 3124 equis
2951 3053 3099 3107 binis
3134 3055 3466 3126 vehebatur,
3503 3062 3560 3112 et

1922 3162 2054 3199 cum
2077 3145 2138 3199 in
2165 3162 2266 3199 suo
2291 3145 2551 3199 vehiculo
2577 3146 2941 3201 meditatione
2979 3147 3231 3202 theorica
3274 3150 3558 3205 ccelestem

1921 3255 2094 3309 agens
2120 3238 2177 3292 in
2205 3239 2371 3293 terris
2392 3238 2582 3309 vitam,
2615 3256 2802 3309 suum,
2849 3242 2933 3306 ut,
2973 3241 3209 3311 solebat,
3242 3242 3557 3299 dominato-

1922 3442 2102 3497 equus
2127 3418 2328 3479 saliens
2354 3425 2411 3479 in
2440 3443 2629 3493 curru,
2654 3429 2711 3479 et
2735 3426 3110 3483 inrefrenatus
3137 3429 3370 3484 habenis
3396 3430 3558 3486 forti-
3603 3461 3606 3465 ~

1920 3524 2008 3573 ter
2032 3535 2090 3573 se
2118 3519 2427 3586 excutiens,
2470 3525 2527 3573 et
2565 3518 2633 3572 de
2670 3519 2813 3590 jugo
2854 3522 3157 3576 exterritus
3198 3539 3303 3593 per
3339 3540 3559 3596 campe-

1920 3612 2053 3667 stria
2078 3612 2363 3679 cucurrit;
2397 3616 2455 3666 et
2485 3612 2562 3666 sic
2588 3628 2790 3666 manus
2819 3613 3038 3667 Domini
3059 3615 3270 3685 jugum
3306 3618 3559 3687 pendens

1920 3707 2041 3760 sine
2068 3705 2380 3777 praecipitio
2400 3705 2747 3760 sustentavit.
2778 3707 2843 3760 Et
2861 3706 3083 3762 vidente
3102 3708 3288 3778 turba,
3313 3710 3383 3763 ob
3409 3712 3561 3766 testi-

1920 3800 2177 3854 monium
2203 3798 2405 3853 divinae
2421 3798 2644 3852 virtutis
2665 3804 2877 3866 secuta,
2899 3800 2957 3854 in
2974 3817 3076 3855 suo
3105 3817 3272 3855 orans
3297 3802 3555 3859 vehiculo

1919 3911 2049 3948 cum
2078 3888 2193 3947 uno
2219 3908 2365 3964 equo
2391 3892 2496 3947 sub
2528 3908 2700 3946 curru
2742 3892 2943 3963 posito,
2978 3894 3049 3949 ad
3088 3895 3269 3965 plebis
3310 3912 3553 3951 conven-

1918 3987 2152 4056 tionem,
2199 3986 2455 4041 discursu
2495 3985 2775 4057 placabili,
2825 3986 2997 4041 illaesa
3035 3988 3313 4058 pervenit,
3366 3995 3423 4044 et
3477 3991 3555 4045 sic

1919 4081 2096 4151 signis
2123 4085 2179 4135 et
2202 4080 2504 4135 virtutibus
2530 4096 2633 4134 sua
2657 4079 3020 4150 conﬁrmans,
3039 4081 3316 4153 doctrina,
3346 4100 3558 4139 sermo-

1918 4174 2084 4230 nibus
2119 4173 2476 4243 salutaribus,
2521 4177 2578 4229 et
2619 4175 2731 4229 sale
2782 4174 2971 4229 divino
3020 4176 3276 4245 conditis,
3326 4178 3553 4249 plebem

1918 4271 2215 4325 exhortata
2244 4273 2346 4324 est.
2376 4269 2443 4323 Et
2482 4268 2589 4323 hoc
2624 4268 2928 4324 virtutibus
2965 4269 3086 4340 ejus
3132 4270 3356 4326 videtur
3389 4272 3556 4328 nobis

1919 4380 2037 4418 esse
2063 4362 2470 4434 deputandum.

1989 4460 2132 4513 Cum
2158 4473 2296 4528 aper
2322 4456 2476 4510 ferus
2501 4454 2801 4527 singularis
2831 4460 2887 4510 et
2922 4455 3185 4510 silvestris
3223 4457 3454 4512 territus
3498 4464 3555 4515 et

175 4553 331 4623 tatis,
375 4557 431 4606 et
466 4551 526 4606 in
562 4569 841 4623 pauperes
874 4551 1361 4623 eleemosynarum
1401 4559 1717 4625 opportune
1762 4562 1895 4636 etD
1917 4551 2189 4623 fugitivus
2215 4554 2378 4619 esset,
2406 4550 2477 4603 ad
2500 4565 2734 4620 gregem
2761 4564 3061 4620 porcorum
3084 4548 3326 4620 Brigidae
3352 4551 3555 4606 felicis.

172 4646 558 4717 inopportune
574 4646 994 4716 postulantium
1024 4652 1252 4717 operata
1275 4646 1377 4701 estl
1396 4648 1535 4702 Nam
1549 4665 1680 4702 cum
1705 4649 1809 4703 ali-

174 4739 304 4811 quis
328 4738 596 4809 indigens
607 4740 732 4793 cibo
758 4756 1073 4812 pauperum
1093 4756 1215 4795 eam
1241 4746 1487 4811 rogaret,
1516 4741 1611 4795 illa
1635 4743 1706 4797 ad
1720 4760 1814 4797 eos

174 4834 276 4905 qui
302 4849 502 4888 carnes
518 4839 802 4902 coxerant,
828 4838 890 4889 ut
913 4834 982 4888 ab
1008 4834 1117 4888 illis
1138 4834 1353 4905 aliquid
1380 4836 1615 4906 pauperi
1636 4836 1815 4891 defer-

176 4932 282 4997 ret,
314 4927 620 4996 festinavit,
645 4932 699 4981 et
725 4927 957 4983 illorum
972 4944 1122 4981 unus
1141 4928 1529 4983 stolidissimus
1544 4928 1810 4999 famulus,

175 5021 275 5092 qui
302 5036 504 5075 carnes
530 5026 774 5089 coxerat,
802 5021 1135 5092 insipienter
1160 5026 1381 5093 partem
1404 5023 1660 5077 nondum
1687 5039 1810 5078 car-

176 5116 264 5170 nis
290 5119 532 5183 coctam,
560 5114 620 5168 in
644 5114 895 5169 albatum
922 5114 1098 5186 ipsius
1109 5115 1345 5171 sinuatae
1364 5116 1532 5171 vestis
1560 5122 1813 5189 recepta-

175 5210 371 5264 culum
402 5209 707 5279 transjecit,
739 5213 796 5263 et
822 5208 899 5263 sic
929 5208 1043 5279 illa,
1090 5226 1206 5264 non
1246 5210 1521 5265 suffocato
1565 5211 1810 5281 mautili,

175 5310 231 5359 et
262 5305 324 5358 in
355 5319 457 5357 suo
497 5301 735 5357 candido
774 5302 966 5357 colore
1005 5308 1270 5359 manente
1305 5310 1536 5375 portans
1576 5305 1816 5376 pauperi

176 5397 396 5452 tribuit.
428 5397 538 5451 Nec
567 5413 687 5451 non
707 5400 765 5451 et
788 5397 895 5451 hoc
924 5397 994 5451 de
1035 5397 1206 5469 gestis
1249 5398 1502 5452 felicibus
1546 5398 1817 5452 admirari

175 5492 364 5546 debet.
392 5491 826 5546 Confluentibus
846 5490 999 5545 enim
1019 5492 1087 5546 ad
1110 5508 1235 5545 eam
1256 5492 1514 5562 undique
1556 5491 1816 5563 pauperi-

173 5585 281 5640 bus
312 5590 370 5640 et
393 5584 730 5656 peregrinis,
759 5585 980 5656 ingenti
1005 5585 1156 5640 fama
1170 5586 1410 5651 virtutis,
1434 5590 1489 5640 et
1501 5585 1819 5639 nimiazlar-

174 5679 367 5751 gitatis
410 5679 594 5753 tracti,
641 5680 908 5733 accedens
955 5679 1026 5733 ad
1071 5696 1197 5734 eam
1240 5680 1388 5734 inter
1426 5696 1521 5734 eos
1559 5678 1818 5751 ingratus

172 5774 409 5847 quidam
434 5774 708 5846 leprosus,
743 5774 1020 5846 optimam
1046 5774 1115 5829 de
1143 5778 1405 5829 armento
1434 5788 1656 5828 vaccam
1683 5788 1818 5827 cum

173 5869 393 5947 optimo
417 5868 594 5925 vitulo
619 5868 878 5925 omnium
906 5868 1211 5924 vitulorum
1228 5867 1461 5924 insimul
1488 5867 1591 5923 sibi
1621 5865 1821 5924 donari

1912 4647 2068 4703 simia
2107 4644 2361 4699 concitus
2406 4659 2575 4697 cursu
2603 4641 2879 4712 praecipiti
2906 4642 3180 4712 pervenit.
3214 4644 3394 4707 Quem
3425 4644 3547 4715 ipsa

1911 4744 2146 4795 ventum
2182 4738 2330 4792 inter
2366 4752 2494 4789 suas
2521 4751 2757 4789 cernens
2784 4734 3094 4789 benedixit.
3123 4735 3334 4791 Deinde
3362 4737 3548 4809 impa-

1911 4833 2072 4889 vidus
2096 4847 2159 4885 ac
2186 4827 2473 4884 familiaris
2497 4844 2627 4881 cum
2656 4826 2832 4899 ipsius
2854 4844 3159 4899 porcorum
3187 4846 3361 4902 grege
3384 4848 3547 4886 man-

1912 4926 2001 4982 sit.
2033 4927 2189 4991 Ecce,
2212 4923 2431 4987 fratres,
2461 4920 2659 4975 videtis
2685 4922 2839 4993 quod
2866 4927 2921 4976 et
2965 4922 3132 4977 bruta
3178 4925 3443 4980 animalia
3496 4930 3551 4980 et

1911 5019 2104 5076 bestiae
2146 5014 2499 5072 sermonibus
2544 5020 2600 5068 et
2639 5015 2914 5070 voluntati
2956 5016 3079 5086 ejus
3128 5018 3385 5073 resistere
3433 5035 3550 5074 non

1913 5114 2194 5186 poterant,
2221 5110 2315 5165 sed
2343 5108 2553 5162 domita
2591 5112 2647 5163 et
2688 5108 2939 5179 subjecta
2963 5110 3067 5164 sibi
3103 5110 3546 5167 famulabantur.

1983 5210 2235 5274 Quadam
2278 5210 2467 5261 autem
2512 5206 2621 5275 die,
2662 5222 2793 5260 cum
2841 5206 3045 5278 aliquis
3082 5207 3241 5261 nulla
3292 5207 3551 5263 suffultus

1915 5303 2166 5372 scientia,
2182 5301 2412 5372 vulpem
2434 5299 2584 5370 regis
2614 5300 2683 5354 ad
2709 5299 2979 5370 palatium
3003 5300 3389 5355 ambulantem
3403 5301 3552 5356 vide-

1915 5402 2022 5467 ret,
2073 5402 2278 5468 putans
2326 5393 2506 5462 illam,
2564 5392 2856 5447 obcaecatis
2896 5391 3151 5446 sensibus
3191 5393 3326 5460 suis,
3370 5394 3549 5449 feram

1915 5508 2038 5547 esse
2062 5489 2321 5555 bestiam,
2341 5491 2397 5541 et
2422 5487 2574 5558 quod
2605 5486 2662 5540 in
2692 5485 2819 5540 aula
2847 5485 2996 5556 regis
3012 5485 3310 5541 familiaris
3324 5492 3380 5543 et
3395 5505 3551 5543 man-

1916 5588 2076 5640 sueta
2107 5589 2269 5651 esset,
2292 5581 2460 5635 variis
2478 5580 2694 5634 artibus
2706 5579 2898 5633 edocta
2924 5578 3178 5648 agilitate
3193 5582 3464 5652 corporis,
3496 5586 3553 5636 et

1917 5677 2223 5733 subtilitate
2247 5674 2444 5744 animi,
2468 5674 2591 5745 regi
2611 5679 2667 5728 et
2692 5673 2807 5727 suis
2836 5672 3133 5727 comitibus
3155 5674 3366 5743 grande
3396 5690 3549 5746 prie-

1918 5777 2071 5827 stans
2082 5769 2459 5842 signaculum,
2478 5767 3016 5840 ignoraret,vidente
3032 5766 3398 5823 multitudine
3414 5768 3555 5822 occi-

1920 5865 2003 5921 dit
2027 5881 2173 5923 eam.
2203 5864 2271 5920 Et
2297 5862 2482 5920 statim
2514 5861 2699 5919 ab‘his
2723 5862 2823 5940 qui
2846 5861 3109 5920 viderunt
3132 5861 3341 5920 factum
3368 5860 3556 5937 alliga-
