4016 6240
1305 497 1583 563 SANCTI
1630 497 1935 574 SEDATI,
1983 498 2503 565 BITERRENSIS
2548 499 2940 577 EPISCOPI,

973 638 1772 761 HOMILIA
1856 641 2099 760 DE
2196 641 3267 764 EPIPHANIA.

507 935 786 1003 Proxime,
818 936 1024 991 fratres
1043 937 1385 1007 charissimi,
1412 939 1829 1011 redemptionis
1854 944 2065 995 nostra
2088 952 2148 1024 Α
2166 940 2237 996 sit
2259 941 2459 997 vinum
2482 941 2636 1013 quod
2655 941 2919 997 defecisse
2940 939 3164 1009 dicitur,
3193 942 3249 993 et
3268 936 3421 1009 quod
3448 936 3521 991 sit
3546 935 3699 991 aliud
3715 936 3804 990 vi-

437 1029 851 1085 celebravimus
863 1034 1289 1085 sacramentum
1300 1075 1312 1099 ,
1329 1048 1441 1102 quo
1458 1033 1607 1087 Deus
1620 1032 1915 1088 hominem
1935 1049 2064 1087 cum

435 1122 864 1178 inﬁrmitatibus
906 1123 1112 1178 induit.
1162 1125 1341 1179 Hodie
1401 1125 1539 1179 illud
1591 1126 1900 1181 excolimus
1954 1143 2068 1197 quo

436 1232 496 1270 se
524 1215 582 1269 in
623 1216 860 1271 homine
906 1218 1087 1271 Deum
1112 1217 1414 1273 virtutibus
1451 1218 1810 1273 declamavit.
1842 1221 1949 1273 Pro
1998 1235 2067 1274 eo

437 1309 592 1381 quod
619 1308 679 1364 in
699 1311 806 1364 hac
833 1310 923 1364 die
938 1311 1052 1364 sive
1079 1313 1219 1367 calo
1249 1313 1474 1366 stellam
1513 1317 1669 1367 ortus
1691 1312 1774 1366 sui
1803 1312 2068 1367 nuntiam

434 1403 830 1475 prabuit,sive
853 1404 1011 1475 quod
1040 1405 1101 1458 in
1118 1406 1413 1460 Chanaam
1442 1405 1686 1461 Galilaa
1717 1406 1777 1459 in
1811 1406 2068 1461 convivio

433 1496 677 1569 nuptiali
700 1514 878 1568 aquas
904 1498 965 1552 in
990 1498 1122 1553 vina
1148 1500 1447 1568 convertit,
1472 1500 1587 1554 sive
1612 1500 1768 1571 quod
1798 1501 1855 1554 in
1875 1501 2072 1556 Jorda-

436 1591 524 1645 nis
546 1591 717 1645 undis
737 1608 915 1663 aquas
927 1592 1001 1646 ad
1025 1593 1449 1665 reparationem
1466 1593 1706 1648 humani
1727 1594 1955 1664 generis
1967 1610 2069 1648 suo

434 1688 724 1760 baptismo
752 1690 1121 1745 consecravit.
1156 1692 1214 1744 In
1241 1690 1500 1761 quolibet
1529 1691 1736 1745 horum
1767 1690 1943 1745 trium
1980 1708 2066 1746 sa-

435 1782 571 1837 lutis
608 1786 819 1836 nostra
848 1784 1124 1853 mysteria
1150 1784 1522 1838 continentur
1552 1789 1609 1838 et
1638 1784 1868 1854 gaudia.
1900 1783 2071 1838 Nobis

438 1876 597 1930 enim
628 1892 695 1929 ex
723 1875 952 1946 Virgine
979 1879 1146 1931 natus
1186 1882 1289 1944 est,
1324 1876 1479 1947 quod
1501 1878 1665 1931 stella
1692 1876 2068 1933 monstravit:

438 1986 545 2022 nos
568 1968 627 2022 in
676 1969 880 2023 melius
907 1985 1029 2023 esse
1076 1969 1388 2024 mutandos
1434 1970 1626 2041 operis
1671 1970 1970 2037 miraculo,
2016 1973 2073 2024 et

437 2078 718 2133 aquarum
731 2062 1103 2117 conversione
1118 2062 1380 2134 signavit.
1402 2062 1575 2117 Nobis
1594 2064 1860 2119 remedia
1884 2063 2070 2135 provi-

437 2155 579 2210 vidit
599 2172 665 2210 ex
691 2156 979 2227 baptismo
1005 2156 1159 2226 quod
1188 2157 1245 2210 in
1278 2155 1544 2211 Jordanis
1578 2158 1737 2212 alveo
1767 2174 1943 2229 aquas
1970 2157 2067 2211 de-

440 2249 686 2315 dicavit;
720 2252 780 2303 et
823 2249 976 2317 ideo,
1007 2250 1213 2303 fratres
1256 2250 1596 2318 charissimi,
1637 2250 1696 2304 in
1736 2251 1897 2305 omni
1942 2254 2071 2304 actu

440 2347 636 2397 nostro
664 2343 887 2397 stellam
904 2342 1037 2397 ﬁdei
1059 2343 1456 2414 praeferamus,
1477 2349 1534 2398 et
1554 2343 1613 2397 in
1637 2344 1895 2398 custodia
1912 2343 2070 2415 puri-
2092 2321 2149 2393 Β

438 2437 575 2490 tatis
625 2436 831 2490 Christi
882 2435 1241 2507 baptismum
1298 2437 1674 2492 celebremus.
1739 2437 1884 2502 Quia
1952 2437 2075 2492 hac

440 2529 649 2585 Christi
676 2530 970 2600 generatio
1000 2532 1113 2584 tua
1138 2529 1273 2583 ﬁdei
1312 2530 1671 2585 conﬁrmatio
1700 2534 1803 2585 est.
1850 2532 1916 2585 Et
1942 2531 2076 2602 quia

441 2638 546 2693 per
573 2621 901 2676 universum
946 2623 1229 2677 mundum
1256 2629 1619 2679 sacramento
1664 2624 1937 2696 baptismi
1968 2624 2073 2678 hu-

442 2736 614 2774 mano
642 2720 843 2790 generi
869 2734 1011 2791 Opus
1038 2724 1180 2790 erat,
1211 2720 1375 2791 aquis
1403 2720 1873 2777 benedictionem
1896 2721 2073 2789 dedit,

445 2813 676 2884 quando
706 2813 763 2867 in
786 2813 1052 2868 Jordanis
1080 2815 1322 2881 alveum,
1346 2814 1533 2884 unica,
1558 2832 1623 2870 ac
1648 2815 1924 2887 singulari
1954 2815 2072 2886 pie-

444 2910 563 2961 tate
591 2906 901 2961 descendit.
924 2906 1044 2960 Tibi
1066 2924 1204 2979 ergo
1224 2908 1537 2977 nascendo,
1553 2909 1807 2964 Christus
1825 2909 2073 2977 advenit,

445 3000 550 3056 tibi
574 2999 815 3057 vivendo
848 3000 1133 3069 militavit,
1162 3001 1264 3056 tibi
1295 3002 1602 3058 moriendo
1625 3003 1900 3071 conﬂixit,

519 3095 703 3159 Quem
733 3094 891 3149 vides
916 3111 1019 3166 pro
1042 3098 1099 3149 te
1123 3097 1439 3165 mortuum,
1472 3100 1709 3168 prapter
1738 3100 1793 3151 te
1820 3092 2076 3169 intellige

445 3188 817 3260 baptizatum.
852 3188 1013 3256 lllud,
1030 3189 1236 3243 fratres
1247 3189 1587 3257 charissimi,
1618 3190 1773 3261 quod
1799 3190 1892 3245 die
1911 3191 2079 3246 tertia

448 3281 664 3353 nuptia
695 3282 860 3336 facta
890 3284 1041 3349 sunt,
1064 3281 1193 3349 hoc,
1222 3281 1377 3353 quod
1407 3299 1618 3354 aquam
1649 3283 1707 3338 in
1730 3284 1927 3339 vinum
1948 3301 2079 3339 con-

348 3376 360 3397 ‘
446 3391 672 3430 versam
692 3374 886 3442 fuisse,
920 3375 1096 3430 modo
1110 3392 1240 3431 cum
1270 3376 1965 3449 Evangeliumlegeretur,
1985 3395 2079 3433 au-

450 3468 629 3524 distis.
651 3469 757 3525 Sex
779 3474 973 3524 autem
994 3469 1214 3541 hydria
1246 3476 1378 3525 sunt
1403 3487 1497 3525 sex
1518 3471 1725 3526 mundi
1750 3472 1920 3542 hujus
1947 3475 2079 3526 ata-

445 3569 554 3632 tes,
576 3580 682 3635 per
707 3564 994 3636 quasjusti
1020 3564 1266 3635 ﬁguram
1289 3568 1348 3619 et
1370 3568 1575 3637 typum
1599 3565 1831 3620 Domini
1862 3569 2074 3636 pratu-

446 3658 656 3713 lerant.
675 3658 918 3730 Capiunt
946 3661 1222 3712 metretas
1263 3658 1449 3727 binas,
1482 3660 1571 3713 vel
1600 3664 1815 3728 ternas,
1858 3658 1994 3731 quia
2017 3659 2081 3714 ﬁ-

448 3752 583 3807 dem
592 3751 745 3806 intra
757 3769 816 3806 se
828 3751 1130 3807 continent
1148 3752 1461 3809 Trinitatis.
1486 3752 1596 3809 Sed
1611 3752 1913 3808 videamus
1938 3753 2079 3825 quid

449 3845 587 3900 dicit
623 3862 814 3900 sermo
855 3844 1099 3912 divinus,
1129 3851 1186 3901 et
1211 3847 1334 3918 ipsa
1359 3847 1503 3902 sacri
1542 3847 1833 3919 Evangelii
1867 3850 2077 3902 tracte-

376 3924 383 3930 ’
448 3954 578 3994 mus
618 3940 866 3994 oracula.
893 3941 956 3994 In
976 3939 1133 3994 Cana
1160 3940 1408 3995 Galilaa
1447 3956 1627 4012 aquas
1673 3940 1733 3995 in
1782 3939 1915 3995 vina
1941 3956 2077 3996 con-

449 4032 638 4100 vertit,
654 4034 1002 4089 etlatentem
1023 4034 1127 4088 sub
1156 4034 1395 4089 homine
1421 4035 1603 4089 Deum
1617 4051 1860 4106 operum
1872 4035 2079 4090 virtute

452 4124 682 4181 detexit.
714 4128 787 4181 Et
827 4127 934 4191 die,
979 4127 1184 4199 inquit,
1234 4131 1394 4183 tertia
1443 4130 1649 4199 nuptia
1687 4128 1905 4197 ﬁebant.
1941 4127 2079 4193 Qua

451 4219 716 4275 suntista
729 4220 962 4291 nuptiae,
987 4222 1093 4275 nisi
1113 4220 1322 4291 gaudia
1343 4220 1536 4275 salutis
1561 4220 1873 4276 humana?
1900 4237 2077 4293 quare

452 4314 546 4369 die
559 4313 750 4381 tertia,
774 4313 885 4367 nisi
897 4313 1031 4384 quia
1050 4313 1142 4367 die
1163 4312 1335 4367 tertia
1360 4313 1706 4369 resurrexit?
1734 4316 1932 4386 Itaque
1948 4318 2075 4370 tan-

450 4425 625 4481 quam
647 4423 889 4479 sponsus
913 4405 1233 4477 procedens
1260 4405 1331 4460 de
1358 4407 1612 4462 thalamo
1646 4424 1748 4463 suo
1783 4407 2080 4464 descendit

449 4503 524 4559 ad
544 4506 749 4570 terras,
767 4500 1032 4555 Ecclesia
1054 4517 1121 4554 ex
1147 4500 1413 4572 gentibus
1433 4501 1870 4574 congreganda,
1899 4502 2079 4558 incar-

449 4597 684 4653 natione
714 4594 1067 4667 jungendas.
1106 4594 1211 4650 Cui
1250 4594 1483 4665 quidem
1513 4599 1572 4649 et
1593 4595 1763 4667 hujus
1792 4597 2076 4667 Ecclesia,

449 4708 577 4765 qua
605 4690 801 4763 utique
840 4704 1034 4744 sumus
1062 4705 1188 4757 nos,
1218 4692 1276 4743 et
1320 4689 1541 4758 arrhas,
1570 4693 1628 4744 et
1654 4690 1852 4745 dotem
1895 4690 2073 4745 dedit.

446 4785 659 4842 Arrhas
708 4783 881 4852 dedit,
929 4783 1162 4856 quando
1208 4783 1375 4838 nobis
1422 4786 1507 4838 est
1546 4799 1612 4837 ex
1654 4784 1784 4855 lege
1832 4783 2074 4855 promis-

447 4894 561 4937 sus.
597 4879 803 4935 Dotem
832 4877 1005 4947 dedit,
1036 4878 1270 4950 quando
1309 4894 1415 4950 pro
1441 4876 1607 4933 nobis
1627 4880 1713 4931 est
1731 4876 2075 4933 immolatus.

517 4976 587 5031 Et
611 4972 723 5030 alio
752 4969 928 5029 modo
974 4971 1083 5028 hoc
1112 4975 1304 5044 potest
1342 4971 1542 5044 accipi,
1575 4974 1638 5026 ut
1682 4971 1901 5040 arrhas,
1930 4988 2075 5043 pra-

2168 1051 2310 1090 num
2360 1036 2512 1108 quod
2572 1034 2909 1090 mirabiliter
2971 1036 3356 1105 praparatur,
3413 1031 3570 1102 quod
3623 1029 3808 1084 archi-

2167 1114 2426 1184 triclinus
2471 1128 2680 1183 melius
2742 1143 2860 1183 esse
2916 1124 3251 1199 pronuntiat
3295 1124 3511 1180 ibidem
3565 1123 3803 1179 dicens:

2170 1223 2352 1279 Omnis
2378 1224 2528 1277 homo
2571 1225 2811 1293 primum
2848 1222 3036 1275 vinum
3082 1221 3274 1274 bonum
3305 1219 3483 1289 ponit,
3512 1222 3702 1273 etcum
3726 1218 3810 1295 in-

2171 1317 2368 1371 ebriati
2388 1318 2618 1383 fuerint,
2645 1320 2773 1370 tunc
2801 1314 2862 1369 id
2880 1314 3025 1385 quod
3049 1313 3284 1368 deterius
3307 1316 3403 1367 est.
3437 1314 3516 1367 Tu
3540 1326 3664 1366 vero
3689 1326 3805 1366 ser—

2169 1412 2313 1464 vasti
2357 1411 2545 1463 vinum
2586 1409 2779 1463 bonum
2815 1423 2981 1478 usque
3006 1422 3168 1462 nunc.
3213 1405 3421 1460 Vinum
3451 1404 3646 1459 multis
3670 1403 3811 1458 locis

2171 1502 2490 1574 accepimus
2502 1502 2688 1557 divina
2708 1504 2987 1573 pracepta
3013 1504 3071 1555 et
3098 1499 3415 1570 Scripturas
3428 1503 3665 1565 sanctas,
3689 1513 3812 1553 me—

2170 1596 2524 1651 racissimum
2548 1595 2805 1667 vigorem
2832 1593 3070 1649 calestis
3100 1591 3390 1664 sapientia
3427 1592 3805 1659 continentes,

2170 1690 2377 1762 quibus
2407 1690 2477 1745 ad
2504 1690 2771 1744 timorem
2795 1688 2893 1743 Dei
2917 1687 3216 1742 incalescat
3236 1701 3455 1757 sensus,
3488 1689 3544 1741 et
3563 1684 3808 1740 inebrie-

2171 1787 2265 1838 tur
2285 1783 2537 1839 affectus.

2244 1880 2565 1936 Secundum
2592 1879 2752 1950 illud,
2785 1879 2936 1952 quod
2981 1878 3050 1934 de
3104 1878 3391 1951 Sapientia
3429 1876 3643 1932 dictum
3676 1880 3761 1932 est
3790 1893 3804 1931 :

2169 1982 2399 2037 Paravit
2422 1995 2658 2035 mensam
2669 1995 2847 2041 suam,
2876 1980 3292 2033 miscuitvinum
3319 1993 3473 2033 suum
3488 1979 3547 2031 in
3581 1981 3807 2031 cratere.

2172 2074 2595 2144 Scripturarum
2622 2088 2759 2145 ergo
2800 2072 3123 2127 divinarum
3146 2070 3347 2140 virtus,
3377 2070 3423 2124 si
3444 2069 3673 2142 quando
3704 2068 3809 2123 ali-

2171 2167 2332 2238 cujus
2378 2166 2648 2221 interiora
2686 2166 3005 2237 repleverit,
3037 2164 3221 2220 dicere
3261 2164 3468 2236 poterit
3510 2179 3643 2218 cum
3670 2164 3809 2217 Pro-

2170 2260 2343 2333 pheta
2369 2254 2588 2330 (Psalm.
2635 2260 2739 2332 LIX)
2768 2280 2785 2314 :
2836 2262 3049 2315 Potasti
3081 2275 3175 2314 nos
3200 2261 3328 2313 vino
3362 2258 3808 2328 compunctionis,

2173 2359 2223 2409 et
2246 2355 2508 2425 populum
2529 2359 2679 2409 tuum
2712 2354 2985 2408 inebrians
3010 2369 3174 2423 quam
3196 2352 3494 2423 paclarum
3520 2352 3636 2405 est!
3660 2349 3806 2421 Ope-

2172 2451 2333 2502 rante
2362 2463 2498 2517 ergo
2527 2445 2746 2501 Christo
2783 2446 2845 2501 in
2896 2446 3049 2501 Cana
3085 2445 3329 2513 Galilea,
3357 2444 3556 2499 vinum
3585 2442 3808 2508 defecit,

2175 2546 2232 2596 et
2260 2540 2457 2594 vinum
2482 2540 2566 2609 ﬁt,
2594 2540 2652 2595 id
2687 2543 2790 2609 est,
2823 2540 3045 2595 umbra
3098 2542 3483 2607 removentur,
3519 2541 3577 2592 et
3606 2536 3815 2592 veritas

2173 2636 2568 2706 prasentatur.
2613 2633 2847 2688 Recedit
2892 2634 3005 2701 lex,
3039 2633 3222 2704 gratia
3251 2632 3516 2687 succedit.
3554 2628 3817 2688 Carnalia

2173 2728 2234 2782 in
2259 2726 2571 2799 spiritualia
2594 2731 3039 2782 commutantur.
3072 2727 3131 2780 In
3151 2742 3363 2780 novum
3386 2726 3819 2780 Testamentum

2175 2820 2486 2876 observatio
2512 2823 2731 2876 vetusta
2773 2819 3224 2886 transfunditur;
3253 2819 3399 2873 sicut
3424 2819 3621 2873 beatus
3650 2819 3810 2888 Apo-

2175 2915 2348 2969 stolus
2373 2914 2506 2970 dicit
2523 2915 2587 2987 (Il
2614 2914 2733 2970 Cor.
2749 2914 2861 2984 In):
2882 2917 3075 2972 Vetera
3092 2915 3442 2974 transierunt,
3461 2916 3513 2967 et
3527 2927 3640 2967 ecce
3657 2913 3819 2979 facta

2173 3020 2299 3070 sunt
2323 3029 2484 3069 nova.
2504 3013 2797 3077 Quomodo
2823 3016 3016 3067 autem
3029 3011 3247 3083 hydria
3263 3010 3376 3065 illa
3394 3009 3645 3081 impleta
3668 3026 3820 3081 aqua

2174 3107 2319 3162 nihil
2346 3108 2617 3162 minuunt
2641 3122 2709 3161 ex
2724 3122 2789 3162 eo
2809 3105 2963 3177 quod
2986 3109 3165 3172 erant,
3186 3104 3265 3159 ita
3289 3106 3379 3159 lex
3397 3120 3515 3158 non
3538 3104 3687 3175 perit
3713 3120 3825 3176 per

2175 3201 2483 3257 adventum
2510 3200 2720 3255 Christi
2764 3199 3058 3269 dissoluta,
3088 3198 3185 3253 sed
3222 3198 3469 3270 proﬁcit.
3508 3197 3648 3252 Vino
3673 3213 3826 3268 ergo

2177 3294 2493 3363 deﬁciente,
2522 3293 2721 3347 vinum
2740 3293 2895 3347 aliud
2924 3292 3301 3347 ministratur.
3332 3292 3555 3346 Bonum
3580 3290 3828 3362 quidem

2177 3392 2261 3443 est
2286 3392 2448 3443 vetus
2475 3388 2921 3456 Testamentum,
2956 3386 3051 3441 sed
3102 3384 3224 3440 sine
3260 3384 3498 3456 spiritali
3526 3383 3828 3439 intellectu

2176 3480 2427 3536 vanescit
2450 3480 2511 3535 in
2551 3479 2736 3536 littera
2764 3479 2828 3552 (ll
2868 3479 2988 3534 Cor.
3019 3484 3120 3547 ω).
3179 3479 3395 3533 Novum
3421 3494 3554 3532 vero
3579 3477 3830 3532 odorem

2173 3574 2303 3630 vita
2332 3574 2519 3630 reddit
2543 3574 2603 3629 in
2643 3573 2883 3645 gratiam
2914 3572 2975 3643 (ll
2994 3572 3113 3628 Cor.
3144 3572 3226 3645 ιι).
3256 3572 3398 3627 Cum
3418 3571 3543 3626 hac
3563 3570 3641 3625 ita
3671 3570 3827 3637 sint,

2178 3667 2645 3723 Architriclinum
2693 3667 2884 3738 ipsum
2921 3666 3291 3739 prapositum
3317 3665 3377 3720 in
3406 3665 3575 3719 domo
3598 3664 3827 3735 sponsi,

2178 3762 2488 3832 videamus,
2533 3777 2707 3834 quem
2741 3761 2950 3816 sentire
2980 3760 3280 3832 possimus.
3310 3761 3376 3814 Et
3416 3774 3588 3830 quem
3613 3757 3829 3828 alium,

2179 3856 2288 3912 nisi
2315 3857 2544 3911 beatum
2571 3854 2810 3910 Paulum
2837 3854 3155 3925 intelligere
3176 3853 3469 3921 debemus,
3484 3851 3581 3923 qui
3596 3850 3836 3922 postle-

2182 3950 2266 4023 gis
2290 3950 2559 4020 litteram,
2588 3951 2883 4021 acceptum
2913 3947 3045 4002 novi
3104 3945 3445 4002 Testamenti
3473 3944 3829 4017 mysterium

2178 4042 2527 4111 suavissimo,
2556 4042 2644 4097 vel
2673 4042 2865 4112 odore,
2896 4041 2984 4097 vel
3016 4045 3206 4113 gustu,
3235 4045 3293 4095 et
3317 4038 3658 4111 spiritalium
3684 4055 3828 4094 sen-

2180 4153 2350 4193 suum
2385 4135 2687 4209 ﬂagrantia
2729 4135 3000 4207 repletus,
3033 4140 3089 4190 et
3113 4133 3427 4190 inebriatus
3458 4132 3741 4187 exclamat
3765 4138 3831 4188 et

2176 4230 2410 4285 laudat:
2469 4233 2547 4285 Tu
2598 4232 2830 4285 servasti
2884 4230 3077 4284 bonum
3128 4230 3315 4283 vinum
3360 4242 3526 4297 usque
3577 4225 3761 4281 adhuc
3789 4228 3827 4280 Υ

2182 4324 2352 4393 (Joan.
2402 4322 2484 4396 ιι).
2530 4322 2830 4377 Videamus
2866 4326 3060 4377 tamen
3091 4319 3579 4393 quemadmodum
3627 4318 3819 4391 ipsum

2179 4417 2372 4472 vinum
2397 4416 2589 4472 laudat
2614 4417 2641 4471 ?
2660 4419 2768 4473 Nec
2787 4417 2994 4479 oculus,
3018 4414 3224 4487 inquit,
3250 4414 3409 4478 vidit,
3440 4429 3536 4469 nec
3559 4415 3826 4468 aurisau-

2178 4513 2337 4577 divit,
2367 4527 2488 4581 qua
2512 4512 2855 4581 praeparavit
2872 4512 3011 4565 Deus
3037 4508 3388 4578 diligentibus
3410 4521 3485 4562 se.
3503 4507 3641 4561 Ecce
3660 4521 3824 4577 vera,

2179 4621 2306 4661 ecce
2334 4603 2697 4677 praedicanda
2746 4602 3037 4671 miracula,
3066 4617 3194 4673 qua
3232 4601 3294 4655 in
3327 4598 3491 4654 nobis
3518 4604 3827 4671 operatur,

2181 4698 2408 4771 quando
2429 4698 2496 4752 de
2525 4695 2785 4769 pessimis
2810 4695 2990 4751 bonos
3002 4694 3235 4762 facit,de
3265 4692 3521 4767 superbis
3546 4692 3833 4762 humiles,

2179 4792 2248 4847 de
2271 4792 2584 4848 inhonestis
2614 4795 2812 4858 castos,
2845 4790 2915 4846 de
2946 4788 3313 4845 sectatoribus
3363 4785 3576 4855 saculi,
3602 4785 3839 4842 amicos

2180 4886 2300 4941 Dei.

2247 4979 2381 5044 Qua
2432 4983 2618 5050 potest
2669 4976 2886 5050 majora
2946 4990 3209 5032 exercere
3272 4972 3548 5031 miracula
3569 5017 3582 5043 ,
3637 4989 3837 5046 quam

444 5073 669 5128 sentem
688 5065 1760 5140 gratiam,dotemintelligamusvitam
1779 5071 2075 5121 aternam.
2096 5069 2157 5141 D
2179 5072 2405 5145 quando
2432 5071 2726 5128 hominem
2767 5087 3025 5127 vermem
3051 5074 3108 5125 et
3152 5070 3515 5142 putredinem
3540 5068 3837 5141 dignatur

443 5164 751 5221 Videamus
777 5160 917 5233 quid
966 5161 1086 5233 agit
1109 5160 1169 5215 in
1200 5161 1491 5217 Chanaam
1520 5158 1786 5216 Galilaa.
1820 5160 1921 5215 Hic
1951 5161 2089 5235 jam,

440 5258 688 5332 prodant
714 5254 880 5311 nobis
908 5256 1093 5310 Deum
1118 5255 1401 5327 stupenda
1422 5255 1717 5308 miracula.
1741 5254 2081 5310 Statuuntur

443 5353 665 5425 hydria
686 5351 976 5423 capientes
986 5352 1262 5404 metretas
1281 5347 1466 5414 binas,
1489 5348 1577 5402 vel
1596 5351 1810 5402 ternas.
1839 5349 2080 5420 Implen-

443 5450 540 5501 tur
557 5446 797 5518 hydria,
811 5446 1112 5499 mutantur
1135 5442 1321 5497 subito
1345 5457 1528 5513 aqua,
1544 5440 1814 5497 homines
1830 5444 2078 5513 postmo-

446 5540 586 5596 dum
612 5539 825 5595 maturi
851 5538 988 5594 dum
1014 5538 1075 5591 in
1112 5535 1318 5591 melius
1347 5535 1758 5604 reformantur,
1784 5536 1939 5591 velut
1975 5535 2073 5589 ba-

443 5634 715 5708 ptismate
754 5632 869 5688 vini
906 5632 1203 5704 liquantur
1255 5628 1722 5701 quodammodo;
1774 5629 2076 5684 deficiente

446 5744 587 5800 ergo
616 5727 771 5797 vino,
799 5726 940 5782 dicit
963 5726 1037 5782 ad
1062 5726 1256 5781 Jesum
1284 5725 1472 5779 mater
1494 5722 1616 5795 ejus
1647 5722 1820 5795 (Joan.
1845 5725 1901 5793 ιι)
1934 5740 1948 5780 :
1986 5724 2078 5797 Vi:

446 5837 577 5877 num
596 5835 705 5877 non
723 5820 937 5876 habent.
989 5819 1113 5875 Iam
1150 5818 1341 5889 primo
1368 5817 1493 5874 loco
1518 5816 1879 5889 requiramus
1923 5816 2077 5889 quod

2174 5165 2237 5221 in
2259 5169 2467 5221 statum
2487 5165 2808 5237 angelicum
2821 5176 3154 5237 promovere
3168 5164 3196 5219 ἳ
3214 5164 3284 5219 de
3299 5162 3538 5218 terrenis
3548 5162 3609 5216 in
3626 5162 3839 5217 cales-

2175 5258 2327 5314 tibus
2352 5258 2643 5329 collocare,
2676 5259 2803 5314 etin
2831 5258 3012 5330 gratia
3031 5273 3150 5312 sua
3166 5256 3520 5329 adoptionis?
3545 5256 3839 5312 solemni-

2176 5355 2369 5423 tatem,
2400 5369 2530 5426 qua
2572 5353 2641 5408 de
2690 5352 2913 5407 Domini
2939 5351 3231 5406 nativitate
3268 5349 3576 5422 pracessit,
3605 5365 3672 5403 ea
3702 5349 3840 5405 ﬁde

2175 5446 2601 5518 celebravimus,
2630 5463 2744 5519 qua
2769 5463 2839 5502 ex
2872 5445 3106 5501 homine
3152 5446 3297 5500 Deus
3321 5447 3487 5498 natus
3524 5447 3629 5513 est,
3660 5442 3838 5499 hanc

2175 5556 2309 5597 vero
2353 5558 2420 5597 ea
2459 5540 2843 5597 observatione
2893 5554 3257 5606 veneramur,
3288 5553 3403 5611 qua
3430 5537 3575 5592 Deus
3618 5536 3682 5591 in
3710 5536 3833 5592 ho-

2174 5631 2331 5686 mine
2360 5631 2677 5688 declaratus
2701 5634 2804 5686 est.
2834 5628 2953 5685 lllic
2977 5626 3405 5683 inﬁrmitatibus
3425 5625 3831 5699 absconditur,

2175 5725 2267 5781 hic
2286 5724 2588 5781 virtutibus
2598 5724 2899 5781 revelatur.
2922 5721 3094 5778 Hodie
3108 5721 3265 5778 enim
3279 5737 3476 5794 magos
3491 5720 3563 5776 ab
3582 5721 3834 5779 Oriente

2175 5819 2464 5876 venientes
2510 5835 2690 5892 usque
2740 5819 2948 5887 locum,
2981 5815 3245 5889 gentibus
3296 5814 3602 5873 Salvatoris
3650 5816 3828 5874 stella
