4016 6240
86 334 196 387 ’773

1501 326 1795 388 SANCTUS
1832 330 2117 390 ARlGlUS.

3370 328 3472 390 774

89 441 399 496 Christum
419 436 830 513 quaerentibus,
855 442 1242 496 monstratura
1259 440 1543 515 perduxit.
1565 442 1741 513 Expe—
1761 453 1820 527 Α
1839 442 2005 497 aliam
2036 444 2183 498 viam
2210 444 2281 498 ad
2320 442 2613 515 regionem
2642 442 2930 514 propriam
2973 445 3312 510 remearent,
3350 443 3471 497 haec

90 534 241 589 titur
264 535 373 589 sub
401 535 607 590 humili
628 535 861 606 tugurio
882 551 1042 590 sacra
1065 534 1347 590 nativitas.
1376 535 1655 589 Adoratur
1681 534 1740 588 in

92 629 329 698 pannis,
356 628 417 682 id
446 633 549 695 est,
572 628 674 683 sub
703 629 947 684 tectione
975 627 1350 700 corruptionis
1378 627 1741 683 humanaain-

92 721 295 776 voluta
324 722 590 793 majestas
614 723 915 789 revelatur.
950 723 1211 778 lnnuitur
1237 721 1509 794 mysterio
1537 721 1742 775 divina:

93 814 514 870 misericordia:
549 816 906 887 magnitudo,
958 815 1016 870 in
1047 832 1113 870 eo
1159 816 1311 888 quod
1352 816 1422 870 ad
1458 815 1746 870 Christum

94 908 361 979 primum
384 909 694 981 )EthiOpes,
726 910 784 964 id
812 915 914 978 est,
944 913 1158 980 gentes,
1190 909 1615 980 ingrediuntur.

170 1003 399 1057 Interea
426 1002 590 1058 beata
614 1003 948 1075 perductam
977 1019 1035 1057 se
1064 1002 1134 1057 ad
1161 1018 1319 1057 sacra
1342 1001 1620 1057 cunabula
1660 1016 1744 1055 ra-

99 1094 196 1149 dio
225 1095 473 1167 desuper
497 1100 782 1163 currente,
824 1096 1067 1151 miratur
1108 1100 1361 1152 extrema
1400 1111 1558 1167 gens,
1597 1094 1748 1149 bono

101 1188 336 1260 publico
349 1189 539 1261 prima
551 1189 779 1246 fruitur.
798 1191 978 1254 Quam
995 1190 1272 1261 stupenda
1290 1188 1541 1261 dignatio
1562 1188 1576 1241 l
1603 1189 1751 1243 [nter

102 1282 406 1354 amplexus
427 1283 715 1355 genitricis
727 1283 1053 1352 includitur,
1079 1283 1176 1356 qui
1203 1282 1409 1337 cmlum
1426 1287 1752 1353 terramque

105 1377 525 1448 complectitur.
555 1379 618 1433 In
643 1376 772 1431 sinu
798 1376 998 1432 matris
1019 1377 1175 1443 latet,
1195 1376 1551 1449 quiregnum
1577 1374 1753 1431 Patris

108 1470 354 1525 excedit.
396 1471 501 1524 Per
532 1470 769 1541 simplex
800 1470 1051 1525 ofﬁcium
1079 1469 1329 1542 spiritale
1356 1469 1641 1524 revelatur
1658 1484 1751 1523 ar-

109 1579 341 1618 canum.
382 1563 712 1617 Humanitas
757 1563 1028 1633 cernitur,
1075 1566 1133 1617 et
1172 1563 1432 1617 divinitas
1467 1562 1754 1619 adoratur.

111 1657 402 1711 Exhibent
424 1672 650 1725 aurum,
672 1656 804 1711 thus
831 1661 887 1711 et
912 1656 1224 1728 myrrham.
1249 1657 1377 1711 Plus
1392 1655 1453 1710 in
1474 1656 1756 1727 mysteriis

112 1766 293 1821 quam
331 1750 391 1803 in
422 1750 773 1805 conscientiis
803 1750 1121 1819 offerentes,
1152 1750 1212 1804 in
1237 1749 1361 1804 auri
1386 1765 1643 1819 munere,
1673 1765 1758 1803 re-

1841 536 2011 590 etiam
2053 537 2216 591 nobis
2260 536 2590 608 spiritaliter
2631 535 3058 607 praecipiuntur.
3086 537 3154 590 Et
3176 552 3279 606 per
3302 535 3472 590 aliam

1841 629 2009 699 viam,
2041 630 2097 685 id
2128 634 2232 695 est,
2260 646 2364 702 per
2388 630 2558 684 aliam
2602 629 3084 684 conversationem
3126 634 3477 684 revertamur

1841 722 1914 777 ad
1939 723 2205 793 patriam.
2235 724 2395 779 Forte
2423 723 2627 795 aliquis
2664 722 2905 794 requirit
2940 711 3225 794 quomodo
3260 722 3314 776 id
3354 722 3477 777 ﬁeri

1842 814 2061 887 possit?
2085 815 2189 881 Qui
2237 816 2343 871 hoc
2383 816 2525 871 scire
2570 815 2869 884 desiderat,
2910 815 3103 870 audiat
3137 815 3481 886 prophetam

1845 908 2163 964 dicentem:
2196 912 2408 965 Diverte
2436 925 2470 963 α
2493 911 2658 972 malo,
2685 912 2778 977 fac
2804 910 3013 973 bonum,
3035 911 3249 979 inquire
3265 924 3478 979 pacem,

1848 1007 1900 1057 et
1925 1017 2143 1072 sequere
2170 1019 2289 1057 eam
2319 1003 2539 1074 (Psalm.
2570 1006 2779 1073 xxxm).
2809 1003 2923 1057 Hoc
2950 1002 3105 1058 enim
3143 1002 3341 1059 ordine
3378 1018 3484 1075 per

1847 1096 2019 1151 aliam
2037 1094 2189 1151 viam
2216 1097 2435 1154 reditur
2461 1096 2532 1151 ad
2557 1096 2819 1168 patriam.

1919 1190 2059 1244 Nam
2087 1190 2221 1261 quia
2242 1206 2347 1261 per
2370 1190 2695 1261 superbiam
2723 1189 3027 1245 cecidimus
3066 1189 3125 1244 in
3178 1189 3480 1260 mundum,

1851 1287 2073 1353 oportet
2088 1288 2155 1338 ut
2178 1300 2280 1354 per
2305 1282 2687 1338 humilitatem
2714 1284 3011 1339 redeamus
3039 1283 3108 1337 ad
3135 1284 3479 1355 paradisum.

1851 1377 1958 1430 Per
1984 1376 2349 1448 cupiditatem
2378 1378 2447 1432 ad
2490 1376 2787 1432 servitium
2825 1375 3035 1431 diaboli
3078 1376 3353 1446 venimus,
3384 1393 3487 1448 per

1853 1469 2295 1525 misericordiam
2316 1471 2385 1526 ad
2406 1469 2691 1525 Christum
2710 1470 3012 1525 Dominum
3038 1471 3351 1525 redeamus.
3382 1471 3488 1525 Per

1852 1563 2217 1635 voluptatem,
2245 1567 2414 1636 atque
2441 1564 2730 1619 luxuriam
2753 1564 3115 1618 durissimum
3138 1564 3349 1635 jugum
3375 1564 3487 1618 dia-

1854 1656 1970 1711 boli
1994 1658 2387 1729 sustinuimus,
2414 1674 2518 1729 per
2543 1658 2896 1728 charitatem,
2925 1662 3094 1730 atque
3110 1657 3393 1729 «justitiam
3413 1657 3489 1711 le-

1857 1766 1921 1805 ve
1939 1750 2150 1822 jugum
2175 1751 2382 1806 Christi
2419 1752 2703 1823 suscipere
2728 1751 3081 1807 festinemus.
3122 1752 3227 1806 Per
3253 1751 3369 1805 vias
3402 1750 3486 1805 in-

118 1818 211 1916 gia
255 1843 528 1915 dignitas,
562 1844 622 1898 in
660 1843 847 1898 thuris
877 1859 1104 1914 vapore,
1143 1842 1333 1897 divina
1371 1818 1652 1913 majestas.
1695 1818 1834 1897 InB
1857 1818 2135 1899 ﬁdelitatis
2153 1849 2321 1917 atque
2334 1818 3144 1917 nequitiaadiaboloinfeliciter
3161 1844 3490 1912 servientes,

116 1938 374 2010 myrrhae
402 1937 586 2009 specie
617 1937 938 2010 sepelienda
964 1937 1382 1993 demonstratur
1408 1935 1755 1992 humanitas.

117 2035 197 2087 Ac
228 2032 308 2085 sic
332 2030 665 2086 Trinitatem
693 2030 990 2086 oblationis
1017 2046 1293 2085 numerus
1321 2029 1595 2101 loquitur,
1626 2029 1758 2083 uni-

112 2130 301 2181 tatem
329 2125 550 2179 devotio
579 2141 693 2179 una
724 2127 993 2194 testatur;
1020 2140 1084 2178 ac
1109 2140 1213 2195 per
1236 2124 1369 2191 hoc,
1397 2122 1555 2196 vigili
1580 2123 1763 2177 inten-

113 2219 275 2273 tione
305 2218 491 2273 cordis
520 2217 725 2273 ccelum
755 2217 1083 2273 studeamus
1108 2217 1379 2288 aspicere,
1402 2216 1448 2270 si
1478 2216 1550 2271 ad
1597 2215 1759 2272 Chri-

117 2315 274 2367 stum
300 2310 563 2383 cupimus
588 2310 903 2383 pervenire.
938 2310 1152 2383 Dirigat
1186 2309 1347 2364 nobis
1391 2309 1623 2364 semitas
1660 2308 1764 2365 viaa

117 2406 401 2478 perfectas
426 2406 585 2460 stella
600 2404 858 2476 justitiaa.
884 2403 964 2471 Ei,
988 2404 1086 2476 qui
1113 2403 1255 2459 dixit
1280 2420 1294 2457 :
1325 2405 1447 2459 Non
1477 2404 1766 2473 apparebis

117 2507 179 2558 in
208 2507 496 2575 conspectu
521 2519 634 2558 meo
681 2519 885 2558 vacuus
923 2502 1117 2572 (Exod.
1158 2502 1310 2573 mn)
1349 2500 1674 2571 oﬂ‘eramus,
1713 2505 1769 2556 et

120 2619 231 2658 nos
259 2614 487 2656 ‘aurum
532 2600 686 2669 ﬁdei,
734 2599 955 2673 pietatis
988 2604 1261 2671 aromata,
1306 2598 1576 2655 castitatis
1615 2599 1769 2654 holo-

125 2699 341 2765 causta,
362 2694 671 2768 spiritalem
697 2709 923 2767 quoque
938 2693 1232 2766 myrrham
1256 2692 1569 2748 habeamus
1592 2693 1652 2747 in
1672 2709 1769 2747 no-

123 2790 234 2861 bis,
280 2805 410 2862 quae
458 2789 539 2844 ita
590 2787 807 2843 animas
850 2792 1070 2842 nostras
1119 2787 1362 2855 condiat,
1402 2791 1468 2842 ut
1504 2786 1699 2841 ﬂlazsas
1736 2804 1771 2841 a

126 2882 345 2956 peccati
370 2880 731 2954 corruptione
756 2881 1049 2937 custodiat.
1076 2882 1353 2937 Mutemus
1377 2880 1548 2951 viam,
1582 2880 1627 2934 si
1647 2896 1772 2952 pcr-

128 2977 328 3033 venire
356 2981 615 3047 optamus
635 2975 705 3031 ad
726 2974 988 3046 patriam,
1019 2974 1089 3029 ad
1117 2974 1361 3048 patriam
1386 2974 1585 3047 utique
1612 2974 1770 3029 ccele-

131 3077 300 3127 stem.
332 3074 410 3125 Ac
438 3070 484 3124 si
525 3070 675 3125 inter
709 3073 1014 3141 utrumque
1054 3069 1479 3138 commercium,
1518 3072 1584 3123 ut
1622 3067 1773 3122 illius

1857 1937 1928 1992 ab
1952 1938 2286 2009 angelorum
2305 1939 2569 1993 societate
2589 1938 2968 2008 discessimus,
2990 1938 3219 2010 pervias
3230 1938 3495 1994 bonitatis

1859 2047 1922 2085 ac
1948 2030 2078 2085 ﬁdei
2094 2031 2277 2086 redire
2301 2031 2373 2085 ad
2397 2031 2708 2103 principale
2756 2016 3103 2087 studeamus.
3150 2031 3205 2087 Si
3251 2032 3358 2086 hoc
3399 2047 3492 2085 or-

1861 2127 1995 2182 dine
2024 2128 2139 2182 vias
2170 2129 2494 2183 mortiferas
2513 2128 2917 2200 relinquentes,
2970 2129 3088 2182 vias
3133 2128 3264 2184 vitae
3303 2133 3496 2183 tenere

1862 2221 2229 2290 voluerimus,
2261 2222 2330 2277 de
2357 2223 2584 2277 sinistra
2609 2222 2864 2277 translati
2889 2222 2961 2277 ad
2992 2222 3271 2292 dextram,
3293 2238 3492 2294 mago-

1863 2332 1995 2371 rum
2017 2315 2223 2371 itinera
2266 2316 2508 2372 ﬁdeliter
2544 2333 2608 2371 ac
2650 2315 2889 2371 feliciter
2928 2332 3228 2388 possumus
3266 2316 3494 2371 imitari.

1863 2409 1969 2473 Qui
1998 2409 2155 2481 prius
2185 2410 2399 2465 solebat
2432 2427 2522 2465 res
2561 2409 2772 2465 alienas
2813 2410 3036 2479 tollere,
3088 2414 3145 2466 et
3172 2426 3324 2465 nunc
3372 2426 3500 2465 suas

1866 2504 2099 2574 cceperit
2123 2503 2564 2559 misericorditer
2598 2520 2855 2576 erogare,
2885 2521 3001 2559 non
3025 2503 3129 2559 tibi
3150 2503 3373 2559 videtur
3399 2520 3502 2574 per

1867 2597 2041 2652 aliam
2067 2596 2216 2652 viam
2245 2598 2506 2653 incedere
2528 2616 2546 2669 ς
2576 2598 2675 2670 qui
2701 2598 2812 2653 fuit
2839 2598 3079 2667 adulter,
3109 2602 3165 2653 et
3192 2602 3278 2653 est
3296 2600 3499 2665 castus;

1868 2691 1968 2763 qui
1992 2691 2102 2746 fuit
2130 2692 2402 2760 ebriosus,
2432 2695 2488 2747 et
2515 2697 2599 2747 est
2628 2692 2878 2759 sobrius;
2909 2692 3007 2764 qui
3034 2691 3246 2747 solebat
3269 2691 3506 2747 maledi-

1869 2801 2015 2856 cere,
2062 2790 2118 2841 et
2156 2785 2468 2855 benedicit;
2512 2785 2612 2857 qui
2645 2786 2831 2840 fuerat
2858 2785 3103 2854 invidus,
3149 2789 3207 2840 et
3232 2788 3317 2840 est
3342 2784 3501 2839 beni-

1870 2895 2016 2950 gnus
2044 2896 2057 2933 :
2091 2879 2137 2932 si
2164 2878 2318 2933 enim
2346 2878 2695 2934 orationibus
2719 2879 2890 2934 simul
2925 2883 2982 2934 et
3007 2878 3169 2933 bonis
3219 2878 3502 2950 operibus,

1871 2972 1982 3027 Deo
2011 2971 2337 3041 auxiliante,
2384 2972 2782 3027 contendimus
2819 2972 2926 3027 hoc
2957 2972 3153 3028 ordine
3183 2970 3500 3027 conversio-

1872 3082 2014 3121 num
2061 3070 2388 3120 nostrarum
2428 3065 2633 3121 itinera
2677 3066 2737 3120 in
2790 3065 2995 3121 melius
3033 3068 3405 3135 commutare,
3436 3065 3507 3121 ad

131 3165 298 3221 nobis
325 3164 730 3235 proprietatem
756 3179 863 3217 usu
888 3162 1049 3217 istius
1086 3178 1512 3234 comparemus;
1545 3161 1623 3216 ita
1649 3161 1761 3216 ela-
1792 3192 1847 3267 ρ
1873 3158 2564 3214 aeternambeatitudinem
2590 3159 2903 3230 poterimus
2920 3159 3161 3214 feliciter
3183 3159 3502 3231 pervenire.

130 3259 426 3327 boremus,
454 3261 520 3312 ut
549 3257 699 3311 illius
728 3255 831 3311 ista
853 3255 928 3310 sit
951 3255 1221 3327 pretium.

212 3353 354 3407 Illud
380 3354 573 3407 autem
599 3350 750 3423 quod
776 3350 855 3405 ait
882 3348 1260 3420 Evangelista,
1292 3366 1490 3421 magos
1518 3349 1774 3404 admoni—

1875 3254 2031 3319 Quod
2073 3257 2340 3324 prmstare
2397 3251 2665 3323 dignetur
2716 3253 2813 3325 qui
2864 3269 2995 3308 cum
3059 3255 3221 3308 Patre
3287 3258 3344 3308 et
3394 3253 3512 3324 Spi-

1877 3348 1992 3402 ritu
2034 3351 2225 3401 sancto
2275 3344 2412 3400 vivit
2446 3350 2503 3400 et
2544 3350 2750 3417 regnat
2788 3346 2847 3401 in
2892 3347 3098 3402 saecula
3153 3347 3508 3404 saeculorum.

135 3453 224 3503 tos
249 3463 372 3502 esse
398 3446 459 3500 in
490 3444 724 3514 somnis,
752 3460 824 3499 ne
854 3443 1106 3499 redirent
1128 3442 1199 3497 ad
1224 3442 1523 3513 Herodem,
1552 3442 1652 3498 sed
1679 3458 1781 3514 per
1880 3443 2082 3496 Amen.

1014 3764 1884 3922 SERMON
1894 3782 2139 3921 ES
2232 3780 2664 3923 Ι)υο

282 4018 715 4106 SANCTO

834 4018 1265 4105 SEDATO
1383 4016 2128 4102 BITTERRENSI
2236 4015 2785 4103 EPISCOPO
2897 4017 3388 4107 TRIBUTI.

401 4299 718 4381 (Exstant
742 4300 860 4363 sub
888 4300 1151 4364 nomine
1179 4300 1393 4363 sancti
1417 4299 1810 4382 Augustini,
1842 4298 2091 4363 Patrol.
2126 4308 2279 4363 tom.
2327 4299 2397 4377 V,
2422 4309 2598 4383 part.
2632 4320 2695 4375 ιι,
2730 4300 2847 4364 col.
2883 4304 3283 4381 4001-1005.)

159 4468 3521 4519 ῃ

1539 4652 1708 4699 ΑΝΝο
1751 4652 1971 4699 DOMINI
2013 4653 2181 4697 DXCI.
2550 4642 2555 4653 ’

496 4796 1751 5007 SANCTUS

1904 4796 3209 5039 ABEGIUS,

1357 5111 1371 5126 ’
1454 5091 2218 5387 ΑΒιῦἰυδ,

889 5440 1496 5560 ansas
1585 5438 2824 5592 ATTANENSIS.

171 5778 437 5862 (Hujus
476 5778 690 5841 sancti
741 5776 954 5843 Vitam
999 5786 1064 5843 et
1104 5786 1559 5845 testamentum
1603 5779 1811 5865 legere
1853 5788 1948 5865 est
1987 5780 2153 5844 inter
2194 5797 2421 5865 opera,
2442 5777 2755 5865 Gregorio
2805 5779 3163 5845 Turonensi
3206 5781 3545 5865 attributa,

1261 5868 1416 5926 tom.
1461 5859 1770 5945 praemii,
1808 5861 1925 5926 col.
1973 5865 2131 5926 1119
2174 5859 2247 5923 ei
2277 5859 2486 5944 1143.)
