4016 6240
1880 577 2090 624 EODEM
2132 578 2441 626 TEMPORE.

1345 734 2959 949 COGITOSUS.

1098 1043 1497 1164 (lania,
1600 1047 2191 1149 Thesaurus
2275 1080 2730 1150 manum.
2812 1065 3050 1149 tom.
3138 1047 3222 1147 1.

1237 1375 1909 1533 ΝΟΤΙΤΙΑ,
1984 1379 2151 1503 Ei

2289 1377 3095 1506 BASNAGIO.

544 1682 872 1752 Cogitosum
897 1682 990 1737 hic
1019 1683 1368 1755 reponimus,
1395 1684 1636 1739 aliorum
1674 1686 1926 1758 vestigiis
1968 1687 2106 1741 insi-
2130 1688 2430 1773 Amaticae
2461 1687 2615 1759 leges
2644 1690 2836 1758 peccat
2871 1686 3079 1758 saepius
3118 1685 3216 1741 ille
3264 1684 3523 1756 scriptor,
3568 1690 3624 1740 et
3669 1684 3854 1756 stylus

473 1778 684 1829 stentes
711 1776 1098 1848 potius,quam
1118 1782 1325 1832 nostrae
1344 1779 1635 1833 sententiae
1655 1778 2110 1852 addicti.Quippe

472 1869 657 1923 multo
696 1870 1068 1924 recentiorem
1102 1871 1385 1926 credimus
1428 1872 1590 1926 illum
1620 1873 1973 1943 scriptorem.
2004 1876 2108 1928 Po-

471 1962 643 2016 stulat
669 1962 898 2033 quidem
920 1964 1237 2034 Cogitosus,
1266 1969 1331 2019 ut
1360 1970 1556 2020 oretur
1581 1982 1684 2036 pro
1712 1983 1769 2021 se
1785 1972 1971 2036 nepote
1990 1969 2107 2023 cul-

465 2059 664 2127 pabili.
687 2060 793 2114 Sed
818 2076 875 2114 se
907 2061 1150 2131 Brigidaa
1190 2067 1433 2131 nepotem
1479 2079 1595 2117 non
1640 2063 1794 2131 dicit,
1840 2080 1943 2119 nec
1986 2081 2111 2118 rem

470 2151 579 2221 ipsi
607 2151 907 2222 gloriosam
940 2152 1200 2209 siluisset.
1232 2159 1318 2209 An
1338 2172 1407 2210 ex
1434 2154 1566 2225 ﬁlia,
1595 2172 1667 2211 an
1693 2173 1763 2211 ex
1803 2173 1993 2211 sorore
2022 2157 2110 2212 vel

470 2244 644 2299 fratre
666 2262 843 2316 nepos
856 2246 1039 2301 dictus
1055 2248 1166 2302 est?
1179 2248 1284 2304 Sed
1300 2250 1444 2303 nulli
1462 2254 1856 2304 memorantur
1868 2250 1957 2303 Bri
1964 2250 2111 2321 gidaa

472 2337 558 2391 vel
587 2338 790 2393 fratres
826 2340 913 2393 vel
935 2356 1174 2409 sorores,
1207 2358 1311 2395 nec
1336 2341 1511 2396 tiliam
1536 2343 1719 2412 potuit
1748 2342 1955 2397 habere
1981 2359 2110 2414 quae

471 2431 632 2502 virgo
660 2434 986 2502 permansit.
1005 2434 1127 2497 Qua
1146 2434 1361 2489 ratione
1380 2435 1554 2506 igitur
1572 2452 1629 2489 se
1652 2441 1893 2507 nepotem
1913 2437 2108 2507 appel-

472 2524 857 2591 laverit,nobis
883 2542 1045 2597 teque
1066 2543 1130 2579 ac
1148 2528 1367 2582 Canisio
1394 2528 1695 2583 incertum.
1720 2530 1812 2583 Ait
1836 2534 2112 2600 praeterea

472 2617 764 2687 Cogitosus
779 2621 1004 2674 virtutes
1014 2621 1255 2689 Brigidae
1270 2637 1376 2676 non
1389 2623 1561 2676 solum
1579 2622 1742 2676 audiv
1750 2625 1871 2685 isse,
1887 2624 1981 2677 sed
1992 2639 2111 2677 ocu-

475 2712 541 2765 lis
552 2713 666 2765 suis
677 2712 894 2766 vidisse.
920 2712 1026 2768 Sed
1040 2713 1132 2767 hic
1143 2730 1257 2768 non
1269 2715 1458 2785 agitur
1469 2714 1869 2769 demiraculisa
1885 2715 1973 2769 Bri
1980 2716 2112 2787 gida

473 2804 612 2858 dum
631 2804 842 2859 viveret
859 2807 1113 2877 patratis.
1137 2807 1361 2861 Viderat
1374 2808 1667 2879 Cogitosus
1683 2814 1943 2879 portenta
1958 2825 2112 2880 quae-

473 2897 690 2965 dam,in
709 2899 756 2969 ej
767 2916 830 2952 us
841 2900 1051 2970 templo
1062 2900 1283 2970 operari
1296 2901 1478 2969 solita;
1494 2902 1813 2973 quodillam
1819 2903 1941 2973 jam
1952 2903 2109 2973 prius

473 2990 797 3046 defunctam
812 2992 1360 3065 indicat,probatque
1380 3011 1496 3049 non
1514 2995 1890 3063 coaevum,sed
1912 3011 2107 3050 recen-

2213 1780 2539 1836 Barbariem
2583 1780 2774 1835 saeculi
2816 1796 2928 1851 quo
2967 1779 3107 1834 vixit
3155 1778 3385 1834 indicat.
3433 1778 3554 1833 Vita
3598 1778 3853 1849 Brigidae

2209 1891 2382 1946 quam
2408 1873 2705 1945 descripsit
2718 1878 2835 1929 tota
2848 1873 3136 1928 miraculis
3157 1876 3349 1942 scatet,
3372 1876 3569 1944 utpote
3588 1887 3741 1943 quae,
3767 1887 3855 1926 se-

2209 1968 2462 2021 cundum
2483 1968 2691 2039 ipsum,
2707 1972 2959 2036 potenter
2986 1969 3170 2021 omnia
3188 1982 3307 2036 quae
3334 1966 3682 2021 desiderabat
3715 1982 3851 2035 ope-

2208 2066 2446 2115 raretur.
2474 2060 2638 2115 Canis
2667 2077 2785 2114 non
2811 2077 2980 2115 ausus
3004 2065 3107 2128 est,
3135 2064 3200 2114 ut
3223 2060 3455 2131 quidem
3483 2060 3702 2127 asserit,
3746 2075 3847 2113 co-

2210 2154 2437 2209 medere
2468 2154 2789 2224 dcpositum
2811 2154 2992 2208 beata
3018 2153 3272 2224 virginis,
3303 2153 3401 2207 sed
3426 2158 3610 2207 custos
3626 2155 3854 2222 patiens

2213 2247 2364 2301 lardi
2386 2246 2573 2301 divina
2598 2247 2914 2302 refrenatus
2944 2246 3151 2301 virtute
3192 2246 3422 2301 exstitit.
3459 2247 3659 2301 Mirare
3693 2244 3851 2317 quod

2209 2340 2308 2394 illa
2334 2340 2494 2411 virgo
2521 2340 2703 2394 virum
2734 2340 3091 2394 eremiticum
3117 2339 3524 2408 convocaverit,
3562 2342 3629 2393 ut
3663 2338 3848 2393 eccle-

2211 2433 2355 2488 siam
2377 2434 2437 2488 in
2464 2433 2766 2505 episcopali
2784 2433 3057 2505 dignitate
3094 2450 3225 2488 cum
3269 2449 3332 2487 ea
3378 2432 3752 2504 gubernaret;
3796 2436 3852 2487 et

2210 2533 2404 2599 postea
2430 2529 2504 2582 sic
2531 2532 2753 2582 unctum
2777 2533 2942 2597 caput
2960 2532 3009 2582 et
3036 2528 3341 2582 beatissima
3358 2528 3669 2597 puellarum
3688 2528 3854 2596 prin-

2211 2621 2405 2690 cipalis
2434 2620 2583 2675 felici
2609 2620 2901 2690 comitatu,
2931 2621 3306 2692 principalem
3327 2619 3623 2675 ecclesiam
3643 2618 3850 2674 erexit.

2210 2714 2563 2784 Stupendum
2613 2714 2803 2781 etiam,
2861 2714 3142 2785 virginem
3220 2714 3582 2768 saluberrima
3637 2716 3857 2767 semina

2207 2808 2358 2861 verbi
2387 2808 2646 2862 dominici
2674 2824 2741 2861 em
2784 2823 2928 2863 more
2968 2809 3369 2863 consuetudinis
3404 2807 3649 2863 omnibus
3684 2809 3852 2861 semi-

2208 2916 2388 2955 nasse.
2435 2902 2561 2955 Haec
2605 2901 2760 2955 enim
2786 2901 3008 2973 legibus
3036 2901 3424 2956 adversantur.
3464 2900 3604 2955 Nata
3636 2898 3857 2954 dicitur

2208 2993 2435 3065 Brigida
2459 3009 2611 3049 anno
2634 2996 2757 3049 439.
2774 2993 2942 3063 Obiit,
2961 2995 3273 3050 secundum
3292 2993 3672 3065 Sigebertum,
3692 3009 3853 3047 anno

471 3083 857 3141 tioremfuisse
874 3062 1223 3157 Cogitosum,
1247 3062 1344 3158 qui
1362 3088 1602 3159 Brigidze
1620 3062 1858 3144 viventis
1873 3088 2108 3144 virtutes
2129 3062 2185 3135 B
2209 3062 2334 3157 518,
2375 3086 2467 3141 vel
2501 3103 2650 3141 anno
2680 3091 2805 3157 521,
2848 3062 3161 3143 secundum
3200 3062 3503 3142 Martinum
3544 3085 3851 3154 Polonum,

472 3194 506 3233 a
542 3179 851 3250 majoribus
886 3184 1111 3235 tantum
1148 3180 1521 3249 inaudiverat,
1565 3198 1682 3236 non
1722 3182 1939 3236 viderat
1962 3182 2104 3253 ipse.

474 3272 745 3326 Describit
762 3273 1053 3343 Cogitosus
1080 3274 1321 3344 parietes
1358 3275 1646 3329 decoratos
1674 3274 1836 3346 pictis
1879 3275 2105 3343 tabulis,

474 3370 526 3419 et
561 3367 889 3433 imaginibus
927 3367 1175 3436 depictis,
1209 3383 1335 3439 qua:
1371 3368 1681 3439 posteriora
1724 3368 1984 3423 redolent
2011 3384 2111 3422 sae-

474 3458 632 3525 cula;
663 3475 780 3514 non
809 3460 964 3515 enim
979 3460 1217 3516 ineunte
1242 3462 1449 3516 saeculo
1479 3478 1532 3516 v1
1553 3461 1938 3533 pingebantur
1963 3462 2107 3516 ima-

476 3551 635 3623 gines
664 3551 725 3607 in
748 3554 976 3625 templis
1000 3554 1398 3611 Hibernorum.
1428 3555 1679 3627 Denique
1700 3560 1894 3611 contra
1908 3555 2108 3611 Gram-

2206 3196 2379 3252 quem
2421 3180 2676 3253 sequitur
2710 3181 3000 3236 Baronius.
3052 3181 3333 3253 Distingui
3381 3180 3547 3235 debet
3574 3180 3644 3235 ab
3670 3180 3857 3234 altera

2209 3273 2464 3345 Brigitta,
2496 3290 2626 3346 quae
2651 3274 2854 3329 saeculo
2883 3291 2975 3330 xxv
3001 3274 3159 3345 vixit,
3186 3278 3243 3329 et
3266 3275 3406 3330 ccelo
3448 3273 3697 3345 ascripta
3737 3272 3857 3327 fuit

2209 3385 2243 3421 a
2269 3367 2553 3422 Bonifacio
2579 3368 2846 3440 pontifice
2871 3369 3126 3423 Romano
3155 3385 3249 3424 an.
3284 3370 3443 3424 1391.
3474 3368 3549 3423 De
3577 3366 3675 3421 illa
3703 3383 3849 3422 con-

2210 3461 2318 3515 suli
2341 3466 2527 3534 potest
2550 3462 2856 3518 Casimirus
2882 3462 3087 3532 Oudin,
3121 3462 3219 3534 qui
3249 3478 3377 3518 eam
3395 3479 3546 3517 anno
3574 3463 3678 3517 530
3703 3459 3853 3516 assi-

2212 3559 2370 3626 gnat.
2398 3556 2583 3628 suppl.
2612 3556 2682 3612 de
2710 3556 2888 3628 Scrip.
2914 3573 3007 3628 ep.
3040 3558 3160 3611 108.

482 3895 1302 4045 SANGT/E
1410 3898 2282 4053 BRIGIDzE
2387 3899 3261 4052 VIRGINIS
3371 3901 3852 4050 VITA

1562 4159 1631 4238 A
1685 4158 2141 4239 COGITOSO
2198 4158 2758 4241 ADORNATA.

1933 4446 2392 4576 111111109115.

557 4736 768 4811 Cogisti
796 4753 908 4808 me,
931 4736 1152 4807 fratres,
1181 4742 1246 4792 ut
1270 4740 1477 4791 sancta:
1504 4738 1558 4789 et
1580 4732 1759 4789 beatae
1784 4732 2077 4789 memoriae
2101 4734 2343 4806 Brigidae
2369 4733 2606 4805 virginis
2631 4732 2864 4789 virtutes
2887 4738 2945 4790 et
2969 4749 3160 4806 opera,
3188 4750 3349 4790 more
3377 4733 3697 4804 doctorum,
3727 4746 3851 4790 me—

475 4828 673 4885 moriae
691 4828 1006 4901 litterisque
1038 4829 1262 4884 tradere
1288 4824 1611 4899 aggrediar.
1635 4824 1794 4890 Quod
1820 4841 1962 4896 opus
1991 4823 2341 4895 impositum,
2371 4828 2428 4879 et
2454 4823 2707 4879 delicatae
2732 4823 2982 4879 materiae
3007 4824 3581 4897 arduum,parvitatis
3605 4830 3661 4879 et
3684 4824 3849 4895 igno-

473 4918 672 4974 rantiae
698 4934 842 4973 mea:
868 4920 925 4973 et
950 4918 1162 4990 lingua
1188 4916 1425 4973 minime
1452 4914 1731 4970 convenit.
1761 4914 1867 4970 Sed
1895 4919 2093 4986 potens
2115 4920 2199 4971 est
2224 4916 2369 4970 Deus
2395 4915 2463 4970 de
2484 4914 2736 4969 minimis
2761 4930 2971 4987 magna
2995 4915 3198 4986 facere,
3219 4921 3286 4972 ut
3312 4916 3381 4972 de
3405 4916 3613 4988 exiguo
3634 4914 3763 4970 oleo
3790 4919 3850 4971 et

473 5009 673 5066 farinae
698 5010 917 5081 pugillo
947 5010 1185 5065 domum
1210 5010 1470 5081 implevit
1497 5009 1857 5080 pauperculae
1884 5008 2068 5063 viduae
2101 5008 2204 5079 (III
2226 5011 2355 5077 Reg.
2380 5024 2492 5064 xvn
2507 5025 2525 5078 ;
2553 5010 2639 5065 IV
2653 5012 2783 5077 Reg.
2808 5009 2903 5080 Iv).

547 5123 737 5192 Itaque
754 5119 1107 5191 jussionibus
1133 5119 1331 5175 vestris
1346 5124 1593 5188 coactus,
1622 5118 1755 5173 satis
1786 5118 1966 5173 habeo
1992 5135 2181 5174 meam
2206 5135 2320 5173 non
2338 5118 2581 5174 defuisse
2602 5118 3009 5188 obedientiam,
3041 5123 3099 5175 et
3121 5119 3249 5175 ideo
3269 5137 3448 5192 pauca
3467 5121 3536 5175 de
3556 5120 3845 5193 pluribus,

474 5231 506 5269 a
530 5211 839 5283 majoribus
866 5216 921 5266 et
946 5210 1302 5282 peritissimis
1332 5210 1555 5278 tradita,
1580 5211 1700 5265 sine
1728 5210 1844 5264 ulla
1868 5209 2254 5282 ambiguitatis
2280 5209 2544 5282 caligine,
2575 5226 2648 5265 ne
2677 5209 3077 5265 inobedientiae
3104 5210 3319 5265 crimen
3339 5210 3649 5281 incurram,
3679 5216 3845 5282 pate-

471 5304 655 5359 facere
682 5318 905 5358 censeo.
940 5302 1019 5355 Ex
1048 5300 1255 5373 quibus
1283 5304 1499 5372 quanta
1524 5299 1818 5372 qualisque
1846 5300 2008 5372 virgo
2034 5299 2309 5354 virtutum
2334 5299 2613 5355 bonarum
2640 5300 2856 5369 ﬂorida,
2910 5305 3245 5355 cunctorum
3277 5300 3455 5355 oculis
3506 5296 3846 5357 innotescat.

471 5392 594 5448 Non
623 5393 773 5465 quod
798 5392 1097 5461 memoria,
1125 5396 1183 5446 et
1212 5390 1589 5459 mediocritas,
1620 5395 1673 5445 et
1702 5389 1942 5445 rusticus
1966 5405 2151 5444 sermo
2175 5388 2452 5461 ingenioli
2479 5390 2592 5444 mei
2618 5389 2762 5444 tanti
2788 5390 3041 5445 muneris
3086 5389 3335 5445 ofﬁcium
3376 5390 3659 5462 explicare
3698 5392 3849 5447 vale-

471 5487 578 5553 ret,
603 5482 703 5537 sed
731 5482 861 5537 ﬁdei
880 5487 1081 5538 vestrae
1107 5477 1416 5547 beatitudo,
1443 5482 1500 5535 et
1527 5479 1853 5535 orationum
1880 5484 2195 5534 vestrarum
2223 5477 2565 5536 diuturnitas
2593 5483 2845 5535 meretur
2867 5480 3124 5551 accipere
3149 5480 3302 5552 quod
3339 5496 3456 5535 non
3492 5480 3638 5536 valet
3675 5479 3846 5553 inge-

472 5572 637 5627 nium
657 5571 938 5627 dictantis.

544 5681 671 5735 Haec
698 5696 836 5750 ergo
864 5676 1109 5751 egregiis
1133 5695 1388 5735 crescens
1414 5673 1734 5747 virtutibus,
1764 5681 1821 5733 et
1849 5694 1951 5749 per
1975 5676 2188 5734 famam
2211 5677 2490 5735 bonarum
2515 5694 2710 5735 rerum
2736 5678 2807 5735 ad
2835 5695 2961 5735 eam
2985 5679 3054 5735 de
3081 5679 3350 5735 omnibus
3397 5679 3705 5752 provinciis
3754 5679 3849 5736 Hi-

473 5768 689 5827 berniae
714 5769 1157 5825 innumerabiles
1179 5768 1375 5841 populi
1396 5768 1466 5824 de
1491 5772 1739 5839 utroque
1764 5783 1904 5824 sexu
1923 5768 2292 5840 conﬂuentes,
2306 5773 2437 5825 vota
2464 5768 2570 5825 sibi
2593 5769 3207 5841 voventes,voluntarie
3231 5785 3399 5827 suum
3411 5769 3844 5841 monasterium,

475 5862 644 5930 caput
662 5874 809 5930 pene
831 5858 1090 5913 omnium
1110 5858 1565 5915 Hiberniensium
1582 5857 1983 5927 Ecclesiarum,
2016 5863 2073 5915 et
2099 5859 2327 5916 culmen
2353 5860 2680 5932 praecellens
2710 5860 2901 5916 omnia
2930 5862 3272 5917 monasteria
3311 5861 3627 5928 Scotorum,
3679 5859 3847 5933 cujus
