4016 6240
100 268 205 319 777
1382 269 1425 322 Α
1461 266 1779 323 COGITOSO
1814 266 2191 323 ADORNATA.
3375 278 3478 330 778

96 372 381 443 parochia
404 388 507 444 per
529 376 702 428 totam
734 373 1140 428 Hibernensem
1172 378 1382 429 terram
1411 375 1634 443 diffusa,
1666 392 1698 428 a
1724 376 1866 429 mari
1896 376 2169 453 usque‘ad
2196 391 2359 430 mare
2390 379 2618 431 extensa
2637 380 2740 443 est,
2774 376 2830 431 in
2862 378 3266 449 campestribus
3296 382 3483 453 campi

108 461 356 529 Liti‘eim,
388 480 558 534 supra
583 463 1019 518 fundamentum
1053 464 1181 518 tidei
1208 465 1440 519 ﬁrmum
1467 467 1800 533 construxit,
1825 469 1883 518 et
1908 439 2173 535 priideiiti
2197 466 2614 538 dispensatione
2636 466 2704 520 de
2723 467 3015 521 animabus
3031 484 3227 522 eorum
3252 471 3480 541 regula-

98 551 251 605 riter
280 552 340 604 in
367 553 632 607 omnibus
661 570 991 623 procurans,
1022 560 1078 608 et
1098 554 1165 608 de
1194 553 1452 609 E'cclesiis
1482 557 1791 610 multarum
1829 555 2253 625 provinciarum
2278 556 2384 609 sibi
2413 556 2830 610 adhaerentibus
2855 556 3179 625 sollicitans,
3209 562 3265 612 et
3290 575 3480 613 secum

102 641 427 707 revolvens,
457 642 609 712 quod
637 642 757 694 sine
785 658 1009 695 summo
1038 644 1345 709 sacerdote,
1381 644 1481 714 qui
1508 644 1766 697 ecclesias
1795 647 2165 712 consecraret,
2194 650 2250 697 et
2276 644 2677 698 ecclesiasticos
2698 644 2755 698 in
2784 645 2865 699 eis
2892 646 3100 716 gradus
3124 646 3477 718 subrogaret,

102 745 228 783 esse
258 746 375 783 non
402 736 626 800 posset;
656 731 939 785 illustrem
972 731 1159 785 virum
1185 738 1241 786 et
1263 733 1599 801 solitarium,
1632 732 1896 787 omnibus
1924 732 2174 786 moribus
2190 740 2476 799 ornatum,
2510 751 2614 804 per
2637 750 2810 804 quem
2842 735 2986 788 Deus
3015 734 3250 789 virtutes
3280 752 3481 806 opera-

102 824 201 871 tus
227 825 314 872 est
340 819 634 889 plurimas,
662 837 974 875 convocans
996 837 1130 875 eum
1157 821 1225 875 de
1256 838 1449 875 eremo
1477 828 1533 876 et
1557 822 1625 876 de
1656 838 1757 875 sua
1783 821 1896 875 vita
1922 822 2191 888 solitaria,
2225 828 2281 876 et
2308 823 2386 876 ibi
2413 822 2518 877 sibi
2547 824 2767 877 obviam
2796 840 3059 895 pergens,
3087 829 3153 878 ut
3180 825 3482 880 Ecclesiam

102 907 168 959 in
200 908 509 979 episcopali
542 909 816 980 dignitate
864 927 995 964 cum
1026 926 1091 965 ea
1120 911 1483 981 gubernaret,
1513 917 1683 982 atque
1717 915 1777 965 ut
1819 910 1963 965 nihil
1990 911 2058 965 de
2087 912 2281 967 ordine
2331 912 2660 967 sacerdotali
2686 913 2745 967 in
2788 914 2904 968 suis
2934 914 3149 969 deesset
3201 914 3479 984 Ecclesiis,

105 996 426 1052 accersivit.

182 1105 252 1158 Et
280 1111 476 1176 postea
494 1107 572 1162 sic
599 1113 834 1162 unctum
857 1113 1025 1179 caput
1051 1114 1108 1164 et
1131 1110 1444 1181 principale
1471 1110 1731 1165 omnium
1757 1109 2150 1181 episcoporum
2182 1117 2238 1165 et
2264 1111 2583 1167 beatissima
2608 1112 2929 1183 puellarum
2955 1112 3303 1183 principalis,
3333 1113 3484 1168 felici

107 1195 393 1249 comitatu
421 1196 569 1251 inter
598 1214 654 1251 se
672 1203 727 1252 et
757 1198 1154 1269 gubernaculis
1180 1201 1442 1255 omnium
1464 1200 1740 1259 virtutum
1759 1215 1923 1254 suam
1946 1200 2126 1255 erexit
2140 1200 2513 1272 principalem
2529 1200 2839 1267 ecclesiam,
2868 1207 2923 1255 et
2940 1201 3241 1256 amborum
3268 1202 3486 1257 meritis

106 1299 211 1336 sua
244 1285 512 1339 cathedra
539 1286 867 1358 episcopalis
897 1294 953 1343 et
977 1289 1263 1359 puellaris,
1292 1307 1355 1344 ac
1382 1290 1428 1345 si
1455 1289 1583 1345 vitis
1607 1289 1883 1362 frugifera
1908 1288 2113 1345 diffusa
2141 1290 2393 1361 undique
2423 1291 2594 1346 ramis
2627 1290 3027 1360 crescentibus,
3056 1291 3118 1346 in
3143 1296 3259 1346 tota
3283 1290 3482 1346 Hiber-

107 1373 275 1427 nensi
296 1373 482 1428 insula
508 1376 760 1431 inolevit.

183 1482 365 1545 Quam
394 1498 622 1555 semper
645 1486 1111 1558 Archiepiscopus
1136 1487 1593 1543 Hiberniensium
1623 1489 2020 1561 episcoporum
2047 1493 2105 1543 et
2129 1488 2426 1558 abbatissa,
2448 1505 2623 1560 quam
2641 1504 2838 1544 omnes
2868 1488 3166 1543 abbatissae
3187 1488 3482 1543 Scotorum

103 1576 473 1640 venerantur,
504 1573 651 1627 felici
679 1576 1023 1631 successione
1048 1581 1105 1631 et
1133 1577 1247 1632 ritu
1275 1583 1549 1649 perpetuo
1576 1579 1963 1633 dominantur.
1996 1578 2210 1633 Exinde
2240 1594 2398 1649 ergo,
2435 1582 2497 1631 ut
2524 1594 2692 1649 supra
2721 1578 2860 1645 dixi,
2889 1594 2923 1631 a
2946 1578 3213 1632 fratribus
3237 1582 3482 1655 coactus,

104 1659 292 1714 beatae
318 1661 491 1732 hujus
517 1662 755 1733 virginis
782 1666 1023 1737 Brigidce
1048 1667 1281 1722 virtutes
1311 1673 1431 1721 tam
1449 1684 1541 1722 eas
1566 1686 1705 1740 quas
1724 1673 1854 1723 ante
1880 1668 2284 1739 principatum,
2312 1684 2485 1739 quam
2513 1668 2649 1722 alias
2676 1684 2815 1739 quas
2856 1667 2918 1720 in
2944 1666 3263 1738 principatu
3292 1665 3482 1737 gessit,

108 1751 292 1804 multo
311 1751 498 1806 studio
522 1752 829 1823 brevitatis,
853 1756 980 1811 licet
1004 1762 1352 1828 praepostero
1384 1759 1582 1813 ordine
1612 1758 1885 1814 virtutum
1914 1759 2316 1831 compendiose
2343 1757 2628 1830 explicare
2654 1757 2919 1813 conabor.

111 1925 387 1939 ἦ

842 2097 1259 2191 INCIPIT
1325 2088 1603 2194 VITA
1673 2101 1752 2192 S.

1862 2098 2145 2193 ICTAE
2216 2097 2760 2192 BRIGIDIE.

185 2287 386 2343 Sancta
418 2287 608 2360 itaque
660 2290 909 2362 Brigida,
943 2310 1116 2364 quam
1154 2294 1297 2349 Deus
1343 2296 1641 2367 prazscivit,
1681 2297 1752 2351 ad
1772 2296 2243 2381 Amonstrabant
2288 2313 2388 2350 sua
2437 2312 2607 2366 Opera
2662 2294 2962 2366 completa,
3002 2293 3305 2365 quaesitum
3345 2295 3426 2347 est
3452 2309 3486 2346 a

113 2397 276 2435 suam
305 2381 620 2454 imaginem
649 2390 705 2439 et
731 2386 1169 2456 praedestinavit,
1196 2405 1228 2441 a
1254 2390 1573 2444 christianis
1597 2391 1752 2445 nobi-

113 2473 463 2546 lioribusque
519 2478 866 2548 parentibus,
896 2479 963 2533 de
1016 2481 1165 2535 bona
1214 2499 1276 2535 ac
1316 2478 1752 2554 prudentissima

117 2568 287 2622 Etech
315 2570 574 2641 prosapia
604 2572 663 2624 in
698 2572 877 2627 Scotia
924 2578 1064 2643 orta,
1098 2579 1258 2646 patre
1304 2576 1597 2631 Dubtocho
1623 2590 1664 2645 ι,
1696 2584 1753 2632 ct

118 2669 296 2717 matre
327 2665 526 2717 Brocca
556 2664 765 2735 genita,
795 2682 825 2719 a
856 2683 956 2720 sua
983 2669 1222 2737 pueritia
1247 2669 1528 2725 bonarum
1558 2688 1751 2725 rerum

118 2756 316 2810 studiis
340 2756 592 2813 inolevit.
626 2759 813 2813 Electa
856 2760 1010 2813 enim
1044 2778 1113 2815 ex
1143 2763 1252 2816 Deo
1280 2764 1467 2834 puella
1496 2765 1751 2819 moribus

117 2850 323 2916 sobria,
354 2850 537 2905 aetatis
565 2868 628 2905 ac
654 2851 939 2922 pudicitia:
966 2854 1151 2924 plena,
1180 2856 1238 2909 in
1266 2856 1499 2911 meliora
1528 2875 1751 2930 semper

117 2943 419 2998 crescebat.

184 3038 252 3091 Et
278 3038 408 3107 quis
433 3053 533 3091 sua
557 3054 750 3110 opera,
780 3057 908 3112 quae
929 3040 1099 3096 etiam
1126 3042 1186 3097 in
1226 3043 1331 3098 hac
1361 3047 1527 3099 astate
1556 3046 1747 3116 gessit,

116 3129 282 3202 plene
306 3135 494 3201 potest
517 3147 778 3188 enarrare
807 3135 835 3189 ’ἶ
862 3135 959 3189 sed
982 3135 1102 3189 haec
1130 3152 1307 3206 pauca
1331 3138 1400 3192 de
1428 3139 1752 3193 innumera-

113 3223 319 3278 bilibus
344 3225 593 3295 exempli
626 3242 792 3280 causa
818 3227 993 3298 posita
1021 3228 1553 3286 demonstrabimus.

182 3318 399 3372 Exinde
430 3318 573 3386 haec,
603 3336 734 3373 cum
783 3323 1013 3392 tempus
1060 3326 1352 3377 maturum
1394 3325 1646 3395 advenit,
1690 3326 1751 3381 in

112 3426 254 3481 Opus
275 3411 517 3481 coaguli,
545 3416 609 3465 ut
637 3413 704 3466 de
731 3413 955 3468 turbato
982 3430 1277 3469 vaccarum
1304 3418 1444 3472 lacte
1480 3418 1750 3490 butyrum

110 3509 475 3575 aggregaret,
506 3520 539 3557 a
563 3510 745 3559 matre
794 3507 1125 3562 transmissa
1152 3515 1235 3563 est
1263 3528 1279 3578 ;
1334 3515 1401 3564 ut
1446 3511 1589 3566 sicut
1628 3512 1751 3567 aliae

110 3597 344 3651 feminae
395 3597 502 3651 hoc
539 3603 680 3668 Opus
721 3616 983 3655 exercere
1028 3602 1314 3671 solebant,
1358 3604 1479 3674 ipsa
1523 3621 1749 3677 quoque

114 3690 323 3762 aequali
368 3707 607 3745 munere
640 3698 976 3764 perageret;
1018 3697 1083 3747 ut
1108 3712 1237 3749 cum
1266 3698 1485 3751 caeteris
1511 3698 1571 3751 in
1600 3704 1747 3753 tem—
1771 3676 1827 3748 Β

114 3800 254 3856 pore
282 3784 525 3854 placido,
556 3801 849 3839 vaccarum
897 3786 1149 3841 fructum
1195 3806 1259 3842 ac
1312 3790 1556 3861 pondus,
1586 3808 1749 3846 men-

114 3883 490 3948 suratumque
510 3877 702 3950 butyri
731 3879 958 3934 solitum
984 3881 1310 3951 plenissime
1338 3884 1399 3937 in
1425 3899 1591 3939 usum
1619 3887 1749 3941 red-

114 3970 294 4025 deret.
326 3971 435 4026 Sed
471 3972 593 4025 haec
627 3972 882 4027 moribus
933 3975 1317 4044 pulcherrima
1366 3982 1423 4032 et
1463 3978 1753 4049 hospitalis

113 4064 297 4136 virgo,
326 4063 597 4119 obaudire
623 4066 808 4136 magis
837 4068 1027 4123 volens
1052 4070 1168 4123 Deo
1198 4086 1369 4141 quam
1399 4072 1750 4143 hominibus,

112 4157 459 4228 pauperibus
502 4163 560 4212 et
600 4159 918 4229 hospitibus
947 4161 1029 4216 lac
1071 4162 1332 4233 largitur,
1382 4170 1438 4219 et
1481 4165 1751 4237 butyrum

112 4250 422 4305 distribuit.
455 4252 521 4305 Et
563 4268 695 4306 cum
740 4255 1052 4309 secundum
1098 4263 1483 4328 opportunum
1528 4259 1754 4316 advenit

114 4349 364 4416 tempus,
393 4348 461 4399 ut
485 4361 680 4400 omnes
725 4347 1027 4404 redderent
1055 4349 1307 4405 fructum
1330 4369 1649 4424 vaccarum,
1681 4355 1752 4409 ad

114 4454 243 4492 eam
299 4441 636 4509 perventum
688 4445 790 4495 est.
837 4440 943 4496 Sed
988 4459 1119 4498 cum
1163 4447 1574 4516 cooperatrices
1632 4448 1754 4519 ejus

188 4568 454 4649 “‘Sui'ius,
499 4570 597 4643 qui
610 4571 793 4649 _vitam
819 4577 1025 4628 sanctae
1056 4574 1300 4647 Brigidae
1330 4579 1753 4649 paraphrastice

119 4638 293 4709 dedit,
342 4638 560 4711 patrem
608 4643 943 4714 Duptacum,
975 4638 1217 4701 matrem
1266 4638 1529 4704 Br‘otseéh
1570 4658 1750 4706 vocat.

1404 4722 1538 4776 CAN.

196 4780 223 4820 ι)
246 4781 415 4852 Apud
451 4782 681 4839 Surium
725 4791 957 4840 vocatur
1009 4788 1295 4845 Machillus
1335 4794 1509 4846 sancti
1539 4793 1755 4848 Patritii

120 4852 448 4932 discipulnus:
509 4855 751 4932 Fuerant
780 4863 979 4932 autem
1016 4864 1472 4932 Contemporanei
1522 4866 1755 4919 Patricio

123 4924 633 5006 {inquitSylve‘ster
651 4927 904 5006 Ciraldus
925 4924 1281 4986 Cambrensis
1294 4933 1352 5006 in
1379 4936 1757 5006 topographia

119 4995 426 5076 Ilibernim,
472 4996 1086 5076 distinctione_3,pcap.
1138 5007 1234 5071 18;
1265 5005 1357 5058 cui
1402 4995 1569 5076 capiti
1599 4995 1751 5061 hunc

116 5065 354 5142 titulum
381 5068 665 5142 praefigit:
696 5071 849 5137 Quod
877 5065 985 5125 tria
1010 5065 1233 5142 corpora
1260 5065 1502 5140 Patritii",
1530 5079 1748 5141 scilicet,

119 5138 410 5211 Columbae,
464 5144 515 5192 et
553 5140 808 5208 Brigz'dw,
853 5143 1006 5211 apud
1060 5138 1327 5201 Ultonz‘am
1368 5150 1427 5201 in
1479 5138 1757 5205 Dunnensi

115 5211 363 5289 civitate,
389 5210 683 5289 his_nostr_is
708 5210 1153 5289 diebungnpenta,
1168 5224 1294 5272 sunt
1318 5220 1600 5289 translata)
1632 5237 1754 5275 san-

117 5285 243 5360 ctus
266 5279 562 5366 Columba,
593 5287 648 5366 et
672 5286 861 5366 sancta
900 5285 1421 5366 Brigida,__et_apud
1450 5279 1749 5366 Ul_t0ni_am,

117 5350 177 5431 in
203 5350 406 5431 eadem
433 5351 693 5431 civitate,_
732 5350 1025 5431 Dunnensi
1070 5350 1441 5431 scilicet,‘qu0
1491 5350 1756 5416 dominus

116 5421 321 5503 Comes
338 5422 584 5503 Joannes
609 5424 892 5503 primoin
932 5427 1261 5503 lliberniam
1285 5421 1477 5501 'venit,
1507 5434 1667 5503 quasi
1695 5434 1755 5487 in

116 5493 387 5562 spelunca
417 5493 642 5563 triplici,
673 5496 901 5551 Patritio
927 5498 985 5551 in
999 5501 1183 5554 medio
1197 5502 1439 5572 jacente,
1464 5493 1591 5557 aliis
1624 5505 1758 5558 duo-

118 5562 225 5617 bus
272 5563 407 5617 hinc
436 5563 587 5629 inde,
616 5568 826 5621 Joanne
871 5584 1004 5622 vero
1050 5571 1118 5624 de
1160 5571 1323 5626 Curci
1364 5579 1500 5628 tunc
1540 5574 1757 5629 ibidem

118 5588 225 5617 nus
274 5588 407 5617 uim:
436 5588 587 5633 uiue,
616 5588 826 5621 Joanne
871 5588 1004 5622 vero
1050 5588 1118 5624 ae
1160 5588 1323 5626 bllI‘Cl
1364 5588 1500 5628 tunc
1540 5588 1757 5630 mldem

116 5633 486 5709 praesidente,
544 5641 601 5691 et
641 5636 747 5691 hoc
797 5647 1134 5709 procurante
1189 5648 1303 5698 tres
1354 5645 1571 5700 nobiles
1631 5648 1758 5702 the-

118 5706 297 5775 sauri,
329 5706 519 5763 divina
541 5706 882 5766 revelatione
910 5709 1144 5780 inventi,
1162 5720 1296 5770 sunt
1307 5716 1586 5772 translati.
1605 5718 1762 5774 Unde

118 5791 317 5834 versus
350 5795 363 5835 ζ

454 5878 730 5951 ΡΑτιιοι.
776 5880 1011 5954 LXXII.

1851 2389 2013 2444 beata
2066 2389 2387 2459 supradicta
2438 2385 2686 2460 virgine,
2703 2394 2768 2442 ut
2808 2391 2865 2442 et
2892 2388 3013 2458 ipsa
3058 2386 3316 2441 similiter
3352 2386 3486 2440 assi-

1854 2488 2055 2554 gnaret
2089 2500 2258 2537 suum
2299 2500 2462 2553 opus.
2504 2483 2568 2535 Et
2611 2482 2733 2552 ipsa
2772 2481 2966 2536 matris
3007 2480 3213 2535 timore
3260 2479 3480 2550 pavida,

1852 2593 1982 2629 cum
2002 2592 2116 2629 non
2136 2576 2369 2629 haberet
2395 2575 2545 2646 quod
2572 2579 2936 2643 monstraret,
2966 2574 3100 2645 quia
3127 2576 3310 2627 totum
3336 2589 3483 2644 pau—

1850 2669 2081 2740 peribus
2107 2668 2379 2739 erogavit,
2408 2669 2716 2723 crastinum
2744 2684 2857 2721 non
2895 2683 3203 2738 procurans
3231 2670 3479 2736 tempus,

1852 2769 1908 2817 et
1956 2761 2405 2833 inexstinguibili
2453 2761 2683 2815 ﬂamma
2710 2760 2844 2815 ﬁdei
2890 2775 3144 2826 accensa,
3186 2775 3251 2813 ac
3294 2758 3482 2828 ﬁrma,

1851 2856 1921 2910 ad
1954 2856 2259 2910 Dominum
2300 2872 2358 2909 se
2386 2860 2718 2909 convertens
2753 2854 2949 2908 oravit.
2992 2854 3100 2907 Nec
3141 2868 3321 2918 mora,
3373 2853 3481 2905 Do-

1850 2950 2038 3003 minus
2069 2966 2265 3003 vocem
2307 2948 2543 3019 virginis
2591 2948 2827 3001 audiens
2870 2964 2935 3001 ac
2974 2962 3189 3017 preces,
3220 2945 3481 3016 largitate

1849 3042 2024 3098 divini
2040 3042 2315 3111 Numinis,
2344 3042 2489 3095 sicut
2503 3045 2586 3095 est
2612 3039 2836 3111 adjutor
2862 3040 2923 3093 in
2939 3038 3480 3110 opportunitatibus,

1850 3137 2050 3203 adfuit,
2077 3141 2133 3191 et
2159 3153 2264 3208 pro
2292 3152 2392 3188 sua
2417 3135 2476 3189 in
2497 3151 2554 3189 se
2568 3134 2802 3205 virginis
2825 3132 3163 3213 conﬁdentia
3183 3132 3484 3186 afﬂuenter

1850 3231 2121 3302 butyrum
2154 3228 2464 3284 constituit.
2500 3228 2699 3282 Mirum
2729 3228 2787 3281 in
2834 3227 3069 3281 modum
3111 3231 3167 3281 et
3207 3226 3304 3279 illa
3343 3225 3486 3279 hora

1852 3329 1977 3396 post
2001 3323 2315 3378 orationem
2342 3322 2504 3393 virgo
2525 3321 2891 3388 sanctissima,
2916 3320 3060 3374 nihil
3088 3319 3157 3374 de
3183 3336 3283 3374 suo
3314 3335 3484 3390 opere

1851 3417 2041 3471 deesse
2095 3415 2429 3485 ostendens,
2482 3414 2580 3469 sed
2610 3430 2781 3484 super
2830 3430 3027 3468 omnes
3078 3412 3487 3483 cooperatrices

1850 3510 2163 3564 abundasse
2192 3507 2526 3563 monstravit
2562 3507 2869 3577 complesse
2899 3522 3066 3559 suum
3113 3505 3387 3560 officium.
3420 3505 3486 3559 Et

1852 3621 1983 3659 cum
2012 3603 2335 3674 plenissime
2382 3601 2675 3655 inventum
2704 3600 2764 3653 in
2810 3598 3008 3666 oculis,
3041 3599 3300 3652 omnium
3344 3597 3485 3651 tanti

1850 3695 2449 3753 munerismiraculum
2475 3692 2740 3759 innotuit,
2761 3696 2817 3746 et
2841 3692 3133 3746 laudantes
3148 3690 3478 3757 Dominum,

1851 3792 1947 3863 qui
1966 3792 2069 3845 hoc
2098 3790 2247 3858 fecit,
2265 3793 2480 3843 tantam
2508 3786 2638 3841 ﬁdei
2664 3786 2932 3840 virtutem
2952 3784 3215 3856 virginali
3242 3788 3475 3855 pectore

1851 3884 2161 3940 constitisse
2198 3880 2463 3936 admirati
2493 3884 2644 3935 sunt.

1923 3984 1998 4033 Ac
2036 3994 2154 4033 non
2200 3976 2381 4030 multo
2412 3980 2558 4046 post,
2587 3989 2719 4028 cum
2749 3987 2873 4025 eam
2896 3970 2985 4025 sui
3016 3973 3296 4041 parentes,
3327 3985 3484 4024 more

1852 4073 2124 4141 humano,
2155 4071 2276 4125 viro
2307 4070 2648 4141 desponsare
2690 4066 2914 4134 vellent,
2944 4064 3037 4118 illa
3065 4062 3282 4118 caelitus
3307 4063 3481 4135 inspi-

1852 4172 1993 4235 rata,
2026 4182 2084 4220 se
2128 4164 2409 4236 virginem
2442 4167 2653 4218 castam
2696 4159 2964 4215 exhibere
2994 4158 3186 4213 volens
3230 4157 3365 4224 Deo,
3414 4157 3487 4213 ad

1853 4262 2179 4332 episcopum
2234 4257 2649 4313 sanctissimum
2695 4254 2873 4309 beatae
2922 4251 3213 4306 memoriae
3250 4250 3432 4305 Macca
3461 4250 3488 4292 ι)

1853 4353 2121 4425 perrexit.
2172 4352 2280 4417 Qui
2315 4352 2537 4406 cmleste
2584 4348 2813 4403 intuens
2851 4345 3193 4401 desiderium
3233 4349 3288 4398 et
3314 4342 3482 4414 pudi-

1855 4448 2066 4516 citiam,
2113 4452 2169 4501 et
2210 4450 2381 4500 tantae
2413 4442 2679 4498 castitatis
2717 4454 2971 4496 amorem
3028 4439 3090 4493 in
3114 4436 3212 4492 tali
3240 4436 3479 4507 virgine,

2058 4600 2118 4646 In
2142 4596 2309 4655 hurgo
2338 4594 2508 4653 Duno,
2532 4592 2734 4642 tumulo
2758 4591 3079 4655 tumulantur
3101 4588 3156 4655 in
3180 4602 3285 4639 uno

2104 4652 2331 4720 Brigida,
2353 4652 2609 4716 Patritius,
2633 4658 2787 4717 atque
2817 4654 3067 4703 Columba
3089 4652 3225 4716 pius.

1928 4776 2055 4829 Haec
2096 4770 2376 4837 Giraldus,
2407 4768 2525 4838 qui,
2558 4766 2791 4838 ibidem,
2822 4770 3061 4838 cap._t7,
3098 4765 3218 4820 haec
3240 4784 3258 4819 :
3282 4784 3309 4816 «
3336 4766 3487 4838 Obiit

1853 4851 2044 4901 autem
2071 4844 2131 4896 Β.
2159 4835 2501 4895 Ριιιι·ίὶἰαδ“εῐ
2524 4839 2580 4890 in
2608 4836 2847 4890 Domino
2875 4835 3108 4906 quievit,
3135 4853 3284 4890 anno
3305 4836 3486 4894 aetatis

1856 4934 1973 4971 suae
2007 4917 2126 4981 120,
2158 4912 2227 4966 ab
2272 4908 2665 4981 incarnatione
2694 4906 2938 4981 Domini
2962 4907 3087 4981 485,
3127 4907 3198 4960 ab
3233 4908 3483 4981 adventu

1854 4976 2285 5042 Hibernensium
2344 4983 2500 5036 1800.
2524 4997 2552 5029 »
2606 4978 2710 5033 Ubi
2748 4983 2940 5032 tamen
2973 4976 3032 5029 in
3063 4979 3320 5049 margine
3363 4978 3483 5032 hec

1772 5045 1827 5119 C
1852 5058 2002 5112 varia
2047 5056 2210 5110 lectio
2250 5051 2502 5122 apposita
2557 5054 2675 5122 est;
2724 5068 2751 5099 ‹‹
2780 5049 2963 5122 Annon
2995 5045 3329 5122 aetatis:su_ae
3358 5052 3480 5117 123,

1852 5076 2002 5112 varia
2047 5070 2210 5110 lectio
2250 5070 2328 5176 ag

1834 5125 2250 5191 incarnationis

2331 5117 2588 5176 ominicae
2615 5121 2738 5187 493,
2770 5117 3134 5189 pontificante
3176 5118 3352 5189 Felice
3377 5135 3483 5188 pa-

1851 5217 1925 5273 pa
1949 5202 1993 5265 I,
2019 5199 2335 5273 imperante
2353 5264 2362 5273 _
2382 5191 2694 5273 Anastasio,
2726 5187 3485 5273 principantem.Britannia

1852 5257 2079 5326 Aurelio
2106 5257 2425 5331 ‘Ambrosio,
2454 5263 2516 5317 in
2544 5257 2809 5316 Hibernia
2834 5257 3030 5313 autem
3058 5257 3323 5383 Forkgro.
3360 5276 3387 5309 ››

3247 5344 3338 5383 ΑΝ.

3247 5344 3338 5383 ΔΝ.

1931 5437 2164 5506 Ibidem,
2185 5452 2306 5506 cap.
2336 5436 2398 5489 l6
2433 5449 2446 5487 :
2476 5430 2760 5508 Patritius,
2794 5428 3021 5508 natione
3050 5426 3374 5508 Britannus,
3403 5428 3489 5508 vir

1856 5510 1972 5564 vita
1998 5515 2054 5563 et
2077 5499 2366 5563 sanctitate
2392 5504 2746 5575 conspicuus,
2775 5506 2904 5575 εἰς),
2937 5504 3052 5575 tota
3069 5499 3404 5575 jam__insula
3417 5500 3490 5555 ad

1858 5582 2027 5635 ﬁdem
2051 5579 2260 5635 Christi
2285 5570 2570 5653 conversa,
2591 5572 2742 5653 apud
2768 5571 3146 5653 Ardmpcham
3165 5570 3277 5653 sibi
3296 5571 3489 5653 sedem

1861 5648 2468 5722 elegit,‘quam,etiam_
2479 5642 2651 5722 quasi
2673 5642 3035 5722 metropolim
3081 5642 3407 5722 constituit,
3435 5647 3493 5696 et

1902 5713 2174 5793 rovpriuin~
2206 5713 2378 5793 totius
2430 5713 2708 5793 Hibernia:
2758 5713 3052 5793 primariae
3096 5713 3304 5768 locum.
3364 5714 3493 5793 Haec

1908 5787 2070 5849 irald.
2118 5791 2221 5849 Ubi
2269 5791 2329 5847 in
2370 5789 2629 5863 margine
2658 5787 2817 5845 haec:
2872 5808 2901 5838 ‹‹
2928 5787 3091 5843 Anno
3128 5800 3241 5858 quo
3270 5789 3496 5843 sanctus

3099 5886 3177 5949 9.5

2603 5956 2640 6007 ι
