4016 6240
493 318 595 372 779

1622 302 1772 357 VITA
1810 301 2086 357 SANCTzE
2126 299 2412 354 BRIGIDA'C
2450 296 2760 361 VIRGINIS,

3776 280 3880 335 780

491 420 725 493 pallium
754 416 949 471 album
975 416 1032 470 et
1057 417 1269 470 vestem
1303 411 1603 466 candidam
1633 426 1805 480 super
1836 408 2010 479 ipsius
2036 424 2131 462 ve-
2154 421 2214 493 Α
2233 412 2608 461 transversam
2635 410 2691 459 et
2710 404 2881 457 fixam
2908 402 3136 472 putans,
3158 413 3221 451 ac
3248 395 3491 467 desuper
3513 388 3881 462 complutam

493 514 743 570 nerabile
773 514 941 583 caput
964 507 1254 580 imposuit.
1292 508 1427 570 Quae,
1444 521 1632 558 coram
1652 505 1764 557 Deo
1792 508 1847 557 et
1865 502 2125 574 episcopo

494 626 558 664 ac
574 607 733 662 altari
752 622 937 677 genua
956 603 1256 658 humiliter
1273 600 1522 667 flectens,
1538 603 1593 653 et
1606 614 1769 652 suam
1794 597 2127 668 virginalem

503 701 579 774 [F.
602 696 1008 769 virginitatem]
1045 712 1231 750 coram
1265 692 1507 749 Domino
1556 691 1951 762 Omnipotente
2000 689 2130 744 olfe-

496 812 648 863 rens,
671 792 1106 847 fundamentum
1131 789 1410 858 ligneum,
1440 801 1554 856 quo
1582 786 1756 839 altare
1771 783 2126 851 fulciebatur,

497 887 707 958 tetigit.
734 884 893 949 Quod
942 884 1161 953 lignum
1192 882 1252 935 in
1296 878 1831 934 commemoratione
1877 876 2132 949 pristina:

496 979 739 1044 virtutis,
768 992 949 1046 usque
978 975 1044 1029 ad
1077 991 1328 1047 przesens
1354 978 1585 1044 tempus
1615 972 1813 1041 viride,
1854 988 1917 1024 ac
1942 969 1989 1023 si
2017 985 2133 1023 non

501 1077 648 1128 esset
676 1070 947 1137 excisum,
995 1074 1052 1123 et
1115 1068 1543 1136 decorticatum,
1592 1066 1688 1120 sed
1744 1066 1803 1119 in
1854 1063 2136 1119 radicibus

498 1166 680 1220 ﬁxum
705 1161 1043 1217 viresceret'
1059 1179 1075 1231 ;
1108 1167 1163 1216 et
1191 1177 1366 1233 usque
1396 1160 1563 1214 hodie
1590 1160 1893 1230 languores
1914 1162 1970 1212 et
1988 1172 2137 1211 mor-

499 1260 601 1314 bos
629 1259 697 1313 de
722 1255 1050 1311 hominibus
1076 1254 1302 1326 expellit
1326 1254 1602 1308 ﬁdelibus.

575 1353 685 1407 Nec
712 1348 1177 1422 praetereundum
1201 1346 1579 1402 mihividetur
1593 1361 2043 1405 commemorare
2068 1344 2139 1398 de

503 1446 598 1500 illa
623 1445 849 1512 virtute,
880 1460 1053 1515 quam
1105 1443 1228 1496 hmc
1270 1441 1641 1495 famosissima
1678 1440 1890 1493 famula
1934 1438 2141 1493 dicitur

506 1555 571 1594 ac
597 1537 784 1593 divino
812 1536 1157 1591 incessanter
1192 1534 1492 1588 famulatui
1520 1533 1748 1601 tradita,
1777 1536 2008 1603 operata
2034 1534 2137 1585 est.

510 1633 648 1686 Nam
698 1648 829 1685 cum
880 1630 977 1683 illa
1008 1629 1305 1699 aliquando
1337 1629 1397 1681 in
1426 1626 1669 1680 caldario
1720 1626 1944 1680 lardum
1972 1625 2139 1679 adve-

511 1725 803 1780 nientibus
851 1722 1166 1793 hospitibus
1191 1725 1435 1787 coxerat,
1459 1721 1587 1773 cani
1619 1719 1895 1787 adulanti,
1928 1736 1989 1772 ac
2034 1717 2141 1771 ﬂa-

2225 510 2435 560 vestem
2462 519 2683 575 ponens
2714 506 2989 571 tanquam
3030 497 3089 551 in
3119 496 3319 551 arbore
3369 491 3575 564 grandi
3601 494 3659 545 et
3686 488 3879 550 ﬁrma,

2227 600 2285 653 in
2334 599 2455 670 ipsa
2481 597 2641 651 tenui
2692 593 2860 649 solari
2884 591 3087 647 umbra
3128 589 3296 644 vestis
3321 585 3613 658 pependit.
3651 583 3719 636 Et
3746 594 3883 633 cum

2228 693 2409 765 ipsius
2441 691 2646 745 domus
2676 688 3024 743 habitatores
3045 682 3217 738 vicini
3232 683 3339 736 hoc
3354 678 3577 751 ingenti
3599 672 3885 730 miraculo

2230 786 2464 841 fuissent
2486 781 2751 856 perculsi,
2772 781 2918 835 hanc
2944 774 3447 849 incomparabilem
3470 770 3663 842 dignis
3704 766 3890 821 laudi-

2231 881 2336 935 bus
2365 878 2729 933 extollebant.

2308 976 2374 1028 Et
2400 975 2506 1028 hoc
2533 970 2757 1025 silentio
2788 985 2927 1040 opus
2951 983 3069 1021 non
3098 969 3181 1020 est
3211 959 3703 1035 prmterellndum.
3735 957 3889 1011 Cum

2236 1069 2390 1125 enim
2420 1068 2539 1120 haec
2555 1069 2743 1119 sancta
2764 1062 2986 1133 Brigida
3002 1061 3062 1113 in
3091 1076 3228 1131 agro
3249 1058 3411 1128 juxta
3432 1069 3670 1126 gregem
3688 1050 3896 1104 ovium

2235 1161 2584 1235 pascendum
2630 1173 2767 1211 cura
2821 1153 3087 1225 pastorali
3141 1156 3286 1205 esset
3340 1148 3577 1203 sollicita
3608 1189 3621 1215 ,
3678 1144 3897 1215 aliquis

2239 1271 2487 1327 nequam
2523 1251 2844 1306 adolescens
2871 1247 3069 1302 callide
3098 1244 3439 1315 subripiens,
3471 1246 3527 1295 et
3552 1239 3735 1310 ipsius
3768 1240 3894 1292 lar-

2241 1351 2472 1421 gitatem
2487 1348 2543 1401 in
2561 1343 2908 1417 pauperibus
2933 1340 3332 1411 comprobaus,
3356 1339 3411 1390 et
3426 1338 3642 1389 mutato
3663 1339 3901 1403 septem

2240 1445 2310 1499 ab
2341 1460 2405 1497 ea
2433 1455 2697 1495 verveces
2747 1438 2807 1491 in
2845 1452 2958 1489 una
3008 1435 3096 1489 die
3126 1430 3345 1497 detulit,
3374 1434 3431 1483 et
3456 1428 3514 1481 in
3540 1430 3759 1481 secreto
3785 1426 3903 1478 ab-

2246 1535 2489 1593 scondit.
2525 1536 2593 1589 Et
2629 1549 2760 1588 cum
2806 1547 2942 1603 grex
2966 1528 3037 1583 ad
3067 1540 3366 1597 vesperum
3398 1522 3466 1576 ad
3488 1521 3708 1575 caulam
3744 1523 3909 1573 esset

2251 1630 2585 1702 diligendus
2632 1645 2697 1681 ex
2728 1641 2906 1693 more,
2936 1621 3153 1678 duabus
3176 1619 3263 1673 vel
3292 1616 3475 1672 tribus
3502 1614 3717 1668 vicibus
3755 1612 3900 1666 dili-

2247 1723 2572 1798 gentissime
2603 1722 3027 1784 adnumeratus,
3056 1715 3178 1769 sine
3204 1714 3413 1768 damno
3431 1710 3643 1764 mirum
3662 1708 3723 1761 in
3755 1722 3896 1760 mo-

516 1819 738 1891 gitanti,
785 1815 1222 1871 misericorditer
1259 1831 1384 1868 eam
1433 1813 1705 1881 tradidit;
1752 1818 1961 1867 etcum
1988 1793 2385 1875 lardoBElum
2424 1822 2575 1871 totus
2612 1815 2837 1885 integro
2873 1815 3133 1881 repertus
3161 1813 3243 1863 est
3280 1820 3541 1861 numero.
3601 1803 3668 1857 Et
3695 1800 3895 1855 admi-

515 1913 584 1966 de
614 1910 856 1965 caldario
886 1913 1081 1976 tracto,
1106 1925 1169 1961 ac
1202 1912 1393 1978 postea
1418 1906 1732 1977 hospitibus
1781 1910 1922 1960 esset
1947 1904 2143 1971 divisa,

515 2021 579 2060 ac
628 2005 671 2058 si
703 2020 818 2058 non
845 2004 989 2057 esset
1017 2002 1264 2071 dempta,
1294 1999 1620 2070 plenissime
1652 2003 1880 2070 reperta
1906 2004 1989 2052 est
2008 1998 2049 2052 ‘.
2082 1999 2150 2051 Et

516 2098 678 2153 valde
705 2096 767 2151 hi
805 2096 905 2168 qui
928 2096 1038 2149 hoc
1064 2095 1351 2163 viderunt,
1389 2092 1737 2147 admirantes
1779 2092 2025 2164 puellam
2058 2090 2147 2144 in-

518 2190 959 2263 comparabilem
984 2188 1189 2242 virtute
1219 2187 1370 2256 fidei,
1403 2187 1607 2242 merito
1642 2188 1922 2241 bonarum
1972 2185 2147 2239 virtu-

517 2288 664 2354 tum,
694 2284 881 2355 dignis
905 2281 1167 2336 laudibus
1193 2280 1648 2351 divulgaverunt.

592 2379 659 2432 Et
731 2377 929 2431 eadem
1004 2391 1281 2428 messores
1334 2390 1398 2427 ac
1444 2373 1732 2444 operarios
1782 2377 2047 2427 convocat
2095 2372 2155 2426 in

520 2486 760 2527 messem
794 2485 953 2523 suam
976 2486 992 2538 ;
1038 2473 1091 2522 et
1116 2469 1261 2521 facta
1291 2467 1387 2521 illa
1415 2482 1734 2521 messorum
1763 2467 2152 2535 conventione,

524 2565 791 2620 nebulosa
833 2579 897 2616 ac
926 2560 1185 2633 pluvialis
1225 2561 1342 2616 dies
1384 2560 1476 2614 illa
1515 2560 1719 2615 accidit
1747 2560 2152 2615 conventionis.

528 2660 593 2712 Et
636 2657 836 2728 pluviis
881 2656 1112 2727 largiter
1160 2672 1228 2708 ex
1268 2654 1512 2708 nubibus
1567 2655 1778 2723 effusis,
1828 2672 1930 2726 per
1981 2657 2157 2708 totam

526 2751 680 2804 illam
728 2750 786 2803 in
832 2749 1073 2803 circuitu
1128 2747 1495 2819 provinciam,
1535 2765 1597 2802 ac
1631 2748 1824 2802 rivulis
1864 2752 2157 2817 guttarum

528 2844 816 2899 effluentia
843 2860 947 2914 per
987 2843 1262 2897 convalles
1292 2847 1347 2896 et
1392 2841 1564 2896 rimas
1591 2847 1871 2896 terrarum
1920 2856 2156 2895 curren-

526 2938 696 3007 tibus,
726 2937 844 2991 sola
890 2936 1082 2991 messis
1113 2943 1213 2990 sua
1255 2935 1411 2989 arida
1463 2936 1584 2989 sine
1620 2934 1941 3006 pluviarum
1974 2934 2156 3005 impe-

528 3032 781 3086 dimento
819 3035 874 3084 et
912 3029 1334 3100 perturbatione
1379 3028 1665 3100 perstitit;
1722 3031 1937 3083 etcum
1963 3044 2161 3081 omnes

529 3141 809 3181 messores
837 3123 1084 3195 undique
1112 3122 1286 3194 ipsius
1322 3122 1571 3192 regionis
1615 3122 1884 3193 prohibiti
1929 3121 2161 3193 pluviali
2181 3162 2235 3236 Ο

543 3218 581 3236 1⁸
703 3217 754 3236 με
836 3217 905 3236 Δ2-
926 3233 940 3236 ,
979 3216 1080 3236 “II-
1116 3216 1312 3236 ___.-‘L_‘-
1372 3215 1462 3236 -AI:
1480 3215 1618 3236 ..2μέ-
1665 3216 1865 3236 -1----Ξ--
1928 3215 2009 3236 21171
2077 3214 2156 3236 ,Ιῖμ

530 3218 642 3287 die,
673 3217 780 3286 sui,
827 3217 948 3270 sine
978 3216 1090 3269 ulla
1116 3216 1321 3269 umbra
1366 3215 1621 3285 caliginis
1664 3216 1892 3286 pluviae,
1928 3215 2019 3269 illa
2070 3214 2161 3268 die

529 3314 665 3373 tota,
687 3310 757 3364 ab
785 3314 913 3364 ortu
938 3324 1119 3379 usque
1161 3308 1232 3363 ad
1262 3325 1543 3378 occasum,
1584 3325 1880 3378 messores,
1926 3308 2026 3363 Dei
2059 3325 2163 3380 po-

540 3403 722 3459 tentia
745 3419 885 3473 opus
914 3401 1269 3456 exercebant.

606 3507 742 3561 Ecce
794 3504 942 3559 inter
995 3507 1226 3558 caeteras
1277 3504 1510 3559 virtutes
1560 3504 1733 3575 ipsius
1777 3505 1882 3559 hoc
1929 3504 2167 3577 dignum

536 3598 909 3655 admiratione
937 3597 1158 3652 videtur
1188 3614 1327 3665 esse,
1357 3602 1413 3652 et
1437 3598 1785 3653 admirabile.
1815 3599 2167 3653 Advenienti-

534 3694 643 3748 bus
683 3692 836 3747 enim
882 3690 1180 3762 episcopis,
1211 3695 1422 3745 etcum
1466 3708 1531 3745 ea
1577 3691 2011 3763 hospitantibus,
2040 3709 2169 3747 cum

534 3803 651 3842 non
679 3785 914 3840 haberet
950 3785 1103 3838 unde
1140 3800 1234 3839 eos
1258 3784 1492 3852 cibaret,
1532 3784 1724 3855 adjuta
1749 3785 1843 3839 Dei
1872 3785 2169 3857 multiplici

535 3881 744 3935 virtute
787 3879 950 3933 solito
998 3894 1161 3932 more
1224 3877 1599 3946 abundanter,
1649 3883 1714 3932 ut
1762 3895 1861 3932 sua
1911 3879 2173 3951 poscebat

538 3972 859 4040 necessitas,
881 3988 1107 4025 vaccam
1158 3987 1334 4024 unam
1365 3971 1565 4038 tribus,
1598 3977 1793 4025 contra
1822 3975 2174 4029 consuetudi-

538 4082 693 4134 nem,
724 4065 783 4118 in
812 4081 927 4118 una
957 4064 1046 4118 die
1066 4062 1279 4116 vicibus
1306 4064 1528 4117 mulsit.
1557 4064 1623 4118 Et
1652 4065 1803 4136 quod
1824 4066 1965 4120 solet
1985 4067 2053 4121 de
2070 4084 2172 4139 0p-

540 4159 695 4215 timis
719 4157 900 4211 tribus
926 4156 1107 4211 vaccis
1136 4156 1401 4227 exprimi,
1432 4156 1555 4227 ipsa
1585 4157 1833 4212 mirabili
1872 4164 2076 4215 eventu
2105 4161 2174 4217 de

541 4269 660 4308 una
684 4269 785 4307 sua
813 4250 1091 4322 expressit
1116 4266 1298 4304 vacca.

614 4357 753 4410 Ecce
777 4359 833 4410 et
858 4354 1003 4409 hanc
1027 4353 1299 4408 virtutem
1323 4353 1661 4410 beatitudini
1681 4359 1877 4410 vestrae
1914 4355 2177 4413 intimare

544 4465 763 4519 censeo,
818 4449 875 4503 in
921 4463 1093 4518 quam
1138 4463 1299 4501 mens
1351 4465 1494 4519 pura
1544 4448 1857 4520 virginalis,
1889 4453 1945 4504 et
1977 4467 2180 4506 manus

2246 1918 2435 1970 rantes
2464 1911 2544 1978 hi,
2573 1909 2671 1981 qui
2702 1906 2907 1961 conscii
2935 1903 3069 1959 facti
3096 1905 3278 1970 erant,
3300 1901 3575 1953 virtutem
3595 1895 3692 1949 Dei
3712 1893 3905 1947 mani-

2248 2010 2385 2062 feste
2427 2006 2633 2059 factam
2668 2018 2774 2074 per
2808 1999 3110 2069 virginem,
3151 1998 3368 2066 septem
3397 2008 3541 2063 quos
3578 1987 3900 2043 absconde-

2249 2105 2385 2157 runt
2432 2114 2689 2154 verveces
2729 2095 2798 2149 ad
2830 2110 2998 2148 suum
3035 2090 3382 2145 remiserunt
3412 2099 3670 2157 gregem,
3711 2087 3768 2136 et
3797 2081 3905 2135 ille

2254 2195 2444 2267 gregis
2480 2207 2752 2247 numerus
2806 2204 2911 2241 nec
2941 2187 3067 2257 plus
3109 2200 3214 2239 nec
3250 2182 3460 2247 minus,
3498 2178 3596 2233 sed
3649 2180 3718 2231 ut
3762 2179 3903 2229 ante

2251 2290 2474 2360 integer
2497 2289 2752 2356 repertus
2782 2285 2867 2336 est
2893 2283 2940 2334 b.
3175 2333 3202 2349 _

2328 2383 2422 2437 His
2452 2384 2509 2435 et
2544 2377 2667 2433 aliis
2696 2372 3145 2430 innumeralibus
3192 2367 3490 2423 virtutibus
3520 2362 3902 2419 famosissima

2257 2480 2351 2533 DEI
2372 2474 2581 2531 famula
2609 2472 2670 2525 in
2696 2486 2791 2524 ore
2822 2466 3079 2522 omnium
3107 2480 3223 2518 non
3249 2460 3555 2527 immerito,
3585 2457 3685 2512 sed
3710 2454 3906 2526 dignis

2256 2571 2513 2627 laudibus
2543 2562 2923 2622 excelsissima
2948 2560 3067 2613 visa
3092 2560 3194 2611 est.

2328 2661 2565 2718 Mirabili
2616 2673 2846 2730 quoque
2886 2656 3090 2708 eventu
3117 2651 3185 2704 ab
3211 2650 3315 2704 hac
3341 2646 3644 2701 venerabili
3673 2643 3912 2715 Brigida

2258 2757 2462 2830 leprosi
2513 2753 2805 2809 cervisiam
2852 2752 3129 2820 petentes,
3176 2760 3309 2798 cum
3337 2759 3453 2796 non
3493 2740 3731 2794 haberet
3782 2739 3911 2806 illa,

2258 2854 2454 2908 videns
2492 2864 2697 2920 aquam
2726 2845 2795 2899 ad
2824 2843 3029 2897 balnea
3059 2844 3335 2911 paratam,
3369 2853 3501 2890 cum
3530 2835 3743 2888 virtute
3775 2831 3917 2885 fidei

2259 2945 2617 3011 benedicens,
2644 2941 2701 2994 in
2722 2938 2996 3010 Optimam
3018 2932 3301 2989 convertit
3320 2929 3633 2998 cervisiam,
3649 2932 3707 2981 et
3718 2927 3913 2980 abun-

2261 3042 2461 3095 danter
2490 3034 2810 3090 sitientibus
2852 3029 3129 3086 exhausit.
3180 3027 3279 3080 Ille
3310 3024 3489 3092 enim,
3521 3022 3622 3094 qui
3662 3022 3724 3074 in
3755 3020 3918 3074 Cana

2263 3133 2501 3189 Galilaeae
2531 3144 2741 3200 aquam
2768 3123 3042 3181 convertit
3068 3122 3127 3175 in
3157 3121 3376 3185 vinum,
3408 3133 3511 3188 per
3553 3114 3729 3185 hujus
3759 3129 3915 3184 quo-

2266 3244 2376 3299 que
2397 3223 2739 3280 beatissimae
2766 3220 2991 3275 feminae
3018 3217 3191 3270 ﬁdem
3219 3228 3426 3285 aquam
3448 3209 3690 3265 mutavit
3711 3208 3773 3262 in
3786 3223 3914 3261 cer-

2338 3417 2406 3471 Et
2429 3413 2745 3467 secundum
2770 3406 2923 3480 quod
2955 3403 3144 3459 omnia
3181 3400 3466 3474 possibilia
3504 3401 3639 3452 sunt
3664 3396 3918 3450 creden-

2267 3510 2415 3565 tibus
2441 3507 2563 3561 sine
2583 3505 2697 3559 ulla
2716 3499 3089 3575 possibilitate
3116 3494 3370 3569 quotidie
3397 3493 3704 3547 innumera
3731 3489 3918 3544 mira-

2269 3604 2395 3659 cula
2423 3600 2780 3673 operabatur.

2341 3696 2593 3762 Quadam
2618 3692 2773 3748 enim
2795 3690 2903 3758 die,
2928 3704 3058 3742 cum
3083 3684 3319 3757 quidam
3347 3682 3427 3736 sal
3440 3684 3639 3752 petens
3667 3678 3919 3748 veniret,

2273 3796 2418 3850 sicut
2444 3792 2633 3847 caeteri
2660 3803 2967 3862 pauperes,
2991 3789 3048 3839 et
3067 3782 3233 3855 egeni
3259 3786 3314 3835 et
3340 3777 3793 3834 innumerabiles
3810 3793 3917 3831 ve-

2271 3890 2397 3945 nire
2422 3886 2692 3954 solebant,
2710 3899 2812 3954 pro
2826 3880 2941 3935 suis
2968 3875 3411 3942 necessitatibus,
3439 3873 3562 3944 ipsa
3582 3870 3925 3925 beatissima

2275 3981 2504 4053 Brigida
2530 3980 2589 4033 in
2603 3979 2697 4033 illa
2713 3978 2858 4030 hora
2883 3974 2963 4028 sal
2987 3973 3198 4028 factum
3224 3969 3292 4024 de
3313 3967 3520 4039 lapide,
3538 3981 3711 4051 quem
3733 3965 3920 4019 bene-

2275 4038 2438 4143 dixit,
2468 4076 2528 4129 in
2550 4089 2690 4144 opus
2710 4068 2991 4142 poscentis
3016 4064 3362 4121 sufﬁcienter
3386 4060 3587 4130 largita
3606 4038 3709 4114 est.
3738 4059 3809 4113 Et
3839 4057 3922 4112 sic

2275 4172 2344 4226 ab
2376 4186 2442 4224 ea
2469 4169 2550 4222 sal
2575 4170 2805 4238 portans
2831 4164 2997 4217 laetus
3026 4158 3319 4231 propriam
3346 4155 3583 4209 domum
3607 4151 3800 4207 rediit.

2351 4266 2417 4318 Et
2435 4263 2543 4317 hoc
2567 4258 3027 4332 potentissimum
3057 4270 3198 4325 opus
3217 4250 3476 4306 divinum
3497 4246 3751 4318 ejusdem
3768 4245 3914 4315 jun-

2279 4358 2533 4432 gendum
2566 4371 2685 4409 esse
2712 4350 2857 4406 mihi
2883 4350 3108 4406 videtur
3132 4346 3286 4401 inter
3309 4347 3530 4409 caetera,
3561 4356 3674 4410 quo
3719 4338 3910 4394 Salva-

2277 4452 2413 4509 toris
2439 4451 2616 4505 instar
2651 4445 2945 4510 imitatrix,
2974 4440 3151 4497 divini
3177 4437 3427 4495 nominis
3470 4432 3915 4489 excelsissimam

544 4541 894 4615 coeperatrix
921 4541 980 4595 in
1009 4557 1189 4594 unum
1225 4542 1525 4596 convenire
1551 4547 1843 4614 apparent.
1872 4544 2014 4598 Nam
2052 4545 2175 4600 haec
2193 4535 2253 4608 D
2278 4549 2509 4619 Operata
2535 4546 2620 4597 est
2645 4541 2933 4596 virtutem.

545 4655 676 4693 cum
702 4653 830 4691 suas
866 4651 973 4707 ope
1010 4635 1279 4705 pastorali
1310 4640 1564 4705 pasceret
1606 4653 1735 4691 oves
1759 4637 1818 4691 in
1851 4640 2173 4709 campestri,

545 4732 669 4785 loco
708 4730 971 4799 herboso,
1025 4728 1291 4800 largitate
1346 4729 1523 4783 nimia
1565 4730 1885 4801 pluviarum
1924 4732 2174 4803 profusa,

547 4824 797 4879 humidis
824 4822 1070 4877 vestibus
1100 4822 1335 4876 domum
1364 4823 1550 4878 rediit.
1582 4825 1790 4878 Etcum
1809 4825 2014 4881 umbra
2040 4827 2181 4881 sola-

548 4918 625 4973 ris
653 4934 755 4988 per
778 4916 1061 4971 foramina
1100 4915 1339 4971 domum
1362 4915 1702 4972 intrinsecus
1727 4918 1983 4989 intraret,
2025 4919 2178 4974 illam

550 5011 810 5067 umbram
876 5011 1079 5065 obtusa
1128 5011 1424 5065 oculorum
1482 5010 1629 5079 acie,
1676 5012 1939 5067 arborem
2008 5013 2180 5069 fuisse

547 5137 899 5218 Augustinus
929 5136 1131 5218 doctor
1170 5139 1429 5216 mortuus
1458 5142 1573 5218 est,
1590 5137 1799 5194 scilicet
1823 5139 1944 5205 418,
1976 5140 2180 5197 missus

549 5217 633 5289 est
648 5206 924 5289 'Eati'ititis
950 5208 1011 5261 in
1051 5206 1396 5289 Iliberniam,
1430 5209 1583 5263 venit
1613 5227 1743 5265 vero
1778 5228 1843 5265 eo
1875 5212 1998 5267 432.
2042 5213 2177 5267 San-

550 5286 635 5335 cta
667 5280 890 5359 Brigida
917 5284 1046 5359 nata
1072 5279 1197 5333 439.
1220 5278 1369 5359 Qbiit
1392 5280 1661 5359 Patritius
1673 5284 1802 5359 _§93,
1829 5300 1978 5339 anno
2003 5285 2182 5339 aetatis

549 5370 665 5433 sua:
695 5350 813 5432 l_'20.
841 5352 968 5433 {lfec
1001 5350 1070 5433 in
1100 5350 1604 5433 quodamﬂetusto
1647 5353 1792 5407 libro
1824 5356 2180 5413 Chromellite

468 5470 473 5479 .
551 5423 760 5477 inveni.
792 5444 816 5469 ››
850 5423 975 5474 Haec
999 5420 1165 5475 ibir'in
1192 5421 1469 5491 margine.
1504 5426 1636 5480 CAN.

550 5497 661 5620 F8;
663 5494 854 5617 111υέυὲ
894 5491 1152 5546 miraculi
1204 5493 1416 5547 mentio
1446 5493 1502 5547 in
1534 5495 1698 5550 Rom.
1737 5497 2090 5569 Martyrolog.
2131 5501 2179 5553 1.

605 5637 648 5717 _b
675 5635 937 5717 silvester
973 5633 1228 5717 giraldus
1253 5633 1313 5687 in
1338 5638 1715 5717 tgpographia
1738 5638 2063 5717 “Hiberniae,
2094 5640 2181 5695 di—

550 5706 1269 5801 E,£&12.ﬂ1161£1&0:
1310 5728 1337 5753 ‹‹
1365 5707 1505 5801 δυηιῖ
1532 5706 1593 5788 ρξ’
1612 5710 1699 5762 hic
1730 5710 2005 5801 ginte'lllige
2035 5706 2186 5783 apud

554 5776 872 5846 liyltlariam
927 5776 1185 5845 Lagrniae
1234 5794 1407 5850 quam
1440 5778 1681 5848 gloriosa
1730 5776 1967 5853 Brigida
2002 5776 2190 5839 reddit

2347 4640 2485 4693 Nam
2520 4635 2837 4691 secundum
2869 4628 3196 4700 exemplum
3220 4622 3447 4680 Domini
3484 4626 3540 4677 et
3563 4621 3684 4676 hac
3720 4619 3914 4674 oculos

2277 4732 2411 4788 caeci
2438 4730 2555 4786 nati
2582 4727 2824 4800 aperuit.
2856 4727 2965 4781 Sua
2990 4723 3143 4778 enim
3181 4719 3414 4774 nomina
3438 4723 3496 4772 et
3528 4731 3700 4787 opera
3724 4730 3914 4769 mem-

2277 4826 2394 4882 bris
2420 4812 2691 4879 Dominus
2726 4820 2962 4892 largitus
2991 4822 3074 4872 est
3109 4814 3243 4883 suis,
3270 4813 3406 4885 quia
3434 4812 3504 4866 de
3530 4826 3588 4864 se
3630 4808 3754 4880 ipso
3780 4824 3918 4863 cum

2280 4921 2611 4992 loqueretur
2639 4935 2653 4970 :
2682 4918 2794 4985 Ego
2828 4930 2948 4969 sum
2974 4912 3070 4966 tua:
3106 4908 3305 4965 mundi
3332 4907 3506 4978 (Joan.
3536 4903 3672 4975 vm),
3701 4901 3915 4956 nihilo-

2280 5016 2474 5069 minus
2529 5012 2643 5066 suis
2692 5009 2828 5064 dicit
2877 5005 3184 5078 apostolis:
3231 5005 3338 5059 Vos
3384 5003 3508 5056 estis
3556 4999 3654 5053 lus:
3701 4997 3916 5051 mundi.

2279 5141 2581 5204 illustrem,
2600 5141 2665 5191 ut
2682 5133 2870 5206 inquit
2887 5149 3009 5203 cap.
3039 5124 3483 5206 34)rcamp.estria
3506 5122 3915 5206 pulcherrima,

2281 5228 2409 5285 quae
2440 5194 2681 5280 Brigida:
2711 5194 2918 5285 pascua
2945 5194 3260 5285 vocantur,
3278 5194 3366 5252 _in
3393 5194 3523 5267 quia
3564 5194 3761 5285 nullus
3790 5210 3915 5285 api-

2280 5264 2435 5339 tirum
2467 5264 2638 5335 ausus
2664 5264 2747 5332 est
2766 5277 3012 5342 mittere,
3047 5273 3114 5326 de
3141 5264 3349 5341 quibus
3375 5264 3477 5342 pro
3505 5266 3784 5342 miraculo
3812 5264 3915 5317 du-

2282 5355 2448 5423 citur,
2477 5351 2785 5425 quod_licet
2813 5336 3116 5423 provincias
3130 5336 3299 5397 totius
3317 5336 3582 5425 animalia
3609 5336 3729 5390 solo
3758 5340 3919 5414 tenus

2283 5406 2513 5482 γεδοὲῐῖ
2532 5422 2767 5478 herbam
2794 5406 3153 5482 corroserint,
3193 5429 3363 5467 mane
3391 5412 3707 5482 factotnon
3724 5406 3918 5482 _r_11inus

2284 5478 2595 5552 herbesitas
2610 5490 2922 5566 apparebit.
2943 5478 3232 5557 Tanquam
3253 5484 3324 5538 de
3338 5481 3558 5556 pascuis
3571 5478 3683 5533 illis
3709 5478 3917 5533 dictum

2283 5569 2456 5625 fuerit
2477 5585 2489 5623 :

2449 5667 2513 5716 Et
2539 5666 2789 5728 quantum
2816 5658 3237 5728 longis__c_arpunt
3266 5653 3501 5728 armenta
3527 5648 3738 5728 diebus,

2462 5712 2663 5792 Exigua
2687 5712 2887 5775 tantum
2910 5712 3125 5787 gelidus
3142 5732 3230 5768 ros
3256 5720 3411 5767 nocte
3433 5712 3660 5778 reponit.

622 5872 643 5894 ⁸
678 5872 905 5929 Phrasis
950 5875 1234 5935 mendosa.
1276 5877 1553 5935 Caeterum
1596 5895 1767 5954 quam
1804 5880 2140 5955 imperfecto
2183 5882 2323 5956 style
2360 5886 2471 5939 tota
2514 5882 2631 5939 Vita
2670 5880 2879 5951 scripta
2912 5875 3002 5945 sit,
3042 5873 3200 5933 facile
3237 5867 3454 5947 patebit
3488 5865 3731 5939 legenti.
3778 5866 3913 5927 Enn.
