4016 6240
209 320 301 376 ’781

1493 328 1534 382 Α
1572 328 1890 384 CUGITOSO
1926 328 2301 386 ADORNATA.

3469 341 3571 394 782

193 430 415 498 (Matth.
448 430 521 499 v),
551 434 608 484 et
637 428 848 485 eisdem
875 430 1070 487 dicens
1095 433 1287 487 intulit
1315 450 1329 487 :
1377 436 1550 504 Opera
1587 454 1705 505 qua:
1746 454 1838 505 ego
1861 439 2222 521 Aposcebat.
2256 441 2363 492 Nec
2397 438 2517 510 ipsa
2538 440 2659 511 ejus
2687 440 2919 496 audiens
2945 458 3140 513 preces
3174 443 3387 499 distulit
3412 462 3428 512 ;
3474 445 3573 500 sed

183 524 357 589 facio,
384 526 493 593 ipsi
509 526 736 591 facient,
759 530 809 579 et
830 526 1037 594 majora
1065 528 1253 581 horum
1272 531 1476 595 facient
1501 532 1673 597 (Joan.
1700 533 1828 601 xw).

269 616 401 670 lnde
424 634 594 688 quem
624 619 895 673 naturalis
918 625 1112 690 partus
1131 638 1344 676 caecum
1364 622 1829 693 protulitnatum,

194 710 333 764 fides
359 711 615 781 ejusdem
640 712 877 783 Brigidaa
899 730 1076 783 grano
1109 721 1339 786 operata
1358 716 1587 787 sinapis,
1622 721 1676 771 et
1702 734 1834 772 con-

190 802 394 857 similis
444 804 651 873 eidem,
698 807 887 859 oculos
930 808 1214 879 simplices
1258 813 1313 863 et
1349 810 1564 864 lucidos
1616 811 1832 881 ingenii

188 896 465 950 miraculo
491 898 733 968 aperuit.
766 900 891 953 Haec
925 899 1115 972 itaque
1160 902 1327 955 tantis
1365 902 1668 957 virtutibus
1698 904 1829 957 illu-

150 978 343 1054 .stris,
376 990 699 1045 humilitate
721 993 904 1047 cordis
941 999 998 1048 et
1048 994 1292 1066 puritate
1329 996 1554 1063 mentis,
1606 1013 1831 1051 morum

187 1085 569 1154 temperantia
590 1091 644 1139 et
670 1085 946 1156 spirituali
974 1087 1152 1157 gratia
1189 1088 1372 1159 plena,
1402 1094 1621 1144 tantam
1646 1095 1832 1145 aucto-

185 1176 422 1232 ritatem
451 1183 508 1232 et
555 1179 773 1235 celebre
808 1197 1017 1234 nomen
1065 1198 1181 1251 prae
1227 1182 1491 1238 omnibus
1535 1184 1830 1239 eoat-taneis

182 1270 507 1341 virginibus
535 1271 743 1328 habere
784 1274 1014 1330 meruit.

262 1365 332 1417 Et
363 1364 609 1435 quadam
655 1366 765 1435 die,
811 1384 942 1421 cum
987 1384 1102 1422 una
1145 1385 1213 1423 ex
1260 1370 1682 1425 adhmrentibus
1724 1371 1828 1425 sibi

186 1456 543 1512 extrinsecus
568 1458 799 1529 femina,
822 1477 952 1514 cum
974 1460 1087 1516 tilia
1105 1462 1404 1518 duodecim
1434 1480 1611 1518 annos
1631 1465 1826 1534 aetatis,

185 1567 259 1605 ex
303 1552 547 1605 naturali
584 1554 973 1622 procreatione
1000 1560 1177 1623 muta,
1205 1557 1273 1610 ad
1303 1573 1427 1611 eam
1456 1558 1671 1611 veniret
1696 1557 1820 1611 visi-

184 1644 448 1711 tandam,
504 1662 633 1699 cum
675 1647 851 1717 digna
889 1650 1250 1704 veneratione
1292 1656 1348 1704 et
1382 1651 1721 1720 reverentia,
1766 1657 1831 1705 ut

183 1753 392 1792 omnes
418 1740 689 1809 solebant,
719 1757 777 1794 se
805 1742 1083 1796 inclinans
1106 1749 1162 1798 et
1191 1744 1393 1797 humili
1419 1745 1559 1798 collo
1595 1745 1666 1797 ad
1709 1745 1831 1814 ejus

1937 548 2073 586 mox
2126 532 2280 586 illam
2324 551 2495 604 quam
2545 535 2821 606 optimam
2848 537 2917 591 de
2946 537 3212 592 omnibus
3237 554 3482 607 vaccam,
3514 544 3572 594 et

1932 626 2075 679 alius
2096 643 2274 679 vaccae
2301 628 2541 682 vitulum
2584 628 2906 699 elegantem
2935 636 2991 685 et
3032 631 3315 702 optimum
3348 631 3574 703 roganti

1935 717 2160 772 inﬁrmo
2187 720 2497 774 voluntarie
2520 721 2782 791 donavit;
2826 727 2882 777 et
2922 723 3367 779 misericorditer
3403 741 3571 780 suum

1933 827 2064 865 cum
2094 812 2188 865 illo
2215 814 2603 868 transmittens
2630 831 2864 869 currum
2890 817 3120 886 pariter,
3154 818 3392 889 longum
3418 823 3475 873 et
3497 819 3573 872 la-

1932 908 2216 963 tissimum
2242 926 2525 981 campum,
2560 926 2631 965 ne
2655 913 2967 967 molestiam
3000 913 3058 967 in
3100 931 3263 969 vacca
3298 915 3571 972 minanda

1931 1002 2192 1056 infirmus
2238 1004 2412 1074 longo
2459 1004 2637 1058 fessus
2681 1005 2885 1060 itinere
2929 1011 3284 1077 sustentaret,
3329 1010 3573 1065 vitulum

1932 1098 2060 1166 post
2084 1100 2309 1166 tergum
2336 1097 2457 1167 ejus
2485 1097 2544 1151 in
2572 1114 2805 1153 currum
2832 1100 2967 1170 poni
2990 1101 3374 1172 praecipiebat.
3400 1104 3465 1157 Et
3492 1104 3570 1158 sic

1932 1203 2065 1242 eum
2086 1205 2249 1243 vacca
2274 1189 2469 1260 lingua
2493 1191 2767 1259 lambens,
2790 1196 2846 1247 et
2864 1197 3131 1264 tanquam
3169 1196 3465 1266 proprium
3493 1195 3573 1251 di-

1930 1280 2134 1353 ligens,
2163 1268 2395 1338 nemine
2409 1300 2536 1338 eam
2564 1291 2819 1355 cogente,
2846 1302 3025 1358 usque
3046 1287 3117 1342 ad
3131 1288 3251 1342 loca
3290 1288 3567 1344 destinata

1930 1381 2228 1430 consecuta
2258 1382 2361 1431 est.

2000 1469 2325 1524 Charissimi
2366 1471 2565 1526 videtis
2607 1472 2829 1539 fratres,
2875 1474 3028 1544 quod
3072 1479 3128 1529 et
3161 1474 3329 1532 bruta
3374 1482 3565 1532 contra

1930 1564 2397 1619 consuetudinem
2424 1565 2475 1619 ei
2504 1565 2930 1620 famulabantur
2956 1568 3241 1623 animalia.

2002 1657 2254 1720 Quodam
2286 1657 2577 1712 intervallo
2606 1660 2877 1730 temporis
2905 1660 2997 1713 alii
3022 1662 3355 1732 nequissimi
3392 1663 3565 1731 fures,

1930 1749 2029 1819 qui
2057 1766 2160 1803 nec
2181 1751 2479 1805 Dominum
2496 1769 2600 1807 nec
2623 1753 2881 1806 homines
2901 1754 3256 1819 verebantur,
3289 1755 3358 1810 de
3379 1756 3569 1827 aliqua

184 1832 493 1902 paciﬁcum
531 1834 784 1888 osculum
812 1835 1123 1905 procidens,
1154 1835 1272 1907 ipsa
1302 1838 1564 1892 omnibus
1598 1838 1831 1892 affabilis
1850 1828 1907 1900 B
1930 1838 2215 1909 provincia
2234 1839 2305 1892 ob
2325 1840 2682 1895 latrocinium
2704 1842 3017 1909 venientes,
3044 1860 3379 1913 peramnem
3406 1862 3571 1916 gran-

183 1924 442 1996 Brigida,
498 1931 554 1980 et
607 1927 760 1993 felix,
817 1930 1057 1983 conditis
1096 1930 1209 1984 sale
1241 1931 1596 1986 sermonibus
1637 1931 1828 1986 divino

182 2035 319 2073 eam
348 2020 648 2075 salubriter
673 2022 911 2076 allocuta
931 2028 1033 2090 est,
1064 2040 1127 2077 ac
1173 2024 1467 2079 Salvatoris
1508 2025 1684 2080 nostri
1727 2027 1823 2096 ju-

182 2113 379 2167 bentis
406 2116 668 2185 exemplo
694 2117 958 2187 parvulos
985 2116 1055 2170 ad
1078 2132 1136 2172 se
1172 2118 1382 2188 venire,
1423 2117 1553 2172 filias
1592 2135 1825 2173 manum

182 2208 443 2263 retinens
470 2225 643 2263 manu
668 2226 792 2273 sua,
829 2210 1113 2265 nesciente
1148 2211 1244 2264 illa
1273 2210 1424 2282 quod
1468 2217 1613 2267 esset
1646 2219 1822 2282 muta,

184 2307 247 2355 et
263 2303 606 2357 voluntatem
631 2303 805 2374 ipsius
832 2304 1212 2375 interrogans,
1234 2311 1429 2359 utrum
1447 2306 1625 2361 velato
1646 2308 1825 2377 capite

180 2412 526 2467 permanere
565 2397 724 2467 virgo
776 2414 848 2451 an
892 2399 1105 2469 nuptiis
1154 2399 1425 2453 tradenda
1474 2415 1593 2454 esse
1635 2401 1821 2470 vellet,

181 2496 372 2544 matre
405 2490 579 2561 ipsius
605 2491 965 2558 admonente,
994 2493 1283 2564 quod-sibi
1319 2493 1433 2546 filia
1478 2494 1632 2547 nulla
1669 2495 1828 2549 daret

186 2600 479 2653 responsa,
512 2585 855 2654 respondens
878 2587 1045 2640 matri
1062 2587 1223 2654 dixit,
1248 2603 1304 2640 se
1322 2604 1434 2641 non
1462 2588 1823 2641 dimissuram

182 2678 324 2730 ﬁlize
352 2693 607 2745 manum,
645 2678 701 2731 ni
732 2678 837 2733 sibi
878 2679 1037 2750 prius
1074 2697 1408 2751 responsum
1441 2681 1718 2735 redderet.
1759 2682 1826 2735 Et

182 2771 366 2825 tiliam
392 2787 524 2824 cum
550 2772 791 2825 secunda
819 2772 939 2827 vice
970 2773 1365 2845 interrogaret,
1396 2775 1684 2863 requndit
1708 2775 1826 2829 tilia

182 2864 297 2919 sibi
325 2864 515 2919 dicens
544 2882 557 2919 :
588 2865 706 2919 Non
734 2865 905 2933 aliud,
927 2866 1037 2919 nisi
1081 2868 1231 2937 quod
1278 2873 1340 2923 tu
1389 2868 1649 2937 volucris,
1699 2869 1825 2922 volo

184 2973 386 3029 agere.
442 2960 519 3011 Ac
562 2958 639 3011 sic
682 2963 875 3030 postea
916 2966 1111 3030 aperto
1147 2977 1243 3015 ore
1296 2961 1416 3015 sine
1456 2961 1668 3033 linguae
1724 2962 1827 3015 im-

182 3051 553 3123 pedimento,
600 3057 656 3106 et
709 3052 895 3107 soluto
948 3053 1121 3124 ipsius
1173 3055 1432 3125 vinculo,
1486 3056 1827 3128 loquebatur

182 3162 343 3199 88118.

260 3241 327 3293 Et
354 3239 561 3311 quibus
589 3240 694 3294 hoc
722 3240 1146 3313 ejusdemopus
1172 3242 1342 3297 nullis
1381 3243 1693 3299 multorum
1722 3260 1823 3299 au-

183 3332 346 3387 ribus
375 3333 694 3388 inauditum
722 3336 1052 3405 scrupulum
1081 3353 1196 3390 non
1226 3339 1524 3392 moveret?

258 3428 408 3481 Dum
438 3428 590 3482 enim
616 3429 737 3483 haec
760 3429 951 3483 animo
974 3436 1118 3484 esset
1142 3430 1688 3485 intenta‘coelestium
1714 3448 1829 3487 me-

184 3519 479 3590 ditatione,
508 3528 571 3576 ut
596 3540 820 3593 semper
846 3523 1075 3593 solebat,
1100 3541 1261 3578 suam
1291 3525 1359 3579 de
1382 3525 1737 3580 terrestribus
1756 3526 1827 3581 ad

184 3615 436 3670 ccelestia
461 3616 685 3670 elevans
704 3618 1205 3687 conversationem,
1229 3619 1539 3689 quamdam
1564 3636 1681 3674 non
1704 3636 1828 3690 par-

188 3725 336 3777 vam,
368 3710 464 3763 sed
494 3710 765 3781 grandem
794 3711 937 3765 lardi
977 3716 1202 3782 partem
1241 3728 1372 3766 cum
1416 3729 1553 3767 cane
1590 3712 1822 3767 dimisit.

187 3804 255 3857 Et
280 3819 414 3857 cum
443 3808 586 3858 esset
615 3804 908 3875 inquisita,
938 3821 1053 3859 non
1081 3805 1307 3872 alicubi,
1340 3807 1437 3860 sed
1469 3807 1566 3860 ubi
1595 3807 1744 3861 canis
1764 3806 1826 3860 in

185 3914 253 3952 eo
280 3897 400 3951 loco
430 3897 641 3952 solebat
666 3913 807 3965 esse,
831 3914 1024 3954 mense
1048 3904 1349 3967 transacto,
1379 3900 1589 3955 intacta
1634 3905 1691 3955 et
1732 3900 1823 3954 in-

186 3996 350 4061 tegra
376 3996 600 4062 reperta
622 3997 724 4046 est.
755 3993 875 4045 Non
904 3992 1057 4047 enim
1102 3993 1254 4048 canis
1303 4009 1473 4047 ausus
1527 3994 1824 4049 comedere

180 4084 505 4155 depositum
532 4085 708 4139 beata:
733 4085 992 4156 virginis,
1022 4086 1119 4140 sed
1145 4091 1329 4141 custos
1356 4087 1579 4157 patiens
1599 4086 1741 4142 lardi
1768 4092 1826 4143 et

180 4179 423 4233 idoneus
448 4185 641 4234 contra
667 4195 836 4234 suum
864 4179 1091 4234 solitum
1116 4197 1339 4236 morem
1360 4181 1554 4235 divina
1579 4182 1826 4236 refrena-

180 4279 281 4329 tur
306 4273 513 4328 virtute
541 4274 773 4329 exstitit.

259 4372 622 4423 Accrescente
660 4366 912 4439 quotidie
942 4367 1350 4423 miraculorum
1389 4385 1648 4435 numero,
1692 4386 1823 4442 quae

185 4462 277 4516 vix
308 4462 632 4516 enumerari
652 4467 907 4533 possunt,
922 4467 1196 4533 quantum
1216 4462 1614 4518 misericordias
1640 4469 1695 4519 et
1709 4465 1824 4537 pie-

1848 3194 1902 3268 C

1930 1931 2060 1985 dem
2086 1932 2232 1985 facili
2264 1937 2454 1987 meatu
2484 1934 2690 2004 pedum
2742 1936 3115 2006 egredientes,
3152 1937 3352 1992 bovem
3393 1938 3568 2009 ipsius

1927 2024 2097 2079 furati
2128 2028 2278 2079 sunt.
2310 2026 2418 2080 Sed
2446 2043 2541 2081 eos
2567 2028 2826 2082 eamdem
2858 2032 3203 2084 revertentes
3221 2031 3371 2085 viam
3392 2032 3568 2102 impe-

1926 2122 2017 2172 tus
2042 2119 2291 2189 ingentis
2330 2120 2603 2187 ﬂuminis,
2646 2120 3014 2175 inundatione
3058 2139 3336 2193 aquarum
3382 2124 3567 2179 subito

1925 2211 2088 2281 facta,
2129 2213 2500 2267 conturbavit.
2559 2215 2681 2268 Non
2732 2214 2887 2268 enim
2934 2214 3149 2269 ﬂumen
3194 2216 3373 2271 instar
3412 2218 3563 2271 muri

1926 2308 2177 2359 erectum
2222 2306 2667 2360 scelestissimam
2715 2307 2891 2361 boum
2935 2308 3195 2362 fraudem
3224 2308 3402 2363 beatas
3435 2310 3559 2365 Bri-

1928 2398 2072 2468 gidaa
2100 2415 2202 2469 per
2221 2416 2278 2453 se
2308 2400 2540 2454 transire
2568 2401 2857 2471 permisit;
2890 2402 2986 2455 sed
3006 2403 3230 2457 eosdem
3272 2403 3425 2457 fures
3464 2404 3561 2460 de-

1926 2507 2191 2562 mergens
2217 2497 2272 2546 et
2298 2510 2487 2547 secum
2514 2495 2761 2561 trahens,
2802 2495 2971 2549 boves
2997 2496 3065 2550 de
3091 2496 3346 2567 ipsorum
3381 2500 3562 2553 mani-

1926 2583 2029 2638 bus
2071 2586 2314 2655 liberati,
2357 2587 2489 2641 loris
2528 2586 2585 2641 in
2616 2587 2879 2641 cornibus
2903 2588 3301 2659 pendentibus,
3333 2592 3404 2645 ad
3433 2609 3566 2662 pro-

1926 2679 2114 2751 prium
2140 2684 2529 2735 armentorum
2559 2681 2629 2734 ad
2659 2680 2941 2735 bubulum
2985 2684 3192 2737 reversi
3227 2689 3377 2740 sunt.
3430 2687 3567 2740 Ecce

1925 2777 1982 2827 et
2010 2772 2100 2827 hic
2126 2774 2302 2828 virtus
2330 2773 2519 2828 divina
2544 2777 2799 2845 apparet.

1998 2868 2140 2922 Cum
2166 2867 2411 2938 quadam
2438 2867 2528 2922 die
2554 2867 2675 2937 ipsa
2700 2868 3047 2923 sanctissima
3062 2869 3306 2941 Rrigida,
3330 2875 3566 2942 cogente

1924 2961 2114 3031 aliqua
2140 2960 2467 3015 necessitate
2494 2961 2769 3027 utilitatis,
2796 2967 2861 3016 ut
2903 2963 3333 3019 conventionem
3381 2966 3561 3036 plebis

1925 3053 2193 3121 visitaret,
2228 3054 2287 3108 in
2315 3070 2485 3107 curru
2521 3054 2720 3109 sedens
2764 3055 2923 3126 equis
2956 3055 3105 3110 binis
3140 3058 3471 3129 vehebatur,
3509 3064 3566 3115 et

1928 3164 2059 3202 cum
2084 3148 2143 3202 in
2171 3164 2271 3201 suo
2297 3147 2556 3202 vehiculo
2583 3148 2946 3204 meditatione
2984 3150 3235 3205 theorica
3278 3153 3564 3208 coelestem

1926 3258 2100 3312 agens
2126 3242 2183 3295 in
2211 3241 2376 3296 terris
2398 3241 2587 3311 vitam,
2621 3258 2808 3311 suum,
2854 3245 2939 3310 ut,
2979 3244 3215 3313 solebat,
3247 3246 3563 3302 dominato-

1928 3352 2051 3390 rem
2084 3339 2287 3401 oraret,
2321 3335 2389 3390 de
2416 3335 2524 3389 alio
2546 3335 2842 3407 procidens
2859 3336 2999 3406 loco,
3016 3337 3160 3391 alter
3184 3338 3350 3394 bruto
3373 3340 3564 3395 animo

1928 3445 2107 3500 equus
2132 3420 2334 3482 saliens
2360 3428 2416 3482 in
2445 3445 2634 3493 curru,
2659 3431 2716 3482 et
2741 3429 3115 3485 inrefrenatus
3142 3431 3375 3487 habenis
3402 3433 3563 3488 forti-

1926 3527 2014 3577 ter
2037 3538 2096 3576 se
2124 3522 2432 3588 excutiens,
2475 3527 2532 3576 et
2570 3521 2639 3575 de
2675 3521 2819 3593 jugo
2860 3524 3163 3578 exterritus
3205 3542 3309 3595 per
3344 3542 3565 3598 campe-

1925 3616 2059 3670 stria
2084 3615 2368 3681 cucurrit;
2402 3619 2460 3669 et
2490 3615 2568 3669 sic
2592 3630 2796 3669 manus
2825 3615 3044 3669 Domini
3066 3617 3276 3687 jugum
3312 3620 3565 3688 pendens

1925 3710 2047 3763 sine
2074 3707 2385 3780 praecipitio
2406 3707 2753 3762 sustentavit.
2784 3709 2849 3763 Et
2868 3709 3090 3764 vidente
3109 3710 3293 3780 turba,
3319 3711 3389 3765 ob
3415 3713 3567 3767 testi-

1926 3803 2183 3857 monium
2209 3801 2409 3855 divinae
2427 3801 2649 3855 virtutis
2671 3806 2883 3867 secuta,
2905 3802 2963 3856 in
2980 3819 3082 3857 suo
3112 3818 3277 3857 orans
3303 3804 3561 3860 vehiculo

1925 3913 2056 3951 cum
2083 3892 2200 3950 uno
2225 3911 2370 3966 equo
2397 3895 2502 3950 sub
2533 3910 2705 3949 curru
2748 3895 2950 3965 posito,
2984 3897 3055 3951 ad
3095 3897 3276 3968 plebis
3316 3914 3559 3953 conven-

1923 3990 2158 4059 tionem,
2205 3989 2460 4044 discursu
2500 3988 2781 4060 placabili,
2831 3989 3003 4043 illaesa
3041 3990 3319 4061 pervenit,
3373 3997 3428 4047 et
3482 3992 3560 4046 sic

1924 4084 2101 4155 signis
2129 4088 2185 4137 et
2209 4082 2510 4138 virtutibus
2535 4099 2638 4137 sua
2663 4082 3027 4153 conﬁrmans,
3046 4083 3322 4155 doctrina,
3352 4101 3563 4141 sermo-

1923 4176 2090 4233 nibus
2124 4176 2481 4246 salutaribus,
2527 4180 2584 4231 et
2624 4178 2737 4232 sale
2789 4176 2978 4232 divino
3027 4178 3282 4247 conditis,
3333 4179 3557 4251 plebem

1923 4273 2221 4327 exhortata
2250 4275 2352 4327 est.
2383 4272 2448 4326 Et
2488 4270 2594 4326 hoc
2629 4271 2934 4327 virtutibus
2972 4271 3092 4343 ejus
3139 4272 3362 4329 videtur
3396 4275 3562 4331 nobis

1925 4383 2043 4421 esse
2069 4365 2475 4438 deputandum.

1995 4462 2137 4516 Cum
2164 4476 2301 4531 aper
2328 4459 2482 4513 ferus
2508 4458 2808 4530 singularis
2837 4462 2894 4513 et
2928 4458 3191 4513 silvestris
3228 4459 3461 4514 territus
3505 4467 3562 4517 et

177 4556 338 4625 tatis,
380 4561 436 4610 et
470 4555 531 4609 in
566 4571 846 4627 pauperes
880 4554 1368 4627 eleemosynarum
1407 4563 1723 4628 opportune
1768 4564 1824 4615 et
1841 4566 1902 4639 D
1922 4554 2195 4627 fugitivus
2221 4556 2384 4621 esset,
2412 4552 2483 4606 ad
2506 4568 2741 4623 gregem
2768 4566 3068 4622 porcorum
3090 4551 3332 4621 Brigidae
3358 4552 3561 4608 felicis-

178 4650 563 4721 inopportune
591 4649 1000 4720 postulantium
1030 4655 1258 4721 operata
1281 4650 1382 4705 est!
1402 4652 1541 4705 Nam
1555 4668 1685 4706 cum
1710 4653 1815 4707 ali-

177 4743 311 4815 quis
337 4743 602 4813 indigens
613 4743 738 4797 cibo
764 4759 1078 4815 pauperum
1099 4760 1222 4798 eam
1248 4750 1492 4815 rogaret,
1523 4745 1618 4799 illa
1641 4747 1711 4800 ad
1726 4764 1819 4802 eos

179 4837 283 4909 qui
309 4853 507 4891 carnes
524 4842 808 4905 coxerant,
835 4842 897 4892 ut
919 4837 988 4891 ab
1014 4837 1122 4892 illis
1144 4838 1359 4909 aliquid
1386 4839 1621 4910 pauperi
1642 4840 1821 4895 defer-

181 4934 290 4999 ret,
321 4930 626 5000 festinavit,
650 4935 705 4985 et
731 4931 963 4986 illorum
978 4948 1128 4985 unus
1147 4931 1535 4986 stolidissimus
1550 4932 1816 5003 famulus,

180 5024 283 5095 qui
311 5040 510 5079 carnes
536 5029 781 5093 coxerat,
808 5024 1141 5096 insipienter
1165 5029 1387 5097 partem
1411 5026 1665 5080 nondum
1693 5043 1816 5081 car-

182 5119 272 5173 nis
299 5122 538 5187 coctam,
567 5118 626 5172 in
651 5118 902 5173 albatum
928 5118 1104 5189 ipsius
1116 5119 1351 5174 sinuata:
1370 5120 1539 5174 vestis
1566 5124 1818 5191 recepta-

180 5212 378 5267 culum
408 5212 714 5282 transjecit,
746 5217 802 5267 et
829 5212 906 5266 sic
936 5212 1049 5281 illa,
1096 5230 1212 5267 non
1252 5213 1528 5268 suffocato
1572 5214 1816 5283 mantili,

182 5313 241 5361 et
270 5307 332 5360 in
362 5323 463 5361 suo
504 5304 742 5360 candido
781 5305 973 5360 colore
1011 5311 1277 5361 manente
1312 5313 1541 5377 portans
1583 5308 1821 5379 pauperi

182 5400 403 5455 tribuit.
436 5401 545 5454 Nec
574 5416 692 5454 non
715 5403 772 5454 et
795 5400 901 5454 hoc
931 5400 1001 5454 de
1041 5401 1213 5471 gestis
1255 5400 1508 5455 felicibus
1553 5401 1823 5455 admirari

182 5495 372 5549 debet.
400 5493 833 5549 Confluentibus
852 5493 1006 5548 enim
1025 5494 1093 5548 ad
1116 5510 1242 5548 eam
1263 5494 1520 5565 undique
1562 5494 1822 5565 pauperi-

182 5588 291 5643 bus
320 5593 379 5643 et
402 5587 737 5659 peregrinis,
768 5588 987 5659 ingenti
1012 5588 1163 5642 fama
1177 5588 1417 5655 virtutis,
1441 5588 1826 5643 etnimiaslar—

182 5681 376 5754 gitatis
416 5682 601 5755 tracti,
648 5682 915 5736 accedens
962 5682 1033 5736 ad
1076 5699 1203 5737 eam
1246 5682 1395 5737 inter
1434 5698 1528 5738 eos
1566 5682 1825 5754 ingratus

180 5777 417 5850 quidam
443 5777 716 5849 leprosus,
750 5777 1027 5849 optimam
1052 5777 1122 5832 de
1149 5781 1411 5832 armento
1441 5792 1664 5832 vaccam
1690 5791 1825 5831 cum

182 5872 401 5949 optimo
426 5871 602 5927 vitulo
627 5871 885 5927 omnium
914 5871 1217 5928 vitulorum
1236 5869 1469 5928 insimul
1496 5870 1599 5926 sibi
1629 5869 1828 5929 donari

1918 4650 2074 4707 simae
2112 4647 2367 4701 concitus
2412 4661 2581 4699 cursu
2610 4644 2885 4715 prmcipiti
2911 4643 3187 4714 pervenit.
3220 4645 3402 4708 Quem
3431 4646 3554 4717 ipsa

1917 4747 2152 4799 ventum
2188 4740 2336 4793 inter
2372 4753 2501 4791 suas
2527 4754 2763 4791 cernens
2791 4736 3101 4791 benedixit.
3129 4737 3341 4793 Deinde
3369 4738 3555 4811 impa-

1916 4837 2078 4891 vidus
2102 4850 2165 4887 ac
2191 4829 2479 4885 familiaris
2505 4847 2633 4884 cum
2663 4829 2838 4901 ipsius
2860 4846 3165 4901 porcorum
3193 4847 3368 4903 grege
3390 4849 3555 4888 man-

1918 4930 2007 4986 sit.
2039 4930 2195 4993 Ecce,
2219 4925 2437 4989 fratres,
2468 4923 2666 4977 videtis
2691 4923 2846 4994 quod
2872 4928 2928 4978 et
2972 4924 3140 4979 bruta
3185 4925 3452 4981 animalia
3504 4933 3559 4982 et

1905 5016 2110 5079 bestias
2152 5016 2507 5074 sermonibus
2551 5022 2607 5070 et
2646 5017 2920 5072 voluntati
2963 5018 3086 5089 ejus
3134 5019 3392 5074 resistere
3442 5037 3558 5075 non

1918 5116 2200 5190 poterant,
2227 5112 2322 5167 sed
2349 5110 2560 5165 domita
2598 5114 2654 5165 et
2695 5109 2946 5179 subjecta
2969 5112 3074 5166 sibi
3110 5112 3555 5169 famulabantur.

1990 5213 2241 5279 Quadam
2285 5211 2475 5264 autem
2519 5208 2627 5278 die,
2668 5223 2800 5262 cum
2848 5207 3052 5279 aliquis
3089 5209 3249 5263 nulla
3299 5209 3559 5266 suffultus

1921 5306 2172 5374 scientia,
2189 5303 2418 5375 vulpem
2440 5301 2591 5373 regis
2621 5302 2690 5356 ad
2716 5302 2986 5373 palatium
3010 5302 3397 5357 ambulantem
3411 5304 3559 5359 vide-

1921 5405 2028 5469 ret,
2080 5405 2285 5471 putans
2333 5396 2513 5465 illam,
2571 5395 2863 5450 obcaecatis
2903 5395 3158 5450 sensibus
3198 5395 3333 5462 suis,
3378 5396 3557 5452 feram

1922 5511 2044 5550 esse
2070 5492 2329 5558 bestiam,
2348 5494 2404 5544 et
2429 5490 2581 5561 quod
2612 5489 2671 5543 in
2700 5488 2827 5543 aula
2854 5489 3003 5560 regis
3020 5489 3317 5543 familiaris
3331 5494 3388 5547 et
3403 5508 3558 5547 man-

1923 5590 2083 5643 sueta
2114 5591 2276 5654 esset,
2299 5585 2468 5639 variis
2486 5584 2701 5637 artibus
2714 5582 2906 5636 edocta
2932 5583 3185 5651 agilitate
3200 5585 3472 5654 corporis,
3504 5589 3560 5638 et

1924 5680 2230 5736 subtilitate
2255 5678 2452 5747 animi,
2474 5676 2598 5747 regi
2618 5681 2675 5731 et
2700 5676 2816 5729 suis
2844 5675 3141 5729 comitibus
3162 5677 3374 5745 grande
3404 5692 3557 5748 pras-

1925 5780 2079 5830 stans
2090 5773 2467 5846 signaculum,
2487 5769 3025 5842 ignoraret,vidente
3040 5769 3405 5825 multitudine
3422 5767 3564 5823 occi-

1927 5869 2011 5926 dit
2035 5885 2180 5927 eam.
2211 5868 2278 5923 Et
2305 5866 2491 5925 statim
2523 5863 2707 5922 ab‘his
2732 5863 2831 5942 qui
2855 5864 3119 5924 viderunt
3142 5865 3350 5923 factum
3376 5860 3566 5934 alliga-
