4016 6240
454 308 553 359 783

1552 304 1702 359 VITA
1742 303 2016 358 SANCTA-Z
2056 294 2690 368 BRlGIDASW'IRGlNlS,

3723 302 3834 356 784

448 419 540 467 tus
561 417 615 467 et
631 411 947 467 diffamatus
966 417 1067 479 est,
1096 413 1164 467 ad
1187 429 1381 483 regem
1407 413 1710 483 perductus
1738 417 1838 466 est.
1866 415 2078 467 Etcum
2101 424 2161 495 Α
2253 415 2389 468 Nam
2418 432 2549 469 cum
2574 416 2789 470 semina
2819 408 3388 469 saluberrima‘verbi
3434 415 3715 469 Dominici
3757 432 3827 469 ex

448 523 545 560 rex
579 507 754 559 iratus
780 524 901 560 rem
931 507 1146 560 discens
1173 512 1409 577 gestam,
1444 506 1552 560 nisi
1581 506 1684 559 sibi
1712 506 1893 577 vulpis
1921 506 2077 559 simi-

444 600 515 653 lis
542 599 598 653 in
626 601 887 654 omnibus
914 600 1321 668 callidilalibus,
1350 617 1487 670 quas
1517 617 1617 652 sua
1660 600 1840 670 vulpis
1880 616 2077 671 opera-

446 693 633 761 batur,
664 694 920 747 restituta
950 698 1110 760 esset,
1140 693 1299 746 illum
1319 693 1490 763 jussit
1521 692 1718 761 occidi,
1752 699 1808 747 et
1841 710 2080 747 uxorem

446 792 502 840 et
528 787 673 841 ﬁlios
705 791 760 841 et
790 787 981 840 omnia
1007 802 1135 857 quae
1183 787 1386 841 habeat
1429 787 1486 840 in
1526 787 1853 842 servitutem
1898 786 2079 857 redigi

441 880 719 951 praecipit.

514 976 766 1043 Cumque
799 988 917 1025 rem
950 976 1161 1041 gestam
1191 980 1382 1029 sancta
1402 978 1459 1029 et
1484 973 1819 1029 venerabilis
1849 973 2078 1044 Brigida

442 1065 740 1135 didicisset,
770 1069 926 1119 tanto
957 1065 1315 1121 miseriarum
1347 1071 1403 1122 et
1444 1068 1664 1139 pietatis
1700 1067 1904 1122 affectu
1941 1083 2073 1138 per-

441 1164 615 1227 mota,
661 1175 893 1212 currum
940 1159 1043 1212 sibi
1090 1160 1260 1231 jungi
1307 1161 1605 1232 prmcepit,
1649 1166 1705 1215 et
1750 1178 1818 1215 ex
1874 1160 2075 1215 intimo

440 1253 605 1307 corde
632 1253 826 1306 dolens
851 1270 954 1324 pro
981 1254 1102 1324 ipso
1142 1254 1370 1323 infelici,
1401 1254 1498 1325 qui
1546 1255 1753 1325 injuste
1790 1254 2073 1325 judicatus

440 1351 542 1415 est,
581 1346 841 1417 precibus
886 1346 956 1400 ad
998 1347 1305 1402 Dominum
1339 1348 1498 1414 fusis,
1546 1352 1602 1402 et
1645 1365 1746 1418 per
1774 1346 2074 1417 planiciem

438 1439 625 1509 campi
651 1439 929 1510 equitans,
964 1440 1212 1510 perrexit
1235 1440 1295 1494 in
1327 1440 1475 1494 viam
1496 1457 1624 1512 quae
1656 1441 1723 1494 ad
1747 1440 1896 1511 regis
1920 1440 2073 1511 pala-

436 1532 581 1587 tium
610 1533 869 1587 ducebat.
900 1534 1009 1587 Nec
1058 1549 1216 1587 mora
1256 1534 1531 1587 Dominus
1579 1534 1807 1588 exaudit
1854 1534 2068 1603 ipsam,

437 1643 565 1680 suas
601 1626 938 1680 fundentem
980 1627 1231 1682 assiduas
1252 1644 1467 1698 preces.
1502 1629 1682 1682 Unam
1716 1628 1783 1682 de
1815 1627 1930 1681 suis
1957 1627 2071 1680 vul-

434 1719 601 1791 pibus
626 1720 757 1773 feris
787 1720 858 1774 ad
886 1737 1010 1774 eam
1040 1722 1229 1775 venire
1250 1722 1434 1792 jussit.
1469 1722 1605 1785 Quae
1635 1738 1765 1774 cum
1786 1721 2066 1775 velocissi-

436 1829 531 1867 mo
564 1830 731 1867 cursu
764 1814 834 1868 ad
880 1830 1007 1867 eam
1050 1814 1287 1881 veniret,
1340 1819 1397 1868 et
1441 1813 1780 1868 beatissima:
1826 1801 2145 1884 BrigidaaB

436 1907 630 1960 currui
666 1908 1168 1978 appropinquaret,
1202 1908 1401 1961 leviter
1444 1924 1500 1961 se
1536 1906 1758 1960 elevans
1802 1907 1859 1961 in
1899 1923 2071 1961 curru

434 2001 681 2066 sedebat,
714 2006 770 2054 et
794 2000 896 2054 sub
924 2001 1345 2072 receptaculum
1376 2000 1617 2071 Brigidaz
1648 2000 1813 2055 vestis
1843 2017 1901 2055 se
1932 2017 2066 2055 eon-

432 2092 690 2160 stituens,
722 2092 905 2147 sobrie
935 2093 995 2147 in
1027 2110 1198 2148 curru
1231 2111 1361 2147 cum
1395 2110 1458 2147 ea
1490 2094 1735 2148 sedebat.

501 2189 571 2240 At
603 2203 733 2240 cum
758 2186 880 2256 ipsa
905 2186 973 2240 ad
1006 2203 1201 2257 regem
1225 2186 1461 2253 veniret,
1492 2190 1556 2240 ut
1606 2186 1696 2240 ille
1742 2186 1912 2240 miser
1960 2186 2066 2240 im-

428 2279 717 2350 providus,
742 2280 839 2351 qui
867 2284 1025 2334 reatu
1052 2297 1167 2333 suze
1201 2279 1539 2351 ignorantia:
1571 2280 1891 2349 tenebatur,
1927 2279 2070 2334 liber

430 2378 487 2428 et
517 2375 805 2428 absolutus
835 2374 905 2428 de
924 2374 1147 2427 vinculo
1168 2373 1534 2443 egrederetur
1561 2372 1728 2443 coepit
1757 2373 2069 2443 preeari.Et

430 2483 561 2521 cum
607 2484 705 2521 rex
747 2468 867 2537 ejus
909 2468 1171 2538 precibus
1212 2466 1528 2521 consentire
1563 2466 1855 2535 noluisset,
1905 2467 2063 2520 obte-

429 2564 583 2614 stans
608 2578 665 2614 se
697 2577 810 2613 non
845 2559 1003 2614 illum
1042 2560 1428 2629 dimissurum,
1472 2560 1581 2613 nisi
1630 2560 1799 2613 talem
1838 2560 2065 2630 vulpem

426 2657 600 2707 tanta:
629 2654 1075 2708 mansuetudinis
1100 2657 1155 2708 et
1184 2653 1503 2707 calliditatis
1529 2653 1713 2724 qualis
1741 2654 1938 2724 vulpes
1965 2669 2064 2707 sua

426 2746 610 2801 fuerat
639 2747 899 2801 restituta
927 2751 1089 2815 esset,
1120 2747 1241 2817 ipsa
1266 2764 1427 2801 suam
1466 2748 1523 2800 in
1555 2746 1805 2801 medium
1838 2748 2064 2818 vulpem

426 2840 680 2910 protulit.
705 2842 840 2905 Quae
867 2858 1055 2895 coram
1084 2858 1216 2911 rege
1245 2844 1302 2894 et
1330 2842 1486 2895 omni
1514 2841 1895 2909 multitudine,
1937 2857 2061 2894 om-

424 2949 524 2987 nes
563 2951 766 3004 mores,
796 2939 853 2989 et
884 2934 1255 2989 subtilitatem
1284 2934 1586 2988 docibilem
1637 2934 1805 2988 variis
1848 2934 2063 2987 artibus

423 3026 654 3081 alterius
684 3044 857 3098 agens
879 3028 1078 3098 vulpis,
1127 3027 1185 3081 in
1207 3027 1404 3081 eadem
1431 3028 1614 3081 forma
1645 3027 1850 3098 prioris
1874 3028 2061 3098 palam

424 3121 689 3174 omnibus
713 3121 862 3175 lusit.
896 3122 1048 3175 Tunc
1079 3139 1176 3175 rex
1210 3121 1461 3191 placatus
1482 3126 1583 3187 est,
1618 3121 1739 3176 haec
1765 3122 1977 3189 videns,
2008 3124 2064 3174 et

425 3214 726 3284 Optimates
756 3216 876 3285 ejus
904 3231 1034 3268 cum
1064 3215 1286 3285 ingenti
1316 3216 1518 3285 plausu
1553 3215 1933 3269 multitudinis
1958 3215 2057 3268 ad-

424 3307 683 3361 mirantis
714 3307 971 3361 mirabile
1012 3308 1242 3377 factum,
1285 3309 1446 3361 illum
1491 3308 1653 3377 solvi,
1707 3313 1763 3362 et
1819 3308 2062 3362 liberum

424 3400 601 3467 abire,
633 3401 731 3471 qui
760 3401 944 3454 fuerat
968 3409 1098 3456 ante
1126 3418 1254 3454 reus
1284 3401 1699 3471 delicti,jussit.

497 3495 606 3548 Nec
638 3495 817 3548 multo
847 3500 990 3565 post,
1025 3512 1155 3548 cum
1186 3499 1372 3548 sancta
1406 3494 1626 3566 Brigida
1657 3495 1931 3551 solutione
1971 3496 2057 3567 ip-

425 3586 538 3641 sius
567 3592 622 3641 et
652 3587 908 3642 libertate
936 3588 1099 3654 facta,
1130 3588 1199 3642 ad
1231 3604 1392 3642 suam
1418 3589 1627 3644 rediret
1652 3589 1907 3659 domum,
1940 3590 2062 3660 ipsa

424 3681 619 3752 vulpes
650 3681 840 3757 dolosa
858 3698 915 3736 se
944 3681 1090 3735 inter
1110 3681 1302 3735 turbas
1328 3685 1615 3753 torquens,
1640 3686 1694 3736 et
1714 3682 1911 3736 callide
1933 3699 2057 3737 mo-

424 3789 579 3840 vens,
592 3774 831 3845 fugitiva
847 3774 917 3828 ad
934 3774 1059 3828 loca
1078 3774 1298 3829 deserta
1318 3780 1372 3829 et
1400 3775 1697 3844 silvestria,
1727 3779 1783 3829 et
1801 3776 1868 3829 ad
1892 3793 2057 3829 suum

423 3871 673 3937 antrum,
701 3867 895 3922 multis
926 3867 1208 3938 equitibus
1238 3871 1295 3923 et
1324 3869 1554 3923 canibus
1582 3870 1946 3941 sequentibus
1977 3886 2054 3939 se,

423 3959 663 4015 illudens
687 3978 750 4015 ac
775 3978 877 4031 per
902 3966 1158 4031 patentes
1183 3978 1408 4032 campos
1434 3962 1682 4033 fugiens,
1715 3962 2057 4016 incolumnis

424 4054 616 4109 evasit.
664 4056 731 4108 Et
770 4071 968 4107 omnes
1012 4055 1373 4124 admirantes,
1421 4057 1574 4127 quod
1611 4056 1822 4110 factum
1851 4056 2053 4125 fuerat,

422 4147 725 4218 privilegio
750 4148 1075 4217 sanctitatis,
1107 4154 1163 4202 et
1182 4150 1550 4220 praerogativa
1588 4151 1897 4204 multarum
1941 4150 2053 4203 vir-

421 4245 609 4295 tutum
646 4257 871 4311 semper
909 4242 1213 4312 pollentem
1250 4243 1555 4315 majoribus
1591 4244 1763 4315 gestis
1805 4248 2055 4300 sanctam

423 4333 673 4389 venerati
698 4340 830 4389 sunt
856 4335 1164 4406 Brigidam.

494 4429 561 4483 Et
586 4445 717 4483 cum
745 4429 806 4483 in
835 4428 943 4482 alia
974 4428 1063 4483 die
1092 4433 1285 4484 anates
1311 4432 1539 4500 pectore
1564 4431 1772 4485 carnali
1801 4436 2056 4487 natantes

2181 525 2341 563 more
2373 526 2489 563 sua:
2534 509 2953 563 consuetudinis
3000 509 3267 563 omnibus
3306 510 3637 576 seminaret,
3690 508 3835 563 vidit

2179 618 2381 656 novem
2414 603 2561 657 viros
2588 604 2645 657 in
2674 604 2919 675 quadam
2949 603 3136 657 forma
3165 603 3392 673 speciali
3420 620 3579 657 vana:
3620 608 3679 657 et
3698 604 3822 657 dia-

2180 700 2375 754 bolicze
2407 701 2821 771 superstitionis
2848 702 3111 772 plausum
3156 701 3449 770 habentes,
3491 701 3642 754 vocis
3685 701 3828 755 ridi-

2181 794 2323 847 eulm
2351 812 2415 847 ac
2459 794 2739 849 insaniam
2762 796 2966 850 mentis
2993 795 3322 849 maximam.
3359 797 3417 848 In
3445 811 3695 865 quorum
3727 795 3833 848 viis

2178 888 2439 941 contritio
2465 892 2519 941 et
2548 888 2857 957 infelicitas,
2893 892 2949 942 et
2978 889 3209 960 antiquo
3248 888 3419 955 hosti,
3464 888 3562 958 qui
3611 888 3672 941 in
3715 888 3830 941 illis

2178 982 2450 1051 regnabat
2471 982 2611 1036 votis
2637 982 3041 1036 scelestissimis
3071 987 3126 1037 et
3161 982 3521 1052 juramentis,
3571 982 3830 1035 sitientes

2176 1074 2507 1129 effusionem
2538 1075 2850 1146 sanguinis,
2885 1081 3191 1147 antequam
3219 1075 3466 1130 calendas
3505 1074 3636 1129 Julii
3670 1075 3830 1129 illius

2175 1169 2385 1222 mensis
2406 1170 2854 1240 supervenirent,
2877 1169 3375 1233 venturi,aliorum
3399 1168 3831 1239 jugulationem

2174 1265 2231 1315 et
2259 1262 2560 1316 homicidia
2591 1262 2993 1334 deposuerunt.
3026 1262 3239 1326 Quibus
3269 1262 3728 1317 reverentissima
3770 1267 3827 1316 et

2173 1354 2409 1410 affabilis
2439 1355 2667 1425 Brigida
2706 1356 2979 1411 melliﬂua
3010 1356 3317 1410 verborum
3349 1356 3513 1425 c0pia
3538 1356 3825 1426 praedica-

2176 1449 2273 1517 vit,
2310 1452 2370 1502 ut
2399 1450 2704 1503 mortiferis
2728 1450 3013 1505 erroribus
3045 1449 3273 1518 relictis,
3304 1449 3539 1503 crimina
3574 1467 3680 1520 per
3704 1467 3831 1504 cor-

2175 1542 2260 1596 dis
2287 1543 2781 1613 compunctionem
2813 1547 2869 1598 et
2889 1560 3080 1598 veram
3107 1544 3361 1597 delerent
3400 1543 3822 1613 paenitentiam.

2169 1636 2275 1700 Qui
2306 1636 2647 1691 hebetudine
2676 1638 2885 1691 mentis
2911 1654 3048 1704 suae,
3066 1637 3174 1691 nisi
3201 1636 3358 1707 prius
3379 1654 3521 1691 vana
3547 1654 3651 1691 sua
3672 1653 3826 1691 com—

2170 1731 2416 1800 plessent
2442 1735 2593 1797 vota,
2618 1730 2753 1785 illud
2787 1730 3129 1798 resistentes,
3160 1731 3217 1784 in
3267 1730 3411 1785 viam
3446 1736 3823 1801 perrexerunt

2170 1840 2329 1877 suam
2360 1842 2375 1892 ;
2403 1828 2459 1878 et
2485 1840 2587 1895 pro
2621 1824 2727 1878 liae
2758 1841 2819 1880 re
2845 1824 2984 1878 fusis
3001 1824 3071 1878 ad
3100 1825 3277 1878 Deum
3298 1824 3560 1894 precibus
3575 1825 3818 1878 afﬂuen-

2170 1922 2257 1971 ter
2298 1922 2576 1972 veneratae
2623 1917 2879 1988 virginis,
2927 1917 3181 1986 volentis,
3248 1917 3475 1972 Domini
3530 1918 3817 1989 exemplo,

2170 2028 2369 2065 omnes
2400 2011 2579 2065 salvos
2605 2011 2747 2080 ﬁeri,
2784 2016 2840 2065 et
2870 2011 2939 2065 ad
2964 2011 3314 2081 agnitionem
3346 2011 3618 2066 veritatis.

2242 2106 2308 2158 Et
2356 2106 2711 2177 egredientes
2748 2105 2832 2158 illi
2880 2105 3059 2158 nefari
3103 2104 3414 2176 imaginem
3459 2104 3637 2159 instar
3680 2104 3813 2173 viri,

2171 2215 2341 2269 quem
2371 2199 2695 2253 debuissent
2717 2197 3005 2269 jugulare,
3044 2199 3510 2269 contemplantes,
3545 2202 3601 2251 et
3631 2199 3816 2252 conti-

2167 2307 2282 2346 nuo
2312 2294 2428 2346 suis
2450 2292 2783 2362 jugulantes
2828 2291 3057 2359 lanceis,
3105 2296 3162 2345 et
3204 2292 3400 2362 gladiis
3447 2292 3814 2358 deeollantes,

2168 2385 2325 2455 quasi
2352 2389 2475 2455 post
2507 2384 2864 2455 triumphum
2896 2385 2964 2438 de
2993 2401 3092 2438 suo
3141 2384 3455 2439 adversario
3483 2386 3659 2439 armis
3685 2402 3815 2439 san-

2169 2478 2388 2549 guineis
2408 2478 2617 2532 reversi
2634 2479 2827 2532 multis
2843 2483 3247 2548 apparuerunt.
3272 2479 3472 2532 Mirum
3495 2478 3553 2532 in
3576 2478 3815 2532 modum

2167 2588 2299 2626 cum
2331 2572 2620 2627 neminem
2650 2572 2988 2638 occiderent,
3028 2572 3136 2625 illis
3168 2572 3349 2625 visum
3382 2577 3466 2626 est
3499 2571 3818 2642 complesse

2166 2682 2268 2719 sua
2295 2670 2451 2720 vota:
2486 2668 2656 2736 atque
2691 2682 2822 2720 cum
2844 2682 3016 2736 nemo
3044 2666 3235 2720 deerat
3264 2666 3331 2720 de
3358 2666 3457 2719 illa
3497 2666 3812 2737 provincia,

2165 2759 2233 2813 de
2265 2776 2378 2829 quo
2404 2758 2485 2830 illi
2514 2759 2953 2829 triumpharent,
2978 2759 3207 2830 largitas
3233 2759 3405 2813 divini
3434 2759 3690 2813 muneris
3710 2775 3820 2829 per

2164 2828 2579 2907 sanctissimam
2612 2828 2899 2923 Brigidam
2934 2828 3091 2907 facta
3131 2853 3394 2907 omnibus
3438 2828 3819 2907 innotuitaEt

2165 2947 2242 3000 sic
2268 2947 2353 3000 illi
2373 2947 2472 3017 qui
2498 2951 2662 3001 antea
2702 2938 2863 3000 erant
2905 2946 3223 3015 homicidas,
3266 2963 3368 3018 per
3410 2947 3816 3017 pcenitentiam

2164 3040 2233 3094 ad
2265 3040 2568 3094 Dominum
2597 3040 2851 3094 conversi
2882 3043 3033 3094 sunt.

2234 3135 2300 3187 Et
2327 3133 2385 3186 in
2416 3133 2522 3187 hoc
2554 3149 2723 3204 opere
2750 3150 2852 3204 per
2895 3137 3147 3187 sanctam
3194 3131 3479 3204 Brigidam
3525 3132 3683 3188 cultu
3730 3132 3823 3188 in-

2162 3227 2462 3281 enarrabili
2488 3244 2659 3281 sacrm.
2688 3227 2976 3297 religionis
3002 3228 3188 3281 divina
3218 3228 3568 3282 manifestata
3599 3230 3686 3281 est
3712 3244 3821 3298 po-

2161 3321 2357 3375 tentia.
2392 3322 2549 3375 lllam
2579 3320 2752 3388 enim,
2786 3321 3167 3390 Luguidinam
3191 3322 3446 3387 nomine,
3478 3321 3694 3375 validus
3722 3322 3812 3375 vir

2160 3414 2342 3482 valde,
2383 3419 2439 3469 et
2485 3414 2737 3468 virorum
2789 3414 3147 3480 fortissimus,
3204 3414 3503 3468 duodecim
3548 3415 3813 3469 virorum

2160 3524 2331 3578 Opera
2358 3524 2461 3578 per
2485 3506 2852 3577 semetipsum
2880 3511 2999 3561 tota
3024 3507 3352 3562 fortitudine
3398 3508 3485 3561 sui
3531 3508 3812 3578 corporis,

2161 3604 2217 3658 in
2250 3622 2379 3671 una,
2412 3621 2543 3659 cum
2569 3604 2757 3669 vellet,
2791 3604 3052 3658 laborans
3074 3605 3185 3673 die,
3220 3610 3280 3659 et
3318 3605 3547 3673 cibaria,
3599 3604 3817 3675 quibus

2158 3696 2502 3751 suﬂicienter
2529 3696 2827 3751 duodecim
2851 3697 2957 3751 viri
2986 3698 3134 3752 vesci
3163 3700 3407 3768 possent,
3437 3696 3605 3751 simul
3623 3712 3805 3753 come-

2157 3790 2295 3844 dens
2327 3790 2490 3859 (sicut
2520 3789 2672 3844 enim
2698 3790 2927 3845 illorum
2956 3808 3127 3862 opera
3149 3791 3320 3859 solus,
3366 3790 3442 3844 sic
3491 3794 3546 3845 et
3589 3790 3807 3845 cibaria

2156 3884 2359 3955 aequali
2387 3884 2555 3938 modo
2582 3900 2731 3938 unus
2757 3887 2953 3939 contra
2981 3885 3170 3955 plures
3196 3883 3489 3938 comedere
3533 3886 3807 3955 poterat),

2157 3978 2488 4048 deprecatus
2509 3983 2608 4047 est,
2642 3980 2705 4045 ut
2729 3978 2848 4048 ipsa
2876 3978 3183 4032 Dominum
3209 3980 3397 4031 oraret
3427 3977 3806 4048 Omnipoten-

2156 4077 2295 4137 tem,
2338 4076 2403 4126 ut
2447 4071 2567 4141 ejus
2621 4071 2955 4142 ingluviem,
2998 4088 3113 4143 qua
3161 4071 3445 4142 superﬂua
3471 4070 3801 4137 devorabat,

2155 4168 2534 4235 temperaret;
2586 4180 2691 4218 nec
2741 4168 3047 4234 antequam
3088 4163 3357 4218 virtutem
3414 4165 3501 4217 sui
3550 4164 3809 4235 corporis

2154 4275 2258 4329 pro
2287 4258 2392 4312 hac
2417 4258 2695 4312 amisisset
2724 4275 2908 4312 causa.
2944 4258 3009 4327 Et
3042 4257 3119 4310 sic
3141 4257 3233 4311 illa
3261 4258 3484 4329 Brigida
3509 4257 3671 4312 illum
3696 4257 3802 4312 be-

2154 4352 2439 4420 nedicens,
2469 4356 2523 4406 et
2550 4368 2652 4422 pro
2700 4351 2795 4405 illo
2840 4350 3143 4406 Dominum
3184 4368 3386 4420 orans;
3435 4351 3552 4421 ipse
3603 4356 3803 4422 postea

2153 4445 2303 4499 victu
2333 4445 2503 4499 unius
2526 4444 2632 4498 viri
2664 4445 2795 4498 satis
2822 4448 3139 4514 contentus,
3174 4462 3257 4512 ac,
3289 4448 3350 4498 ut
3369 4450 3535 4499 antea
3558 4444 3800 4511 solebat,

422 4522 482 4578 in
512 4540 677 4594 aqua:
712 4526 769 4577 et
797 4539 899 4594 Per
927 4540 1060 4578 aera
1089 4524 1371 4578 interdum
1416 4524 1730 4592 νοίίίθηίθεν
1768 4524 1931 4580 beata
1970 4526 2133 4623 Vi'D
2156 4539 2432 4607 laborans,
2478 4538 2623 4592 sicut
2689 4538 2987 4592 duodecim
3025 4538 3270 4609 operarii
3324 4538 3684 4610 Operabatur,
3735 4538 3799 4591 in

423 4616 597 4670 disset
627 4616 873 4688 Brigida.
901 4634 992 4671 eas
1007 4617 1077 4670 ad
1099 4633 1156 4671 se
1184 4616 1376 4671 venire
1389 4617 1576 4687 jussit.
1593 4618 1728 4681 Quae
1743 4619 2053 4690 pennigero

423 4710 629 4779 volatu,
663 4716 719 4764 et
742 4714 859 4764 toto
886 4711 1083 4765 ardore
1111 4710 1446 4765 obedientiaa
1476 4711 1597 4781 ejus
1642 4711 1873 4766 vocibus
1924 4715 2050 4767 tan-

421 4818 593 4874 quam
631 4803 882 4857 humana
910 4821 1046 4858 cura
1071 4808 1373 4871 consuetae,
1418 4804 1538 4858 sine
1584 4805 1697 4859 ulla
1751 4805 2051 4861 formidine

420 4896 727 4951 multitudo
754 4896 825 4949 ad
855 4913 979 4951 eam
1002 4898 1269 4952 volitavit.
1299 4899 1445 4963 Quas
1476 4915 1648 4952 manu
1695 4903 1954 4970 tangens,
1996 4905 2053 4955 et

418 4990 786 5062 amplectens,
816 4995 872 5045 et
906 5007 1008 5061 per
1045 4992 1399 5062 aliquantum
1440 4992 1711 5063 temporis
1752 4993 1857 5047 hoc
1898 4994 2048 5048 idem

416 5084 644 5153 faciens,
679 5084 861 5139 redire
889 5102 952 5138 ac
982 5085 1166 5139 volare
1195 5085 1310 5139 suis
1338 5085 1398 5140 in
1423 5103 1615 5141 aerem
1640 5086 1741 5142 alis
1770 5088 2046 5158 permisit.

417 5179 754 5235 Collaudans
792 5180 1115 5234 Creatorem
1162 5179 1420 5233 omnium
1463 5198 1674 5251 rerum,
1724 5182 1813 5236 cui
1859 5183 2051 5237 omnia

416 5274 667 5345 subjecta
695 5278 829 5328 sunt
851 5272 1179 5339 animantia,
1205 5277 1261 5328 et
1279 5272 1370 5327 cui
1386 5275 1575 5329 omnia
1602 5275 1820 5343 vivunt,
1849 5279 1914 5330 ut
1931 5277 2048 5349 qui-

412 5368 542 5423 dem
572 5369 668 5438 ait,
701 5366 887 5422 ofﬁcio
920 5366 1172 5437 gerendi.

484 5464 552 5516 Et
580 5479 647 5516 ex
676 5461 761 5517 his
798 5460 1062 5515 omnibus
1096 5460 1395 5515 manifeste
1430 5462 1620 5533 colligi
1654 5466 1844 5535 potest
1892 5464 2045 5536 quod

410 5555 594 5610 omnis
637 5561 841 5610 natura
887 5553 1196 5609 bestiarum
1254 5560 1311 5610 et
1341 5572 1613 5626 pecorum
1665 5563 1720 5612 et
1753 5557 2045 5611 volucrum

410 5651 661 5719 subjecta
692 5650 813 5720 ejus
839 5648 945 5702 fuit
979 5648 1234 5719 imperio.
1291 5651 1356 5704 Et
1403 5650 1512 5704 hoc
1554 5651 1676 5720 ejus
1710 5651 2045 5706 miraculum

412 5742 677 5795 omnibus
707 5742 924 5795 saeculis
956 5742 1353 5797 celebrandum
1377 5744 1607 5797 auribus
1636 5744 1885 5801 ﬁdelium
1914 5747 2045 5801 insi-

412 5834 701 5887 nuandum
734 5840 835 5889 est.

2132 4633 2351 4687 'eadem
2379 4632 2611 4703 antiqua
2640 4632 2949 4703 permansit.
2977 4632 3202 4687 virtute.

2221 4728 2358 4780 Item
2386 4726 2558 4780 arbor
2577 4726 2837 4797 quasdam
2855 4726 3085 4797 grandis
3103 4730 3159 4780 et
3179 4725 3524 4794 maxima,ad
3544 4725 3799 4796 aliquem

2150 4819 2405 4890 paranda
2425 4835 2749 4885 usum,cum
2770 4819 2857 4873 his
2884 4818 2981 4890 qui
2995 4819 3232 4873 artificia
3251 4834 3512 4874 exercere
3539 4818 3801 4874 solebant

2150 4913 2210 4967 in
2239 4913 2396 4984 ligna
2417 4912 2707 4983 lignorum
2731 4912 3020 4966 securibus
3031 4912 3216 4967 excisa
3234 4917 3336 4966 est.
3360 4912 3441 4967 Ad
3457 4928 3629 4983 quam
3649 4928 3795 4966 con-

2150 5006 2336 5060 ventio
2362 5006 2615 5060 virorum
2637 5006 2874 5061 fortium
2896 5010 3130 5078 prepter
3146 5006 3268 5076 ejus
3286 5006 3601 5061 molestiam
3628 5011 3687 5061 et
3712 5007 3803 5061 in-

2152 5104 2381 5170 gentem
2408 5099 2640 5169 molem,
2668 5100 2792 5155 loca
2818 5099 3151 5155 difficillima
3181 5099 3242 5153 in
3269 5099 3475 5171 quibus
3499 5116 3800 5154 ramorum

2149 5210 2280 5249 cum
2294 5193 2519 5264 fragore
2540 5210 2798 5263 suorum,
2820 5199 2882 5247 ut
2902 5193 3631 5265 deponerent,attraherent
3658 5209 3797 5248 cum

2148 5287 2341 5342 multis
2377 5287 2581 5357 bubus,
2621 5293 2678 5342 et
2701 5287 2983 5342 artiﬁcum
3008 5286 3287 5341 machinis
3311 5286 3380 5341 ad
3400 5286 3591 5341 locum
3618 5287 3800 5342 desti-

2148 5384 2365 5447 natum,
2407 5383 2470 5433 ut
2512 5380 2812 5435 necessitas
2848 5381 2930 5434 rei
2977 5380 3261 5451 poscebat,
3293 5384 3641 5451 congregata
3686 5386 3796 5435 est.

2147 5475 2358 5528 Etcum
2381 5490 2485 5528 nec
2506 5473 2813 5528 multitudo
2836 5474 3110 5544 virorum,
3130 5474 3278 5528 vires
3297 5474 3491 5539 boum,
3529 5478 3586 5527 et
3618 5474 3799 5529 varia:

2144 5567 2425 5622 artificum
2445 5572 2613 5635 artes,
2643 5584 2866 5623 movere
2896 5569 2982 5623 vel
3026 5567 3252 5622 trahere
3287 5567 3403 5621 ullo
3452 5567 3624 5622 modo
3652 5584 3793 5638 pos-

2145 5666 2269 5716 sent
2312 5678 2437 5716 eam
2472 5661 2757 5728 arborem,
2788 5661 3181 5718 recedentibus
3210 5659 3425 5715 cunctis
3469 5661 3541 5715 ab
3573 5677 3660 5729 ea,
3687 5677 3798 5732 per

2144 5755 2511 5810 fortissimam
2536 5755 2706 5810 fidem
2731 5754 2911 5811 beate
2939 5756 3180 5827 Brigidae
3202 5772 3379 5827 grano
3396 5755 3609 5826 sinapis
3638 5755 3795 5810 simi-

2145 5850 2276 5918 lem,
2306 5866 2409 5922 per
2435 5866 2607 5921 quam
2650 5849 2841 5920 ﬁdem,
2890 5856 2954 5905 ut
2990 5849 3253 5922 Magister
3295 5848 3533 5906 ccelestis
3561 5864 3786 5929 organo
