4016 6240
194 444 296 499 785

1485 447 1526 505 Α
1565 451 1884 507 CUGITOSO
1922 448 2299 510 ADORNATA.

3474 462 3572 522 780

188 548 534 625 evangelicae
563 550 713 610 vocis
739 552 921 624 docet,
953 558 1173 612 montes
1199 561 1520 627 moventur,
1548 560 1625 615 sic
1652 561 1829 633 possi-
1852 571 1911 646 Α
1931 562 2131 617 eadem
2151 561 2334 616 forma
2370 561 2613 618 vitulum
2640 576 2774 619 cum
2803 579 2901 619 sua
2938 558 3154 624 invenit
3184 583 3366 641 vacca,
3397 586 3571 643 quem

187 646 327 701 bilia
373 653 505 702 sunt
535 649 799 703 omnibus
838 650 1195 705 credentibus
1239 651 1454 719 (Matth.
1500 655 1651 724 xvu),
1704 672 1831 710 eam

191 740 587 811 gravissimam
616 743 875 798 arborem
894 744 1235 815 evangelicae
1258 746 1501 814 virtutis,
1523 765 1626 819 per
1644 748 1833 803 divina

187 835 479 904 mysteria,
513 837 671 890 nullo
699 838 1023 891 mortalium
1045 838 1257 893 auxilio
1287 840 1536 894 levantes
1567 842 1686 896 sine
1719 843 1832 897 ulla

186 932 522 989 difﬁcultate
550 935 620 989 ad
669 935 876 1003 locum,
906 953 1077 1008 quem
1122 937 1302 991 voluit
1346 944 1540 993 sancta
1584 938 1827 1011 Brigida,

182 1026 537 1093 detulerunt,
567 1046 629 1083 ac
668 1046 770 1099 per
813 1047 1010 1084 omnes
1060 1030 1375 1101 provincias
1420 1036 1574 1087 tanta
1627 1033 1831 1088 divinae

180 1120 413 1176 virtutis
440 1123 773 1176 excellentia
801 1123 1088 1194 divulgata
1121 1129 1224 1179 est.

256 1216 326 1270 Et
353 1221 545 1271 nostro
593 1217 831 1271 occurrit
860 1218 1071 1287 animo,
1104 1236 1217 1273 non
1259 1219 1559 1274 excludere
1593 1224 1649 1275 et
1680 1222 1828 1277 hanc

176 1310 455 1365 virtutem
490 1310 711 1364 silentio
737 1315 953 1365 nostro.

254 1404 499 1468 Quidam
544 1405 697 1458 enim
740 1384 825 1459 vir
862 1406 1165 1473 saecularis,
1197 1411 1251 1461 et
1299 1413 1466 1478 gente
1511 1409 1734 1474 nobilis,
1772 1413 1829 1469 et

178 1497 411 1551 dolosus
449 1498 702 1552 moribus
736 1499 1105 1553 exardescens
1151 1500 1208 1553 in
1255 1501 1547 1570 cujusdam
1599 1502 1827 1557 feminae

174 1591 723 1661 concupiscentiam,
762 1597 818 1646 et
856 1609 968 1663 quo
1000 1594 1169 1646 modo
1207 1594 1329 1663 ejus
1376 1595 1682 1649 concubitu
1712 1596 1822 1650 frui

175 1690 374 1755 posset
393 1685 587 1739 callide
615 1686 889 1755 cogitans,
919 1703 982 1739 ac
1011 1692 1227 1741 sentem
1255 1694 1585 1758 argenteam
1614 1690 1822 1759 pretio-

176 1794 304 1832 sam
332 1779 391 1831 in
436 1778 753 1848 depositum
798 1779 904 1832 sibi
953 1781 1381 1846 commendans,
1414 1798 1588 1853 quam
1635 1782 1824 1836 dolose

174 1872 421 1925 retraxit
448 1871 539 1925 illa
568 1873 887 1944 ignorante,
920 1878 975 1926 et
1007 1873 1147 1942 jecit
1173 1873 1231 1927 in
1260 1891 1438 1941 mare,
1469 1880 1524 1930 et
1550 1892 1680 1929 cum
1706 1876 1823 1947 ipsa

1930 659 1994 709 ut
2020 656 2269 726 priorem
2300 657 2421 727 ipsa
2448 657 2739 713 dilexerat.
2773 659 2839 713 Et
2883 660 3083 716 telaria
3120 662 3277 734 ligna
3306 663 3570 722 similiter

1932 749 2037 803 sibi
2068 766 2183 819 prae
2212 750 2428 804 caeteris
2456 757 2733 822 reparata,
2769 752 2827 807 in
2853 754 2951 807 tali
2980 755 3163 813 forma
3179 763 3234 812 et
3251 760 3566 830 quantitate

1930 842 1990 896 in
2012 859 2121 912 qua
2150 842 2335 913 priora
2359 844 2604 912 fuerant,
2634 848 3013 918 contemplata
3040 855 3142 904 est.

2001 937 2069 989 Et
2098 936 2173 990 sic
2205 943 2392 991 sancta
2430 938 2657 1009 Brigida
2689 940 2833 994 felici
2862 958 3186 1013 progressu,
3218 949 3273 999 et
3321 946 3567 1006 mirabili

1929 1028 2074 1083 facta
2102 1029 2326 1097 virtute,
2356 1034 2412 1083 et
2439 1032 2847 1088 habitatoribus
2861 1035 3200 1107 valedicens,
3220 1039 3489 1110 pontifice
3504 1041 3564 1098 in

1930 1139 2091 1177 suam
2123 1123 2273 1177 viam
2304 1124 2570 1194 perrexit.

2002 1217 2068 1271 Et
2118 1232 2244 1270 ecce
2286 1217 2345 1271 in
2386 1222 2536 1271 tanta
2574 1217 2983 1275 miraculorum
3034 1224 3427 1293 magnitudine
3456 1227 3563 1282 hoc

1930 1309 2185 1379 ejusdem
2240 1327 2382 1380 opus
2436 1312 2770 1381 praeclarum
2822 1313 3095 1382 admirari
3142 1318 3302 1373 solet.
3359 1320 3561 1375 Tribus

1929 1403 2081 1456 enim
2103 1403 2338 1474 leprosis
2358 1405 2773 1474 postulantibus
2792 1424 3001 1462 munus
3022 1410 3471 1484 aliquodcunque
3488 1414 3560 1468 ab

1928 1512 1992 1549 ea
2019 1497 2290 1567 accipere,
2322 1514 2417 1551 vas
2466 1498 2669 1569 largita
2696 1505 2779 1554 est
2821 1507 3179 1571 argenteum.
3236 1505 3304 1559 Et
3341 1523 3415 1560 ne
3450 1507 3562 1561 illis

1927 1593 2070 1643 esset
2095 1607 2259 1643 causa
2285 1591 2582 1645 discordiae
2611 1597 2669 1647 et
2698 1594 3093 1664 contentionis,
3125 1597 3167 1649 si
3199 1597 3276 1651 illi
3325 1600 3473 1655 inter
3500 1616 3560 1654 se

1925 1682 2257 1748 dividerent,
2317 1684 2541 1738 cuidam
2588 1685 2647 1738 in
2694 1688 3041 1757 ponderibus
3087 1689 3212 1743 auri
3249 1696 3305 1745 et
3332 1694 3556 1763 argenti

1924 1782 2211 1846 comperto
2237 1776 2377 1830 dixit
2408 1782 2471 1831 ut
2513 1778 2663 1832 inter
2704 1779 2827 1832 illos
2857 1780 2961 1834 hoc
2987 1782 3336 1853 ponderaret
3379 1786 3560 1841 tribus

1926 1869 2237 1939 aequalibus
2283 1869 2557 1940 partibus.
2604 1873 2858 1943 Cumque
2901 1890 3170 1930 excusare
3208 1894 3265 1931 se
3304 1878 3562 1949 CCBpisset

170 1981 296 2018 non
325 1970 513 2035 posset
542 1965 795 2033 reddere,
829 1965 933 2019 sibi
966 1971 1110 2020 esset
1140 1967 1362 2034 ancilla,
1400 1973 1458 2022 et
1484 1969 1605 2038 ejus
1628 1974 1822 2039 postea
1843 1943 1897 2013 B
1923 1961 2130 2027 dicens:
2159 1964 2471 2032 DODdel‘al‘e
2499 1981 2555 2017 50
2598 1966 2893 2034 aequaliter
2916 1984 3031 2021 11011
3057 1985 3243 2038 posse,
3276 1970 3392 2040 ipsa
3429 1972 3554 2026 feli-

173 2062 457 2127 uteretur,
492 2062 558 2113 ut
586 2060 773 2127 vellet,
802 2060 1178 2130 amplexibus,
1207 2062 1564 2115 machinatus
1592 2068 1667 2116 est
1715 2063 1822 2117 hoc

168 2152 452 2223 perﬁcere
486 2153 719 2221 malum,
769 2154 924 2207 nulla
960 2153 1066 2207 alia
1094 2170 1152 2207 re
1181 2171 1241 2207 ac
1271 2155 1659 2225 redemptione
1696 2156 1818 2225 pla-

168 2250 338 2300 catus
366 2245 487 2301 tieri
534 2264 692 2317 posse
723 2248 935 2313 dicens,
963 2247 1069 2301 nisi
1100 2250 1197 2301 aut
1242 2248 1470 2319 propria
1517 2248 1621 2302 sibi
1662 2253 1819 2304 sente

167 2343 445 2409 argentea
475 2340 715 2408 reddita,
739 2345 839 2393 aut
878 2341 997 2411 ipsa
1020 2341 1232 2395 femina
1261 2342 1319 2395 in
1353 2341 1678 2396 servitutem
1712 2342 1817 2397 sibi

166 2432 399 2486 redacta
428 2450 529 2503 pro
555 2450 719 2487 causa
766 2434 1030 2504 culpabili
1073 2434 1291 2504 fragilis
1344 2435 1814 2505 concupiscentiae

168 2531 452 2579 uteretur.
483 2528 547 2580 Et
578 2527 699 2580 haec
729 2527 935 2581 timens
964 2528 1169 2598 pudica
1194 2528 1409 2582 femina
1441 2529 1599 2599 quasi
1634 2529 1703 2582 ad
1733 2529 1811 2583 ci-

164 2619 406 2673 vitatem
424 2619 543 2674 refu
554 2620 629 2690 gii
646 2621 1008 2690 tutissimam,
1024 2622 1094 2675 ad
1115 2625 1367 2675 sanctam
1384 2622 1669 2692 Brigidam
1685 2638 1816 2677 con-

162 2712 344 2783 fugit.
375 2714 509 2777 Quae
532 2730 661 2768 cum
692 2716 862 2768 talem
890 2715 1258 2785 comperisset
1284 2732 1533 2781 causam,
1562 2716 1647 2769 vel
1674 2716 1813 2787 quid

160 2823 278 2877 pro
307 2807 412 2860 hac
438 2824 498 2861 re
518 2814 711 2878 ageret
731 2808 1025 2877 cogitaret,
1050 2825 1179 2862 cum
1196 2825 1295 2862 nec
1311 2808 1449 2862 dum
1474 2809 1644 2862 verba
1661 2826 1812 2863 com-

160 2899 401 2969 plesset,
431 2900 757 2970 supervenit
786 2902 855 2954 ad
884 2918 940 2954 se
962 2901 1193 2971 quidam
1209 2918 1339 2955 cum
1367 2901 1611 2971 piscibus
1629 2902 1695 2956 de
1708 2902 1812 2956 ﬂu-

158 2992 326 3047 minc
360 2993 570 3047 tractis.
586 2994 838 3065 Cumque
855 2994 1084 3049 illorum
1101 2995 1314 3053 viscera
1334 2994 1519 3049 excisa
1539 2998 1595 3049 et
1616 2999 1811 3066 aperta

161 3093 379 3157 essent,
412 3091 586 3145 sentis
621 3092 714 3146 illa
742 3097 1032 3163 argentea,
1069 3108 1243 3163 quam
1271 3092 1365 3146 ille
1409 3092 1651 3147 crudelis
1671 3093 1810 3163 jecit

158 3184 227 3238 in
255 3200 436 3251 mare,
461 3184 518 3238 in
540 3185 726 3239 medio
747 3186 914 3240 unius
934 3186 1099 3256 piscis
1125 3189 1348 3255 reperta
1362 3191 1461 3240 est.
1487 3187 1553 3240 Et
1569 3185 1643 3240 sic
1660 3191 1809 3257 post-

160 3292 233 3332 ea
274 3294 472 3331 secura
503 3282 693 3333 mente
748 3280 1008 3333 eamdem
1049 3284 1268 3333 sentem
1301 3295 1489 3333 secum
1534 3284 1801 3350 portans;
1827 3312 1881 3385 Ο

157 3375 221 3425 et
251 3372 324 3424 ad
352 3376 694 3426 conventum
720 3372 1217 3444 multitudinispro
1246 3372 1351 3427 hac
1378 3372 1540 3443 culpa
1569 3389 1698 3426 cum
1726 3378 1809 3444 ty-

157 3479 350 3518 ranno
390 3465 591 3519 infami
641 3466 1033 3535 progrediens,
1064 3470 1119 3519 et
1164 3469 1486 3519 monstrans
1515 3465 1620 3519 sibi
1647 3482 1804 3520 eam-

158 3557 297 3611 dem
328 3564 567 3625 sentem,
596 3559 791 3613 multis
817 3559 1173 3627 testantibus,
1204 3559 1302 3630 qui
1337 3575 1465 3613 eam
1500 3575 1807 3629 agnoscere

155 3655 448 3721 poterant,
482 3669 595 3705 non
626 3652 793 3706 aliam
823 3668 961 3717 esse,
993 3653 1089 3706 sed
1108 3653 1289 3723 ipsam
1315 3652 1383 3706 de
1409 3668 1519 3723 qua
1549 3652 1673 3706 talis
1686 3669 1804 3707 ser-

155 3760 259 3797 mo
286 3744 590 3811 ferebatur,
620 3746 1007 3800 adhaerentem
1030 3746 1137 3799 sibi
1164 3746 1437 3800 feminam
1457 3745 1719 3816 pudicam
1736 3746 1805 3800 de

154 3836 429 3891 manibus
457 3838 683 3908 tyranni
711 3838 1376 3893 crudelissimiliberavit.
1402 3839 1496 3892 llle
1527 3855 1659 3892 vero
1681 3855 1809 3909 pos-

157 3933 253 3983 tea
280 3930 555 3984 conﬁtens
584 3947 742 3985 suam
774 3932 1025 4003 culpam,
1056 3937 1265 3986 sanctae
1298 3931 1539 4002 Brigidae
1569 3931 1802 3985 humili-

154 4026 250 4077 ter
278 4039 379 4077 sua
398 4023 647 4077 subdidit
678 4025 834 4079 colla.
864 4026 1017 4079 Tune
1045 4024 1141 4079 illa
1169 4025 1238 4079 ab
1270 4025 1535 4080 omnibus
1562 4024 1804 4095 gloriosa

150 4122 389 4188 peracto
430 4116 535 4171 hoc
565 4117 787 4188 ingenti
826 4118 1096 4172 miraculo
1129 4117 1337 4189 gratias
1382 4134 1556 4189 agens
1588 4119 1717 4187 Deo,
1747 4123 1804 4173 et

152 4209 361 4265 omnia
386 4210 445 4264 in
473 4210 594 4281 ejus
652 4210 895 4281 gloriam
946 4211 1176 4278 faciens,
1204 4211 1440 4266 domum
1471 4210 1638 4266 rediit
1670 4227 1797 4282 pro-

148 4304 369 4375 priam.

230 4398 301 4451 Et
326 4396 414 4450 bis
440 4396 725 4451 miraculis
774 4398 1090 4469 gloriosum
1124 4399 1245 4469 ejus
1273 4415 1401 4453 cum
1433 4397 1622 4470 aliqua
1650 4397 1799 4453 ﬁdeli

150 4490 377 4546 femina
407 4490 715 4561 hospitium
752 4492 923 4562 jungi
954 4492 1141 4547 debet.
1170 4493 1289 4556 Quo
1330 4508 1669 4563 prosperum
1695 4492 1803 4547 iter

149 4584 370 4639 faciens
392 4588 581 4638 sancta
598 4584 824 4655 Brigida
852 4585 911 4638 in
940 4585 1040 4639 Dei
1064 4586 1351 4639 voluntate
1368 4585 1425 4638 in
1452 4584 1799 4656 amplissimo

1923 2054 2145 2108 cissima
2192 2056 2437 2126 Brigida,
2487 2058 2841 2127 apprehenso
2880 2076 3003 2113 vase
3048 2060 3557 2132 argenteo,'allidit

1921 2150 2117 2201 contra
2143 2148 2407 2219 lapidem,
2439 2155 2493 2203 et
2517 2150 2794 2220 confregit
2820 2151 2877 2205 in
2905 2155 3037 2221 tres,
3065 2158 3124 2207 ut
3152 2156 3349 2222 voluit,
3372 2174 3557 2228 arqua-

1920 2241 1999 2295 les
2041 2248 2242 2311 partes.
2286 2242 2488 2297 Mirum
2519 2242 2578 2296 in
2609 2244 2866 2311 modum,
2912 2262 3041 2299 cum
3076 2252 3267 2317 postea
3295 2248 3413 2303 istae
3441 2255 3553 2305 tres

1918 2343 2106 2408 partes
2147 2338 2204 2392 in
2233 2340 2479 2410 pondere
2524 2345 2713 2395 essent
2754 2357 3018 2411 emensae,
3070 2345 3226 2398 nulla
3268 2363 3400 2417 pars
3441 2348 3551 2402 alia

1917 2431 2104 2485 minor
2130 2433 2215 2486 vel
2243 2433 2355 2486 alia
2375 2450 2503 2504 qua:
2530 2434 2699 2487 aliam
2730 2439 3045 2505 superaret,
3070 2437 3197 2492 licet
3222 2455 3335 2493 uno
3362 2440 3547 2509 obolo,

1918 2524 1985 2578 de
2016 2525 2105 2579 his
2126 2525 2354 2580 inventa
2383 2530 2467 2580 est
2494 2527 2673 2581 tribus
2701 2529 2974 2598 partibus.
3005 2531 3071 2584 Et
3095 2531 3172 2584 sic
3200 2530 3303 2602 ipsi
3334 2550 3547 2605 paupe-

1917 2635 2004 2672 res
2032 2619 2150 2673 sine
2176 2619 2292 2673 ulla
2320 2619 2543 2690 injuriae
2572 2621 2866 2676 etinvidiae
2885 2640 3049 2677 causa
3061 2624 3177 2678 laeti
3197 2632 3549 2683 recesserunt

1916 2728 2045 2765 cum
2079 2713 2192 2766 suis
2229 2714 2412 2767 donis.

1984 2805 2302 2860 Secundum
2352 2807 2505 2861 enim
2550 2807 2859 2862 beatissimi
2893 2809 2993 2863 Job
3028 2811 3354 2882 exemplum
3394 2831 3539 2869 nun—

1909 2915 2081 2968 quam
2127 2900 2325 2969 inOpes
2369 2918 2402 2953 a
2437 2919 2494 2955 se
2525 2902 2784 2955 recedere
2835 2902 2963 2955 sinu
3008 2920 3183 2957 vacuo
3235 2923 3393 2977 passa
3437 2917 3539 2962 est.

1908 2992 2048 3045 Nam
2094 2993 2429 3048 vestimenta
2470 2995 2847 3050 transmarina
2874 3001 2929 3051 et
2955 2998 3256 3069 peregrina
3295 2999 3542 3073 episcopi

1908 3085 2179 3141 Conleath
2209 3087 2455 3141 decorati
2485 3088 2736 3156 luminis,
2767 3090 2971 3160 quibus
3000 3092 3057 3145 in
3086 3092 3540 3149 solemnitatibus

1905 3178 2128 3233 Domini
2153 3184 2209 3234 et
2232 3180 2438 3251 vigiliis
2463 3182 2850 3252 apostolorum
2862 3200 3018 3236 sacra
3034 3184 3094 3238 in
3117 3185 3387 3241 altaribus
3407 3187 3543 3242 olfe-

1905 3289 2036 3326 rens
2085 3274 2352 3343 mysteria
2395 3274 2677 3341 utebatur,
2726 3277 3070 3347 pauperibus
3107 3278 3311 3349 largita
3338 3285 3436 3335 est.
3471 3283 3539 3336 Et

1907 3382 2037 3419 cum
2060 3368 2284 3437 tempus
2311 3368 2679 3422 solemnitatis
2703 3369 2948 3438 advenit,
2971 3372 3283 3426 secundum
3299 3390 3533 3428 consue-

1906 3459 2183 3528 tudinem,
2212 3466 2276 3514 ut
2304 3460 2423 3531 ipse
2450 3478 2708 3515 summus
2755 3464 3102 3534 populorum
3142 3466 3396 3536 pontifex
3423 3469 3537 3523 suis

1905 3552 2138 3607 indutus
2158 3557 2302 3607 esset
2326 3556 2643 3608 mutatoriis
2660 3556 2927 3624 vestibus,
2950 3563 3141 3612 sancta
3164 3559 3387 3627 Brigida
3408 3578 3536 3631 quae

1905 3647 2099 3717 priora
2151 3646 2483 3701 vestimenta
2535 3648 2682 3701 illitis
2718 3648 2965 3719 episcopi
3004 3651 3223 3705 Christo
3260 3652 3319 3706 in
3352 3653 3537 3708 forma

1904 3756 2220 3810 pauperum
2250 3741 2428 3811 posito
2454 3741 2716 3810 donabat,
2732 3742 2837 3795 alia
2862 3742 3064 3796 similia
3080 3760 3183 3814 per
3204 3746 3394 3800 omnia
3409 3763 3533 3801 vcs-

1904 3832 2142 3887 timenta
2162 3833 2447 3904 prioribus
2474 3839 2592 3888 tam
2617 3834 2874 3904 texturis,
2893 3852 3066 3906 quam
3083 3837 3382 3907 coloribus,
3403 3856 3533 3911 quae

1904 3926 1963 3980 in
1992 3927 2087 3980 illa
2114 3928 2250 3980 hora
2268 3944 2300 3980 a
2328 3927 2568 3997 Christo,
2598 3945 2769 4000 quem
2784 3944 2886 3999 per
2907 3946 3217 4001 pauperem
3241 3930 3530 4002 induebat,

1904 4022 2114 4092 perlata
2141 4020 2197 4074 in
2225 4037 2395 4074 curru
2417 4021 2657 4076 duarum
2686 4026 2981 4094 acceperat
2999 4028 3272 4094 rotarum,
3302 4028 3536 4083 tradidit

1903 4132 2004 4186 pro
2024 4114 2165 4168 aliis.
2193 4114 2515 4169 Voluntarie
2529 4116 2682 4170 enim
2709 4116 2816 4169 alia
2842 4118 3182 4189 pauperibus
3198 4121 3534 4176 vestimenta

1902 4208 2125 4276 obtulit,
2156 4212 2213 4263 et
2242 4208 2362 4263 haec
2392 4225 2494 4280 pro
2522 4210 2599 4264 eis
2626 4214 2942 4282 opportune
2969 4212 3199 4283 recepit.
3236 4214 3376 4269 Nam
3402 4232 3532 4270 cum

1902 4300 2018 4373 ipsa
2047 4306 2193 4357 esset
2219 4302 2409 4357 vivum
2430 4309 2486 4358 et
2501 4303 2889 4359 felicissimum
2909 4307 3119 4360 summi
3141 4307 3336 4378 capitis
3356 4325 3536 4363 mem-

1899 4395 2088 4466 brum,
2118 4401 2380 4468 potenter
2398 4398 2607 4466 omnia,
2632 4415 2758 4469 quae
2785 4399 3152 4468 desiderabat,
3170 4402 3528 4471 operabatur.

1973 4491 2110 4543 Item
2142 4496 2199 4545 et
2240 4492 2349 4545 hoc
2376 4496 2570 4545 sancta
2614 4490 2771 4544 fulsit
2802 4491 3027 4562 Brigida
3068 4492 3359 4547 miraculo.
3391 4496 3531 4558 Quia

1899 4600 2029 4637 cum
2058 4583 2208 4654 regis
2229 4584 2378 4637 illius
2403 4584 2599 4654 patriae
2624 4583 2682 4637 in
2706 4600 2819 4654 qua
2855 4584 2977 4654 ipsa
3001 4584 3110 4637 fuit
3128 4601 3231 4655 per
3257 4586 3448 4656 plebes
3474 4594 3531 4643 et

151 4693 361 4747 campo
391 4678 555 4748 Breg,
589 4694 719 4732 cum
761 4678 1069 4733 declinaret
1098 4679 1168 4733 ad
1210 4695 1509 4749 vesperum
1562 4678 1699 4748 dies,
1729 4679 1799 4733 ad
1819 4681 1877 4752 D
1900 4676 2213 4748 provincias
2226 4692 2351 4747 quae
2372 4677 2476 4729 sub
2504 4676 2624 4745 ejus
2645 4679 2806 4731 erant
2833 4676 3043 4730 ditione
3069 4684 3421 4749 praeceptum
3446 4680 3530 4735 in-

150 4770 549 4826 habitaculum
576 4770 697 4841 ejus
726 4770 957 4826 veniens
992 4788 1122 4825 cum
1152 4787 1219 4826 ea
1256 4771 1622 4842 pernoctavit.
1660 4772 1796 4835 Quae

154 4863 339 4920 obviis
380 4863 644 4918 manibus
687 4868 743 4919 et
793 4865 1146 4936 gratulanter
1196 4864 1524 4935 suscipiens,
1586 4865 1797 4935 gratias

152 4957 552 5028 Omnipotenti
588 4974 762 5028 agens
787 4959 856 5013 de
881 4958 1027 5013 felici
1056 4957 1301 5013 adventu
1330 4957 1796 5013 reverentissime:

152 5046 400 5117 Brigidae
429 5046 666 5117 virginis
685 5047 917 5102 Christi.

225 5141 488 5210 Cumque
507 5156 627 5195 non
657 5140 912 5208 haberet,
933 5144 1165 5212 propter
1179 5140 1628 5211 suaminOpiam,
1644 5140 1796 5195 unde

148 5233 297 5290 tales
338 5233 606 5297 nutriret,
638 5238 693 5289 et
724 5234 915 5289 cibum
940 5235 1089 5289 unde
1115 5234 1255 5289 tales
1280 5234 1532 5305 hospites
1560 5234 1793 5300 cibaret,

150 5326 412 5382 incidens
431 5327 589 5395 ligna
611 5328 821 5395 telaria,
845 5328 905 5383 in
924 5328 1131 5399 quibus
1156 5331 1381 5382 textura
1407 5327 1649 5382 telarum
1670 5343 1798 5399 ope-

151 5421 390 5475 rabatur
416 5421 475 5475 in
504 5426 669 5492 pastu
693 5421 862 5492 ignis,
882 5422 1126 5476 vitulum
1158 5437 1346 5489 suum,
1371 5437 1542 5491 quem
1570 5421 1793 5487 occidit,

152 5530 329 5585 super
344 5517 561 5568 struem
588 5514 879 5586 lignorum
907 5515 1166 5586 ipsorum
1191 5531 1430 5587 ponens,
1446 5514 1567 5585 igni
1592 5514 1800 5568 assavit

152 5628 287 5665 cum
315 5611 465 5665 bona
496 5612 803 5666 voluntate.
833 5614 900 5666 Et
925 5629 1085 5666 canna
1109 5612 1279 5679 facta,
1311 5616 1366 5665 et
1410 5615 1575 5665 nocte
1602 5626 1794 5665 assue-

152 5706 223 5760 tis
246 5709 535 5760 transacta
564 5705 795 5775 vigiliis,
813 5705 1238 5777 expergiscente
1257 5708 1385 5775 post
1404 5703 1559 5759 illam
1574 5704 1644 5759 de
1672 5720 1795 5757 ma-

155 5815 229 5853 ne
259 5803 508 5867 noctem,
525 5803 589 5853 ut
602 5799 823 5852 nullum
846 5798 914 5854 de
932 5799 1257 5870 receptione
1279 5803 1335 5852 et
1360 5798 1664 5852 refectione
1678 5813 1796 5851 san-

158 5897 264 5947 cta
294 5891 543 5963 Brigidae
572 5892 745 5947 ullius
774 5891 855 5946 rei
883 5892 1187 5947 sustineret
1214 5891 1485 5946 damnum
1520 5890 1636 5961 ipsa
1662 5890 1796 5944 hos-

160 5984 372 6060 pitalis,
404 6002 532 6059 qua:
549 5986 794 6044 vitulum
819 5986 1088 6044 amiserat
1111 6001 1227 6041 suae
1246 6000 1448 6056 vaccae,
1476 5985 1720 6042 alterum
1739 5982 1798 6038 in

1896 4770 2214 4838 valesceret,
2246 4773 2311 4823 ut
2331 4768 2398 4823 de
2426 4769 2692 4823 omnibus
2722 4769 2842 4839 ejus
2860 4768 3187 4840 regionibus
3214 4777 3269 4827 et
3295 4773 3529 4845 provin-

1896 4863 1994 4917 ciis
2039 4862 2404 4916 convenirent
2448 4862 2643 4933 populi
2696 4878 2915 4932 omnes,
2969 4868 3140 4935 atque
3183 4866 3528 4923 aedificarent

1895 4956 2042 5012 viam
2069 4956 2259 5023 latam,
2290 4959 2345 5009 et
2368 4954 2591 5008 ﬁrmam
2619 4955 2794 5009 ramis
2819 4956 3107 5025 arborum,
3124 4960 3300 5030 petris
3319 4961 3377 5015 in
3404 4961 3531 5017 fun-

1896 5051 2159 5104 damento
2185 5048 2400 5120 positis,
2430 5050 2486 5102 et
2511 5048 2925 5104 munitionibus
2950 5051 3291 5122 quibusdam
3314 5055 3523 5109 firmis-

1896 5142 2053 5197 simis
2077 5143 2138 5196 in
2161 5158 2383 5213 gronna
2402 5140 2685 5212 profunda
2714 5147 2770 5195 et
2797 5142 2943 5196 bene
2972 5144 3442 5212 intransmeabili,
3474 5152 3530 5202 et

1897 5236 1956 5291 in
1980 5235 2113 5290 locis
2154 5234 2542 5304 humentibus,
2576 5238 2745 5307 atque
2775 5234 2834 5288 in
2876 5236 3197 5306 paludibus,
3234 5240 3293 5292 in
3322 5240 3529 5310 quibus

1898 5330 2126 5401 grandis
2154 5329 2416 5384 currebat
2439 5328 2665 5397 ﬂuvius,
2701 5345 2828 5400 quae
2853 5334 3173 5385 constructa
3198 5333 3522 5404 quadrigas,

1897 5429 1953 5479 et
1980 5423 2218 5495 equites,
2246 5427 2304 5477 et
2330 5440 2548 5491 currus,
2578 5429 2635 5479 et
2661 5424 3046 5495 plaustrorum
3072 5428 3238 5494 rotas,
3267 5431 3322 5480 et
3342 5426 3526 5498 impe-

1895 5522 2019 5572 tum
2067 5517 2412 5589 populorum
2444 5522 2615 5588 atque
2646 5517 2940 5571 incursum
2987 5517 3236 5590 undique
3276 5519 3527 5574 hostium

1897 5615 2210 5666 sustentare
2240 5616 2445 5682 posset.

1968 5700 2442 5755 Convenientibus
2456 5704 2647 5755 autem
2672 5700 2923 5771 undique
2941 5698 3161 5771 populis
3185 5716 3289 5771 per
3316 5718 3525 5773 cogna-

1897 5794 2078 5848 tiones
2106 5800 2163 5849 et
2186 5794 2425 5849 familias
2464 5794 2776 5850 diviserunt
2802 5794 2951 5848 viam
2980 5794 3152 5863 illam,
3184 5811 3354 5865 quam
3386 5794 3525 5849 aedi-

1897 5886 2063 5941 ﬁcare
2102 5887 2433 5954 debuerant,
2464 5888 2520 5941 in
2552 5894 2739 5959 partes
2766 5888 3040 5960 proprias,
3066 5892 3132 5943 ut
3168 5903 3526 5959 unaquaeque

1898 5980 2158 6054 cognatio
2185 5983 2243 6037 et
2269 5981 2481 6038 familia
2510 5998 2670 6039 suam
2703 5982 2808 6038 sibi
2837 5983 3107 6040 creditam
3130 5981 3533 6041 construxisset
