4016 6240
466 413 569 467 787

1584 404 1734 459 VITA
1772 402 2047 457 SANC'LE
2085 401 2373 459 BRIGIDAS
2410 398 2719 470 VIRGINIS,

3742 397 3853 452 788

465 525 710 599 partem.
743 524 811 579 Et
836 537 967 578 cum
992 519 1089 578 illa
1114 534 1243 592 pars
1280 516 1532 574 ﬂuminis
1568 517 1918 583 difﬁcillima,
1940 519 1996 571 et
2021 515 2097 571 la-
2119 521 2177 595 Α
2198 514 2283 566 ter
2303 510 2478 566 dixit:
2511 512 2877 583 Nequaquam
2911 510 3019 568 hoc
3068 509 3147 566 ita
3172 508 3302 581 ﬁat;
3331 510 3429 568 sed
3467 509 3626 567 hunc
3663 511 3854 569 levate

464 620 695 677 boriosa
721 619 781 675 in
820 622 968 673 sorte
993 615 1229 685 alicujus
1272 630 1342 668 ex
1370 612 1503 684 ipsis
1532 611 1855 666 nationibus
1882 610 2098 667 evenis-

463 719 575 783 set,
616 715 740 786 ipsa
775 712 931 768 natio
973 708 1345 766 durissimum
1391 706 1645 761 devitans
1687 705 1960 774 laborem,
2000 720 2102 777 per

466 825 634 864 suam
654 805 1042 862 fortitudinem
1070 804 1280 856 sanctae
1305 799 1551 871 Brigidae
1577 799 1954 854 inﬁrmiorem
1981 815 2102 854 coe-

468 902 556 974 git
581 901 887 967 nationem,
916 901 982 951 ut
1011 896 1159 950 hanc
1186 897 1518 967 operaretur
1560 893 1853 948 difficilem
1891 893 2102 964 pariter

467 995 531 1050 in
557 996 838 1049 structura
856 990 959 1045 vim
987 1007 1004 1059 ;
1032 992 1098 1043 ut
1121 1004 1282 1042 suam
1310 1003 1481 1059 quam
1514 986 1829 1041 faciliorem
1859 986 2103 1040 habebat

468 1092 691 1159 partem
734 1085 968 1155 eligens,
1002 1083 1123 1154 ipsa
1163 1081 1406 1136 crudelis
1447 1080 1603 1135 natio
1650 1080 1955 1135 aediﬁcaret
1979 1079 2102 1134 sine

470 1181 586 1239 ulla
609 1177 862 1235 ﬂuminis
886 1174 1335 1250 perturbatione.
1963 1238 1977 1253 ἰ

538 1277 721 1346 Atque
749 1289 883 1328 cum
920 1271 991 1326 ad
1027 1274 1281 1325 sanctam
1324 1268 1735 1340 Brigidam.sui
1787 1266 2102 1321 secundum

468 1384 699 1426 carnem
722 1365 949 1437 cognati
973 1364 1213 1419 fuissent
1238 1363 1505 1433 religiose
1531 1361 1815 1433 prostrati,
1845 1362 1966 1432 ipsa
1994 1359 2104 1414 illis

464 1460 835 1535 probabiliter
859 1457 1064 1513 dixisse
1092 1457 1309 1512 fertur:
1340 1455 1526 1525 Abite,
1548 1455 1859 1509 voluntatis
1891 1454 1991 1508 Dei
2019 1457 2104 1509 est

471 1559 530 1612 et
573 1552 865 1626 potestatis
908 1566 974 1607 ut
1016 1552 1107 1606 ille
1135 1550 1341 1604 ﬂuvius
1368 1553 1614 1604 transeat
1657 1548 1727 1603 de
1755 1548 1879 1602 loco
1906 1548 1966 1601 in
1992 1564 2104 1618 quo

469 1652 575 1715 est,
594 1652 651 1702 et
676 1646 777 1701 ubi
798 1663 896 1700 vos
925 1646 1065 1701 dura
1092 1643 1423 1715 opprimunt
1448 1658 1640 1713 opera,
1663 1641 1723 1695 in
1750 1641 1903 1695 illam
1932 1658 2105 1712 quam

469 1742 581 1813 ipsi
608 1741 904 1812 elegerunt
928 1743 1168 1810 partem.
1208 1739 1275 1792 Et
1303 1752 1433 1791 cum
1472 1736 1541 1790 de
1583 1751 1750 1790 mane
1797 1735 1969 1805 ipsius
1995 1734 2105 1789 diei

470 1850 669 1891 omnes
689 1832 1067 1888 surrexissent
1077 1832 1147 1886 ad
1161 1846 1332 1901 opera
1345 1828 1559 1900 populi,
1574 1828 1780 1883 ﬂuvius
1793 1828 1909 1895 ille,
1930 1843 2102 1899 quem

2200 606 2436 661 viriliter
2486 605 2784 671 molarem,
2816 607 2872 660 et
2902 604 3216 662 submittite
3254 606 3317 661 in
3358 605 3747 678 praecipitium
3776 606 3855 661 de

2201 699 2473 755 altissimo
2496 698 2602 754 isto
2628 698 2837 753 montis
2855 699 3169 769 cacumine,
3195 700 3256 755 in
3286 701 3521 755 nomine
3549 704 3609 756 et
3629 700 3854 756 virtute

2200 792 2673 849 reverentissimae
2702 797 2910 848 sanctae
2935 792 3200 865 Brigidae.
3227 795 3367 860 Quia
3391 811 3494 849 nos
3511 794 3685 850 nullis
3711 794 3857 850 arti-

2201 888 2342 943 ﬁciis
2370 892 2427 943 et
2457 886 2666 942 viribus
2708 903 2811 957 per
2834 886 2939 940 ista
2963 887 3083 941 loca
3118 892 3345 958 petrosa
3372 889 3526 944 hunc
3561 889 3853 943 molarem

2202 982 2450 1054 lapidem
2474 997 2774 1054 possumus
2798 982 3045 1052 portare,
3062 981 3177 1036 nisi
3194 982 3441 1054 Brigida,
3463 982 3558 1038 cui
3573 982 3721 1037 nihil
3740 982 3856 1037 im-

2201 1075 2463 1148 possibile
2510 1079 2612 1143 est,
2642 1073 2956 1129 secundum
2982 1074 3123 1129 illud
3150 1076 3302 1146 quod
3330 1076 3523 1131 omnia
3546 1076 3856 1149 possibilia

2203 1174 2336 1226 sunt
2375 1168 2646 1235 credenti,
2692 1168 2856 1223 illum
2904 1169 3210 1240 portaverit
3255 1170 3327 1224 ad
3363 1170 3573 1238 locum,
3620 1187 3693 1226 ex
3728 1187 3854 1242 quo

2202 1263 2348 1317 vires
2372 1262 2548 1316 boum
2574 1262 2802 1316 trahere
2841 1262 3029 1334 ipsum
3070 1262 3305 1333 possint.
3333 1264 3402 1317 Et
3430 1263 3508 1317 sic
3535 1263 3647 1319 ﬁde
3674 1263 3856 1318 ﬁrma

2202 1355 2570 1428 praecipitans
2602 1355 2763 1409 illum
2790 1355 2850 1410 in
2896 1357 3121 1425 vallem,
3152 1359 3209 1410 et
3233 1356 3505 1427 paulatim
3536 1342 3608 1412 de
3646 1362 3853 1412 monte

2206 1449 2533 1518 ascendens,
2586 1449 2891 1521 aliquando
2941 1452 3129 1521 petras
3179 1450 3439 1506 devitans
3456 1476 3475 1519 -,
3532 1450 3849 1522 aliquando

2204 1560 2375 1615 super
2400 1560 2491 1598 eas
2521 1542 2746 1610 saliens,
2778 1548 2834 1599 et
2858 1543 2917 1597 in
2946 1543 3084 1598 locis
3108 1560 3343 1598 currens
3372 1544 3625 1609 humidis
3652 1544 3714 1599 in
3746 1562 3848 1599 ra-

2205 1637 2324 1692 dice
2345 1636 2553 1692 montis
2578 1636 2794 1708 positis,
2825 1637 2884 1691 in
2909 1637 3114 1708 quibus
3146 1654 3249 1692 nec
3266 1637 3529 1692 homines
3550 1654 3655 1692 nec
3674 1638 3853 1693 boves

2204 1737 2350 1786 stare
2376 1735 2655 1802 poterant,
2684 1747 2790 1801 pro
2814 1730 3046 1785 illorum
3071 1730 3369 1798 funditate,
3394 1731 3645 1786 mirabili
3674 1732 3852 1787 comi-

2204 1828 2325 1878 tatu
2356 1844 2382 1884 δ
2424 1840 2605 1895 usque
2634 1824 2705 1879 ad
2748 1823 2870 1878 loca
2906 1824 3075 1895 plana
3100 1824 3221 1879 sine
3264 1825 3381 1879 ulla
3419 1825 3715 1894 fractione,
3744 1826 3851 1881 ubi

469 1928 875 2001 querebantur,
902 1926 1055 1980 visus
1100 1929 1181 1979 est
1205 1922 1502 1994 reliquisse
1532 1939 1701 1977 suum
1741 1922 1927 1977 locum
1955 1922 2102 1977 anti-
2126 1892 2181 1963 B
2207 1917 2438 1972 illorum
2479 1922 2641 1972 erant
2686 1918 2875 1985 boves,
2913 1934 3045 1971 cum
3093 1919 3176 1972 eis
3230 1934 3565 1990 progressus
3617 1922 3721 1972 est.
3778 1922 3851 1974 Et

471 2038 650 2095 quum
669 2024 726 2076 et
769 2018 1103 2087 convallem,
1134 2017 1284 2072 inter
1321 2016 1514 2070 ambas
1540 2032 1767 2070 currere
1784 2015 1995 2070 solebat
2024 2016 2102 2070 ri-

469 2132 589 2187 pas,
628 2119 687 2169 et
723 2115 1125 2169 transmutasse
1164 2111 1233 2165 de
1274 2114 1455 2181 parte,
1481 2108 1581 2163 ubi
1624 2112 1835 2163 sancta:
1862 2108 2103 2180 Brigidaa

467 2207 623 2264 natio
649 2207 946 2278 compulsa
997 2204 1360 2275 operabatur,
1389 2202 1450 2257 in
1497 2202 1726 2256 illorum
1771 2202 2007 2256 fortium
2050 2206 2107 2256 et

468 2301 846 2373 superborum
875 2302 1120 2371 partem,
1154 2297 1254 2368 qui
1279 2296 1416 2350 alios
1436 2296 1728 2367 pauciores
1755 2301 1810 2350 et
1837 2295 2106 2349 inﬁrmio-

469 2412 561 2451 res
585 2411 642 2449 se
671 2394 882 2464 injuste
909 2391 1131 2462 operari
1170 2389 1587 2460 compellebant
1618 2407 1635 2458 ;
1666 2393 1722 2443 et
1759 2388 1818 2443 in
1844 2389 2102 2444 testimo-

469 2488 634 2543 nium
658 2485 881 2541 virtutis
918 2484 1157 2555 vestigia
1194 2482 1472 2556 ﬂuminis,
1518 2487 1575 2537 et
1600 2482 1757 2536 vallis
1787 2498 1977 2551 vacua,
2007 2482 2106 2536 ubi

470 2580 757 2635 inundans
781 2582 838 2633 et
864 2594 1135 2632 emanans
1159 2577 1395 2648 antiquo
1421 2575 1683 2629 currebat
1718 2575 1925 2629 ﬂuvius
1955 2579 2103 2630 tem-

470 2688 629 2745 pore,
649 2673 768 2744 ipso
793 2671 861 2726 ad
883 2672 1125 2726 alterum
1146 2669 1387 2726 ﬂumine
1412 2668 1709 2724 recedente
1738 2669 1960 2738 locum;
1989 2669 2106 2740 ipse

468 2767 624 2822 locus
653 2765 888 2820 siccatus
902 2764 1024 2819 sine
1051 2765 1183 2819 ullis
1210 2766 1445 2835 apparet
1470 2762 1825 2817 ﬂuitantibus
1851 2763 2032 2834 aquis.

541 2861 664 2915 Non
704 2859 889 2913 solum
934 2862 1125 2912 autem
1157 2858 1216 2911 in
1242 2874 1345 2911 sua
1371 2857 1489 2911 vita
1528 2856 1760 2926 carnali,
1801 2860 2108 2928 antequam

472 2954 749 3008 sarcinam
804 2953 1111 3023 deponeret
1149 2950 1347 3005 carnis
1372 2982 1416 3017 α,
1462 2950 1697 3005 virtutes
1741 2954 1976 3022 operata
2025 2954 2111 3006 est

472 3047 769 3118 plurimas,
797 3047 895 3101 sed
921 3046 1151 3117 largitas
1178 3044 1351 3100 divini
1383 3044 1641 3099 muneris
1669 3044 1730 3098 in
1756 3060 1857 3098 suo
1884 3061 2110 3100 monas-

471 3141 614 3195 terio
640 3140 738 3195 ubi
766 3141 887 3211 ejus
926 3139 1248 3194 venerabile
1286 3138 1592 3210 requiescit
1618 3154 1844 3210 corpus,
1884 3155 2110 3210 semper

2204 2011 2407 2066 exinde
2425 2027 2557 2065 cum
2577 2010 2781 2077 bubus,
2798 2027 2979 2082 usque
3006 2012 3076 2066 ad
3105 2012 3501 2067 molendinum
3524 2017 3718 2068 vectus
3737 2018 3847 2083 est,

2203 2105 2499 2159 artificiose
2525 2121 2657 2159 cum
2682 2105 2857 2159 altero
2877 2106 3111 2175 junctus
3142 2110 3225 2160 est
3243 2105 3451 2177 lapide.

2279 2200 2345 2253 Et
2372 2203 2435 2253 ut
2462 2199 2588 2269 plus
2614 2198 2718 2253 iste
2747 2198 2973 2253 molaris
3000 2198 3162 2270 lapis,
3190 2200 3291 2271 qui
3319 2199 3380 2254 in
3405 2199 3638 2255 nomine
3666 2201 3849 2255 beatae

2205 2292 2452 2347 directus
2483 2296 2568 2346 est
2609 2292 2875 2362 Brigidae,
2916 2292 3180 2347 omnibus
3218 2293 3404 2348 adhuc
3449 2293 3848 2363 innotesceret,

2204 2385 2362 2440 addit
2401 2389 2456 2440 et
2476 2386 2582 2440 hoc
2610 2385 2935 2440 inauditum
2961 2391 3127 2440 antea
3153 2391 3208 2442 et
3234 2387 3572 2458 praeclarum
3598 2387 3847 2443 miracu-

2204 2479 2346 2533 lum.
2380 2480 2522 2533 Nam
2563 2495 2695 2533 cum
2718 2479 2954 2550 quidam
2980 2496 3241 2551 paganus
3266 2497 3330 2534 ac
3356 2481 3688 2535 molendino
3719 2482 3852 2536 vici-

2186 2569 2192 2575 ’
2206 2589 2314 2627 nus
2330 2589 2430 2626 suo
2450 2572 2772 2627 habitaculo
2792 2573 2981 2628 dolose
2994 2590 3097 2645 per
3109 2574 3285 2628 alium
3305 2575 3621 2646 simplicem
3637 2575 3848 2643 virum,

2206 2666 2508 2736 ignorante
2544 2666 2977 2736 molendinario,
3006 2666 3104 2739 qui
3136 2684 3277 2739 opus
3304 2668 3585 2723 molitura:
3621 2684 3849 2723 exerce-

2205 2760 2324 2827 bat,
2347 2776 2513 2815 suum
2554 2776 2799 2831 granum
2827 2760 2897 2815 ad
2930 2760 3039 2815 hoc
3083 2762 3397 2817 transmisit
3420 2762 3848 2818 molendinum.

2208 2854 2277 2906 Et
2300 2870 2433 2907 cum
2449 2853 2596 2908 inter
2619 2853 2724 2908 hos
2751 2854 2993 2908 molares
3006 2855 3380 2924 transjectum
3406 2860 3463 2910 et
3490 2855 3684 2909 fusum
3712 2856 3856 2911 fuis-

2209 2951 2295 3001 set
2319 2947 2554 3019 lapides,
2576 2947 2739 3001 illum
2752 2946 3141 3018 supradictum
3164 2948 3408 3019 lapidem
3426 2949 3704 3004 molarem
3724 2950 3855 3005 nul-

2207 3041 2295 3095 lus
2322 3042 2575 3112 impetus
2600 3040 2762 3094 fortis
2792 3040 3042 3095 ﬂuminis
3067 3046 3123 3096 et
3147 3042 3304 3097 nulla
3321 3059 3597 3114 aquarum
3628 3044 3852 3099 violen-

2207 3134 2307 3203 tia,
2342 3133 2501 3188 nulla
2526 3132 2809 3189 artiﬁcum
2838 3134 3138 3189 conamina
3164 3151 3392 3190 movere
3417 3139 3755 3207 potuerunt.
3789 3139 3859 3192 Et

385 3331 393 3339 '
472 3323 653 3376 solum
682 3321 1024 3387 audivimus,
1054 3321 1150 3375 sed
1200 3320 1369 3375 etiam
1404 3320 1581 3374 oculis
1618 3321 1822 3375 nostris
1844 3321 2107 3377 vidimus.

473 3230 696 3300 operari
740 3229 979 3283 virtutes
1016 3244 1132 3282 non
1180 3232 1376 3295 cessat,
1419 3244 1557 3299 quas
1599 3244 1702 3281 nos
1731 3227 1965 3282 virtutes
1994 3245 2108 3282 non
2130 3260 2185 3333 Ο
2210 3228 2348 3282 dum
2376 3226 2455 3281 illi
2481 3227 2579 3299 qui
2605 3228 2712 3282 hoc
2738 3228 3002 3283 viderunt
3022 3228 3090 3283 de
3107 3229 3212 3283 hac
3238 3246 3298 3285 re
3316 3229 3652 3300 cogitarent,
3670 3230 3857 3285 nimio

2210 3321 2453 3392 perculsi
2483 3324 2733 3392 stupore,
2764 3338 3007 3394 granum
3034 3322 3172 3376 illud
3200 3324 3354 3394 magi
3376 3340 3493 3378 esse
3507 3340 3856 3395 cognoscen-

547 3417 687 3470 Nam
718 3415 1052 3487 praepositus
1095 3413 1327 3468 maximi
1380 3417 1436 3468 et
1461 3413 1757 3468 clarissimi
1784 3416 2111 3470 monasterii
2210 3419 2312 3483 tes,
2342 3415 2502 3469 nullo
2532 3416 2703 3470 modo
2730 3416 3082 3483 dubitabant,
3113 3416 3266 3488 quod
3294 3416 3388 3471 ille
3431 3418 3662 3471 molaris
3704 3418 3858 3489 lapis

476 3513 683 3565 sanctae
725 3508 994 3580 Brigidze,
1026 3508 1095 3563 de
1121 3524 1234 3579 quo
1277 3507 1337 3562 in
1377 3507 1499 3579 ejus
1540 3508 1797 3579 opusculi
1834 3508 2113 3580 principio
2210 3509 2271 3562 in
2296 3524 2407 3579 quo
2434 3512 2623 3564 sancta
2648 3508 2876 3580 Brigida
2902 3508 3169 3564 virtutem
3197 3515 3430 3580 operata
3456 3516 3541 3564 est
3573 3511 3855 3581 divinam,

476 3603 707 3658 brevem
737 3602 975 3658 fecimus
1020 3601 1395 3669 mentionem,
1442 3601 1728 3671 operarios
1758 3606 1813 3656 et
1862 3602 2114 3673 lapidum
2217 3618 2459 3673 granum
2487 3602 2710 3672 gentilis
2733 3602 2983 3657 hominis
3011 3603 3069 3657 in
3090 3603 3335 3657 farinam
3364 3605 3743 3676 comprimere
3761 3623 3855 3661 re—

479 3714 714 3752 caesores
759 3711 1014 3768 quazrere
1053 3695 1300 3767 lapidem
1326 3699 1382 3749 et
1406 3694 1655 3750 incidere
1683 3696 1978 3763 molarem,
2010 3714 2116 3768 per
2214 3695 2472 3766 spuisset.
2527 3697 2594 3749 Et
2632 3695 2822 3749 statim
2866 3696 3131 3751 tollentes
3167 3698 3319 3751 foras
3366 3714 3612 3769 granum
3670 3698 3858 3771 ipsius

475 3790 598 3845 loca
622 3806 999 3862 quaecumque
1026 3790 1105 3844 ibi
1134 3793 1361 3860 possent
1386 3788 1657 3857 invenire,
1688 3790 2015 3844 transmisit.
2049 3792 2118 3846 Et
2218 3788 2443 3860 pagani,
2473 3791 2530 3842 et
2556 3805 2721 3842 suum
2753 3805 2995 3860 granum
3022 3791 3422 3845 monasteriale
3450 3791 3644 3846 subter
3668 3794 3857 3849 mola-

480 3884 560 3938 illi
581 3885 701 3939 sine
722 3884 838 3938 ulla
862 3883 1214 3955 providentia
1238 3883 1459 3937 viarum
1489 3882 1725 3937 arduam
1752 3884 2117 3939 ascendentes
2215 3897 2340 3936 rem
2362 3882 2524 3936 illum
2548 3881 2796 3952 lapidem
2822 3886 3115 3953 ponentes,
3148 3898 3345 3938 cursus
3384 3885 3598 3954 solitus,
3624 3890 3683 3940 et
3709 3904 3855 3958 quo-

479 3977 651 4044 viam,
667 3978 734 4032 ad
764 3993 1036 4032 cacumen
1055 3976 1267 4047 petrosi
1288 3976 1497 4031 montis
1515 3980 1909 4048 perrexerunt,
1926 3982 1981 4032 et
2001 3979 2113 4033 ele-

483 4074 691 4140 gerunt
714 4069 963 4139 lapidem
986 4069 1261 4139 grandem
1287 4069 1346 4122 in
1376 4069 1497 4140 ipso
1518 4069 1727 4124 montis
1748 4069 2008 4125 altissimi
2032 4088 2119 4125 ca-

484 4162 729 4216 cumine.
760 4162 827 4214 Et
860 4161 1139 4215 credentes
1169 4178 1301 4216 eum
1346 4162 1415 4216 de
1459 4163 1612 4217 omni
1640 4166 1799 4234 parte
1828 4163 1887 4218 in
1918 4169 2115 4219 rotun-

485 4255 643 4324 dum,
663 4257 718 4308 et
732 4253 1079 4326 perforatum
1099 4255 1369 4309 malorem
1394 4253 1540 4327 [Leg.
1555 4256 1847 4329 molarem]
1873 4258 2119 4328 lapidem

480 4348 890 4403 formaverunt.
936 4347 1079 4403 Cum
1127 4363 1258 4402 vero
1299 4348 1636 4419 praepositus
1680 4350 1749 4404 de
1778 4350 2119 4405 monasterio

481 4441 751 4497 invitatus
775 4442 844 4496 ab
886 4440 965 4496 eis
993 4440 1237 4497 venisset
1280 4458 1413 4497 cum
1439 4442 1625 4497 bubus
1650 4443 1721 4498 ad
1750 4443 1913 4497 illum
1951 4461 2117 4499 mon-

483 4541 619 4605 tem,
651 4536 711 4590 in
738 4552 851 4608 quo
877 4534 1018 4608 lapis
1051 4535 1330 4591 formatus
1373 4535 1483 4591 fuit
1514 4536 1765 4606 molaris,
1794 4541 1963 4609 atque
1990 4555 2123 4593 cum

2220 3974 2464 4030 tidianus
2483 3975 2603 4030 sine
2629 3975 2761 4029 ullis
2787 3975 3211 4047 impedimentis
3232 3981 3524 4047 reparatus
3552 3983 3637 4033 est
3660 3980 3854 4035 molas.

2290 4071 2356 4124 Et
2383 4073 2513 4140 post
2537 4062 3199 4140 intervallum-temporis
3239 4071 3441 4125 accidit
3464 4076 3529 4126 ut
3569 4073 3855 4128 molendi-

2218 4179 2361 4217 num
2386 4164 2569 4234 ipsum
2598 4162 2729 4233 igne
2769 4163 3219 4218 combureretur.
3248 4165 3359 4219 Nec
3389 4170 3445 4218 et
3470 4165 3576 4219 hoc
3616 4184 3855 4234 parvum

2218 4255 2325 4309 fuit
2347 4256 2711 4324 miraculum,
2750 4273 2879 4310 cum
2906 4257 3057 4327 ignis
3082 4260 3259 4311 totam
3290 4258 3524 4312 domum
3553 4260 3852 4315 combure-

2220 4352 2326 4417 ret,
2357 4354 2412 4403 et
2436 4349 2682 4405 alterum
2724 4350 2988 4420 lapidem,
3018 4350 3117 4421 qui
3136 4350 3370 4421 junctus
3397 4369 3570 4424 supra
3593 4353 3745 4408 dicto
3770 4355 3846 4408 la-

2219 4442 2337 4514 pidi
2362 4443 2487 4511 fuit,
2515 4443 2669 4497 hunc
2702 4446 2923 4497 tantum
2951 4444 3251 4515 specialem
3279 4450 3484 4501 sancta:
3514 4446 3759 4518 Brigidae
3780 4448 3851 4501 la-

2219 4536 2413 4607 pidem
2444 4537 2599 4591 nullo
2642 4538 2810 4592 modo
2835 4540 3071 4610 tangere
3110 4542 3194 4592 est
3218 4555 3387 4593 ausus
3416 4544 3474 4595 et
3496 4516 3845 4596 comburere.

481 4629 650 4684 boves
666 4643 875 4685 secum
923 4634 1157 4702 propter
1205 4631 1440 4685 arduam
1485 4629 1693 4685 montis
1735 4631 2119 4686 ascensionem
2138 4633 2197 4705 D
2221 4630 2349 4685 Sine
2375 4631 2492 4685 ulla
2521 4631 2778 4686 molestia
2802 4632 2952 4703 ignis
2976 4633 3035 4687 in
3064 4648 3274 4705 magno
3304 4634 3620 4689 molendini
3659 4634 3851 4690 incen-

483 4723 711 4778 trahere
736 4727 791 4777 et
816 4740 1018 4795 cogere
1044 4742 1160 4779 non
1205 4729 1410 4797 posset,
1441 4724 1809 4778 durissimum
1839 4724 1946 4779 iter
1991 4742 2121 4780 cum

483 4816 678 4888 paucis
702 4816 864 4871 illum
885 4819 1249 4890 sequentibus
1275 4818 1366 4872 vix
1393 4818 1696 4873 ascendere
1718 4818 1925 4889 potuit.

556 4910 649 4965 Ille
668 4926 799 4963 vero
819 4927 952 4964 cum
975 4911 1239 4966 omnibus
1265 4912 1381 4966 suis
1409 4911 1706 4982 operariis,
1736 4912 1873 4967 dum
1901 4912 2118 4983 cogita-

486 5006 574 5058 ret
613 5004 896 5076 quomodo
934 5004 1099 5059 illum
1128 5005 1403 5060 molarem
1436 5005 1758 5076 deportaret
1782 5005 2028 5077 lapidem
2054 5006 2123 5061 de

476 5097 620 5169 jugo
650 5095 906 5151 altissimi
936 5096 1163 5167 montis,
1204 5114 1336 5152 cum
1378 5098 1549 5153 boves
1590 5098 1649 5152 in
1695 5097 1791 5153 illo
1835 5103 2123 5172 praerupto

483 5191 695 5248 montis
726 5190 829 5245 sub
855 5191 1119 5246 oneribus
1141 5195 1197 5246 et
1228 5191 1438 5264 jugum
1464 5208 1584 5248 esse
1622 5192 1782 5248 nullo
1823 5194 1992 5249 modo
2018 5210 2120 5266 po-

482 5286 715 5342 tuerint.
743 5286 897 5340 Tunc
926 5286 1073 5341 facta
1099 5285 1511 5357 desperatione,
1540 5286 1666 5342 aliis
1692 5304 1757 5342 ex
1788 5287 1870 5343 eis
1896 5288 2123 5344 descen-

486 5380 768 5450 dentibus,
810 5379 970 5435 illum
1015 5381 1272 5435 deserere
1306 5380 1573 5452 lapidem,
1618 5383 1676 5437 et
1700 5397 1792 5437 eos
1818 5381 1878 5436 in
1910 5398 2123 5438 vanum

482 5473 804 5543 laborasse,
851 5473 949 5546 qui
993 5474 1152 5530 illum
1182 5474 1591 5531 formaverunt.
1641 5475 1740 5532 ille
1783 5477 2124 5549 praepositus

484 5567 751 5637 prudenti
764 5567 1197 5640 dispensatione,
1213 5573 1269 5624 et
1280 5569 1516 5623 consilio
1534 5569 1649 5624 suis
1665 5570 1937 5641 operariis
1948 5569 2125 5624 ﬁdeli-

560 5695 584 5723 ε
606 5681 889 5738 Marianas
916 5684 1110 5739 Scotus
1152 5684 1232 5739 ait
1256 5684 1459 5740 obiisse
1496 5685 1600 5740 sub
1624 5684 1841 5739 Justino
1891 5684 2122 5741 Seniore

488 5749 1006 5827 imperatoreapno
1031 5759 1155 5821 521,
1184 5772 1356 5825 quem
1398 5755 1584 5827 potius
1621 5772 1826 5827 sequor
1854 5772 1986 5810 cum
2016 5758 2119 5811 Ba-

491 5822 798 5942 Roéiiqjiqm
826 5824 935 5892 VII,
964 5840 1057 5877 an.
1087 5822 1221 5893 5'21,
1231 5822 1516 5893 numfit,
1540 5822 1715 5898 quani
1738 5826 2118 5897 Sigebertum.

560 5954 589 5996 ³)
614 5957 892 6015 Concitatu
943 5963 1228 6023 Hanckius
1264 5967 1330 6025 Ν.
1376 5984 1481 6024 ms.
1519 5968 1624 6024 Sed
1666 5984 1733 6026 ea
1772 5984 1881 6025 vox
1914 5983 2121 6043 parum

2223 4723 2316 4778 dio
2341 4724 2653 4795 permansit
2676 4725 2993 4781 incolumis.

2295 4819 2487 4872 Postea
2513 4819 2621 4873 hoc
2647 4819 2762 4873 viso
2801 4820 3075 4874 miraculo
3114 4820 3185 4874 ad
3233 4820 3642 4876 monasterium
3679 4823 3857 4893 perla-

2222 4916 2313 4967 tus
2338 4917 2440 4982 est,
2469 4917 2527 4967 et
2541 4913 2706 4983 juxta
2723 4917 2947 4984 portam
2973 4912 3260 4969 interioris
3284 4914 3513 4984 castelli,
3538 4931 3650 4986 quo
3678 4916 3853 4971 eccle-

2223 5005 2301 5060 sia
2332 5006 2600 5075 ambitur,
2632 5006 2730 5061 ubi
2758 5007 2923 5061 multi
2952 5007 3298 5063 conveniunt
3335 5008 3405 5062 ob
3431 5009 3852 5064 venerationem

2224 5103 2434 5155 sanctas
2461 5098 2704 5170 Brigidae
2741 5101 2801 5155 in
2826 5100 2947 5171 ipsa
2972 5104 3135 5172 porta
3159 5100 3466 5157 honoriﬁce
3505 5101 3724 5173 positus
3750 5106 3850 5170 est,

2223 5198 2280 5248 et
2308 5194 2377 5249 de
2402 5193 2660 5249 ﬁdelibus
2695 5194 2849 5250 hunc
2890 5194 3137 5266 lapidem
3182 5195 3544 5267 tangentibus
3591 5196 3854 5251 morbum

2224 5287 2476 5360 expellit.

2294 5383 2405 5437 Nec
2430 5385 2487 5437 et
2506 5381 2575 5437 de
2594 5382 2867 5438 miraculo
2892 5382 2953 5438 in
2978 5383 3337 5455 reparatione
3380 5383 3629 5452 ecclesiae
3663 5388 3852 5440 tacen-

2224 5475 2362 5531 dum
2391 5477 2496 5544 est,
2528 5476 2590 5531 in
2631 5493 2745 5548 qua
2795 5477 3036 5549 gloriosa
3082 5477 3407 5547 amborum,
3447 5477 3555 5533 hoc
3605 5483 3693 5534 est
3734 5478 3850 5550 epi-

2223 5569 2376 5641 sc0pi
2418 5570 2690 5625 Conleath
2714 5583 2736 5612 ο
2761 5574 2817 5626 et
2878 5570 3050 5643 hujus
3084 5570 3324 5642 virginis
3364 5575 3571 5626 sanctae
3614 5572 3852 5644 Brigida:

2223 5684 2425 5741 usitata
2466 5704 2571 5743 nec
2611 5688 2882 5743 mirabilis
2908 5688 2958 5743 ei
2998 5687 3277 5753 convenit,
3329 5685 3456 5742 ideo
3499 5686 3643 5743 nihil
3694 5688 3851 5743 debet

2223 5756 2535 5813 immutari.
2565 5760 2732 5813 BASN.

2293 5841 2316 5868 ο
2338 5830 2459 5883 Jam
2480 5834 2644 5883 antea
2669 5827 2829 5883 citavi
2857 5845 2922 5883 ex
2952 5827 3174 5883 Giraldo
3204 5830 3308 5884 hos
3337 5845 3567 5884 versus:

2413 5917 2657 5983 In_Burgo
2679 5917 2826 5983 Duno
2855 5916 3061 5983 tumulo
3082 5918 3403 5983 inmutantur
3430 5918 3482 5968 in
3510 5931 3638 5983 uno,

2473 5977 2697 6045 Brigida,
2731 5977 2990 6043 Patritius,
3016 5981 3171 6048 atque
3193 5981 3446 6036 Columba
3468 5980 3604 6049 pius.
