4016 6240
138 379 240 435 789

1417 382 1460 439 Α
1498 384 1816 441 COGlTOSO
1852 382 2231 442 ADORNATA.

3403 394 3506 453 790

136 501 375 559 corpora
399 502 432 544 a
459 484 670 545 dextris
714 490 772 544 et
804 505 837 544 a
876 487 1119 545 sinistris
1169 487 1359 546 altaris
1402 490 1668 561 decorati,
1712 492 1774 548 in
1796 495 2074 581 Aartifex
2104 493 2538 551 Hibernensium
2564 494 2833 570 prudenti
2858 495 3082 556 locutus
3109 501 3193 558 est
3220 502 3453 561 consilio
3488 520 3503 562 :

137 583 523 638 monumentis
571 584 754 655 posita
798 585 1031 644 ornatis.
1079 585 1233 640 vario
1264 585 1421 640 cultu
1446 587 1566 640 auri
1596 590 1653 642 et
1681 604 1773 641 ar-

141 676 295 748 genti
324 680 383 731 et
423 693 801 748 gemmarum,
826 683 879 733 et
909 678 1139 749 pretiosi
1169 679 1389 750 lapidis,
1417 684 1586 751 atque
1614 698 1770 735 coro-

137 770 222 824 nis
247 770 443 826 aureis
473 776 528 826 et
558 772 841 843 argenteis
868 772 1112 844 desuper
1138 773 1516 843 pendentibus
1542 775 1771 847 requie-

138 868 319 918 scunt.

210 958 455 1013 Ecclesia
491 975 741 1031 namque
785 966 1067 1015 crescente
1115 976 1355 1015 numero
1416 960 1671 1016 ﬁdelium
1722 965 1779 1016 et

141 1057 381 1123 utroque
409 1069 568 1120 sexu,
597 1054 713 1108 solo
740 1054 1001 1125 spatiosa,
1029 1061 1085 1110 et
1109 1054 1167 1108 in
1196 1054 1374 1109 altum
1399 1055 1605 1109 minaci
1641 1071 1775 1127 pro-

140 1146 368 1200 ceritate
420 1152 696 1217 porrecta,
729 1164 793 1201 ac
834 1148 1098 1202 decorata
1138 1148 1303 1220 pictis
1350 1149 1628 1216 tabulatis,
1666 1148 1778 1202 tria

140 1239 483 1293 intrinsecus
509 1240 725 1295 habens
751 1242 1014 1307 oratoria,
1056 1242 1249 1313 ampla
1270 1246 1325 1296 et
1355 1242 1527 1296 divisa
1555 1241 1779 1314 parieti-

142 1332 244 1385 bus
291 1333 585 1402 tabulatis,
618 1335 722 1389 sub
751 1352 867 1389 uno
904 1335 1151 1390 culmine
1196 1336 1424 1405 majoris
1462 1336 1685 1402 domus,
1719 1337 1777 1391 in

140 1441 248 1495 quo
274 1442 430 1480 unus
459 1427 647 1497 paries
689 1428 1007 1496 decoratus,
1035 1433 1090 1483 et
1122 1429 1466 1499 imaginibus
1494 1429 1774 1499 depictus,

143 1535 201 1571 ac
226 1518 657 1574 linteaminibus
687 1525 886 1589 tectus,
921 1539 1023 1593 per
1048 1522 1406 1577 latitudinem
1436 1522 1492 1576 in
1520 1522 1779 1577 orientali

144 1612 389 1667 ecclesias
444 1619 624 1685 parte,
655 1631 689 1668 a
729 1615 945 1686 pariete
987 1616 1056 1670 ad
1099 1617 1342 1670 alterum
1373 1615 1645 1685 parietem
1696 1633 1780 1670 ec-

144 1706 322 1760 clesia
357 1723 418 1760 se
461 1708 733 1774 tetendit;
765 1708 863 1779 qui
914 1709 971 1763 in
1007 1710 1120 1763 suis
1166 1709 1619 1764 extremitatibus
1667 1710 1780 1764 duo

144 1799 309 1854 habet
345 1800 407 1853 in
440 1817 539 1854 sua
564 1801 703 1855 ostia
730 1819 746 1871 ;
777 1807 833 1856 et
875 1818 979 1873 per
1004 1819 1184 1856 unum
1228 1802 1475 1857 hostium
1502 1802 1559 1856 in
1589 1807 1782 1858 extera

1878 590 1939 643 In
1966 590 2072 644 hac
2110 595 2522 662 superventura
2567 596 2731 647 nocte
2785 609 2946 648 orare
2990 595 3291 651 Dominum
3339 598 3508 669 juxta

1875 688 2129 738 sanctam
2161 684 2444 753 Brigidam
2492 684 2733 739 ﬁdeliter
2776 686 3069 755 debemus,
3095 694 3160 744 ut
3201 690 3321 761 ipsa
3345 692 3508 747 nobis

1874 775 1943 830 de
1970 793 2158 844 mane,
2188 777 2325 848 quid
2352 777 2411 831 in
2440 794 2609 849 opere
2630 778 2738 833 hoc
2751 780 2931 834 acturi
2956 799 3171 848 sumus,
3195 785 3505 854 provideat.

1876 871 1944 925 Et
1969 869 2047 924 sic
2072 870 2238 925 orans
2250 871 2417 942 juxta
2448 877 2882 927 monumentum
2913 880 3117 930 sanctas
3147 876 3391 949 Brigidaa
3418 883 3505 934 to-

1875 969 1993 1019 tam
2016 970 2243 1018 noctem
2269 965 2561 1035 transegit.

1948 1058 2014 1111 Et
2038 1073 2208 1111 mane
2240 1074 2495 1127 surgens,
2524 1059 2774 1114 oratione
2800 1061 3109 1131 praemissa,
3133 1063 3340 1119 ostium
3368 1065 3510 1121 anti-

1876 1166 2057 1221 quum
2110 1151 2342 1204 trudens
2382 1168 2445 1205 ac
2487 1169 2706 1223 ponens
2752 1152 2811 1206 in
2862 1172 2964 1208 suo
2996 1156 3242 1225 cardine,
3268 1158 3507 1228 januam

1878 1243 2154 1298 conclusit
2182 1247 2359 1298 totam
2389 1260 2403 1299 :
2451 1262 2554 1299 nec
2578 1245 2792 1317 aliquid
2818 1246 2995 1303 defuit
3022 1248 3089 1304 de
3118 1249 3292 1321 ipsius
3321 1252 3505 1322 pleni-

1877 1338 2096 1404 tudine,
2127 1354 2231 1391 nec
2257 1338 2373 1392 ulla
2399 1338 2456 1392 in
2486 1338 2609 1409 ejus
2640 1340 3030 1410 magnitudine
3067 1344 3352 1414 superflua
3380 1362 3510 1416 pars

1878 1435 2101 1500 reperta
2126 1436 2230 1485 est.
2262 1432 2328 1485 Et
2353 1432 2431 1485 sic
2458 1434 2650 1485 sancta
2677 1432 2905 1503 Brigida
2936 1434 3073 1489 illud
3092 1436 3295 1491 ostium
3320 1443 3514 1492 exten-

1878 1523 1960 1578 dit
1988 1524 2048 1577 in
2076 1524 2456 1592 altitudinem,
2498 1531 2560 1579 ut
2586 1529 2702 1579 tota
2728 1531 2889 1596 porta
2928 1527 3027 1581 illa
3070 1529 3139 1582 ab
3167 1546 3233 1584 eo
3278 1530 3349 1583 sit
3374 1547 3508 1584 con-

1879 1617 2053 1684 clusa,
2090 1633 2193 1671 nec
2224 1618 2282 1670 in
2310 1633 2375 1671 ea
2401 1619 2550 1672 ullus
2578 1619 2733 1672 locus
2763 1620 3073 1689 patefactus
3102 1622 3374 1689 videatur,
3404 1623 3511 1677 nisi

1880 1727 2011 1764 eum
2038 1711 2247 1765 ostium
2275 1711 2607 1780 retruditur,
2638 1716 2700 1765 ut
2725 1713 2957 1766 ecclesia
3006 1714 3269 1769 intretur.
3316 1716 3379 1770 Et
3407 1716 3515 1770 hoc

1880 1796 2104 1857 virtutis
2127 1803 2425 1857 dominica:
2452 1804 2627 1858 oculis
2652 1804 2915 1859 omnium
2940 1806 3253 1861 videntium
3278 1808 3517 1862 miracu-

145 1898 298 1962 parte
354 1893 604 1967 positum
649 1895 895 1949 intratur
936 1896 1006 1950 ad
1043 1896 1428 1950 sanctuarium
1479 1896 1549 1950 ad
1604 1897 1781 1952 altare
1802 1876 1857 1948 Β
1881 1895 2023 1961 lum,
2050 1896 2209 1950 illam
2234 1897 2473 1966 januam
2497 1903 2551 1951 et
2581 1897 2802 1951 valvam
2831 1899 3128 1955 manifeste
3156 1905 3329 1971 patet.

145 2003 402 2041 summus
453 1988 706 2058 pontifex
731 2006 861 2043 cum
893 2006 997 2043 sua
1028 1989 1277 2061 regulari
1304 1991 1454 2043 scola
1485 1994 1541 2043 et
1567 1989 1653 2043 his
1687 1990 1797 2043 sa-‘

147 2080 251 2133 cris
276 2085 416 2135 sunt
448 2081 704 2152 deputati
740 2082 1092 2151 ministeriis,
1121 2099 1276 2137 sacra
1305 2083 1375 2137 ad
1415 2082 1701 2137 dominica
1727 2087 1783 2137 et

145 2173 443 2229 immolare
468 2176 760 2230 sacriﬁcia.
780 2178 843 2230 Et
865 2193 967 2247 per
986 2177 1227 2230 alterum
1250 2177 1457 2230 ostium
1480 2176 1539 2230 in
1558 2176 1785 2231 sinistra

149 2274 300 2337 parte
348 2269 582 2339 parietis
610 2286 779 2340 supra
809 2268 942 2323 dicti
970 2272 1025 2323 et
1057 2270 1361 2323 transversi
1389 2269 1659 2340 positum,
1689 2270 1784 2325 ab-

146 2360 347 2415 batissa
374 2379 508 2416 cum
536 2362 651 2416 suis
688 2363 892 2434 puellis
932 2368 987 2417 et
1023 2362 1207 2418 viduis
1256 2363 1514 2417 ﬁdelibus
1560 2369 1783 2419 tantum

150 2454 319 2509 iverat
350 2455 495 2527 [ιδῃ.
528 2456 740 2525 intrat],
761 2461 825 2509 ut
851 2456 1106 2511 convivio
1134 2457 1384 2528 corporis
1406 2463 1463 2511 et
1489 2458 1785 2528 sanguinis

149 2549 411 2604 fruantur
435 2551 564 2603 Jesu
586 2549 812 2604 Christi.
836 2554 1018 2621 Atque
1040 2550 1184 2604 alius
1200 2551 1383 2622 paries
1398 2551 1784 2622 pavimentum

149 2642 346 2697 domus
395 2644 454 2697 in
503 2644 646 2699 duas
699 2645 941 2715 azquales
988 2644 1241 2699 dividens
1292 2650 1506 2715 partes,
1547 2661 1580 2698 a
1624 2648 1784 2715 parte

151 2736 409 2791 orientali
438 2754 617 2810 usque
642 2739 713 2793 ad
740 2743 1122 2792 transversum
1150 2737 1211 2792 in
1255 2738 1553 2792 latitudine
1606 2737 1786 2808 parie-

152 2836 263 2884 tem
292 2834 561 2885 extensus
587 2836 690 2885 est.
720 2833 787 2886 Et
807 2832 927 2886 haec
951 2836 1108 2885 tenet
1134 2830 1379 2885 Ecclesia
1403 2831 1461 2885 in
1494 2848 1550 2885 se
1580 2832 1786 2885 multas

148 2924 442 2995 fenestias,
472 2929 529 2979 et
541 2942 715 2979 unam
736 2925 795 2980 in
815 2926 988 2981 latere
1018 2926 1215 2980 dextro
1246 2930 1505 2979 ornatam
1529 2929 1777 2996 portam,

150 3034 250 3089 per
276 3035 456 3090 quam
508 3020 824 3074 sacerdotes
859 3024 914 3074 et
965 3019 1210 3090 papulus
1256 3017 1439 3073 ﬁdelis
1487 3016 1785 3072 masculini

152 3112 374 3183 generis
402 3129 572 3167 sexus
612 3112 785 3167 intrat
831 3113 1132 3167 Ecclesiam
1163 3117 1255 3179 ;et
1284 3113 1522 3168 alterma
1561 3117 1785 3182 portam

151 3205 209 3260 in
236 3205 463 3261 sinistro
495 3206 689 3276 latere,
718 3223 821 3278 per
859 3224 1032 3278 quam
1060 3206 1307 3278 virgines
1332 3212 1388 3262 et
1428 3205 1683 3260 ﬁdelium
1710 3206 1788 3259 fe-
1807 3242 1861 3316 Ο

151 3299 434 3354 minarum
484 3300 852 3371 congregatio
897 3300 1111 3355 intrare
1148 3301 1311 3355 solet.
1360 3301 1428 3354 Et
1464 3300 1543 3353 sic
1580 3299 1641 3353 in
1671 3315 1786 3353 una

152 3393 374 3448 basilica
402 3394 674 3460 maxima,
706 3394 953 3464 populus
981 3394 1212 3465 grandis
1239 3393 1299 3448 in
1328 3392 1547 3463 ordine,
1568 3398 1623 3447 et
1653 3408 1785 3463 gra-

155 3488 334 3557 dibus,
359 3493 418 3543 et
445 3504 603 3556 sexu,
634 3492 692 3542 et
713 3486 851 3541 locis
880 3487 1112 3543 diversis
1140 3486 1448 3557 interjectis
1469 3491 1525 3541 et
1549 3485 1701 3541 inter
1728 3501 1787 3540 se

154 3582 402 3652 partibus
444 3602 490 3651 ι,
522 3581 742 3636 diverso
789 3581 985 3637 ordine
1034 3586 1090 3637 et
1117 3597 1232 3635 uno
1260 3580 1450 3636 animo
1480 3579 1786 3634 Dominum

153 3675 603 3747 omnipotentem
630 3680 772 3731 orat.

220 3770 286 3823 Et
320 3786 458 3824 cum
508 3769 714 3824 ostium
756 3768 1059 3839 antiquum
1104 3772 1285 3838 portas
1329 3766 1641 3837 sinistralis,
1682 3782 1788 3838 per

155 3863 298 3933 quod
328 3862 547 3917 solebat
594 3866 783 3917 sancta
810 3861 1037 3933 Brigida
1085 3860 1390 3915 Ecclesiam
1432 3860 1669 3927 intrare,
1714 3859 1785 3913 ab

155 3956 461 4011 artiﬁcibus
486 3956 544 4011 in
571 3956 686 4011 suis
713 3961 856 4010 esset
884 3955 1206 4010 cardinibus
1232 3954 1422 4023 situm,
1452 3957 1630 4009 totam
1657 3970 1786 4008 con-

157 4050 376 4105 cludere
401 4055 625 4122 portam
651 4049 1023 4105 instauratam
1048 4052 1105 4103 et
1148 4051 1406 4103 novatam
1435 4064 1639 4102 novam
1669 4064 1785 4103 non

156 4143 354 4214 potuit.
387 4144 601 4207 Quarta
626 4143 779 4198 enim
806 4148 986 4214 portas
1025 4159 1157 4213 pars
1184 4147 1379 4213 aperta
1407 4142 1527 4196 sine
1554 4141 1781 4195 conclu-

156 4236 305 4292 sione
328 4242 384 4292 et
411 4237 693 4309 patefacta
738 4236 1063 4309 apparebat.
1092 4237 1160 4290 Et
1196 4236 1244 4289 si
1271 4236 1462 4291 addita
1502 4239 1558 4290 et
1586 4236 1786 4306 juncta

158 4334 225 4390 ad
250 4335 608 4391 altitudinem
639 4334 766 4389 ostii
793 4339 995 4407 quarta
1021 4351 1151 4405 pars
1193 4334 1413 4401 fuisset,
1448 4338 1581 4388 tunc
1608 4336 1786 4388 totam

158 4431 488 4485 concludere
534 4434 761 4501 portam
789 4433 977 4501 posset
1002 4429 1173 4483 altam
1198 4433 1255 4482 et
1298 4428 1688 4483 instauratam.
1719 4429 1787 4481 Et

1953 1991 2020 2043 Et
2045 1990 2172 2059 quis
2198 2005 2458 2043 sermone
2480 1990 2758 2060 explicare
2786 1996 2991 2061 potest,
3015 1994 3331 2047 maximum
3358 1995 3519 2049 deco-

1880 2098 2002 2135 rem
2056 2082 2226 2152 hujus
2254 2082 2523 2151 ecclesim,
2551 2088 2606 2137 et
2650 2082 2949 2138 innumera
2972 2085 3124 2140 illius
3155 2086 3391 2141 civitatis
3419 2088 3518 2158 qui

1882 2175 2134 2229 dicemus
2161 2175 2433 2229 miracula
2451 2175 2477 2229 ἱ)
2498 2175 2541 2229 si
2572 2176 2653 2229 fas
2679 2181 2762 2230 est
2783 2177 2898 2231 dici
2925 2178 3139 2245 civitas,
3170 2180 3238 2234 de
3265 2197 3380 2251 qua
3406 2181 3519 2235 vita

1884 2268 1943 2322 in
1964 2285 2021 2322 se
2048 2269 2363 2322 multorum
2388 2285 2595 2323 nomen
2625 2270 2857 2340 accepit.
2898 2270 3138 2325 Maxima
3178 2272 3301 2326 haec
3326 2273 3520 2327 civitas

1884 2365 1941 2416 et
1966 2362 2399 2432 meti-Opolitana
2425 2368 2527 2427 est,
2558 2361 2615 2415 in
2641 2362 2803 2433 cujus
2846 2364 3203 2431 suburbanis,
3232 2382 3360 2437 quas
3386 2382 3516 2420 san-

1886 2458 1975 2508 cta
2003 2459 2155 2509 certo
2201 2454 2379 2509 limite
2408 2454 2722 2525 designavit
2753 2455 2999 2528 Brigida,
3044 2458 3233 2513 nullus
3281 2458 3520 2513 carnalis

1885 2548 2257 2616 adversarius,
2285 2565 2389 2602 nec
2416 2565 2612 2602 cursus
2638 2549 2874 2603 timetur
2896 2550 3168 2605 hostium.
3200 2551 3306 2605 Sed
3333 2551 3523 2606 civitas

1886 2647 1970 2697 est
1991 2642 2197 2713 refugii
2218 2642 2501 2697 tutissima
2531 2643 2599 2697 de
2628 2642 2763 2696 foris
2789 2644 3125 2698 suburbanis
3154 2644 3214 2699 in
3257 2649 3376 2698 tota
3401 2646 3523 2700 Sco-

1886 2744 2078 2793 torum
2098 2742 2270 2802 terra,
2304 2752 2435 2790 cum
2465 2736 2581 2790 suis
2604 2736 2864 2791 omnibus
2889 2736 3141 2808 fugitivis
3171 2738 3231 2791 in
3257 2755 3369 2809 qua
3400 2755 3520 2792 ser-

1887 2836 2090 2885 vantur
2120 2828 2367 2883 thesauri
2408 2845 2631 2899 regum,
2679 2834 2735 2883 et
2763 2828 3013 2884 dccorati
3040 2829 3305 2885 culminis
3336 2831 3521 2885 excel-

1885 2924 2198 2980 lentissima
2226 2937 2345 2977 esse
2372 2921 2656 2977 videntur.
3448 2910 3453 2915 ’

1957 3019 2023 3072 Et
2050 3016 2177 3087 quis
2206 3031 2539 3070 enumerare
2566 3020 2748 3086 potest
2774 3014 3020 3071 diversas
3048 3015 3240 3071 turbas
3267 3021 3323 3073 et
3348 3017 3520 3073 innu-

1888 3110 2183 3165 merabiles
2240 3110 2477 3180 populos
2524 3109 2593 3164 de
2641 3109 2906 3163 omnibus
2956 3109 3255 3180 provinciis
3301 3111 3519 3167 conﬂu-

1887 3208 2046 3258 entes
2076 3220 2090 3257 :
2125 3202 2220 3258 alii
2247 3203 2317 3256 ob
2346 3203 2645 3273 epularum
2672 3202 3103 3271 abundantiam,
3133 3204 3226 3257 alii
3267 3204 3524 3276 languidi

1887 3299 2124 3370 propter
2169 3296 2454 3365 sanitates,
2501 3296 2594 3349 alii
2628 3295 2699 3350 ad
2746 3296 3130 3366 spectaculum
3182 3297 3520 3368 turbarum;

1887 3390 1983 3445 alii
2020 3407 2151 3444 cum
2206 3388 2428 3460 magnis
2473 3388 2635 3443 donis
2664 3388 2952 3443 venientes
2984 3389 3055 3443 ad
3106 3389 3524 3446 solemnitatem

1887 3483 2192 3539 nativitatis
2236 3486 2443 3537 sanctae
2474 3482 2738 3553 Brigidae,
2768 3498 2895 3553 quae
2930 3482 2991 3535 in
3022 3482 3111 3537 die
3141 3483 3525 3541 Kalendarum

1887 3576 2177 3632 Februarii
2202 3574 2411 3630 mensis
2440 3575 2726 3630 dormiens
2769 3590 2966 3629 secure
3008 3575 3288 3630 sarcinam
3317 3577 3522 3648 dejecit

1887 3670 2097 3740 carnis,
2145 3672 2204 3724 et
2245 3672 2474 3741 Agnum
2522 3668 2622 3723 Dei
2665 3668 2725 3723 in
2768 3667 3084 3723 cmlestibus
3135 3669 3523 3725 mansionibus

1886 3768 2076 3820 secuta
2102 3763 2232 3819 est?

1958 3875 2191 3930 Veniam
2216 3877 2347 3946 peto
2378 3890 2413 3927 a
2452 3872 2721 3928 fratribus
2759 3877 2816 3928 et
2836 3873 3139 3929 lectoribus
3168 3875 3290 3930 haec
3334 3876 3524 3947 legen-

1886 3969 2057 4039 tibus,
2085 3968 2185 4040 qui
2209 3984 2379 4022 causa
2404 3966 2740 4022 obedientiaa
2766 3973 3010 4035 coactus,
3039 3969 3194 4023 nulla
3228 3986 3517 4041 praeroga-

1885 4063 2000 4118 tiva
2028 4062 2275 4118 scientias
2302 4060 2578 4129 sufflatus,
2608 4061 2846 4132 pelagus
2874 4061 3219 4117 immensum
3244 4063 3521 4120 virtutum

1886 4162 2093 4212 sanctas
2121 4156 2360 4227 Brigida:
2380 4160 2436 4211 et
2460 4154 2593 4210 viris
2619 4155 2942 4211 fortissimis
2965 4157 3411 4227 formidandum,
3434 4158 3522 4213 his

1888 4250 2080 4321 paucis
2106 4250 2313 4306 rustico
2341 4266 2603 4305 sermone
2630 4249 2794 4305 dictis
2821 4250 3125 4306 virtutibus
3160 4252 3229 4307 de
3255 4252 3521 4307 maximis

1888 4348 1944 4399 et
1971 4343 2481 4400 innumerabilibus
2506 4344 2804 4400 currerim.

1958 4460 2123 4516 Orate
2144 4477 2250 4533 pro
2276 4475 2367 4514 me
2394 4460 2656 4531 Cogitoso
2678 4463 2884 4530 nepote
2913 4460 3196 4531 culpabili,
3227 4464 3282 4514 et
3300 4464 3365 4514 ut
3390 4477 3517 4515 ora-

319 4523 564 4579 artiﬁces
605 4524 851 4624 auerti"?
879 4539 1063 4593 maJus
1100 4538 1312 4624 PoYum
1361 4522 1545 4624 me”
1576 4526 1784 4624 ostium
1805 4616 1850 4624 _
1890 4554 2039 4609 tione
2064 4559 2246 4608 vestra
2274 4553 2369 4624 pio
2399 4554 2638 4608 Domino
2667 4569 2760 4607 me
2790 4552 3197 4607 commendetis
3243 4569 3434 4621 exoro,
3464 4558 3521 4608 et

158 4615 550 4718 fieiiber‘frent’
580 4618 932 4718 q_“°d_t°tan_1
961 4615 1297 4718 conanda?
1311 4620 1567 4718 Pomm-1’
1590 4619 1787 4718 πεῖθ’
1805 4616 1864 4688 D
1889 4649 2032 4703 Deus
2061 4647 2215 4701 vobis
2243 4615 2441 4718 pacem
2484 4645 2871 4716 evangelicam
2917 4649 3193 4700 sectantes
3232 4615 3514 4701 exaudiat.

158 4708 343 4766 bulam
366 4712 554 4767 facere
594 4712 855 4783 junctam
900 4710 960 4765 in
1010 4714 1167 4765 vetus
1221 4709 1449 4779 ostium,
1479 4712 1543 4762 ut
1590 4712 1786 4779 postea

158 4804 407 4861 suﬂicere
420 4810 627 4877 posset,
650 4805 954 4877 praedictus
974 4804 1168 4859 doctor
1185 4808 1241 4859 et
1257 4803 1518 4859 omnium
1543 4802 1785 4875 praevius

227 4985 249 5013 ι
275 4973 441 5029 Forte
471 4973 800 5045 parietibus.
830 4974 906 5028 De
932 4974 1039 5028 hoc
1064 4971 1296 5045 antiquo
1343 4987 1533 5045 more,
1551 4987 1668 5045 quo
1698 4971 1783 5025 fe-

161 5042 321 5099 minae
347 5063 379 5099 a
406 5042 541 5100 viris
586 5050 859 5116 separatas
890 5045 1126 5099 orabant
1155 5042 1220 5098 in
1236 5042 1481 5116 templis,
1509 5042 1782 5116 Clement.

161 5129 303 5171 cons.
350 5117 454 5174 lib.
481 5134 523 5174 ιι
560 5114 682 5188 cap.
713 5120 819 5185 61;
856 5116 1021 5189 Greg.
1062 5116 1213 5184 Naz.,
1243 5115 1304 5171 in
1341 5115 1493 5171 Som.
1546 5114 1615 5169 de
1643 5116 1787 5169 Ana-

2122 4793 2363 4865 Explica
2397 4795 2525 4851 Vita
2553 4796 2753 4848 sancta
2777 4792 3015 4860 Brigida
3041 4793 3291 4860 virginis.

1886 4966 2093 5038 stasia;
2140 4964 2423 5038 Ambros,
2455 4963 2527 5016 ad
2572 4961 2931 5038 virgglapsq
2979 4965 3205 5036 Baron.,
3238 4963 3297 5020 in
3325 4966 3515 5037 Appa-

1885 5044 2012 5095 ratu
2038 5032 2266 5106 E'ccles.,
2294 5034 2364 5089 ad
2390 5049 2551 5089 num.
2588 5035 2673 5086 52.
2703 5032 2838 5090 CANI
