4016 6240
1850 675 2507 726 INFINESJECULIVI.

1687 853 2686 1084 MARIUS,

936 1181 2311 1302 AVENTIGENSIS
2392 1176 3418 1307 EPISCOPUS.

1642 1406 1973 1487 (Galland.
2006 1408 2311 1473 Biblioth.
2345 1416 2498 1472 tom.
2536 1410 2722 1493 X11.)

1918 1775 2420 1873 NOTITIA.

2022 1970 2226 1986 Μ

2227 1972 2304 1986 *⁸-

560 2096 601 2149 Ι.
631 2097 695 2151 In
722 2092 914 2149 Eduis
942 2093 1119 2148 nobili
1149 2109 1359 2165 genere
1384 2097 1540 2148 ortus
1569 2099 1654 2149 est
1678 2095 1903 2166 Marius,
1935 2100 2119 2151 stante
2140 2105 2200 2179 Α
2220 2095 2341 2166 ejus
2382 2097 2734 2152 mentionem
2773 2096 3200 2168 praetermisisse
3238 2097 3299 2151 in
3330 2112 3432 2151 suo
3458 2096 3863 2168 Martyrologio

489 2188 675 2243 adhuc
691 2187 1037 2259 Burgundia:
1066 2203 1263 2259 regno,
1282 2187 1428 2242 circa
1440 2204 1656 2243 annum
1682 2189 1888 2244 Christi
1917 2193 2037 2259 532,
2061 2196 2122 2247 ut

484 2280 737 2353 produnt
771 2280 1022 2335 Cointius
1054 2282 1122 2351 (a)
1152 2297 1215 2335 ac
1258 2280 1515 2336 Historiae
1563 2282 1848 2336 litterarim
1894 2283 2120 2337 Gallicae

487 2374 787 2445 scriptores
818 2374 1022 2428 eruditi
1055 2373 1147 2443 (b),
1187 2373 1537 2429 Chifﬂetium
1560 2364 1811 2430 assectat'i
1844 2377 1926 2446 (ο).
1959 2379 2121 2431 Anno
2166 2372 2167 2375 “

487 2471 681 2521 autem
710 2467 931 2521 circiter
956 2470 1079 2532 576,
1107 2469 1172 2520 ut
1202 2467 1560 2538 postmodum
1589 2485 1657 2523 ex
1685 2468 1934 2523 dicendis
1962 2486 2118 2524 com-

486 2563 714 2630 pertum
744 2558 859 2627 ﬁet,
887 2559 1021 2613 dum
1063 2560 1241 2614 aetatis
1269 2577 1485 2615 annum
1531 2566 1726 2632 ageret
1755 2562 2118 2633 quadragesi-

486 2669 646 2707 mum
675 2655 963 2722 quartum,
992 2656 1216 2707 evectus
1254 2659 1336 2708 est
1362 2654 1433 2708 ad
1473 2653 1760 2708 ecclesiam
1794 2655 2120 2711 Aventicen-

486 2761 606 2802 sem
645 2745 955 2816 regendam
979 2746 1039 2800 in
1066 2747 1448 2802 Helvetiorum
1476 2750 1660 2802 tractu
1704 2748 1869 2803 sitam
1899 2765 1912 2803 :
1947 2766 2120 2821 quam

486 2840 717 2911 quidem
753 2839 944 2893 sedem
990 2840 1365 2911 episcopalem
1416 2840 1512 2895 diu
1544 2841 1744 2911 tenuit,
1787 2842 1966 2897 donec
2008 2843 2115 2897 sub

487 2933 662 2986 finem
688 2931 878 2986 saeculi
916 2932 1088 3003 hujus
1119 2950 1192 3002 v1,
1221 2934 1561 2989 Childeberti
1597 2935 1940 2989 Francorum
1970 2937 2121 3007 regis

483 3026 784 3096 permissu,
817 3041 942 3079 eam
962 3027 1227 3081 Aventico
1250 3028 1601 3081 Lausannam
1632 3028 1936 3095 transtulit,
1958 3034 2024 3083 ut
2051 3045 2120 3083 ex

484 3118 714 3174 Claudio
735 3118 979 3173 Roberto
1005 3121 1177 3174 tradit
1199 3120 1461 3175 laudatus
1497 3121 1747 3176 Cointius
1779 3122 1875 3190 (ά).
1903 3122 2122 3178 Childe-

486 3212 678 3266 bertus
709 3211 866 3265 enim
912 3210 1265 3283 Burgundiae‘
1305 3230 1549 3284 regnum
1592 3214 1651 3268 in
1686 3231 1799 3285 quo
1822 3216 2121 3270 Aventicus

487 3308 544 3359 et
568 3305 861 3357 Lausanna
891 3305 1281 3373 censebantur,
1312 3313 1437 3376 post
1462 3307 1682 3361 obitum
1709 3308 2118 3363 Guntchramni

485 3396 675 3467 patrui
702 3397 946 3451 obtinuit
971 3397 1041 3450 ab
1061 3414 1209 3451 anno
1225 3398 1497 3453 duntaxat
1516 3403 1639 3467 593,
1662 3400 1729 3453 ad
1747 3417 1962 3455 annum
1992 3405 2116 3457 596.

486 3489 715 3554 Verum,
748 3488 791 3542 si
839 3489 1152 3544 Adrianum
1192 3491 1475 3545 Valesium
1510 3492 1808 3547 audiamus
1840 3492 1926 3564 (e),
1956 3494 2120 3549 tertio
2140 3472 2196 3543 Β

486 3582 719 3653 quidem
747 3598 897 3636 anno
924 3582 980 3636 in
1024 3584 1354 3654 Burgundia
1384 3589 1579 3639 exacto
1609 3602 1943 3656 supremum
1969 3587 2121 3642 diem

487 3675 625 3730 obiit
652 3675 1044 3730 Childebertus
1068 3693 1218 3730 anno
1244 3680 1365 3746 595,
1393 3678 1491 3747 qui
1524 3678 1797 3732 nimirum
1839 3697 1988 3734 anno
2017 3684 2120 3736 592

485 3785 731 3840 regnum
757 3769 1186 3840 Burgundicum
1231 3770 1587 3826 hzereditario
1605 3772 1737 3843 jure
1762 3774 2117 3844 acquisierat.

486 3862 593 3917 Sed
618 3864 682 3916 ut
705 3861 776 3916 ad
802 3862 1038 3917 Marium
1078 3868 1449 3931 revertamur,
1492 3864 1643 3919 inter
1681 3865 2121 3936 subscriptiones

484 3956 878 4025 episcoporum
904 3955 1001 4025 qui
1028 3956 1261 4011 concilio
1304 3957 1690 4012 Matisconensi
1719 3975 1758 4013 ιι
1783 3959 2117 4028 interfuere,

487 4063 637 4101 anno
680 4048 1089 4102 Guntchramni
1129 4049 1282 4120 regis
1330 4054 1420 4119 25,
1450 4067 1578 4105 certe
1628 4051 1986 4123 Dionysianaa
2018 4056 2119 4107 585

487 4140 785 4208 celebrato,
830 4140 1074 4196 adfuisse
1103 4142 1454 4213 comperitur
1482 4147 1693 4200 Marius
1724 4148 1996 4215 cpiscoPus
2039 4162 2117 4200 ec-

488 4234 665 4288 clesiae
677 4235 947 4289 Aventicw
971 4238 1032 4302 (fl
1066 4253 1080 4290 :
1111 4235 1260 4290 unde
1281 4236 1461 4307 liquet
1477 4238 1666 4292 sedem
1694 4238 2122 4293 Aventicensem

487 4327 745 4381 nondum
801 4343 867 4382 eo
909 4344 1059 4383 anno
1113 4329 1464 4383 Lausannam
1530 4330 1702 4385 fuisse
1746 4331 2119 4400 translatam;

486 4420 739 4492 adeoque
760 4421 941 4475 serius
966 4427 1091 4493 post
1110 4418 1313 4476 nov’em
1331 4428 1430 4477 aut
1455 4423 1650 4477 decem
1679 4423 1902 4478 circiter
1921 4440 2119 4494 annos,

486 4514 590 4568 sub
615 4514 973 4571 Childeberto
1010 4515 1238 4584 scilicet,
1268 4515 1326 4569 id
1366 4515 1690 4587 contigisse,
1727 4521 1789 4572 ut
1836 4517 2006 4572 modo
2029 4518 2119 4571 in-

486 4607 738 4662 nuimus.
786 4609 961 4663 Porro
1000 4624 1069 4663 ex
1099 4608 1345 4679 antiquis
1381 4609 1868 4664 Lausannensium
1917 4610 2122 4665 tabulis

485 4700 751 4769 perhibet
792 4701 1106 4757 Chifﬂetius
1137 4703 1204 4773 (g)
1232 4703 1468 4758 Marium
1497 4702 1557 4757 in
1586 4703 1914 4775 episcopatu
1939 4704 2123 4775 egisse

486 4808 668 4848 annos
686 4810 779 4863 xx,
802 4812 866 4849 ac
891 4811 1115 4851 menses
1134 4813 1232 4852 vui
1261 4814 1276 4865 ;
1308 4796 1510 4851 vixisse
1539 4802 1731 4852 autem
1762 4797 1999 4852 omnino
2025 4815 2122 4852 an-

486 4902 590 4939 nos
618 4902 761 4954 LXIV,
794 4887 995 4943 obiisse
1020 4905 1155 4944 vero
1179 4889 1360 4960 pridie
1389 4890 1665 4945 Kalendas
1689 4890 2003 4957 Januarias,
2022 4907 2120 4944 an-

485 4994 561 5033 no
585 4978 849 5034 videlicet
873 4984 994 5035 596.
1018 4983 1138 5046 Qua
1165 4983 1396 5053 quidem
1420 4983 1509 5038 die
1540 4985 1872 5039 Sanctorum
1903 4984 2118 5038 ordini-

485 5070 593 5127 bus
618 5073 894 5143 ascriptus
920 5075 1179 5141 traditur,
1198 5075 1411 5147 quippe
1427 5076 1528 5147 qui
1545 5093 1773 5131 morum
1798 5077 2122 5148 integritate

486 5180 551 5220 ac
571 5165 779 5238 pietate
795 5165 1005 5239 insigni
1017 5168 1298 5224 claruerit.
1315 5170 1482 5224 Miror
1500 5169 1763 5242 equidem
1782 5170 2121 5241 Saussayum

560 5335 629 5407 (a)
658 5336 871 5411 Qoint.,
900 5336 1098 5392 Annal.
1122 5337 1258 5393 eccl.
1289 5337 1574 5407 Francor.,
1602 5339 1673 5394 ad
1698 5354 1832 5393 ann.
1857 5340 1981 5403 581,
2007 5339 2039 5411 §
2068 5343 2117 5407 1,

485 5408 625 5462 tom.
656 5409 721 5476 ΙΙ,
750 5424 883 5479 pag.
910 5410 1034 5463 220.
2013 5408 2032 5411 ⁷

557 5477 628 5561 (ὁ)
656 5480 994 5561 littér.
1026 5480 1173 5561 (gela
1196 5482 1573 5561 ﬂagrantem:
1598 5481 1686 5548 ΙΙΙ,
1718 5480 1932 5561 ρη490.

579 5552 621 5618 c)
650 5550 1135 5635 (31111⁵11,ριέιεείὶιξἱ
1175 5551 1454 5635 adMarii
1502 5550 1744 5635 Chronz,‘
1763 5552 1933 5635 inter
1977 5552 2114 5607 Hist.

485 5616 750 5673 Francor.
780 5616 1059 5691 scriptor.,
1093 5623 1352 5689 Duchén.,
1380 5626 1522 5676 tom.
1555 5623 1597 5691 Ι,
1628 5639 1685 5693 p.
1714 5616 1840 5676 210.

557 5688 633 5761 (εἰ)
663 5690 868 5759 Coint.,
904 5692 1007 5746 loc.
1036 5692 1131 5747 cit.

481 5760 616 5883 47(76.)
643 5761 842 5835 Vales.,
870 5762 1000 5817 lter.
1032 5764 1231 5819 Franc.
1260 5762 1361 5817 lib.
1394 5777 1506 5828 xw,
1539 5765 1679 5818 tom.
1699 5763 1765 5833 ΙΙ,
1788 5780 1960 5835 pagg.
1990 5763 2116 5819 464-

553 5898 617 5968 V)
648 5900 817 5955 Cone.
842 5905 976 5960 tom.
1009 5906 1093 5972 Vl,
1123 5920 1182 5977 p.
1213 5905 1337 5976 680,
1371 5903 1504 5961 edit.
1545 5906 1563 5960 1
1600 5905 1735 5966 Ven.
1767 5906 1963 5964 Labb.‘

2222 2190 2503 2245 Gallicano
2534 2207 2548 2245 :
2577 2190 2726 2261 quod
2751 2196 2938 2246 tamen
2965 2189 3229 2262 praestitit
3250 2190 3673 2244 eruditissimus
3690 2189 3862 2246 Clau-

2222 2282 2348 2337 dius
2396 2283 2743 2339 Castellanus
2772 2283 2865 2353 (h).
2918 2285 3201 2339 Craterum
3245 2283 3395 2337 beati
3443 2283 3602 2338 Marii
3651 2299 3865 2353 corpus

2221 2376 2527 2431 Lausannae
2571 2377 2859 2447 sepultum
2902 2382 2986 2431 est
3024 2377 3083 2430 in
3123 2377 3245 2432 teda
3268 2375 3446 2431 sancti
3473 2375 3696 2447 Thyrsi,
3730 2391 3864 2447 qua:

2220 2473 2412 2539 postea
2437 2470 2614 2524 sancti
2652 2470 2805 2525 Marii
2832 2486 3042 2525 nomen
3075 2472 3312 2542 accepit.
3340 2471 3465 2525 Haec
3491 2467 3691 2540 paucis
3721 2486 3862 2524 con-

2223 2563 2459 2617 trahunt
2501 2562 2781 2617 Adrianus
2810 2563 3056 2617 Valesius
3081 2564 3132 2631 (z)
3164 2569 3219 2618 et
3253 2563 3507 2618 Cointius
3535 2563 3613 2631 (λ’).
3667 2563 3865 2617 Latius

2220 2657 2394 2711 refert
2437 2656 2747 2727 Basnagius
2777 2656 2884 2726 (lt);
2925 2657 3023 2727 qui
3072 2656 3242 2711 verbo
3291 2660 3457 2710 tenus
3507 2656 3867 2713 Chifﬂetium

2220 2749 2561 2817 exscribens,
2590 2766 2892 2820 suppresso
2920 2753 3110 2803 tamen
3150 2750 3272 2820 ejus
3312 2750 3566 2815 nomine,
3594 2750 3867 2805 bifariam

2221 2848 2392 2911 errat,
2420 2858 2672 2896 asserens
2698 2842 3019 2897 interfuisse
3048 2842 3285 2897 Marium
3327 2843 3562 2897 concilio
3599 2844 3866 2897 Matisco-

2220 2936 2384 2990 nensi
2425 2952 2498 3005 1v,
2545 2936 2778 3007 ejusque
2818 2935 3137 2990 Cbronicon
3179 2936 3248 2991 ab
3290 2953 3439 2991 anno
3479 2937 3584 2991 465
3629 2936 3869 2992 initium

2222 3029 2448 3083 ducere.

2293 3125 2357 3178 ΙΙ.
2388 3122 2644 3194 Episcopi
2692 3123 2864 3194 hujus
2904 3124 3283 3178 Aventicensis
3330 3139 3513 3178 unum
3538 3124 3867 3179 Chronicon

2221 3222 2496 3287 superest,
2528 3216 2768 3271 strictim
2789 3221 3119 3271 contextum
3148 3234 3180 3271 a
3204 3222 3459 3287 tempore
3488 3234 3600 3288 quo
3618 3220 3870 3289 Prosper

2221 3309 2480 3365 desierat.
2538 3310 2742 3380 Incipit
2783 3315 2975 3364 autem
3020 3310 3090 3364 ab
3126 3326 3273 3363 anno
3316 3310 3523 3364 Christi
3567 3313 3693 3375 455,
3750 3328 3870 3382 quo

2222 3404 2428 3457 levatus
2453 3408 2529 3458 est
2552 3404 2750 3458 Avitus
2784 3406 3079 3474 imperator
3101 3406 3159 3457 in
3189 3404 3419 3465 Gallias,
3447 3420 3628 3474 usque
3658 3404 3730 3458 ad
3758 3421 3867 3459 an-

2220 3513 2361 3550 num
2392 3500 2514 3565 581,
2545 3513 2656 3567 quo
2705 3498 3029 3552 Mummolus
3060 3499 3330 3567 patricius
3356 3496 3495 3566 fuga
3521 3513 3581 3550 se
3609 3498 3866 3552 Avenio-

2220 3606 2352 3643 nem
2394 3589 2627 3659 recepit,
2668 3605 2808 3644 anno
2833 3593 2866 3644 2
2907 3591 3212 3645 consulatus
3265 3590 3468 3645 Tiberii
3517 3592 3872 3647 Constantini

2220 3684 2475 3750 Augusti,
2505 3682 2798 3737 indictione
2836 3684 2921 3737 14.
2948 3683 3108 3747 Quod
3145 3683 3343 3738 itidem
3383 3689 3575 3738 narrat
3600 3683 3867 3754 ejusdem

2222 3776 2325 3829 αξνὶ
2362 3775 2602 3845 scriptor
2644 3775 2949 3846 Gregorius
2991 3776 3331 3830 Turonensis
3362 3775 3462 3847 (1);
3513 3777 3675 3847 cujus
3725 3794 3866 3848 pro-

2221 3874 2417 3939 pterea
2459 3868 2753 3923 historiam
2803 3869 3216 3939 chronologicis
3256 3870 3406 3924 notis
3443 3869 3573 3925 satis
3620 3871 3866 3925 destitu-

2220 3965 2359 4028 tam,
2401 3978 2580 4033 eoque
2625 3962 3032 4031 obscuriorem,
3080 3963 3123 4016 si
3173 3963 3301 4034 quis
3344 3980 3477 4017 cum
3527 3963 3868 4034 hujusmodi

2220 4055 2373 4109 Marii
2395 4056 2663 4126 opusculo
2688 4056 2988 4127 diligenter
3008 4057 3331 4125 contulerit,
3363 4074 3429 4111 ex
3463 4073 3529 4111 eo
3564 4057 3862 4112 enimvero

2222 4148 2402 4202 eidem
2432 4148 2689 4203 Historiae
2709 4149 3067 4220 Gregorianre
3086 4166 3353 4221 magnam
3381 4151 3565 4204 lucem
3592 4152 3862 4205 accedere

2221 4242 2387 4311 plane
2438 4242 2758 4312 intelliget:
2799 4259 2927 4313 quae
2956 4248 3040 4297 est
3075 4244 3352 4298 sententia
3394 4244 3596 4315 saepius
3643 4244 3859 4298 laudati

2223 4334 2510 4401 Chifﬂetii,
2555 4335 2644 4389 cui
2676 4335 2922 4390 concinit
2969 4339 3027 4390 et
3071 4337 3329 4392 Cointius
3374 4340 3482 4406 (m).
3539 4338 3749 4391 Verum
3789 4337 3855 4391 de

2222 4428 2454 4499 hujusce
2467 4428 2734 4483 Chronici
2759 4429 2942 4499 pretio
2969 4429 3157 4499 ipsum
3177 4430 3551 4485 clarissimum
3580 4431 3853 4485 editorem

2222 4521 2584 4577 disserentem
2615 4521 2812 4576 audire
2830 4525 3063 4592 praestat
3091 4539 3105 4576 :
3134 4545 3161 4571 ‹‹
3191 4522 3541 4578 Desideratus
3565 4530 3647 4578 est
3671 4524 3858 4579 hacte-

2222 4631 2349 4683 nus,
2368 4614 2572 4686 inquit,
2601 4615 2870 4687 antiquus
2897 4616 3273 4688 scriptor,qui
3300 4616 3574 4672 occidenti
3601 4618 3856 4672 Romano

2222 4708 2398 4763 veteri
2446 4708 2686 4779 imperio
2714 4709 2887 4763 funus
2931 4710 3182 4779 duceret,
3212 4710 3312 4781 qui
3352 4708 3730 4765 barbarorum
3765 4710 3858 4764 illa

2221 4806 2497 4872 tempora,
2548 4802 2865 4872 provincias
2913 4803 3155 4857 Romani
3195 4804 3342 4873 juris
3410 4803 3583 4858 armis
3630 4803 3857 4858 arbitris

2221 4894 2373 4949 inter
2415 4911 2472 4948 se
2529 4894 2901 4950 dividentium
2952 4881 3297 4966 illustraret;
3350 4897 3448 4968 qui
3490 4897 3851 4961 Francorum,

2224 4988 2715 5059 Burgundionum,
2734 4988 3161 5060 Gothorumque
3176 5006 3381 5060 regum
3415 4994 3672 5044 veterum
3700 5007 3855 5045 exor-

2221 5081 2332 5147 dia,
2363 5098 2452 5137 res
2474 5088 2678 5152 gestas,
2708 5081 3009 5153 obitusque
3036 5082 3263 5153 optimis
3298 5087 3626 5153 temporum
3653 5084 3852 5138 chara-

2220 5170 2467 5225 cteribus
2490 5169 2868 5242 consignaret.
2902 5172 2968 5226 Et
2989 5170 3179 5226 nescio
3209 5172 3347 5243 quid
3361 5172 3634 5227 libaverat
3661 5178 3855 5228 auctor

2312 5341 2361 5409 g)
2402 5338 2668 5405 Chifﬂet.,
2699 5339 2806 5394 loc.
2838 5339 2935 5394 cit.

2313 5408 2468 5484 mliti.
2500 5410 2803 5484 Chatelain,
2830 5408 3114 5484 martyrel.
3142 5410 3390 5466 univers.
3421 5427 3554 5484 pag.
3587 5413 3714 5467 663.

2294 5428 2363 5481 in)
2395 5428 2468 5465 Μ.
2500 5428 2803 5476 marcium,
2832 5428 3114 5480 martyrm.
3142 5428 3390 5466 univers.
3440 5431 3465 5463 )1

2294 5480 2350 5620 (ig
2377 5478 2580 5562 Vales.,
2609 5482 2720 5536 loc.
2751 5481 2871 5562 cit.,
2898 5480 2996 5536 lib.
3021 5497 3139 5548 xm,
3172 5498 3303 5553 pag.
3340 5428 3465 5537 27g.

2294 5550 2331 5620 (J
2377 5553 2583 5620 Comt.,
2611 5552 2716 5607 loc.
2743 5558 2837 5607 eit.

2291 5550 2350 5622 (j)
2377 5553 2583 5621 Coint.,
2611 5552 2716 5607 loc.
2743 5552 2837 5607 cit.

2292 5623 2357 5693 (k)
2388 5624 2648 5696 Basnag.,
2676 5623 2877 5696 Annal.
2908 5623 3066 5679 Polit.
3098 5623 3255 5693 eccl.,
3288 5622 3360 5679 ad
3389 5640 3523 5679 ann.
3549 5625 3729 5696 581,§
3759 5627 3835 5689 10,

2217 5699 2353 5750 tom.
2378 5696 2467 5759 ΙΙΙ,
2497 5695 2627 5766 pag.
2661 5695 2783 5750 874.

2288 5764 2975 5843 (η-ϐςθςηΐιῃόηηιωεῑ.
3007 5766 3202 5843 Eranc.
3230 5764 3330 5822 lib.
3354 5781 3427 5839 τι,
3454 5784 3576 5843 cap.
3612 5771 3662 5823 1.

2288 5836 2374 5910 (νη)
2402 5836 2609 5907 Coint.,
2637 5838 2744 5894 loc.
2775 5836 2893 5908 cit.,
2922 5853 2981 5911 p.
3009 5838 3132 5894 219.
