4016 6240
173 406 276 463 793

1660 402 2043 461 CHRUNICON
2051 444 2063 456 .

3443 396 3547 458 794

170 509 504 585 appendicis
555 508 628 568 ad
678 510 1066 568 Marcellinum
1118 509 1384 567 comitem
1413 526 1427 565 :
1469 510 1566 566 sed
1610 510 1657 566 is
1699 511 1811 567 huc
1835 523 1893 598 Α
1912 515 2021 578 tos,
2049 509 2137 564 vel
2162 508 2233 564 ob
2255 523 2345 564 res
2373 523 2442 563 ex
2472 507 2678 580 quibus
2708 510 2944 578 constat,
2976 506 3064 565 vel
3094 511 3327 581 propter
3349 511 3543 563 aucto-

170 622 357 678 usque
385 607 464 662 ita
501 606 848 662 deformatus
882 606 942 661 in
986 605 1279 678 publicum
1320 604 1550 678 prodiit,
1589 609 1655 661 ut
1682 622 1813 661 cum

169 700 352 755 trium
378 700 655 756 duntaxat
681 700 929 756 Francia
954 715 1161 772 regum
1180 699 1364 756 exitus
1388 699 1807 773 perstrinxerit,

169 794 520 850 Childeberti
558 794 791 865 quidem
859 793 1098 849 senioris
1155 794 1373 849 obitum
1441 811 1592 848 anno
1652 810 1806 862 uno;

170 888 448 945 Chramni
470 904 607 943 vero
629 888 866 957 cadem,
896 892 1017 943 tum
1044 888 1214 943 etiam
1233 886 1612 942 Theodebaldi
1640 886 1812 941 inter-

168 981 341 1051 itum,
372 982 606 1037 biennio
645 985 978 1037 antevertat.
1011 981 1178 1035 Plura
1200 981 1258 1036 id
1288 996 1467 1051 genus
1488 983 1544 1034 et
1573 979 1811 1049 diligen-

165 1074 286 1130 tius
332 1074 393 1129 in
443 1076 551 1130 hoc
599 1075 868 1146 opusculo
913 1074 1176 1129 adnotata
1222 1075 1400 1145 leges.
1456 1073 1809 1128 Thesaurum

166 1167 328 1223 hunc
366 1168 437 1222 ad
464 1168 611 1223 hanc
648 1183 829 1239 usque
868 1167 1019 1222 diem
1057 1166 1365 1236 defossum,
1405 1182 1468 1221 ac
1498 1181 1570 1221 ne
1596 1165 1804 1237 quasi-

169 1265 301 1316 tum
339 1261 594 1333 quidem,
647 1261 791 1316 forte
844 1261 1191 1315 membrana
1227 1260 1622 1315 vetustissima
1666 1258 1810 1313 mihi

166 1355 524 1425 objecerunt,
557 1355 897 1427 inscriptum
926 1354 1096 1410 Mario
1135 1354 1415 1426 episcopo.
1445 1355 1621 1418 Quem
1647 1357 1712 1407 ut
1750 1353 1808 1407 in

164 1450 577 1522 persequendis
638 1449 1105 1521 Burgundionum
1170 1448 1339 1503 rebus
1401 1446 1809 1502 accuratiorem

166 1543 308 1611 vidi,
335 1560 400 1598 ac
413 1542 754 1598 nominatim
779 1543 839 1597 in
854 1542 1123 1597 Vallensis
1135 1542 1260 1613 agri
1282 1542 1352 1596 ad
1369 1541 1558 1596 lacum
1578 1542 1810 1595 Leman-

163 1652 335 1703 num,
360 1635 851 1707 ﬁnitimorumque
875 1635 1300 1707 Agaunensium
1321 1633 1707 1690 describendis
1723 1650 1810 1688 ca-

163 1729 346 1797 sibus,
363 1729 623 1801 expensis
645 1745 842 1785 rerum
863 1726 1430 1797 omnium,°nominis,
1446 1726 1804 1795 conditionis,

160 1824 429 1880 locorum
452 1828 894 1895 temporumque
908 1822 1203 1893 adjunctis,
1230 1838 1345 1876 non
1372 1820 1644 1889 dubitavi,
1667 1820 1807 1891 quin

160 1916 213 1971 is
240 1917 367 1988 ipse
392 1922 537 1972 esset
576 1917 780 1972 Marius
822 1914 1206 1971 Aventicensis
1252 1931 1350 1971 seu
1395 1892 1884 1969 LausannensisB

162 2010 489 2083 episcopus.
518 2032 545 2059 ››
576 2012 861 2065 Hactenus
887 2010 973 2064 vir
1009 2008 1280 2064 eruditus.

238 2105 333 2159 IlI.
364 2105 440 2159 De
477 2104 677 2159 eodem
718 2104 998 2159 Chronico
1030 2102 1198 2157 verba
1242 2101 1512 2156 facientes
1549 2100 1806 2156 Historia

160 2197 460 2252 litterariae
487 2198 709 2252 Gallica
725 2201 1000 2264 auctores,
1030 2196 1215 2266 primo
1234 2195 1535 2249 advertunt
1561 2193 1631 2265 [(1)
1658 2194 1717 2248 in
1739 2211 1805 2249 eo

159 2291 335 2362 plura
371 2291 514 2345 scitu
551 2291 722 2362 digna
762 2305 1077 2358 occurrere,
1108 2306 1237 2359 qua
1265 2287 1400 2341 alibi
1424 2287 1631 2341 frustm
1657 2304 1806 2358 qua-

162 2388 375 2439 rantur
401 2401 417 2451 ;
447 2384 649 2438 deinde
677 2384 824 2437 illius
840 2383 1176 2453 scriptorem
1192 2382 1252 2435 in
1266 2381 1467 2435 mundi
1491 2380 1653 2435 annis
1666 2397 1801 2451 sup-

160 2477 443 2551 putandis
476 2494 603 2531 eam
645 2477 837 2531 iniisse
884 2476 1183 2544 rationem,
1223 2474 1314 2529 cui
1352 2475 1598 2545 pressius
1640 2474 1801 2528 dein-

161 2587 301 2641 ceps
328 2570 556 2624 inhasit
570 2570 877 2640 Gregorius
901 2568 1244 2624 Turonensis
1268 2585 1281 2622 :
1302 2568 1555 2639 illudque
1574 2571 1805 2638 prater-

159 2682 234 2720 ea
280 2665 618 2732 observant,
657 2664 895 2718 Marium
924 2664 983 2717 in
1020 2679 1147 2718 eam
1187 2661 1537 2717 descendisse
1575 2664 1802 2716 senten-

162 2759 328 2826 tiam,
360 2763 427 2812 ut
469 2757 807 2812 existimarit
830 2774 865 2811 a
884 2759 1155 2828 principio
1182 2757 1374 2811 mundi
1416 2771 1584 2824 usque
1610 2756 1686 2808 ad
1711 2771 1807 2808 an-

159 2868 300 2907 num
343 2854 586 2922 primum
627 2851 934 2906 consulatus
993 2852 1197 2905 Justini
1251 2851 1492 2904 Junioris
1541 2848 1801 2917 Augusti,

161 2946 365 3000 indict.
392 2949 476 3013 15,
502 2944 559 2999 id
584 2949 688 3013 est,
716 2960 896 3015 usque
924 2944 994 2997 ad
1032 2960 1247 2997 annum
1279 2946 1378 2996 567
1405 2957 1581 2995 annos
1601 2958 1801 2995 excur-

160 3040 310 3094 risse
336 3054 703 3094 V’MDCCLXVIII.
748 3038 840 3091 His
881 3042 1072 3091 autem
1109 3036 1347 3106 aliisque
1378 3033 1800 3101 animadversis,

161 3133 487 3187 admonent
512 3131 571 3186 in
601 3148 857 3186 errorem
891 3129 1193 3202 aliquando
1226 3129 1399 3183 fuisse
1435 3129 1657 3198 lapsum
1699 3144 1801 3181 au-

162 3230 406 3281 ctorem.

241 3320 330 3372 IV.
356 3317 614 3372 Prasulis
645 3317 822 3371 nostri
848 3315 1231 3370 Aventicensis
1257 3314 1533 3370 Chronico
1572 3312 1800 3383 subjici-

161 3418 265 3468 tur
290 3411 595 3482 appendix,
629 3411 697 3465 de
724 3426 835 3481 qua
870 3410 991 3464 hac
1040 3408 1357 3463 Chifﬂetius
1388 3425 1400 3461 :
1435 3427 1463 3459 ‹‹
1491 3406 1648 3471 Quod
1673 3421 1800 3476 spe-

160 3511 282 3561 ctat
312 3505 385 3559 ad
420 3504 575 3560 Marii
601 3504 973 3576 appendicem
1007 3520 1178 3573 quam
1213 3518 1280 3555 ex
1328 3501 1531 3555 iisdem
1558 3498 1805 3569 antiquis

160 3598 518 3655 membranis
545 3597 950 3668 excerpsimus,
978 3595 1318 3650 contractior
1342 3595 1438 3648 illa
1466 3593 1699 3664 quidem
1722 3595 1806 3645 est

160 3709 344 3765 quam
374 3692 687 3763 optandum
733 3692 898 3758 esset,
928 3706 1032 3744 nec
1062 3694 1282 3743 certum
1309 3687 1553 3742 auctoris
1593 3700 1805 3740 nomen

162 3787 418 3859 prafert.
455 3786 631 3841 Suum
653 3788 847 3839 tamen
888 3782 1137 3854 pretium
1173 3781 1403 3836 habebit
1426 3780 1578 3852 apud
1604 3778 1798 3833 erudi-

241 3929 317 4002 (a)
345 3934 487 4002 Hist.
519 3929 785 4002 lz’ttér._de
824 3929 879 3982 la
904 3931 1125 4002 Frauc.,
1152 3925 1394 4002 loc._cit.
1425 3924 1713 4002 βᾶθι-401.

240 3995 636 4073 (ὁὶΒιιίηειηη
695 4000 754 4053 in
821 3998 1067 4071 append.
1126 3998 1194 4053 ad
1256 3997 1488 4067 Gregor.
1557 3995 1802 4060 Turon.,

161 4091 304 4215 pagi
335 4075 593 4213 Εῗὲέὲεη
646 4141 858 4197 Chron.
907 4156 1031 4212 cap.
1082 4140 1172 4208 42,
1203 4156 1263 4210 p.
1309 4139 1434 4205 523,
1483 4136 1615 4191 edit.
1667 4135 1803 4190 Gre-

1825 3258 1879 3331 C

1911 606 1987 661 ris
2018 605 2461 677 antiquitatem;
2502 604 2603 675 qui
2626 603 2893 659 videlicet
2919 604 3159 660 Heraclii
3190 603 3547 674 imperatoris

1911 715 2063 754 anno
2108 699 2192 765 14,
2221 697 2449 753 Clotarii
2502 714 2671 768 porro
2721 698 2955 753 secundi
3003 698 3345 754 Francorum
3392 697 3544 770 regis

1909 808 2059 846 anno
2105 793 2194 859 40,
2228 791 2335 845 hoc
2360 794 2445 846 est
2496 806 2646 845 anno
2676 790 2882 845 Christi
2911 793 3011 845 623
3039 793 3140 844 aut
3178 790 3280 847 624
3309 806 3435 844 eam
3483 807 3543 844 se

1910 883 2304 955 conscripsisse
2359 882 2657 956 signiﬁcat.
2690 906 2717 933 »
2776 884 2856 938 Ex
2900 883 3008 939 hac
3048 899 3185 938 sane
3226 882 3542 955 appendice

1910 980 2148 1049 dignum
2176 978 2394 1032 censuit
2412 978 2566 1049 quod
2591 976 2930 1032 exscriberet
2957 976 3298 1031 clarissimus
3326 977 3540 1031 Ruina-

1908 1072 2128 1127 nartius
2151 1076 2483 1144 excerptum
2497 1071 2567 1127 de
2592 1075 2773 1126 morte
2802 1070 3175 1126 Brunichildis
3205 1070 3420 1141 regina
3451 1070 3541 1143 (b),

1908 1166 1979 1220 ad
2036 1165 2437 1222 illustrandum
2497 1164 2773 1220 nimirum
2848 1163 3167 1235 Fredegarii
3220 1163 3541 1219 Scholastici

1909 1259 2228 1315 Chronicon
2254 1258 2355 1313 ubi
2381 1275 2447 1313 ea
2473 1258 2542 1313 de
2561 1274 2624 1312 re
2657 1256 2868 1313 mentio
2896 1258 2981 1329 (c),
3014 1257 3272 1312 Historia
3300 1258 3539 1312 Franco-

1910 1368 2041 1407 rum
2067 1352 2322 1423 Gregorii
2344 1351 2683 1406 Turonensis
2699 1351 3036 1422 subjectum.
3054 1350 3312 1406 Notanda
3325 1366 3458 1404 vero
3481 1349 3542 1405 in

1907 1445 2109 1517 primis
2135 1462 2417 1500 annorum
2443 1460 2664 1500 summa
2688 1460 2859 1515 quam
2890 1444 2960 1498 ab
2988 1443 3220 1499 exordio
3249 1444 3451 1499 mundi
3470 1444 3541 1498 ad

1908 1556 2069 1594 suam
2088 1556 2267 1611 usque
2288 1544 2512 1594 atatem
2526 1542 2875 1594 contractam
2897 1538 2968 1593 ad
2991 1537 3165 1593 ﬁnem
3192 1554 3305 1591 sua
3331 1553 3543 1609 appen-

1908 1632 2044 1687 dicis
2065 1633 2297 1687 exhibet
2313 1633 2406 1687 hic
2421 1648 2739 1703 anonymus
2757 1636 2974 1700 auctor,
2994 1631 3397 1685 conferendam
3410 1646 3540 1685 cum

1907 1725 2196 1797 superiore
2226 1741 2402 1797 quam
2428 1741 2499 1779 ex
2522 1725 2693 1779 Mario
2722 1723 3081 1779 Aventicensi
3112 1723 3535 1794 descripsimus.

1909 1819 1993 1874 Sic
2019 1820 2175 1873 enim
2205 1819 2301 1872 ille
2330 1834 2343 1873 :
2372 1821 2533 1874 Fiunt
2556 1820 2749 1887 igitur,
2772 1817 2977 1888 inquit,
3011 1817 3079 1871 ab
3103 1818 3324 1871 exordio
3352 1817 3545 1871 mundi
3604 1804 3608 1808 “

1908 1928 2073 1982 usque
2123 1914 2183 1965 in
2232 1914 2432 1966 Heram
2478 1916 2817 1981 praesentem,
2844 1912 2904 1965 id
2949 1915 3045 1973 est,
3084 1910 3327 1966 Heraclia“
3377 1911 3461 1976 14,
3491 1914 3543 1964 et

1908 2007 2275 2063 Chlothacam‘i
2295 2008 2437 2072 regis
2462 2020 2664 2058 annum
2689 2004 2777 2071 40,
2811 2006 2947 2058 αηηί
2975 2018 3320 2059 vuncccxxu.

1977 2100 2038 2151 V.
2063 2099 2179 2152 Erit
2213 2099 2446 2152 fortasse
2472 2113 2575 2151 cur
2601 2096 2888 2168 quispiam
2918 2096 3163 2150 miretur
3189 2094 3537 2167 pratermis-

1906 2207 2033 2244 sum
2070 2208 2103 2244 a
2127 2190 2373 2245 Gerardo
2402 2191 2617 2243 Joanne
2666 2190 2875 2253 Vossio,
2911 2192 3115 2242 catera
3154 2187 3535 2256 solertissimo,

1903 2290 2163 2338 nostrum
2190 2283 2715 2354 chronographum,
2733 2282 2887 2336 haud
2904 2286 3054 2335 certe
3079 2282 3379 2352 imparem,
3404 2297 3540 2352 quo-

1904 2377 2073 2431 modo
2106 2376 2250 2430 mihi
2282 2376 2621 2448 persuadeo,
2647 2377 2941 2446 Prospero,
2974 2373 3171 2441 ldacio,
3220 2373 3537 2428 Marcellino

1905 2470 2116 2539 comiti,
2150 2470 2355 2524 Victori
2396 2468 2749 2537 Tununensi,
2781 2468 2989 2522 Joanni
3024 2467 3350 2522 Biclariensi
3383 2467 3536 2521 aliis-

1904 2579 2036 2635 que,
2070 2563 2138 2617 de
2170 2563 2376 2633 quibus
2404 2562 2498 2616 ille
2529 2562 2700 2617 verba
2726 2561 2861 2616 facit
2885 2561 2946 2615 in
2972 2560 3131 2615 libris
3160 2561 3229 2615 de
3252 2559 3539 2614 Historicis

1905 2656 2131 2711 Latinis.
2166 2656 2357 2726 Neque
2395 2671 2529 2709 vero
2570 2655 2902 2725 hujusmodi
2939 2654 3167 2708 chasma
3194 2653 3343 2707 eoin
3370 2669 3540 2724 opere

1905 2749 2310 2819 complendum
2350 2749 2565 2803 curavit
2613 2748 2850 2803 Sandius
2876 2747 2935 2801 in
2979 2746 3094 2801 suis
3122 2746 3540 2818 Supplementis

1905 2842 2189 2896 Vossianis
2218 2858 2232 2895 :
2267 2842 2421 2912 quod
2451 2844 2664 2909 tamen,
2712 2840 2905 2911 paucis
2932 2839 3079 2908 licet,
3107 2839 3373 2910 prastitit
3404 2839 3534 2892 Hal-

1904 2934 2218 2989 lervordius
2252 2935 2346 3004 (εἰ).
2393 2935 2644 2989 Miraum
2686 2938 2965 3004 pratereo
2991 2933 3345 3002 Caveumque
3369 2937 3540 3003 atque

1905 3028 2216 3095 Oudinum,
2246 3027 2345 3097 qui
2366 3027 2434 3081 de
2466 3033 2658 3082 nostro
2687 3027 2958 3097 scriptore
2984 3025 3127 3080 nihil
3151 3026 3303 3091 novi,
3329 3030 3538 3097 prater

1904 3137 1968 3175 ea
1998 3138 2126 3192 qua
2153 3138 2219 3174 ex
2273 3120 2554 3177 Chiffletio
2608 3121 2978 3191 exscripsere,
3005 3120 3065 3173 in
3102 3118 3356 3173 medium
3399 3118 3537 3172 aﬂ'e-

1903 3218 2058 3269 runt.
2090 3214 2174 3268 Ad
2204 3213 2515 3269 editionem
2544 3218 2797 3268 nostram
2816 3213 2968 3284 quod
2996 3212 3220 3277 attinet,
3252 3228 3379 3266 eam
3409 3211 3535 3265 dili-

1906 3310 2109 3378 genter
2138 3307 2434 3377 exegimus
2462 3307 2533 3361 ad
2562 3323 2735 3361 unam
2768 3306 2918 3361 Petri
2950 3305 3224 3360 Francisci
3252 3304 3539 3371 Chifﬂetii,

1903 3400 2001 3472 qui
2031 3400 2186 3455 Marii
2229 3401 2548 3454 Chronicon
2574 3417 2642 3454 ex
2672 3406 3001 3470 pervetusto
3031 3399 3235 3454 Codice
3283 3415 3390 3452 ms.
3418 3398 3536 3469 pri-

1906 3510 2034 3548 mus
2073 3494 2130 3548 in
2155 3493 2342 3547 lucem
2370 3493 2544 3548 edidit
2566 3493 2717 3547 inter
2746 3492 3001 3547 Historiae
3029 3493 3371 3546 Francorum
3402 3492 3539 3545 scri-

1904 3592 2094 3658 ptores
2128 3591 2458 3652 coataneos,
2492 3602 2665 3655 opera
2690 3591 2745 3640 et
2774 3585 2961 3640 studio
2993 3584 3237 3639 Andrea
3268 3585 3344 3639 du
3368 3584 3541 3640 Chéne

1905 3695 2054 3734 anno
2084 3681 2216 3733 1636
2243 3678 2480 3733 Lutetia
2506 3677 2850 3733 Parisiorum
2888 3676 3194 3747 evulgatos.

1907 3921 2348 4116 fici-‘33:er
2382 3990 2573 4062 Spicil.
2602 3990 2670 4045 de
2697 3989 2836 4045 Hist.
2863 3990 3068 4059 Latin.,
3091 4006 3222 4060 pag.
3245 3992 3370 4058 759,
3401 3987 3538 4042 edit.

1951 4079 1983 4116 a
2024 4078 2124 4116 rio.

1951 4078 2124 4116 aDI‘IC.

174 4272 3422 4319 —

1578 4436 2131 4557 MAR“

1379 4623 1946 4692 AVENTICENSIS
1990 4623 2348 4688 EPISCOPI

1184 4772 2526 4996 CHWON.

244 5087 421 5153 Usque
437 5083 523 5136 hic
541 5084 805 5152 Prosper:
825 5097 942 5152 qua
964 5086 1259 5151 sequuntur
1277 5081 1489 5135 Marius
1507 5079 1803 5149 episcopus.
1823 5060 1884 5133 D
1978 5069 2451 5128 CONSTANTINO
2484 5071 2566 5124 ET
2599 5069 2803 5137 RUFO,

236 5176 484 5234 Consule
508 5192 677 5247 supra
693 5174 899 5247 scripto
923 5175 1140 5230 levatus
1166 5178 1252 5229 est
1277 5174 1472 5228 Avitus
1490 5172 1806 5243 imperator

162 5272 227 5326 in
258 5269 464 5325 Gallias
496 5286 509 5324 :
542 5274 597 5324 et
621 5268 911 5341 ingressus
936 5272 1021 5323 est
1053 5267 1433 5323 Theodoricus
1462 5282 1561 5321 rex
1590 5264 1803 5319 Gotho-

163 5380 301 5419 rum
331 5363 554 5417 Arelato
584 5379 715 5416 cum
740 5362 1008 5417 fratribus
1032 5362 1148 5417 suis
1172 5361 1233 5416 in
1258 5376 1419 5433 pace.

238 5456 503 5512 JOANNE
533 5456 618 5510 ET
644 5455 943 5510 VARANA.

240 5547 336 5601 His
378 5545 707 5600 consulibus
744 5544 997 5616 dejectus
1050 5546 1136 5598 est
1180 5542 1379 5597 Avitus
1430 5541 1745 5613 imperator
1772 5555 1804 5592 a

164 5639 479 5711 Majoriano
505 5641 563 5693 et
604 5638 889 5693 Ricimere
929 5636 1229 5704 Placentia,
1275 5640 1332 5692 et
1355 5635 1534 5689 factus
1567 5637 1658 5687 est
1680 5631 1803 5703 epi-

165 5750 374 5806 scopus
402 5733 467 5787 in
492 5732 734 5787 civitate.

238 5829 319 5881 Eo
347 5842 497 5881 anno
528 5823 963 5896 Burgundiones
996 5828 1223 5896 partem
1257 5822 1449 5878 Gallia
1492 5834 1803 5890 occupave-

165 5926 323 5985 runt,
352 5925 651 5993 terrasque
678 5934 808 5975 cum
834 5918 1001 5975 Gallis
1026 5917 1383 5975 senatoribus
1402 5915 1731 5973 diviserunt.

1976 5163 2360 5221 MAJOHIANO
2393 5163 2477 5217 ET
2514 5161 2759 5228 LEONE,

1976 5258 2325 5314 RECIMEHE
2362 5256 2445 5310 ET
2476 5253 2810 5322 PATBICIO,

1975 5351 2208 5407 MAGNO
2255 5351 2337 5405 ET
2383 5347 2832 5405 APOLLONARE
2880 5347 2986 5417 [Εω
3035 5347 3199 5413 fastis
3243 5344 3536 5401 APOLLO-

3223 5438 3381 5509 NlO].

1978 5539 2073 5594 His
2103 5538 2424 5593 consulibus
2454 5535 2792 5609 Majorianus
2817 5523 3125 5606 imperato}
3151 5533 3436 5605 profectus
3455 5534 3541 5587 est

1907 5632 1978 5688 ad
2006 5632 2318 5704 Hispanias.

1974 5728 2051 5782 Eo
2081 5743 2230 5781 anno
2256 5730 2434 5797 capta
2464 5729 2596 5780 sunt
2613 5740 2784 5779 naves
2812 5740 2846 5779 a
2874 5720 3133 5779 Vandalis
3161 5722 3232 5777 ad
3262 5718 3484 5788 Elecem
3516 5733 3532 5784 ;

1900 5820 2063 5890 juxta
2085 5819 2424 5890 Carthagine
2451 5818 2752 5891 Spartaria.
2778 5880 2779 5883 η

1978 5914 2058 5971 SE
2068 5913 2195 5969 VEB
2205 5913 2313 5969 [NO
2345 5914 2429 5969 ΕΤ
2462 5910 2861 5969 DAGALAIFO.
