4016 6240
479 382 583 438 7θὸ

1623 385 1829 450 MAR",
1863 383 2343 440 AVENTICENSIS
2379 384 2699 455 EPISCOPI,

3753 394 3853 448 796

548 490 642 546 His
667 490 989 547 consulibus
1012 491 1262 564 dejectus
1286 494 1372 547 est
1398 491 1733 563 Majorianus
1762 494 1831 548 de
1860 492 2104 565 imperio
2126 503 2185 577 Α
2206 509 2300 548 cos
2323 496 2380 547 et
2422 492 2876 563 Burgundiones,
2906 491 3246 566 Godegeselo
3291 494 3397 550 hoc
3429 492 3620 551 dolose
3653 501 3861 552 contra

473 584 534 640 in
561 585 781 641 civitate
812 587 1053 642 Bertona
1072 604 1103 640 a
1129 586 1404 641 Ricimere
1416 586 1677 656 Patricio,
1700 590 1756 643 et
1780 587 2108 643 interfectus

475 682 561 735 est
582 695 755 754 super
782 682 870 736 Ira
893 680 1063 739 ﬂuvio
1086 698 1102 750 ;
1126 685 1182 735 et
1208 681 1418 735 levatus
1444 685 1531 736 est
1545 681 1785 737 Severus
1798 680 2111 755 imperator

474 777 737 832 Ravenna
750 820 762 833 .

540 871 761 925 LEONE
790 871 835 924 ιι
868 870 951 924 ET
983 868 1272 938 SEVERO,

542 964 826 1030 BASILIO,
857 964 941 1017 ET
968 962 1264 1017 BIBIANO.

542 1057 635 1112 His
675 1056 999 1111 consulibus
1028 1072 1223 1127 pugna
1250 1056 1396 1111 facta
1433 1059 1518 1112 est
1560 1056 1713 1113 inter
1736 1057 2023 1129 Egidium
2052 1062 2110 1114 et

468 1150 695 1217 Gothos,
721 1150 873 1204 inter
891 1149 948 1204 Li
956 1166 1089 1221 gere
1112 1155 1167 1205 et
1182 1149 1535 1223 Ligerecino,
1558 1151 1723 1222 juxta
1743 1152 2057 1208 Aurelianis
2086 1169 2103 1222 ;

465 1244 659 1315 ibique
687 1244 1017 1299 interfectus
1042 1244 1358 1299 Frediricus
1396 1261 1495 1300 rex
1524 1245 1854 1301 Gothorum.

534 1338 834 1393 OLYBRIO
867 1340 952 1393 ET
986 1339 1319 1409 RUSTICIO,

535 1433 968 1487 ERMENERICO
999 1434 1080 1488 ΕΤ
1112 1433 1483 1504 BASILISCO,

532 1525 755 1581 LEONE
783 1528 851 1581 IlI
886 1528 968 1580 ET
995 1527 1347 1596 TASSIANO,

536 1618 751 1673 POSEO
779 1620 863 1673 ET
890 1618 1170 1674 JOANNE.

534 1711 629 1765 His
652 1712 980 1766 consulibus
1016 1713 1232 1767 levatus
1274 1718 1357 1769 est
1382 1714 1719 1769 Anthemius
1768 1714 2100 1785 imperator.

536 1805 614 1858 Eo
639 1821 789 1858 anno
816 1806 1144 1861 interfectus
1172 1811 1256 1862 est
1276 1808 1655 1863 Theodoricus
1672 1824 1771 1863 rex
1788 1808 2103 1863 Gothorum

462 1914 495 1951 a
522 1896 696 1952 fratre
726 1916 827 1953 suo
858 1900 1161 1954 Euthorico
1187 1901 1448 1957 Tholosa.

536 1993 882 2048 ANTHEMIO
910 1994 1245 2060 AUGUSTO,

535 2086 888 2140 MARCIANO
920 2088 1004 2141 ET
1034 2088 1281 2156 LEONE,

532 2179 796 2234 SEVERO
822 2181 906 2235 ET
933 2180 1264 2250 JORDANO,

534 2272 755 2327 LEONE
785 2274 853 2327 IV
881 2274 966 2328 ΕΤ
993 2274 1364 2344 PROBIANO,

540 2366 773 2434 FESTO,

535 2460 758 2514 LEONE
790 2460 853 2513 V.

534 2554 647 2608 Hoc
693 2553 920 2609 consule
964 2553 1176 2609 levatus
1219 2558 1303 2609 est
1331 2555 1619 2625 Glycerius
1651 2555 1961 2626 imperator
1990 2556 2096 2610 Ra-

460 2663 669 2702 venna.

534 2741 752 2795 LEONE
780 2742 1084 2796 JUNIORE.

531 2835 641 2887 Hoc
666 2835 895 2889 consule
923 2834 1211 2906 depositus
1235 2838 1321 2890 est
1343 2834 1630 2906 Glycerius
1658 2836 1727 2891 de
1752 2834 2012 2908 imperio,
2042 2840 2101 2889 et

459 2929 676 2983 levatus
705 2932 788 2982 est
812 2946 989 3000 nepos
1018 2929 1346 3000 imperator.

527 3023 589 3076 P.
620 3022 680 3077 C.
713 3022 951 3078 LEONIS
978 3022 1286 3079 JUNIORIS
1316 3021 1626 3092 AUGUSTI,

531 3115 872 3170 BASILISCO
903 3117 987 3170 ET
1015 3116 1320 3171 ABMATO.

528 3208 623 3261 Bis
640 3208 965 3262 consulibus
988 3209 1201 3263 levatus
1226 3213 1310 3262 est
1327 3209 1612 3264 Odovacer
1638 3225 1759 3265 rex.

527 3301 589 3353 P.
617 3302 677 3356 C.
705 3301 1027 3357 BASILISCI
1054 3302 1137 3355 ET
1162 3301 1443 3371 ARMATI,

528 3392 791 3461 ILLONE,

529 3485 818 3554 ZENONE,

526 3579 790 3635 BASILIO
818 3579 1128 3650 JUNIORE,

523 3668 836 3737 PLACIDO,

524 3762 857 3817 SEVERINO
886 3762 1194 3832 JUNIORE,

525 3848 802 3923 FAUSTO,

519 3949 857 4004 VENANTIO
884 3950 969 4004 ET
997 3951 1456 4022 THEODORICO,

523 4041 912 4110 SYMMACHO,

522 4134 721 4189 DECIO
752 4136 836 4188 ET
873 4134 1192 4205 LONGINO,

522 4227 788 4294 BOETIO,

520 4319 849 4375 DINAMICO
882 4321 966 4375 ET
993 4321 1251 4390 SIFIDIO,

517 4413 817 4469 PROBINO
844 4414 930 4469 ET
954 4415 1259 4471 EUSEBIO.

515 4506 608 4561 His
631 4507 958 4563 consulibus
1000 4508 1293 4581 ingressus
1321 4510 1703 4568 Theudoricus
1731 4528 1832 4570 rex
1871 4512 2079 4569 Gotho-

445 4615 578 4655 rum
602 4599 661 4654 in
691 4602 847 4655 Italia
877 4603 1049 4657 Ponte
1082 4604 1272 4659 lsonti.

517 4692 813 4748 LONGINO
842 4695 927 4749 ET
948 4695 1236 4767 FAUSTO,

516 4785 834 4855 OLYBRIO,

515 4878 892 4935 ANASTASIO
921 4881 1006 4935 ET
1035 4882 1238 4951 RUFO,

514 4970 764 5026 ALBINO
790 4973 876 5026 ET
901 4973 1205 5030 EUSEBIO.

511 5063 607 5119 His
653 5064 978 5120 consulibus
1023 5068 1239 5124 occisus
1268 5073 1351 5125 est
1398 5070 1685 5127 Odovacer
1735 5087 1835 5127 rex
1871 5089 1905 5126 a
1944 5089 2079 5145 rege

441 5157 789 5214 Theuderico
819 5157 880 5213 in
908 5158 1167 5216 Laureto.

509 5251 802 5308 ASTERIO
833 5252 916 5308 ET
942 5253 1300 5326 PmEsmio,

512 5344 831 5415 VIATORE,

508 5438 569 5493 P.
604 5440 665 5495 C.
694 5439 1029 5509 VIATORIS,

508 5532 569 5585 P.
596 5532 657 5586 C.
690 5533 1008 5591 VIATORIS
1033 5534 1216 5592 ANNO
1242 5536 1312 5605 II,

511 5624 871 5697 PAULLINO,

508 5717 571 5769 Ρ.
602 5717 663 5769 c.
690 5717 1024 5788 PAULLINI,

510 5807 824 5863 PATRICIO
855 5810 940 5864 ET
967 5811 1285 5869 HYPATIO.

518 5894 613 5949 His
637 5899 955 5956 consulibus
980 5918 1175 5976 pugna
1198 5905 1347 5962 facta
1367 5910 1452 5963 est
1480 5904 1716 5965 Divione
1744 5907 1894 5967 inter
1907 5911 2077 5970 Fran-

951 6080 993 6115 ο

2123 1876 2180 1947 Ii

2115 3243 2172 3317 C

2210 588 2445 642 fratrem
2476 602 2644 642 suum
2686 587 3219 660 Gundobagaudum
3265 588 3653 645 machinante.
3700 593 3766 646 In
3794 608 3862 646 eo

2210 679 2409 751 praelio
2426 680 2804 751 Godegeselus
2823 698 2955 736 cum
2980 681 3114 751 suis,
3143 683 3409 737 adversus
3427 682 3666 739 fratrem
3690 702 3860 740 suum

2209 789 2341 829 cum
2386 774 2610 828 Francis
2648 774 2937 829 dimicavit
2965 792 2979 829 :
3014 781 3070 830 et
3105 776 3367 846 fugatum
3410 776 3652 832 fratrem
3685 795 3859 834 suum

2208 867 2754 939 Gundobagaudum,
2787 884 3033 939 regnum
3060 869 3236 940 ipsius
3265 869 3552 942 paulisper
3580 872 3856 942 obtinuit,

2209 965 2266 1016 et
2289 960 2783 1034 Gundobagaudus
2810 963 3097 1018 Avenione
3125 962 3400 1018 latebram
3431 964 3605 1020 dedit.

2278 1056 2356 1111 Eo
2384 1054 2536 1109 anno
2561 1054 3059 1128 Gundobagaudus
3086 1057 3391 1128 resumptis
3431 1056 3651 1113 viribus
3679 1060 3859 1114 Vien-

2207 1163 2340 1202 nam
2386 1164 2515 1202 cum
2562 1148 2817 1203 exercitu
2863 1149 3259 1219 circumdedit,
3307 1155 3581 1222 captaque
3628 1153 3862 1209 civitate

2205 1241 2443 1296 fratrem
2471 1258 2641 1296 suum
2665 1242 2985 1311 interfecit;
3014 1244 3324 1315 pluresque
3350 1244 3602 1300 seniores
3628 1262 3695 1300 ac
3716 1247 3860 1301 Bur-

2207 1334 2524 1406 gundiones
2550 1334 2649 1406 qui
2679 1351 2810 1393 cum
2837 1337 2960 1406 ipso
2980 1340 3291 1404 senserant,
3321 1338 3517 1392 multis
3531 1338 3861 1409 exquisitis-

2205 1444 2316 1499 que
2356 1428 2652 1483 tormentis
2700 1433 2883 1484 morte
2932 1429 3221 1484 damnavit
3248 1447 3267 1499 ;
3302 1446 3665 1503 regnumque
3695 1434 3858 1505 quod

2204 1520 2543 1591 perdiderat,
2564 1537 2695 1576 cum
2736 1538 2803 1577 eo
2829 1522 2983 1594 quod
3008 1522 3391 1594 Godegeselus
3415 1524 3716 1595 habuerat,
3752 1543 3857 1582 re-

2203 1619 2455 1686 ceptum,
2486 1631 2664 1687 usque
2694 1616 2757 1671 in
2782 1616 2936 1671 diem
2980 1617 3180 1671 mortis
3215 1632 3335 1673 sua:
3364 1617 3607 1674 feliciter
3634 1620 3853 1693 guber-

2204 1708 2378 1764 navit.
3556 1734 3562 1739 ο

2272 1802 2525 1857 ABIENO
2554 1803 2640 1857 ET
2667 1803 3010 1873 POMPEIO”

2270 1896 2521 1951 ABIENO
2547 1897 2833 1952 JUNIORE
2862 1897 2945 1952 ET
2970 1896 3221 1966 PBOBO,

2274 1990 2680 2059 VOLUSIANO,

2272 2083 2603 2151 CETHEGO,

2272 2176 2633 2231 SAVINIANO
2658 2176 2743 2231 ET
2772 2176 3164 2246 THEUDOBO,

2270 2269 2578 2325 MESSALA
2603 2270 2687 2323 ET
2715 2270 3111 2339 ARIOBINDA,

2272 2362 2608 2418 VENANTIO
2639 2363 2723 2417 ET
2748 2362 3038 2431 CELERE,

2270 2457 2330 2511 P.
2359 2458 2418 2511 c.
2449 2456 2792 2525 VENANTII,

2270 2550 2682 2605 IMPORTUNO.

2271 2644 2383 2698 Hoc
2402 2642 2632 2697 consule
2656 2643 2897 2697 Mammo
2923 2642 3040 2697 dux
3062 2642 3376 2698 Gothorum
3400 2646 3629 2715 partem
3656 2645 3852 2701 Gallia:

2199 2736 2563 2807 depraedavit.

2274 2830 2536 2897 BOETIO,

2270 2924 2503 2978 FELICE
2536 2923 2619 2976 ET
2658 2921 3058 2990 SECUNDINO,

2268 3016 2533 3071 PAULLO
2563 3017 2647 3071 ET
2671 3016 3037 3081 MUSCIANO,

2269 3110 2699 3167 CLEMENTINO
2731 3110 2815 3164 ET
2844 3108 3090 3177 PROBO,

2270 3190 2647 3271 SENATORE,

2267 3295 2643 3352 FLORENTIO
2670 3295 2754 3349 ET
2779 3295 3149 3352 ANTHEMIO.

2265 3390 2359 3444 His
2388 3388 2712 3444 consulibus
2738 3389 3153 3446 monasterium
3181 3391 3417 3447 Acauno
3439 3406 3473 3444 a
3497 3406 3637 3464 rege
3671 3391 3852 3463 Sigis-

2194 3483 2409 3539 mundo
2434 3485 2828 3538 constructum
2867 3484 2971 3539 est.

2262 3576 2508 3632 PETRO.

2264 3671 2381 3725 Hoc
2419 3668 2648 3725 consule
2672 3685 2776 3725 rex
2800 3668 3298 3742 Gundobagaudus
3338 3671 3499 3744 obiit,
3533 3674 3593 3728 et
3619 3672 3854 3730 levatus

2198 3766 2282 3820 est
2299 3762 2448 3817 ﬁlius
2474 3762 2596 3833 ejus
2626 3762 3024 3834 Sigismundus
3052 3778 3173 3820 rex.

2260 3856 2632 3912 ANASTASIO
2659 3856 2745 3911 ET
2771 3857 3100 3925 AGAPETO,

2262 3950 2523 4019 MAGNO,

2257 4042 2525 4097 JUSTINO
2554 4043 2639 4097 ΕΤ
2676 4042 2984 4112 EUTECIO,

2258 4135 2572 4191 RUSTICIO
2601 4136 2686 4190 ET
2710 4136 3093 4207 VITALIANO,

2255 4229 2643 4284 JUSTINIANO
2675 4230 2760 4283 ET
2788 4230 3109 4300 VALERIO,

2260 4322 2625 4378 SYMMACHO
2657 4323 2741 4377 ET
2776 4323 3043 4383 BOETIO.

2257 4416 2352 4471 His
2376 4415 2701 4471 consulibus
2745 4416 3044 4487 Segericus
3067 4416 3216 4473 ﬁlius
3263 4419 3613 4492 Sigismundi
3650 4423 3828 4493 regis,

2175 4510 2341 4581 jussu
2366 4510 2542 4581 patris
2567 4509 2656 4564 sui
2683 4510 2895 4581 injuste
2924 4510 3137 4566 occisus
3162 4518 3266 4568 est.

2103 4613 2162 4685 D
2255 4606 2518 4666 Mamimo,
2546 4604 2842 4659 indictione
2872 4621 2910 4659 ι.

2255 4716 2364 4769 Hoc
2391 4715 2626 4770 consule
2672 4714 3068 4786 Sigismundus
3118 4732 3221 4771 rex
3271 4717 3749 4790 Burgundionum
3797 4738 3835 4776 a

2182 4806 2687 4878 Burgundionibus
2739 4808 2968 4863 Francis
3003 4808 3247 4864 traditus
3284 4815 3388 4878 est,
3418 4816 3476 4867 et
3508 4811 3569 4866 in
3596 4812 3842 4869 Francia

2180 4899 2242 4955 in
2262 4901 2467 4955 habitu
2496 4901 2817 4956 monachali
2845 4902 3147 4973 perductus
3174 4920 3192 4974 ς
3220 4902 3414 4976 ibique
3461 4921 3595 4960 cum
3642 4921 3833 4963 uxore

2181 4998 2238 5050 et
2259 4993 2388 5048 ﬁliis
2413 4994 2476 5048 in
2503 4999 2680 5066 puteo
2720 4999 2803 5050 est
2830 4995 3137 5068 projectus.

2250 5107 2464 5162 Iustino
2491 5122 2531 5160 ιι
2554 5111 2604 5161 et
2624 5107 2894 5177 Opilione,
2922 5107 3041 5162 ind.
3064 5123 3127 5164 II.

2252 5197 2345 5272 His
2374 5218 2701 5273 consulibus
2725 5219 3073 5276 Godemarus
3100 5220 3278 5279 frater
3303 5222 3678 5295 Sigismundi,
3721 5243 3828 5283 rex

2183 5310 2681 5384 Burgundionum,
2713 5312 3005 5370 ordinatus
3035 5319 3139 5371 est.

2250 5425 2327 5479 Eo
2357 5440 2508 5480 anno
2532 5428 2728 5481 contra
2753 5425 3188 5483 Chlodomerem
3223 5443 3424 5502 regem
3476 5431 3835 5490 Francorum

2176 5517 2499 5575 Viseroncia
2533 5519 2851 5593 przeliavit;
2882 5520 3074 5595 ibique
3093 5520 3428 5581 interfectus
3454 5530 3543 5582 est
3568 5526 3822 5584 Chlodo-

2177 5628 2363 5668 meres
2371 5654 2385 5668 .

2249 5729 2327 5783 Eo
2346 5745 2504 5788 anno
2529 5729 2857 5787 interfectus
2882 5733 2968 5787 est
2991 5731 3217 5788 Boetius
3252 5734 3529 5805 patricius
3559 5735 3624 5793 in
3654 5738 3829 5795 terri-

2178 5820 2321 5876 torio
2345 5820 2777 5879 Mediolanense.
3270 5826 3279 5831 ’

2249 5916 2649 5988 Probojuniore
2679 5920 2729 5976 et
2753 5918 3071 5986 Philoxeno,
3099 5919 3221 5977 ind.
3246 5936 3325 5979 ιιι.
