4016 6240
187 351 289 404 797

1674 350 2059 407 CHRUNICON
2066 390 2078 405 .

3459 360 3561 412 798

255 455 354 513 His
380 456 711 515 consulibus
749 458 968 518 occisus
1007 461 1095 516 est
1130 459 1513 532 Symmachus
1556 460 1826 533 patricius
1848 471 1906 546 Α
1999 461 2078 515 Eo
2098 474 2251 516 anno
2272 457 2511 517 Baduila
2530 476 2628 516 rex
2650 458 2970 517 Gothorum
2993 462 3179 518 Roma
3200 466 3368 535 capta
3389 463 3562 537 depo-

182 552 499 608 Ravennae.

255 648 501 716 Olybrio,
542 648 657 704 ind.
690 665 763 703 IV.

252 742 370 797 Hoc
411 742 645 797 consule
676 742 981 798 defunctus
1021 746 1108 799 est
1149 743 1537 800 Theudoricus
1572 761 1669 799 rex
1708 744 1818 800 Go-

176 836 421 892 thorum
446 836 506 891 in
544 836 683 892 urbe
725 837 1019 907 Ravenna,
1061 841 1120 894 et
1148 839 1364 895 levatus
1392 842 1477 895 est
1501 855 1599 893 rex
1625 839 1817 894 Atala-

172 928 335 985 ricus
364 947 566 1002 nepos.

252 1027 513 1088 Materia,
542 1026 658 1080 ind.
691 1041 746 1081 v.

248 1120 562 1173 Iustiniano
587 1136 647 1188 ιι,
675 1119 793 1175 ind.
826 1135 901 1176 γι.

250 1214 408 1267 Decio
423 1213 668 1281 juniore,
689 1214 809 1269 ind.
836 1230 933 1270 vn.

247 1307 550 1377 Lampadio
573 1312 625 1362 et
644 1308 845 1370 Oreste,
874 1307 992 1362 ind.
1027 1323 1146 1363 vm.

247 1402 383 1455 Item
409 1403 475 1455 P.
506 1403 563 1458 C.
595 1402 885 1471 Lampadii
911 1406 961 1457 et
985 1402 1206 1468 Orestis,
1228 1402 1348 1456 ind.
1378 1417 1451 1457 1x.

246 1496 384 1549 Item
412 1497 474 1549 P.
511 1497 569 1552 C.
591 1496 883 1565 Lampadii
901 1500 952 1550 et
978 1496 1201 1557 Orestis,
1234 1495 1354 1551 ind.
1387 1512 1442 1550 x.

247 1588 347 1644 His
383 1588 713 1645 consulibus
746 1588 1018 1660 Hypatius
1049 1589 1340 1660 patricius,
1381 1588 1663 1645 seditione
1703 1606 1808 1660 po-

167 1682 298 1754 puli
325 1681 646 1753 imperator
683 1683 921 1751 levatus,
950 1687 1006 1737 et
1038 1682 1201 1753 jussu
1239 1682 1543 1738 Iustiniani
1570 1683 1810 1754 Augusti

166 1775 515 1831 interfectus
534 1780 641 1843 est,
660 1778 719 1830 et
739 1792 871 1830 cum
887 1792 956 1831 eo
975 1776 1306 1847 Pompeius,
1331 1780 1389 1830 et
1408 1794 1558 1847 pene
1570 1776 1810 1849 triginta

167 1868 361 1924 millia
389 1868 697 1924 hominum
719 1869 779 1923 in
804 1869 955 1925 circo
987 1869 1183 1940 gladio
1216 1869 1404 1925 necati
1431 1873 1582 1925 sunt.

240 1965 558 2019 Iustiniano
582 1963 830 2032 Augusto
860 1980 918 2031 ιι,
946 1964 1065 2019 ind.
1095 1979 1169 2020 x1.

240 2058 498 2113 Paullino
511 2057 748 2127 juniore,
770 2058 892 2113 ind.
924 2073 1021 2113 xu.

242 2153 364 2207 Hoc
384 2153 617 2207 consule
640 2168 807 2221 reges
832 2153 1183 2207 Francorum
1205 2150 1621 2219 Childebertus,
1639 2152 1806 2207 Chlo-

162 2246 353 2301 tarius
385 2249 442 2299 et
457 2245 892 2301 Theudebertus
914 2245 1308 2315 Burgundiam
1330 2244 1731 2314 obtinuerunt;
1754 2248 1813 2300 et

160 2341 373 2411 fugato
400 2339 732 2394 Gedomaro
760 2355 929 2409 rege,
966 2355 1217 2409 regnum
1255 2338 1432 2410 ipsius
1474 2339 1805 2394 diviserunt.

236 2436 321 2489 Eo
349 2449 503 2489 anno
525 2433 719 2488 Africa
747 2435 1010 2489 Romano
1050 2433 1298 2504 imperio
1327 2436 1459 2504 post
1488 2433 1811 2504 nonaginta

160 2532 227 2583 et
256 2528 401 2582 duos
426 2544 612 2582 annos
635 2544 742 2598 per
769 2526 1119 2581 Belesarium
1146 2526 1454 2597 patricium
1482 2527 1805 2595 reducitur;

161 2626 228 2676 et
267 2622 517 2678 Gelimer
558 2638 655 2675 rex
686 2620 1078 2675 Vandalorum
1107 2621 1362 2691 captivus
1398 2621 1805 2676 Constantino-

162 2716 290 2788 poli
321 2715 642 2782 exhibetur,
667 2718 726 2769 et
750 2714 1075 2770 Iustiniano
1101 2716 1357 2785 Augusto
1382 2731 1514 2769 cum
1541 2715 1808 2770 uxoribus

160 2812 229 2865 et
258 2809 544 2864 thesauris
591 2826 625 2863 a
664 2825 835 2880 supra
875 2808 1087 2879 scripto
1130 2808 1371 2879 patricio
1402 2812 1802 2880 prmsentatur.

238 2904 533 2965 Belesario,
560 2903 678 2958 ind.
707 2919 822 2958 x111.

241 2999 357 3052 Hoc
379 2996 634 3063 consule,
666 3014 733 3051 eo
762 3013 917 3051 anno
950 3013 1062 3067 quo
1094 2997 1459 3051 consulatum
1490 2996 1683 3064 dedit,
1717 2996 1802 3053 Si-

159 3091 364 3146 ciliam
392 3092 704 3163 ingressus,
733 3107 865 3145 eam
895 3089 1141 3161 imperio
1168 3091 1434 3146 Romano
1460 3090 1730 3146 restituit.

238 3189 303 3241 P.
335 3188 393 3243 0.
420 3186 700 3247 Belesarii,
728 3185 844 3239 ind.
878 3200 989 3239 x1v.

236 3283 373 3336 Item
396 3281 460 3334 P.
492 3281 548 3336 ϐ.
582 3279 861 3341 Belesarii,
901 3278 1021 3333 ind.
1052 3293 1141 3332 xv.

235 3376 467 3436 Joanne,
496 3373 611 3427 ind.
640 3390 677 3427 1.

239 3469 358 3522 Hoc
384 3468 618 3521 consule
642 3466 996 3521 Mediolanus
1025 3482 1059 3521 a
1083 3464 1282 3521 Gothis
1306 3468 1363 3520 et
1379 3465 1802 3537 Burgundioni-

155 3563 272 3617 bus
328 3561 565 3616 eﬁ‘racta
604 3563 722 3628 est;
779 3560 973 3631 ibique
1024 3563 1323 3614 senatores
1374 3562 1433 3614 et
1475 3560 1805 3615 sacerdotes

160 3673 298 3711 cum
330 3655 567 3727 reliquis
594 3653 841 3726 populis,
872 3653 1049 3709 etiam
1073 3653 1133 3708 in
1160 3654 1282 3725 ipsa
1302 3657 1662 3709 sacrosancta
1680 3656 1805 3709 loca

158 3750 455 3804 interfecti
485 3753 646 3815 sunt;
674 3749 756 3803 ita
783 3750 846 3802 ut
883 3748 1166 3819 sanguine
1196 3764 1399 3802 eorum
1436 3747 1559 3819 ipsa
1598 3748 1805 3803 altaria

158 3845 471 3898 cruentata
496 3843 630 3897 sint.

233 3939 510 4008 Appione,
534 3938 653 3991 ind.
684 3953 746 3992 ιι.

233 4032 353 4086 Hoc
378 4030 612 4085 consule
642 4029 1077 4085 Theudebertus
1093 4044 1189 4083 rex
1212 4029 1560 4083 Francorum
1581 4028 1801 4084 Italiam

156 4126 479 4195 ingressus,
508 4123 804 4196 Liguriam
834 4122 1245 4193 Emiliamque
1272 4122 1617 4188 devastavit;
1648 4122 1797 4193 ejus-

156 4236 275 4291 que
300 4218 582 4273 exercitus
612 4217 720 4272 loci
744 4216 1082 4272 infirmitate
1109 4219 1378 4288 gravatus
1397 4216 1564 4272 valde
1584 4216 1797 4272 contri-

154 4313 392 4368 bulatus
419 4316 523 4366 est.

232 4408 472 4468 Iustino,
497 4406 614 4460 ind.
648 4421 728 4461 1n.
1744 4462 1777 4471 _

232 4500 349 4554 Hoc
381 4500 614 4553 consule
638 4497 796 4554 Persi
830 4497 1195 4552 Antiochiam
1238 4500 1635 4566 vastaverunt,
1671 4497 1796 4553 uni-

160 4614 508 4668 versamque
533 4597 781 4669 Syriam,
813 4596 1252 4667 depopulantes.

230 4694 313 4747 Eo
339 4707 496 4746 anno
525 4690 843 4746 Belesarius
865 4689 1139 4762 patricius
1166 4688 1427 4760 Wittegis
1454 4704 1657 4759 regem
1687 4688 1795 4742 Go-

160 4786 420 4851 thorum,
453 4785 523 4838 de
551 4786 824 4839 Ravenna
850 4784 1138 4855 captivum
1169 4782 1501 4849 abductum,
1526 4783 1801 4838 Constan-

160 4878 407 4950 tin0poli
439 4895 569 4933 cum
607 4895 782 4934 uxore
818 4881 878 4933 et
914 4876 1216 4945 thesauris,
1240 4877 1462 4932 Justino
1487 4876 1512 4906 ⁸
1541 4877 1797 4947 Augusto

160 4971 554 5044 praesentavit.

230 5066 456 5127 Basilio,
484 5065 601 5119 ind.
632 5081 704 5127 ιν,

231 5161 296 5214 Ρ.
327 5161 385 5217 C.
411 5159 611 5215 Basilii
631 5173 776 5213 anno
806 5174 844 5225 ι,
872 5159 990 5213 ind.
1027 5174 1078 5211 v.

228 5255 296 5309 P.
325 5254 384 5311 ϐ.
411 5252 610 5309 Basilii
637 5267 780 5307 anno
818 5268 879 5321 ιι,
905 5251 1026 5307 ind.
1060 5267 1133 5306 v1.

214 5347 292 5415 \P:
324 5347 384 5404 C.
410 5346 611 5402 Basilii
633 5361 775 5400 anno
803 5361 889 5414 ιιι,
916 5345 1037 5400 ind.
1065 5361 1160 5400 v11.

226 5442 292 5496 P.
321 5439 379 5495 C.
408 5440 602 5496 Basilii
625 5455 770 5494 anno
796 5455 875 5507 Iv,
901 5439 1020 5493 ind.
1050 5454 1171 5494 vm.

226 5536 290 5590 P.
324 5535 384 5592 C.
412 5534 610 5589 Basilii
631 5548 772 5588 anno
795 5549 851 5602 v,
880 5533 1000 5587 ind.
1030 5548 1105 5587 1x.

226 5630 290 5682 P.
320 5627 380 5682 C.
406 5627 602 5682 Basilii
623 5641 767 5681 anno
792 5642 870 5695 vi,
897 5626 1016 5681 ind.
1046 5641 1100 5681 ιι.

226 5720 342 5775 Hoc
365 5735 521 5774 anno
547 5718 787 5791 Vigilius
812 5736 963 5791 papa
986 5721 1282 5774 Romanus
1297 5714 1799 5786 Constantinopoli

158 5813 510 5884 properavit.

1925 554 2159 626 pulavit,
2184 554 2538 625 dejectisque
2556 555 2738 610 muris
2762 561 2985 627 partem
3015 555 3257 612 civitatis
3279 558 3556 614 incendit.

1994 650 2072 704 Eo
2100 665 2254 704 anno
2276 649 2586 721 resumptis
2610 649 2824 704 viribus
2840 650 3160 706 Belesarius
3176 651 3288 708 dux
3309 652 3557 708 Romam

1921 742 1995 797 ad
2026 743 2352 798 Romanum
2380 742 2707 798 dominium
2734 744 3040 799 revocavit.

1939 866 1949 882 -
1991 838 2054 893 Ρ.
2085 838 2143 895 C.
2174 838 2367 893 Basilii
2389 853 2529 892 anno
2557 854 2654 905 v11,
2681 838 2800 892 ind.
2827 855 2900 893 x1.

1991 931 2071 984 Eo
2120 946 2274 985 anno
2307 931 2741 986 Theudebertus
2778 948 2877 986 rex
2916 948 3165 1004 magnus
3206 934 3556 991 Francorum

1921 1023 2089 1091 obiit;
2141 1028 2201 1077 et
2252 1024 2402 1078 sedit
2454 1024 2512 1078 in
2556 1041 2739 1097 regno
2785 1026 2909 1097 ejus
2936 1026 3376 1083 Theudebaldus
3406 1028 3555 1084 ﬁlius

1916 1116 2116 1189 ipsius.

1986 1211 2067 1266 Eo
2100 1228 2253 1266 anno
2286 1212 2696 1268 Lanthacarius
2743 1214 2857 1269 dux
2899 1215 3250 1271 Francorum
3295 1214 3354 1270 in
3399 1216 3551 1272 bello

1915 1304 2180 1361 Romano
2208 1306 2554 1361 transfossus
2582 1307 2743 1362 obiit.

1983 1402 2044 1454 P.
2084 1402 2139 1457 C.
2168 1402 2367 1456 Basilii
2385 1416 2527 1455 anno
2552 1417 2669 1469 vni,
2698 1403 2816 1456 ind.
2846 1419 2943 1458 xu.

1984 1494 2045 1547 P.
2076 1493 2135 1549 C.
2163 1495 2361 1549 Basilii
2383 1510 2526 1548 anno
2560 1511 2634 1561 ιιι,
2663 1496 2780 1551 ind.
2809 1512 2929 1552 xui.

1979 1588 2041 1642 P.
2074 1589 2131 1645 C.
2159 1589 2353 1644 Basilii
2377 1604 2522 1643 anno
2549 1605 2604 1657 x,
2636 1590 2755 1643 ind.
2785 1606 2898 1644 xiv.

1981 1682 2044 1736 P.
2072 1680 2132 1736 ϐ.
2158 1682 2357 1737 Basilii
2380 1697 2521 1736 anno
2546 1699 2624 1750 x1,
2657 1684 2775 1737 ind.
2807 1699 2899 1739 xv.

1979 1776 2043 1829 P.
2075 1777 2132 1833 Ο.
2160 1776 2359 1831 Basilii
2375 1792 2515 1830 anno
2546 1792 2643 1845 xn,
2678 1777 2793 1831 ind.
2820 1793 2877 1832 ιι.

1828 1847 1905 1920 Β·
1983 1870 2098 1923 Hoc
2129 1885 2283 1923 anno
2314 1870 2550 1925 Baduila
2578 1887 2675 1924 rex
2711 1871 3029 1927 Gothorum
3057 1872 3129 1926 ab
3156 1870 3407 1926 exercitu
3436 1870 3547 1927 rei-

1912 1961 2156 2033 publicae
2182 1979 2287 2033 per
2314 1964 2613 2018 Narsetem
2633 1965 3090 2020 chartulharium
3113 1965 3443 2020 eunuchum
3468 1963 3551 2018 in-

1912 2055 2217 2122 terﬁcitur;
2242 2059 2302 2109 et
2328 2057 2463 2127 Teja
2489 2057 2710 2128 accepit
2738 2074 2983 2129 regnum
3011 2058 3155 2129 ejus.

1982 2152 2044 2204 P.
2086 2149 2144 2204 C.
2173 2151 2371 2205 Basilii
2393 2167 2536 2205 anno
2561 2167 2677 2220 xm,
2706 2152 2824 2205 ind.
2847 2168 2905 2206 ιι.

1983 2243 2098 2297 Hoc
2141 2260 2296 2298 anno
2346 2244 2481 2313 Teja
2530 2261 2629 2298 rex
2674 2244 2991 2301 Gothorum
3038 2261 3072 2300 a
3120 2261 3293 2316 supra
3334 2244 3546 2317 scripto

1909 2338 2082 2392 Narse
2112 2336 2474 2392 interﬁcitur.

1979 2433 2041 2485 P.
2074 2433 2130 2488 C.
2159 2431 2355 2486 Basilii
2378 2446 2519 2485 anno
2545 2447 2657 2498 x1v,
2684 2432 2802 2487 ind.
2826 2448 2907 2487 ιιι.

1980 2525 2095 2578 Hoc
2131 2541 2286 2579 anno
2316 2524 2761 2580 Theudobaldus
2790 2543 2887 2580 rex
2913 2526 3264 2582 Francorum
3293 2526 3455 2595 obiit,
3488 2530 3548 2581 et

1910 2617 2157 2673 obtinuit
2182 2634 2431 2688 regnum
2469 2618 2592 2690 ejus
2621 2618 3086 2690 Chlothacarius,‘
3103 2624 3341 2693 patruus
3368 2621 3546 2692 patris

1908 2729 2051 2783 ejus.

1978 2807 2057 2861 Eo
2088 2823 2243 2861 anno
2265 2806 2589 2862 Chramnus
2612 2806 2758 2862 filius
2779 2808 3167 2864 Chlothacarii
3195 2808 3368 2881 regis,
3395 2808 3545 2865 solli-

1888 2899 2119 2954 'citante
2143 2900 2509 2955 Childeberto
2538 2904 2743 2972 patruo
2771 2918 2895 2971 suo,
2929 2902 3004 2957 ad
3034 2902 3221 2973 ipsum
3254 2902 3539 2958 latebram

1907 2993 2083 3048 dedit.

1975 3088 2053 3142 Eo
2086 3103 2241 3141 anno
2277 3087 2595 3143 Saxonibus
2628 3088 3042 3144 rebellantibus
3062 3132 3075 3157 ,
3111 3090 3544 3147 Chlothacarius

1906 3198 2006 3234 rex
2032 3197 2163 3235 cum
2194 3181 2351 3253 gravi
2381 3182 2632 3237 exercitu
2662 3186 2866 3237 contra
2906 3184 3060 3255 ipsos
3088 3184 3415 3252 dimicavit;
3445 3186 3542 3241 ubi

1909 3274 2219 3329 multitudo
2283 3276 2628 3330 Francorum
2689 3282 2747 3332 et
2810 3277 3099 3333 Saxonum
3178 3278 3538 3349 ceciderunt;

1906 3367 2266 3423 Chlotharius
2298 3372 2497 3423 tamen
2528 3388 2624 3425 rex
2652 3370 2833 3425 victor
2861 3371 3152 3426 abscessit.
3199 3431 3208 3441 ,

1977 3463 2057 3516 Eo
2086 3464 2349 3533 tempore
2376 3464 2722 3518 Buccelenus
2761 3465 2873 3518 dux
2920 3466 3267 3520 Francorum
3303 3467 3359 3521 in
3389 3468 3540 3521 bello

1907 3556 2170 3611 Romano
2203 3572 2335 3610 cum
2364 3557 2521 3611 omni
2550 3558 2801 3613 exercitu
2825 3574 2928 3614 suo
2953 3558 3193 3614 interiit.

1976 3652 2037 3703 P.
2081 3649 2140 3703 Ο.
2168 3651 2364 3705 Basilii
2379 3667 2519 3706 anno
2548 3667 2637 3720 xv,
2669 3653 2786 3707 ind.
2818 3669 2893 3706 iv.

1976 3749 2054 3803 E0
2087 3764 2241 3802 anno
2276 3747 2488 3802 iterum
2514 3749 2927 3805 rebellantibus
2959 3750 3276 3806 Saxonibus
3305 3752 3534 3806 Chlota-

1903 3841 2022 3896 rius
2046 3858 2143 3896 rex
2169 3857 2429 3913 pugnam
2461 3842 2655 3911 dedit;
2698 3843 2894 3916 ibique
2923 3845 3177 3901 maxima
3199 3862 3333 3917 pars
3363 3846 3533 3902 Saxo-

1905 3953 2045 3990 num
2076 3935 2300 3990 cecidit.

1975 4031 2051 4083 Eo
2081 4046 2235 4084 anno
2268 4030 2471 4084 Franci
2497 4033 2675 4086 totam
2702 4032 3106 4105 Thoringiam,
3147 4051 3252 4106 pro
3280 4051 3350 4089 eo
3381 4036 3537 4107 quod

1903 4140 2034 4178 cum
2056 4124 2374 4179 Saxonibus
2405 4125 2824 4196 conjuraverat,
2840 4131 3237 4184 vastaverunt.

1971 4217 2112 4289 Ipsis
2141 4217 2343 4273 diebus
2365 4219 2689 4276 Chramnus
2706 4222 2946 4277 collecto
2965 4223 3217 4278 exercitu
3236 4224 3537 4296 regionem

1901 4311 2080 4383 patris
2104 4312 2190 4367 sui
2213 4312 2492 4368 devastat.
3326 4376 3331 4381 ,

1972 4407 2052 4460 Eo
2072 4423 2225 4461 anno
2242 4407 2521 4461 exercitus
2536 4409 2887 4464 Francorum
2910 4411 3236 4482 reipublicae
3258 4412 3535 4467 Romanae

1902 4499 2216 4553 exercitum
2240 4500 2498 4566 vastavit,
2519 4505 2693 4572 atque
2715 4502 3033 4573 effugatum
3058 4504 3389 4571 devastavit,
3404 4521 3535 4559 curn

1816 4591 1875 4663 D
1900 4591 2008 4646 illis
2039 4596 2096 4646 et
2122 4591 2334 4646 divitiis
2363 4592 2561 4647 multis
2587 4594 2864 4649 abductis.

1972 4687 2050 4739 Eo
2084 4701 2237 4739 anno
2285 4685 2563 4740 exercitus
2602 4687 2934 4758 reipublicm
2980 4691 3285 4762 resumptis
3321 4692 3534 4747 viribus

1900 4782 2124 4850 partem
2154 4778 2349 4847 Italiae,
2372 4795 2546 4850 quam
2567 4781 3000 4838 Theudebertus
3026 4801 3123 4840 rex
3158 4785 3531 4859 adquisierat,

1900 4871 2216 4945 occupavit.

1970 4969 2032 5022 P.
2063 4966 2122 5021 C.
2152 4965 2347 5022 Basilii
2370 4981 2511 5020 anno
2540 4982 2655 5035 xvx,
2684 4970 2802 5026 ind.
2832 4988 2889 5027 v.

1970 5062 2031 5115 P.
2063 5059 2122 5115 Ο.
2149 5060 2346 5115 Basilii
2370 5074 2512 5114 anno
2539 5077 2671 5131 ιιι-ιι,
2701 5065 2816 5118 ind.
2848 5082 2925 5120 vi.

1971 5154 2088 5208 Hoc
2126 5169 2280 5207 anno
2321 5151 2719 5210 Childebertus
2756 5174 2855 5212 rex
2894 5160 3244 5217 Francorum
3282 5165 3531 5232 transiit,

1900 5249 1959 5301 et
1988 5245 2239 5301 obtinuit
2262 5262 2512 5317 regnum
2536 5247 2658 5319 ejus
2686 5249 3009 5307 Chlotarius
3034 5269 3151 5323 rex,
3182 5256 3362 5311 frater
3386 5257 3529 5328 ejus.

1969 5341 2032 5395 P.
2067 5342 2125 5398 Ο.
2151 5340 2350 5396 Basilii
2372 5355 2514 5395 anno
2546 5356 2699 5410 xvm,
2726 5344 2844 5399 ind.
2872 5360 2971 5400 vn.

1972 5436 2032 5490 P.
2061 5433 2119 5490 Ο.
2149 5434 2349 5490 Basilii
2375 5449 2516 5490 anno
2545 5450 2658 5504 xxx,
2683 5437 2801 5492 ind.
2831 5453 2948 5494 VIII.

1972 5528 2088 5584 Hoc
2108 5543 2283 5596 anno,
2307 5527 2623 5585 serenitate
2639 5530 2784 5600 cceli,
2812 5531 2967 5588 inter
2990 5534 3183 5591 stellas
3202 5537 3536 5609 splendidas

1903 5620 2207 5677 obscurata
2237 5625 2323 5676 est
2351 5622 2487 5677 luna
2513 5639 2626 5692 XVI,
2658 5628 2720 5680 ut
2746 5626 2835 5681 vix
2864 5627 3117 5700 conspici
3141 5635 3354 5702 posset.
3486 5640 3489 5641 ⁷

1972 5715 2052 5769 Eo
2070 5730 2225 5769 anno
2247 5713 2571 5772 Chramnus
2590 5724 2720 5789 post
2738 5726 3102 5780 sacramenta
3118 5740 3247 5796 quia
3265 5725 3415 5797 patri
3436 5725 3534 5779 de-

1902 5806 2084 5874 derat,
2108 5807 2183 5862 ad
2205 5806 2510 5865 Britannos
2523 5811 2691 5883 petiit
2710 5830 2722 5868 :
2744 5817 2804 5871 et
2820 5817 3066 5874 moliens
3084 5834 3333 5891 regnum
3354 5816 3533 5890 patris

229 5928 255 5958 ³
282 5928 376 5986 Sic
400 5929 536 5987 edit.
556 5930 858 5989 mendose.
875 5926 1491 5988 Rescribe‘Justiniano.
1513 5926 1701 5997 Atque
1722 5922 1803 5981 ita
1831 5922 1975 5999 legit
1999 5921 2208 5996 Pagius
2237 5923 2312 5981 ad
2343 5941 2563 5983 annum
2591 5929 2713 6002 540,
2746 5929 2778 6004 §
2809 5935 2892 5988 ll.
