4016 6240
396 410 399 413 -
485 372 587 425 799

1627 366 1835 431 MARII,
1876 365 2355 421 AVENTICENSIS
2394 364 2710 431 EPISCOPI,

3772 362 3912 418 800

483 474 779 543 invadere,
825 474 1093 531 adversus
1137 473 1324 548 ipsum
1372 490 1505 528 cum
1547 473 1836 528 Britannis
1886 489 2119 528 movere
2142 473 2530 569 Amultitudo
2566 472 2922 543 captivorum
2959 472 3148 543 gentis
3186 468 3362 544 ipsius
3389 469 3728 527 venundata
3764 474 3905 525 est.

488 587 657 625 ausus
685 575 788 637 est,
831 572 1123 641 multaque
1165 570 1290 623 loca
1333 568 1587 639 graviter
1617 567 1988 639 depraedavit.
2033 568 2120 622 Ad

487 664 647 735 cujus
692 665 976 720 insaniam
1017 662 1447 734 reprimendam
1496 665 1661 733 pater
1698 678 1828 715 cum
1873 661 2122 715 exercitu

488 759 849 831 properavit;
922 762 979 813 ct
1040 757 1343 811 interfecto
1405 756 1617 810 comite
1681 754 2119 821 Britannorum,

489 852 845 910 Chramnum
884 852 1073 905 vivum
1112 851 1290 922 cepit,
1326 850 1743 920 incensumque
1781 865 1912 903 cum
1946 865 2120 904 uxore

490 950 549 1000 et
575 947 723 1012 ﬁliis,
756 946 929 999 totius
961 944 1216 1016 regionis
1240 944 1441 998 incidit
1465 942 1768 998 excidium.

558 1043 621 1094 P.
656 1043 711 1098 Ο.
740 1041 934 1095 Basilii
960 1055 1102 1093 anno
1124 1055 1220 1107 xx,
1247 1039 1367 1092 ind.
1400 1055 1474 1092 ιιι.

559 1134 675 1188 Hoc
704 1149 856 1187 anno
887 1132 1318 1187 Chlothacarius
1340 1148 1435 1186 rex
1456 1134 1717 1186 mortuus
1743 1133 1853 1199 est;
1888 1134 1948 1184 et
1977 1129 2117 1184 divi-

488 1230 687 1280 serunt
716 1243 962 1297 regnum
993 1226 1116 1296 ejus
1146 1225 1245 1278 ﬁlii
1270 1224 1476 1295 ipsius,
1506 1224 1565 1278 id
1596 1228 1698 1291 est,
1727 1223 2116 1289 Charibertus,

491 1321 967 1386 Guntecramnus,
997 1319 1311 1389 Hilpericus
1341 1321 1399 1372 et
1425 1317 1764 1388 Sigibertus.

559 1417 619 1470 P.
653 1417 709 1472 C.
741 1415 935 1469 Basilii
963 1429 1105 1467 anno
1134 1429 1244 1479 xxr,
1276 1412 1392 1465 ind.
1419 1429 1472 1465 x.

558 1511 620 1563 P.
651 1511 707 1566 ο.
735 1509 930 1562 Basilii
952 1523 1093 1561 anno
1123 1524 1256 1573 χχιι,
1286 1506 1402 1559 ind.
1432 1521 1511 1560 ιιι.

559 1603 674 1656 Hoc
705 1618 859 1655 anno
890 1617 1059 1654 mons
1085 1600 1304 1653 validus
1330 1597 1794 1665 Tauretunensis,
1819 1596 1877 1652 in
1896 1598 2123 1651 territo-

487 1695 571 1750 rio
600 1695 867 1762 Vallensi,
906 1695 985 1748 ita
1017 1693 1203 1747 subito
1237 1693 1352 1746 ruit
1373 1735 1386 1759 ,
1416 1697 1479 1745 ut
1507 1696 1758 1746 castrum
1789 1691 1877 1744 cui
1905 1690 2121 1744 vicinus

485 1793 628 1855 erat,
664 1792 720 1842 et
744 1788 896 1842 vicos
924 1805 1053 1841 cum
1075 1786 1344 1841 omnibus
1371 1784 1588 1839 ibidem
1610 1784 2004 1839 habitantibus
2026 1801 2121 1855 0p-

2294 568 2449 623 Anno
2477 584 2531 621 Iv
2556 583 2695 622 cons.
2726 569 2933 622 Justini
2946 566 3075 635 jun.
3105 567 3275 636 Aug.,
3302 567 3420 621 ind.
3453 583 3535 622 ιιι.

2295 662 2410 715 Hoc
2441 677 2594 715 anno
2626 660 2861 714 morbus
2887 660 3108 715 validus
3133 703 3145 726 ,
3176 677 3306 714 cum
3332 660 3620 731 proﬂuvio
3652 658 3909 714 ventris

2225 759 2281 809 et
2312 755 2548 820 variola,
2581 755 2805 809 Italiam
2827 754 3184 825 Galliamque
3213 754 3378 808 valde
3408 754 3634 821 afflixit,
3662 757 3721 808 et
3740 754 3901 808 ani-

2224 840 2401 903 malia
2426 849 2640 903 bubula
2673 865 2777 919 per
2810 849 2931 902 loca
2977 864 3149 919 supra
3185 848 3396 920 scripta
3424 847 3682 903 maxime
3716 847 3904 902 inte-

2223 942 2461 997 rierunt.

2294 1038 2372 1091 Eo
2406 1052 2557 1091 anno
2587 1040 2848 1091 mortuus
2879 1040 2963 1091 est
2986 1037 3179 1091 Celsus
3210 1037 3498 1108 patricius.

2292 1132 2449 1186 Anno
2474 1146 2508 1183 v
2538 1146 2680 1185 cons.
2712 1131 3048 1200 Justinijun.
3077 1132 3246 1200 Aug.,
3273 1131 3390 1186 ind.
3420 1147 3496 1186 1v.

2294 1225 2407 1277 Hoc
2436 1240 2589 1278 anno
2613 1223 2853 1278 infanda
2874 1224 3180 1279 inﬁrmitas
3198 1227 3371 1295 atque
3390 1225 3442 1294 gl
3452 1224 3694 1290 andula,
3708 1223 3904 1294 cujus

2224 1333 2435 1371 nomen
2463 1320 2548 1371 est
2574 1318 2823 1387 pustula,
2856 1318 2917 1371 in
2947 1334 3119 1388 supra
3154 1318 3319 1372 dictis
3344 1317 3684 1388 regionibus
3704 1316 3905 1371 innu-

2167 1398 2173 1404 ’
2223 1411 2563 1466 merabilem
2590 1412 2869 1482 populum
2896 1411 3227 1466 devastavit.
3299 1444 3302 1447 λ

2291 1507 2451 1561 Anno
2480 1522 2535 1558 γι
2566 1521 2709 1559 cons.
2737 1507 2943 1559 Justini
2958 1505 3083 1574 jun.
3115 1506 3284 1575 Aug.,
3313 1506 3431 1559 ind.
3460 1521 3514 1559 v.

2293 1601 2408 1653 Hoc
2435 1614 2589 1652 anno
2619 1598 2913 1652 Albuenns
2934 1616 3029 1652 rex
3051 1598 3567 1669 Langobardorum
3586 1614 3622 1652 a
3642 1598 3782 1664 suis,
3820 1597 3898 1652 id

2223 1696 2327 1759 est,
2364 1692 2639 1763 Hilmegis
2669 1709 2799 1746 cum
2830 1692 3085 1764 reliquis,
3110 1692 3508 1747 consentiente
3530 1708 3710 1747 uxore
3742 1708 3892 1757 sua,

2223 1786 2560 1840 interfectus
2579 1789 2692 1852 est;
2718 1790 2773 1840 et
2796 1803 2969 1857 supra
2988 1786 3229 1857 scriptus
3250 1786 3548 1856 Hilmegis,
3571 1802 3708 1840 cum
3732 1788 3892 1839 ante

486 1882 817 1954 pressisset;
854 1885 912 1935 et
949 1882 1139 1935 lacum
1170 1881 1227 1934 in
1272 1878 1635 1950 longitudine
1665 1895 1735 1934 Lx
1765 1878 2032 1943 millium,
2063 1875 2195 1946 etB
2221 1880 2373 1934 dicta
2401 1895 2573 1934 uxore
2597 1879 2771 1949 ipsius
2793 1896 2969 1951 quam
2993 1880 3101 1934 sibi
3128 1879 3187 1933 in
3209 1879 3650 1934 matrimonium
3680 1878 3888 1934 socia-

487 1976 788 2031 latitudine
814 1992 885 2028 xx
919 1975 1189 2040 millium,
1221 1973 1300 2026 ita
1327 1976 1512 2027 totum
1533 1973 1733 2039 movit,
1770 1975 1832 2025 ut
1857 1989 2120 2043 egressus

483 2073 725 2140 utraque
754 2069 877 2140 ripa
904 2069 1057 2122 vicos
1088 2066 1520 2138 antiquissimos
1542 2083 1676 2120 cum
1704 2066 2041 2120 horninibus
2063 2069 2121 2119 et

485 2163 787 2233 pecoribus
814 2164 1119 2227 vastasset;
1166 2161 1342 2214 etiam
1384 2161 1565 2214 multa
1603 2162 1964 2214 sacrosancta
1994 2160 2119 2213 loca

486 2274 617 2311 cum
646 2257 726 2310 eis
752 2257 1129 2310 servientibus
1150 2254 1499 2321 demolisset,
1522 2257 1577 2307 et
1599 2257 1836 2324 pontem
1862 2254 2115 2307 Genava-

487 2367 637 2417 cum,
662 2351 908 2404 molinas
931 2353 988 2403 et
1008 2348 1276 2402 homines
1295 2365 1400 2419 per
1418 2348 1533 2401 vim
1556 2347 1791 2416 dejecit;
1813 2351 1870 2401 et
1890 2348 2120 2403 Genava

487 2444 714 2497 civitate
742 2459 1007 2513 egressus
1035 2443 1228 2512 plures
1262 2441 1526 2494 homines
1558 2440 1862 2495 interfecit.

556 2540 617 2591 P.
652 2539 707 2593 C.
737 2537 932 2591 Basilii
953 2552 1095 2588 anno
1120 2551 1271 2601 χχιιι,
1300 2535 1418 2588 ind.
1448 2528 1553 2588 xu.

558 2632 621 2684 P.
654 2630 709 2685 C.
741 2631 935 2683 Basilii
959 2645 1101 2683 anno
1125 2645 1271 2695 xx1v,
1298 2630 1417 2681 ind.
1446 2644 1564 2682 xm.

560 2724 672 2778 Hoc
703 2739 855 2777 anno
884 2722 1155 2776 monachi
1182 2724 1558 2792 Agaunenses
1582 2720 1893 2775 iracundia:
1919 2721 2118 2792 spiritu

485 2816 727 2883 incitati,
756 2816 938 2869 noctis
959 2820 1221 2886 tempore
1244 2815 1577 2886 episcopum
1599 2812 1764 2868 suum
1788 2815 2116 2884 Agricolam

488 2927 616 2970 cum
640 2912 812 2977 clero,
847 2913 903 2963 et
933 2909 1081 2964 cives
1107 2909 1201 2980 qui
1231 2925 1362 2963 cum
1394 2908 1516 2979 ipso
1546 2911 1731 2976 erant,
1757 2908 2015 2963 occidere
2038 2908 2120 2963 ni-

484 3007 691 3066 tentes,
717 3004 955 3058 domum
979 3003 1230 3062 ecclesiae
1253 3002 1642 3073 effregerunt:
1667 3005 1725 3056 et
1745 3002 1885 3056 dum
1908 3002 2121 3073 episco-

488 3115 623 3167 pum
652 3115 819 3151 suum
859 3097 1045 3151 clerici
1078 3097 1163 3150 vel
1210 3096 1357 3150 cives
1399 3096 1701 3150 defensare
1744 3096 1933 3151 conati
1964 3099 2117 3162 sunt,

488 3191 738 3261 graviter
764 3192 835 3245 ab
860 3190 998 3260 ipsis
1024 3190 1325 3245 monachis
1354 3190 1638 3243 vulnerati
1663 3192 1814 3243 sunt.

2220 1975 2399 2041 verat,
2425 1975 2482 2026 et
2503 1972 2662 2027 omni
2680 1973 2974 2040 thesauro,
2990 1976 3107 2027 tam
3124 1973 3278 2044 quod
3292 1972 3361 2027 de
3382 1972 3691 2027 Pannonia
3714 1971 3892 2027 exhi-

2218 2066 2442 2134 buerat,
2493 2082 2669 2137 quam
2715 2056 2887 2137 quod-
2914 2066 2984 2120 de
3016 2068 3175 2121 Italia
3207 2069 3689 2137 congregaverat,
3734 2082 3887 2121 cum

2220 2164 2383 2231 parte
2411 2161 2708 2225 exercitus,
2738 2161 3023 2213 Ravennae
3050 2159 3385 2231 reipublicm
3408 2177 3467 2213 se
3496 2159 3762 2215 tradidit.

2290 2254 2454 2308 Anno
2481 2271 2553 2308 v11
2581 2270 2722 2308 cons.
2749 2254 3089 2322 Justinijun.
3121 2255 3288 2323 Aug.,
3316 2254 3434 2308 ind.
3468 2270 3543 2308 v1.

2290 2349 2407 2401 Hoc
2457 2364 2610 2401 anno
2666 2347 2777 2401 dux
2826 2347 3361 2418 Langobardorum,
3406 2346 3649 2401 nomine
3705 2348 3877 2413 Cleb,

2220 2441 2377 2512 genti
2408 2440 2584 2512 ipsius
2622 2458 2719 2494 rex
2748 2441 3047 2495 ordinatus
3075 2445 3177 2509 est,
3208 2445 3264 2495 et
3294 2442 3487 2512 plures
3516 2441 3782 2496 seniores
3810 2445 3881 2495 et

2220 2534 2541 2588 mediocres
2573 2534 2643 2588 ab
2677 2534 2799 2604 ipso
2828 2533 3116 2596 interfecti
3143 2537 3295 2588 sunt.

2291 2629 2368 2682 Eo
2409 2644 2561 2681 anno
2590 2628 2864 2681 Vaefarius
2892 2628 3002 2681 dux
3033 2629 3382 2681 Francorum
3412 2626 3583 2695 obiit,
3620 2631 3679 2682 et
3707 2627 3876 2683 ordi-

2222 2725 2389 2775 natus
2419 2725 2505 2775 est
2531 2720 2951 2776 Theodofridus
2976 2721 3032 2774 in
3066 2722 3255 2775 locum
3282 2721 3407 2791 ejus
3434 2720 3567 2775 dux.

2289 2816 2444 2870 Anno
2475 2832 2564 2869 vui
2592 2831 2731 2869 cons.
2758 2818 2962 2869 Justini
2974 2816 3097 2884 jun.
3122 2816 3290 2883 Aug.,
3320 2816 3438 2868 ind.
3465 2831 3564 2868 vn.

2291 2909 2405 2963 Hoc
2432 2925 2583 2963 anno
2611 2908 2814 2965 Clebus
2838 2925 2937 2963 rex
2962 2907 3478 2980 Langobardorum
3495 2924 3531 2963 a
3550 2924 3737 2979 puero
3759 2926 3876 2964 suo

2218 3001 2556 3056 interfectus
2583 3006 2686 3056 est.
2722 3032 2728 3037 ~
3323 3061 3329 3066 ,

2292 3097 2370 3150 Eo
2394 3112 2547 3150 anno
2570 3096 2782 3151 iterum
2795 3095 3161 3167 Langobardi
3183 3095 3241 3151 in
3256 3096 3411 3150 Valle
3433 3094 3684 3165 ingressi
3708 3100 3873 3163 sunt,

2221 3192 2277 3244 et
2300 3189 2495 3243 Clusas
2523 3189 2924 3257 obtinuerunt,
2961 3192 3018 3243 et
3054 3189 3114 3244 in
3139 3190 3492 3245 monasterio
3522 3193 3875 3246 sanctorum

559 3285 637 3338 Eo
669 3300 822 3338 anno
853 3284 1080 3336 transiit
1098 3283 1493 3353 Magnacarius
1519 3283 1631 3337 dux
1662 3284 2027 3337 Francorum.
2142 3241 2196 3315 Ο
2223 3283 2647 3338 Acauncnsium
2677 3283 2878 3338 diebus
2901 3283 3096 3338 multis
3121 3283 3554 3353 habitaverunt;
3580 3289 3639 3339 et
3659 3288 3878 3356 postea

560 3381 622 3433 P.
653 3378 711 3431 C.
738 3379 934 3433 Basilii
956 3393 1100 3432 anno
1130 3392 1254 3443 xxv,
1283 3378 1400 3431 ind.
1432 3392 1541 3432 xrv.

562 3472 675 3525 Hoc
700 3487 854 3525 anno
880 3470 1069 3541 sigum
1104 3470 1371 3541 apparuit
1398 3470 1458 3523 in
1481 3470 1622 3524 coelo
1648 3485 1752 3540 per
1773 3468 1895 3523 dies
1925 3487 2047 3524 Lxx.

2223 3377 2285 3430 in
2306 3376 2494 3431 Baccis
2514 3393 2771 3449 pugnam
2789 3380 2990 3432 contra
3007 3377 3319 3432 exercitum
3341 3378 3693 3433 Francorum
3710 3395 3878 3433 com-

2223 3470 2524 3538 miserunt,
2544 3470 2639 3525 ubi
2659 3488 2807 3542 pene
2824 3471 2899 3526 ad
2912 3471 3204 3541 integrum
3217 3471 3502 3525 interfecti
3520 3475 3674 3538 sunt,
3688 3473 3878 3543 pauci

559 3565 638 3619 Eo
682 3581 836 3618 anno
880 3567 1142 3617 mortuus
1182 3566 1269 3617 est
1308 3562 1662 3618 Justinianus
1707 3564 2016 3633 Augustus,
2065 3566 2125 3617 et
2204 3564 2360 3635 fuga
2405 3564 2649 3619 liberati.
2697 3564 2811 3620 Sed
2844 3568 2902 3619 et
2927 3564 3104 3620 Mauri
3132 3567 3189 3619 et
3218 3565 3345 3619 alias
3388 3568 3589 3635 gentes
3614 3607 3628 3633 ,
3658 3565 3759 3637 qui
3804 3566 3875 3621 in

490 3658 737 3728 suscepit
760 3658 1011 3712 Justinus
1042 3674 1223 3728 nepos
1251 3656 1428 3728 ipsius
1460 3656 1789 3727 imperium.

559 3753 637 3806 Eo
664 3767 818 3805 anno
850 3751 1037 3805 hiems
1066 3750 1458 3805 valentissima
1486 3749 1614 3817 fuit,
1650 3753 1713 3804 ut
1740 3752 1993 3821 quinque
2024 3755 2124 3807 aut

489 3862 557 3901 eo
586 3845 831 3916 amplius
857 3844 1152 3899 mensibus
1194 3847 1432 3916 propter
1470 3843 1616 3897 nivis
1656 3844 2120 3915 magnitudinem

488 3941 643 3992 terra
685 3938 868 3992 videri
910 3955 1027 3993 non
1072 3941 1308 4008 posset:
1346 3938 1583 4009 ipsaque
1620 3938 1897 4008 asperitas
1939 3940 2121 3993 multa

491 4030 768 4085 animalia
798 4030 1042 4085 necavit.

562 4124 640 4177 Eo
662 4139 816 4178 anno
845 4123 1163 4178 Sindewala
1184 4125 1384 4179 Erolus
1407 4124 1771 4195 tyrannidem
1793 4125 2118 4197 assumpsit,

490 4220 546 4270 et
569 4233 601 4270 a
634 4218 845 4271 Narseo
871 4216 1113 4287 patricio
1142 4217 1480 4272 interfectus
1510 4221 1614 4271 est.

560 4312 721 4367 Anno
735 4313 913 4380 primo
929 4311 1239 4365 consulatus
1253 4311 1701 4380 Justinijunioris
1709 4314 1880 4382 Aug.,
1893 4314 2009 4368 ind.
2025 4331 2116 4370 xv.

558 4405 604 4458 A
635 4404 916 4476 principio
942 4404 1147 4460 mundi
1179 4421 1360 4476 usque
1382 4404 1457 4459 ad
1477 4387 1629 4460 hunc
1658 4407 1953 4462 consulem
1974 4408 2121 4462 ﬁunt

489 4498 628 4554 anni
658 4515 1028 4556 vnnccnxvm.

557 4596 713 4649 Anno
740 4611 779 4650 ιι
807 4609 951 4650 cons.
974 4595 1181 4649 Justini
1194 4594 1319 4663 jun.
1348 4593 1523 4663 Aug.,
1553 4593 1669 4649 ind.
1698 4611 1736 4649 ι.

557 4687 673 4743 Hoc
699 4704 851 4743 anno
892 4690 1099 4743 Narses
1147 4705 1213 4741 ex
1257 4686 1563 4759 prmposito
1592 4691 1649 4743 et
1687 4686 1949 4759 patricio,
1989 4691 2121 4759 post

483 4782 677 4835 tantos
692 4785 1009 4851 prostratos
1026 4785 1323 4853 tyrannos,
1342 4781 1401 4836 id
1424 4784 1510 4836 est
1530 4781 1827 4837 Baduilam
1846 4785 1903 4837 et
1921 4782 2118 4853 Tejam

484 4888 653 4943 reges
679 4874 1019 4943 Gothorum,
1044 4879 1102 4929 et
1119 4876 1500 4930 Buccelenum
1519 4875 1726 4929 ducem
1746 4876 2117 4945 Francorum,

487 4982 593 5020 nec
620 4982 738 5021 non
775 4970 833 5021 et
874 4967 1257 5023 Sindewalem
1300 4970 1570 5036 Erolum;
1611 4968 1998 5024 Mediolanum
2031 4970 2119 5024 vel

482 5059 735 5131 reliquas
768 5059 1025 5115 civitates
1053 5078 1195 5133 quas
1221 5062 1389 5117 Gothi
1416 5062 1838 5131 destruxerant,
1866 5062 2121 5131 laudabi-

478 5159 614 5214 liter
656 5161 973 5230 reparatas,
1022 5159 1092 5214 de
1125 5159 1249 5230 ipsa
1282 5160 1442 5215 ltalia
1480 5178 1513 5215 a
1561 5177 1736 5232 supra
1761 5162 1972 5234 scripto
2003 5163 2115 5216 Au-

484 5255 651 5325 gusto
683 5256 942 5309 remotus
967 5256 1072 5308 est.

552 5348 710 5402 Anno
740 5363 799 5403 ιιι
831 5362 975 5402 cons.
1005 5348 1208 5403 Justini
1223 5348 1351 5416 jun.
1381 5347 1552 5417 Aug.,
1587 5348 1704 5403 ind.
1733 5365 1794 5404 ιι.

551 5440 666 5494 Hoc
679 5457 833 5496 anno
850 5442 1143 5496 Alboenus
1154 5457 1253 5495 rex
1269 5441 1791 5512 Langobardorum
1808 5458 1939 5498 cum
1958 5442 2119 5497 omni

481 5533 732 5588 exercitu
740 5535 1075 5606 relinquens
1088 5537 1260 5606 atque
1275 5534 1549 5589 incedens
1560 5537 1919 5591 Pannoniam
1929 5577 1942 5603 ,
1956 5552 2120 5590 suam

480 5625 751 5696 patriam,
785 5645 915 5682 cum
954 5628 1323 5695 mulieribus,
1354 5629 1443 5682 vel
1474 5629 1633 5683 omni
1663 5630 1876 5700 populo
1903 5645 2026 5695 suo,
2055 5632 2120 5683 ut

482 5718 605 5772 fera
624 5718 848 5773 Italiam
872 5721 1205 5791 occupavit:
1234 5720 1429 5792 ibique
1451 5722 1547 5776 alii
1566 5721 1788 5789 morbo,
1814 5721 1911 5777 alii
1939 5722 2114 5790 fame,

485 5810 747 5863 nonnulli
778 5811 968 5880 gladio
998 5812 1337 5884 interempti
1364 5817 1514 5868 sunt.
1548 5815 1627 5869 Eo
1670 5832 1823 5871 anno
1849 5815 2026 5871 etiam
2060 5815 2117 5871 in

486 5896 734 5954 ﬁnitima
755 5902 884 5957 loca
904 5903 1218 5962 Galliarum
1238 5905 1464 5979 ingredi
1484 5914 1997 5984 praesumpserunt,
2022 5909 2120 5967 ubi

2221 3658 2520 3714 Provincia
2551 3675 2756 3713 eorum
2788 3658 3017 3730 ingredi
3058 3661 3589 3731 praesumpserant,
3619 3659 3690 3714 ab
3724 3660 3875 3731 ipsis

2223 3752 2450 3807 Francis
2479 3752 2682 3807 devicti
2710 3756 2860 3806 sunt.

2291 3848 2450 3902 Anno
2478 3862 2530 3901 1x
2561 3862 2703 3901 cons.
2734 3846 3080 3916 Justinijun._
3107 3848 3280 3915 Aug.,
3305 3847 3423 3902 ind.
3453 3863 3568 3902 viu.

2291 3942 2450 3995 Anno
2476 3956 2507 3995 x
2532 3955 2676 3995 cons.
2700 3942 2904 3995 Justini
2919 3940 3040 4010 jun.
3072 3942 3239 4010 Aug.,
3269 3941 3382 3995 ind.
3416 3956 3492 3995 ιιι.

2293 4034 2405 4088 Hoc
2436 4050 2589 4088 anno
2618 4033 2939 4105 Sigibertus
2966 4050 3064 4088 rex
3088 4034 3695 4101 Francorum,bellum
3717 4050 3865 4090 con-

2222 4130 2312 4182 tra
2323 4128 2562 4181 fratrem
2576 4144 2744 4181 suum
2757 4127 3101 4198 Hilpericum
3114 4132 3336 4195 movet;
3361 4131 3564 4182 etcum
3580 4144 3714 4182 eum
3730 4128 3866 4199 jam

2221 4220 2503 4276 inclusum
2529 4221 2785 4288 haberet,
2811 4224 2869 4275 et
2889 4221 2957 4275 de
2979 4223 3102 4292 ejus
3120 4222 3523 4276 interfectione
3553 4221 3861 4293 cogitaret,

2220 4315 2292 4370 ab
2314 4315 2646 4370 hominibus
2663 4315 2964 4386 Chilperici
2985 4316 3364 4387 perfraudem
3382 4315 3720 4370 interfectus
3739 4320 3860 4371 est:

2222 4411 2279 4463 et
2314 4405 2840 4480 suscepit‘regnum
2876 4409 2999 4479 ejus
3027 4409 3425 4464 Childebertus
3464 4409 3613 4463 ﬁlius
3656 4409 3855 4481 ipsius.

2291 4504 2450 4558 Anno
2476 4519 2529 4558 x1
2550 4518 2694 4559 cons.
2720 4503 3059 4572 Justinijun.
3087 4505 3257 4572 Aug.,
3286 4503 3405 4558 ind.
3439 4519 3493 4558 x.

2290 4597 2369 4651 Eo
2402 4613 2557 4651 anno
2588 4595 2800 4651 mortui
2841 4598 2973 4650 sunt
3004 4596 3150 4667 regii
3188 4600 3360 4667 atque
3402 4595 3625 4668 egregii
3651 4594 3858 4652 adole-

2220 4692 2463 4757 scentes,
2492 4689 2883 4746 Chlotacarius
2921 4693 2980 4743 et
3012 4689 3433 4758 Chlodomeris,
3467 4690 3569 4745 ﬁlii
3597 4690 3858 4745 Gunthe-

2222 4783 2450 4857 gramni
2481 4784 2652 4855 regis.

2291 4881 2447 4935 Anno
2472 4894 2547 4933 xu
2578 4892 2721 4933 cons.
2753 4880 2956 4934 Justini
2970 4878 3098 4947 jun.
3125 4879 3294 4945 Aug.,
3323 4878 3441 4932 ind.
3474 4893 3546 4934 ιιι.

2292 4974 2408 5027 Hoc
2440 4988 2594 5028 anno
2622 4973 2916 5027 Meroveus
2956 4972 3106 5026 ﬁlius
3150 4971 3420 5043 Hilperici
3454 4970 3607 5043 regis
3644 4970 3869 5029 occisus

2223 5070 2327 5121 est.

2291 5162 2448 5216 Anno
2468 5176 2563 5216 xm
2591 5147 2731 5216 cans.
2764 5162 2970 5216 Justini
2982 5161 3111 5229 jun.
3141 5161 3309 5229 Aug.,
3339 5160 3457 5215 ind.
3484 5175 3579 5215 xu.

2293 5255 2408 5308 Hoc
2433 5270 2587 5308 anno
2615 5253 2728 5309 duo
2760 5252 3031 5309 Germani
3054 5296 3065 5319 ,
3107 5253 3374 5307 Salonius
3402 5256 3461 5307 et
3489 5253 3861 5325 Sagittarius,

2222 5346 2473 5420 episcopi
2505 5363 2539 5401 a
2568 5346 2788 5418 synodo
2818 5363 2947 5419 quas
2975 5346 3309 5401 Cabalonno
3341 5347 3582 5401 collecta
3609 5351 3717 5415 est,
3752 5366 3862 5420 pro

2219 5441 2453 5497 diversis
2498 5440 2832 5495 criminibus
2872 5440 2943 5495 ab
2991 5439 3353 5511 episcopatus
3397 5440 3620 5496 honore
3653 5441 3863 5512 dejecti

2220 5538 2370 5589 sunt.

2291 5630 2368 5683 Eo
2404 5645 2558 5683 anno
2604 5630 2867 5682 mortuus
2908 5630 2995 5681 est
3025 5626 3280 5682 Justinus
3305 5630 3617 5698 Augustus,
3652 5631 3713 5682 et
3738 5645 3859 5683 suc-

2219 5721 2387 5777 cessit
2409 5721 2665 5777 Tiberius
2697 5721 2757 5777 in
2784 5722 2908 5777 loco
2942 5721 3082 5791 ejus.

2290 5817 2445 5872 Anno
2472 5832 2489 5870 ι
2516 5831 2656 5870 cons.
2691 5815 2893 5871 Tiberii
2928 5815 3270 5873 Constantini
3293 5815 3566 5883 Augusti,
3595 5815 3715 5870 ind.
3742 5831 3858 5872 xm.

2288 5910 2368 5966 Eo
2390 5925 2565 5982 anno,
2602 5924 2803 5969 mense
2825 5908 3091 5983 Octobre,
3114 5906 3197 5965 ita
3217 5907 3278 5965 in
3299 5907 3549 5967 Vallensi
3570 5908 3856 5967 territorio
