4016 6240
81 310 174 363 801

1604 302 1933 360 APPENDIX
1944 346 1955 357 .

3356 312 3458 364 802

80 415 396 471 Rhodanus
423 410 745 482 exundavit,
783 415 846 468 ut
868 408 1056 485 c0pias
1083 411 1351 468 messium
1384 414 1719 483 denegaret;
1746 428 1803 499 Α
1827 414 1961 483 gina
2008 413 2145 469 obiit
2172 433 2188 481 ;
2222 414 2453 486 propter
2481 414 2640 486 cujus
2671 414 2972 473 transitum
3017 416 3299 473 interfecti
3324 424 3461 472 sunt

81 515 133 564 et
158 509 316 563 intra
352 508 570 563 Italiam
610 509 692 562 ita
730 508 883 562 ﬂuvii
925 507 1376 575 exundaverunt,
1409 513 1472 562 ut
1517 507 1724 562 damna
1825 508 1936 561 duo
1963 507 2186 573 medici,
2211 509 2467 563 Nicotaus
2495 515 2551 565 et
2581 512 2842 566 Donatus.
3292 521 3298 527 '

81 602 348 673 agricola:
377 605 731 672 paterentur.

149 699 312 752 Anno
333 711 373 750 ιι
405 712 546 749 cons.
580 697 783 751 Tiberii
810 695 1154 750 Constantini
1178 696 1436 765 Augusti,
1464 694 1578 748 ind.
1609 710 1719 749 le.

151 792 226 843 Ea
265 789 606 859 indictione,
639 806 834 844 mense
862 789 1200 860 Septembri,
1234 788 1602 859 Austregildis
1628 803 1719 842 re-

1894 603 1971 654 Eo
2003 618 2153 656 anno
2182 603 2519 657 Mummolus
2564 606 2830 675 patricius
2855 623 2986 660 cum
3014 623 3191 661 uxore
3222 612 3277 661 et
3305 606 3453 675 filiis,

1823 699 1880 749 et
1918 695 2283 751 multitudine
2327 697 2557 752 familiae
2583 715 2646 753 ac
2687 698 2891 753 divitiis
2928 700 3139 769 multis,
3182 700 3240 754 in
3268 716 3458 753 marco.

1824 788 2170 844 Childeberti
2196 790 2367 861 regis,
2398 791 2455 846 id
2481 797 2584 859 est,
2611 792 2909 861 Avinione,
2938 793 3209 865 confugit.

1324 1150 2271 1270 APPENDIX

666 1349 786 1417 AD
832 1349 1125 1438 MARII,
1177 1349 1809 1420 AVENTICENSIS
1857 1349 2284 1435 EPISCOPI,
2334 1348 2871 1436 CHRONICON,

1178 1518 1457 1567 AUCTORE
1503 1520 1756 1579 IGNOTO,
1807 1520 1917 1566 εει)
1963 1519 2366 1574 PEBANTIQUO.

154 1729 335 1800 Usque
354 1728 450 1783 hic
477 1729 682 1785 Marius
712 1731 1030 1803 episcopus.

154 1826 308 1878 Anno
334 1840 395 1878 ιιι
427 1825 630 1878 Tiberii
655 1826 822 1894 Aug.,
850 1827 966 1880 iud.
997 1843 1084 1880 xv.

155 1917 309 1971 Anno
332 1933 385 1970 1v
420 1918 627 1972 Tiberii
650 1920 818 1988 Aug.,
848 1920 965 1973 ind.
998 1936 1034 1973 ι.

154 2011 306 2065 Anno
334 2027 369 2063 γ
411 2012 615 2066 Tiberii
640 2014 807 2082 Aug.,
836 2014 953 2067 ind.
982 2030 1040 2068 ιι.

157 2107 308 2159 Αηηο
336 2121 392 2159 v1
419 2106 620 2160 Tiberii
640 2108 806 2175 Aug.,
837 2108 956 2161 ind.
986 2124 1065 2163 ιιι.

157 2199 308 2253 Anno
335 2216 411 2254 v11
448 2200 652 2254 Tiberii
676 2202 847 2269 Aug.,
875 2202 992 2256 ind.
1026 2217 1098 2255 iv.

154 2291 315 2346 Gothi
342 2293 450 2347 sud
480 2294 844 2364 Ermengildo
874 2294 1206 2366 Leubegildi
1224 2295 1373 2366 regis
1386 2294 1500 2349 filio
1521 2295 1717 2353 bifarie

93 2386 260 2455 divisi,
296 2391 502 2441 mutua
527 2387 680 2442 caede
707 2391 1018 2443 vastantur.

158 2480 454 2535 Indictione
486 2497 540 2535 v.

154 2574 455 2628 Mauricius
490 2575 654 2628 annis
692 2591 783 2629 χιιι
811 2575 974 2631 Suevi
1012 2594 1045 2631 a
1074 2576 1416 2649 Leubegildo
1462 2595 1596 2650 rege
1624 2579 1721 2634 ob-

92 2666 238 2735 tenti,
270 2667 467 2722 Gothis
497 2668 895 2739 subjiciuntur.

153 2761 447 2817 Indictione
471 2778 547 2816 γι.

158 2854 316 2908 Gothi
361 2855 636 2911 Recarido
679 2872 813 2928 rege
858 2856 1208 2927 intendente,
1234 2875 1267 2913 a
1302 2859 1414 2916 fide
1446 2861 1719 2915 catholica

96 2953 467 3004 revertuntur.

158 3045 354 3097 Avares
379 3044 650 3098 adversus
680 3045 964 3100 Romanos
994 3046 1347 3115 dimicantes,
1371 3065 1510 3103 auro
1537 3048 1718 3121 magis

96 3152 255 3205 quam
283 3137 437 3192 ferro
464 3138 774 3209 pelluntur.

155 3230 360 3285 Phocas
380 3248 561 3286 annos
592 3249 664 3287 ix.
702 3234 804 3287 [ste
834 3233 1108 3290 seditione
1134 3236 1369 3291 militari
1409 3235 1718 3308 imperator

98 3322 282 3393 factus,
320 3326 649 3380 Mauricium
680 3331 1000 3399 Augustum
1056 3330 1445 3401 nobiliumque
1484 3331 1713 3387 multos.

227 3418 371 3487 [Leg.
403 3419 734 3490 interfecit].

163 3510 330 3581 Hujus
351 3519 611 3585 tempore.
633 3515 865 3569 Parisini
888 3520 945 3570 et
970 3517 1165 3572 Veneti
1186 3533 1290 3588 per
1317 3518 1602 3573 Orientem
1629 3519 1716 3572 vel

100 3603 387 3676 Egyptum
423 3609 584 3663 civile
620 3609 835 3664 bellum
874 3610 1105 3677 faciunt,
1133 3628 1195 3665 ac
1221 3628 1279 3665 se
1320 3617 1517 3667 mutua
1564 3613 1715 3667 caede

101 3704 468 3764 prosternunt.
524 3703 724 3756 Praelia
771 3720 998 3775 quoque
1044 3706 1340 3760 Persarum
1388 3706 1717 3777 gravissima

103 3790 347 3848 adversus
372 3796 788 3867 rempublicam
813 3798 1151 3868 excitantur,
1180 3815 1213 3852 a
1240 3798 1445 3869 quibus
1475 3799 1714 3853 Romani

103 3880 306 3941 fortiter
330 3889 613 3956 debellati,
642 3891 918 3962 plurimas
948 3892 1267 3963 provincias
1298 3897 1353 3947 et
1384 3893 1563 3963 ipsam
1595 3893 1717 3948 Hie-

103 3979 420 4050 rosolymam
448 3984 780 4039 amiserunt.

165 4071 441 4131 lieraclius
476 4077 677 4147 quinto
706 4079 931 4150 imperii
975 4079 1060 4133 sui
1090 4080 1226 4134 dum
1254 4080 1514 4151 fungitur
1542 4096 1712 4145 anno,

104 4161 363 4223 Sisebotus
382 4171 697 4225 Gothorum
724 4189 823 4227 rex
846 4173 903 4226 in
922 4172 1133 4244 Spania
1150 4174 1425 4245 plurimas
1443 4176 1715 4229 Romamn

104 4256 304 4315 militiae
336 4265 529 4335 urbes,
569 4271 770 4337 quarto
804 4268 972 4339 regni
998 4267 1084 4322 sui
1113 4268 1218 4322 sibi
1243 4268 1504 4322 bellando
1535 4268 1710 4339 subji-

102 4348 196 4418 cit;
221 4357 275 4407 et
290 4357 510 4413 Judzeos
546 4360 633 4414 sui
655 4361 815 4432 regni
836 4361 1106 4429 subditos,
1131 4366 1337 4433 praeter
1364 4377 1459 4416 eos
1497 4362 1595 4433 qui
1620 4364 1710 4416 fu-

106 4457 168 4509 ga
189 4445 321 4518 lapsi
349 4458 481 4507 sunt
503 4453 573 4507 ad
599 4454 862 4524 Francos,
884 4455 953 4509 ad
980 4455 1188 4510 Christi
1216 4457 1386 4510 fidem
1417 4458 1710 4511 convertit.

83 4606 97 4619 Ι
164 4537 327 4610 Hujus
356 4545 717 4616 imperatoris
760 4549 1134 4620 temporibus,
1166 4550 1236 4604 ad
1277 4566 1458 4622 usque
1493 4550 1715 4622 imperii

109 4630 184 4683 sui
209 4648 417 4693 annum
449 4641 535 4709 14,
567 4644 624 4695 et
659 4641 997 4697 Chlotacarii
1047 4644 1432 4715 gloriosissimi
1464 4644 1712 4700 Franco-

106 4738 219 4780 rum
236 4733 503 4806 principis
530 4736 693 4808 regni
718 4736 806 4791 sui
825 4753 1042 4792 annum
1067 4739 1156 4806 40,
1185 4738 1365 4793 multa
1385 4739 1714 4810 reipublicm

109 4818 356 4958 similius,
384 4824 598 4896 ubique
623 4841 768 4897 pene
800 4842 834 4879 a
857 4826 1091 4882 diversis
1118 4827 1382 4899 gentibus
1422 4828 1715 4900 dispendia

162 4914 242 4958 aia
278 4914 429 4958 fuam

162 4914 242 4964 ata
276 4914 451 4975 fuere.

1739 1748 1795 1820 Β
1890 1735 2066 1806 Hujus
2090 1739 2347 1805 tempore
2371 1732 2525 1788 Persi
2555 1731 2936 1788 Calcidoniam
2963 1747 3143 1805 usque
3174 1748 3450 1805 pervene-

1819 1834 1976 1883 runt.

1892 1923 2039 1977 Huni
2067 1939 2297 1977 murum
2324 1922 2563 1993 longum
2610 1921 3110 1993 interrumpentes,
3143 1926 3200 1976 et
3224 1921 3295 1976 ad
3321 1939 3453 1977 mce—

1820 2016 1917 2070 nia
1961 2016 2468 2086 Constantinopolis
2512 2015 2965 2085 peraccedentes,
3013 2031 3145 2068 cum
3181 2016 3451 2085 praedicto

1821 2109 2180 2180 imperatore,
2228 2115 2428 2163 mutuo
2473 2108 2533 2162 in
2580 2125 2745 2161 muro
2783 2112 2966 2161 stante
3001 2108 3175 2177 [Forte
3217 2110 3450 2178 stantes]

1819 2192 2167 2258 collocuntur
2192 2221 2207 2271 ;
2244 2202 2342 2274 qui
2382 2205 2679 2273 acceptum
2703 2201 2774 2255 ab
2800 2217 2866 2255 eo
2892 2201 3049 2272 pacis
3082 2200 3353 2272 pretium,
3378 2202 3451 2256 ad

1818 2301 2045 2368 tempus
2084 2297 2375 2351 recedunt.

1892 2393 1997 2445 Per
2012 2390 2160 2445 idem
2177 2395 2402 2461 tempus
2420 2389 2597 2444 divisa
2620 2388 2680 2443 in
2700 2387 2882 2442 tribus
2909 2388 3047 2442 olim
3074 2389 3263 2459 regnis
3282 2391 3450 2445 Fran-

1820 2483 1924 2550 cia,
1953 2484 2012 2537 in
2039 2501 2154 2537 uno
2184 2500 2217 2537 a
2243 2483 2476 2554 praefato
2505 2498 2639 2552 rege
2668 2482 3012 2535 Francorum
3044 2498 3288 2553 regnum
3323 2499 3451 2537 con-

1812 2578 2078 2649 jungitur
2107 2595 2120 2644 ;
2160 2582 2329 2649 atque
2356 2581 2729 2648 persequente
2770 2575 3118 2629 Theuderieo
3156 2592 3290 2646 rege
3317 2593 3449 2647 ger-

1821 2688 2060 2726 manum
2089 2688 2258 2725 suum
2290 2669 2705 2724 Austrasiorum
2732 2686 2928 2739 regem
2967 2670 3449 2738 Theudebertum,

1820 2766 2106 2821 vincentes
2151 2764 2347 2818 Franci
2370 2763 2430 2817 in
2460 2763 2849 2833 Burgundiam
2892 2767 3188 2816 moventes
3215 2764 3450 2818 Austra-

1818 2859 1945 2925 sios,
1974 2859 2043 2913 ad
2074 2863 2389 2912 extremum
2423 2857 2609 2927 ipsum
2640 2856 2989 2910 occiderunt.
3022 2857 3131 2910 Nec
3160 2872 3337 2925 mora,
3374 2857 3451 2911 vi-

1819 2959 1939 3008 ctor
1979 2951 2361 3006 Theudericus
2398 2950 2582 3005 Mettis
2608 2966 2739 3003 cum
2766 2949 3014 3016 obiisset,
3056 2948 3349 3020 Sigoberto
3378 2949 3448 3005 ﬁ-

1816 3046 1891 3101 lio
1923 3046 2160 3118 parvulo
2200 3062 2330 3099 cum
2361 3044 2485 3097 avia
2525 3060 2625 3097 sua
2653 3042 2999 3111 Brunihilde,
3029 3059 3274 3114 regnum
3303 3046 3450 3099 male

1737 3122 1792 3197 Ο
1816 3147 2152 3212 usurpatum
2184 3138 2443 3209 reliquit;
2465 3136 2794 3209 quivivcnte
2821 3137 3006 3191 adhuc
3033 3154 3307 3208 germano
3323 3155 3449 3207 suo,

1815 3239 2083 3305 nepotem
2112 3250 2278 3287 suum
2308 3232 2375 3286 ad
2409 3237 2629 3303 petram
2658 3231 2720 3285 in
2749 3230 2890 3284 albis
2918 3231 3053 3285 elidi
3072 3231 3260 3301 jussit.

1888 3331 1993 3383 Per
2016 3328 2167 3382 idem
2195 3331 2419 3397 tempus
2438 3325 2570 3379 victi
2588 3325 2688 3378 filii
2705 3325 2791 3379 sui
2816 3341 2850 3378 a
2876 3341 3010 3395 rege
3037 3325 3271 3395 praefato
3288 3326 3453 3380 Chlo-

1817 3422 2024 3476 tacario
2054 3421 2357 3492 capiuntur
2382 3437 2399 3489 ;
2432 3436 2496 3474 ac
2532 3420 2767 3490 pra'fata
2793 3418 3014 3489 regina,
3048 3420 3449 3489 praedictorum

1816 3516 1960 3582 avia,
1990 3516 2059 3569 ab
2080 3532 2146 3569 eo
2170 3517 2355 3584 capta,
2389 3513 2721 3583 diversoque
2747 3528 3050 3583 pmnarum
3078 3527 3286 3582 genere
3311 3514 3453 3568 afﬂi-

1816 3615 1922 3679 cta,
1956 3610 2162 3663 deinde
2210 3606 2423 3661 camelo
2466 3607 2754 3677 imposita,
2788 3605 2984 3659 multis
3013 3606 3129 3659 suis
3165 3612 3453 3676 spectacu-

1816 3703 1936 3757 lum
1962 3702 2208 3773 praebuit
2237 3704 2561 3772 :postremo
2588 3698 2936 3753 ferocissimo
2965 3699 3138 3768 [Forte
3165 3699 3446 3753 ferocissi-

1816 3797 1916 3866 mi]
1944 3796 2203 3866 colligata
2229 3794 2466 3864 pedibus
2485 3793 2617 3863 equi
2644 3796 2824 3863 tergo,
2843 3797 3162 3845 extremum
3183 3793 3449 3862 spiritum

1816 3889 2114 3945 exhalavit.
2138 3888 2422 3959 Cujusque
2451 3886 2713 3956 deinceps
2734 3885 3133 3956 corpusculum
3148 3885 3449 3940 incenden-

1815 3988 1900 4039 tes
1926 3983 2141 4055 populi,
2172 3982 2496 4053 sepulcrum
2536 3980 2686 4051 ignis
2712 3979 2818 4033 fuit
2842 3996 2857 4047 ;
2887 3979 2957 4033 ad
2995 3979 3272 4051 deinceps”
3290 3980 3445 4049 judi-

1816 4078 1967 4132 cium
1994 4080 2293 4148 paternum
2324 4076 2444 4129 sine
2471 4073 2850 4128 misericordia
2876 4073 2935 4127 in
2958 4089 3231 4144 germano
3262 4077 3319 4128 et
3343 4090 3445 4129 ne-

1812 4177 1944 4242 pote
1973 4169 2263 4242 quondam
2292 4169 2508 4239 datum,
2533 4169 2593 4221 in
2620 4167 2749 4222 ﬁliis
2776 4166 3110 4222 redundavit
3139 4185 3152 4234 ;
3183 4183 3388 4239 eosque
3416 4185 3451 4222 a

1815 4265 2176 4337 quibusdam,
2194 4268 2259 4319 ut
2286 4263 2466 4332 aiunt,
2487 4264 2878 4334 interemptos,
2902 4262 3289 4316 monarchiam
3310 4278 3451 4333 pras-

1814 4364 2175 4430 nuncupatus
2206 4374 2304 4413 rex
2336 4358 2394 4411 in
2421 4358 2600 4412 tribus
2628 4356 2819 4429 regnis
2848 4356 3093 4411 obtinuit
3118 4373 3134 4424 ;
3168 4372 3339 4426 quam
3364 4356 3444 4411 fe-

1814 4452 1996 4507 liciter
2040 4453 2420 4523 religioseque
2450 4451 2795 4522 gubernans,
2826 4466 2978 4503 nunc
3004 4465 3133 4503 cum
3166 4449 3448 4519 prioribus

1816 4547 1979 4617 regni
2003 4547 2091 4600 sui
2116 4562 2265 4599 anno
2284 4546 2351 4599 40
2379 4544 2554 4598 vitam
2583 4544 2758 4597 ducit.

1885 4641 2056 4693 Fiunt
2101 4638 2278 4709 igitur
2314 4637 2384 4690 ab
2421 4636 2654 4691 exordio
2691 4634 2891 4690 mundi
2935 4651 3115 4706 usque
3166 4636 3224 4689 in
3273 4651 3446 4691 aerem

1816 4736 2176 4805 praesentem,
2205 4731 2264 4785 id
2308 4733 2413 4798 est,
2454 4729 2518 4783 14
2566 4727 2801 4783 Heraclii
2839 4732 2894 4782 et
2929 4729 3261 4784 Chlotacarii
3300 4730 3450 4801 regis

1815 4843 2031 4882 annum
2055 4827 2144 4894 40,
2174 4823 2309 4880 anni
2335 4838 2673 4880 vuncccxxn.
