4016 6240
552 385 3916 432 ω

1954 558 2159 604 EODEM
2203 559 2509 604 TEMPORE.

1372 704 3095 1008 LEQDLENTIUS.

1667 1125 2786 1246 LUGULENTII

1075 1335 1193 1427 IN
1264 1333 1766 1447 ALIQUOT
1834 1333 2119 1429 NOV]
2190 1334 2897 1427 TESTAMENTI
2970 1331 3402 1425 PARTES

1614 1514 2877 1679 COMMENTABII

546 1718 665 1784 EX
720 1717 1170 1785 CODICIBUS
1236 1717 1564 1786 PRISCIS
1622 1716 2192 1785 BIBLIOTHECA

2271 1718 2391 1785 UM
2439 1677 2919 1785 VATlCANAE
2980 1716 3092 1783 ET
3158 1677 3910 1784 VALLICELLIANE.

1518 1866 3075 1908 ww

3078 1884 3143 1891 -.α

2194 1981 2285 2104 Ι.

544 2179 761 2243 Lectio
791 2176 999 2240 sancti
1028 2173 1368 2253 Evangelii
1401 2172 1770 2237 secundum
1825 2172 2211 2255 Matthaeum
2236 2174 2348 2255 _(Vl,
2379 2173 2485 2255 24)
2522 2193 2535 2247 ;
2569 2172 2650 2236 1n
2681 2171 2792 2255 illo
2818 2179 3105 2255 tempore
3134 2172 3307 2234 dixit
3349 2172 3537 2235 Jesus
3580 2174 3915 2255 discipulis

1257 2257 1392 2317 suis
1423 2273 1444 2316 :
1475 2273 1664 2316 nemo
1687 2260 1899 2336 potest
1926 2253 2176 2315 duobus
2205 2252 2488 2314 dominis
2515 2252 2782 2330 servire,
2815 2262 2879 2315 et
2904 2252 3179 2334 reliqua.

1775 2381 2198 2437 COMMENTUM
2237 2382 2663 2436 LUCULENTII.
2736 2404 2747 2413 κ

613 2488 851 2553 Quidam
881 2486 1021 2539 duos
1048 2484 1306 2538 homines
1321 2483 1513 2537 volunt
1532 2482 1847 2551 intelligere
1863 2481 2173 2549 Christum,
2199 2493 2257 2565 Α
2279 2486 2423 2543 tuus,
2452 2482 2533 2534 ibi
2552 2486 2629 2535 est
2652 2485 2704 2535 et
2732 2498 2821 2535 cor
2846 2486 3018 2536 tuum.

542 2588 597 2636 et
625 2581 1205 2649 diabolum,’quorum
1253 2577 1483 2630 societas
1511 2592 1630 2629 esse
1664 2592 1779 2629 non
1808 2578 2013 2645 potest.
2042 2576 2177 2637 Quae

542 2676 696 2729 enim
728 2674 957 2727 societas
978 2671 1086 2725 luci
1107 2672 1175 2724 ad
1203 2671 1462 2724 tenebras
1481 2671 1508 2723 ‘l
1534 2686 1661 2741 quaz
1682 2669 2003 2739 conjunctio
2021 2668 2178 2722 Chri-

540 2770 609 2823 sti
636 2769 704 2822 ad
736 2767 903 2820 Belial
930 2768 957 2820 ?
988 2766 1072 2819 vel
1103 2782 1230 2836 qum
1252 2782 1377 2833 pars
1402 2764 1555 2817 tideli
1586 2780 1714 2816 cum
1748 2763 1971 2815 inlidele
1993 2762 2019 2815 ‘?
2048 2762 2175 2815 sub-

540 2863 768 2916 auditur
794 2861 970 2914 nulla.
1001 2859 1107 2913 Sed
1136 2858 1233 2929 qui
1262 2858 1375 2911 sint
1392 2858 1503 2911 duo
1527 2857 1744 2910 domini
1764 2856 2031 2926 deinceps
2048 2872 2176 2926 ape-

538 2958 610 3011 rit
640 2970 770 3010 cum
812 2952 1150 3024 subjuugit:
1202 2953 1322 3005 NON
1370 2966 1620 3005 POTESTIS
1674 2966 1775 3003 meo
1816 2954 2062 3016 senvme,
2110 2965 2174 3002 ετ

540 3064 837 3104 ΜΑΜΜοΝιΕ.
871 3048 990 3101 Non
1017 3046 1171 3100 enim
1198 3044 1341 3099 dixit
1367 3062 1379 3098 :
1410 3044 1509 3115 qui
1538 3043 1759 3098 divitias
1787 3043 2018 3109 habent,
2059 3043 2170 3095 Do-

537 3144 694 3199 mino
738 3142 945 3196 servire
983 3156 1099 3194 non
1142 3155 1351 3210 posse;
1394 3138 1490 3192 sed
1517 3137 1616 3209 qui
1662 3137 1866 3191 divitiis
1897 3136 2169 3190 serviunt.

535 3236 691 3292 Multi
719 3236 872 3289 enim
902 3233 1173 3287 habentes
1202 3232 1421 3286 divitias
1460 3247 1576 3285 non
1607 3231 1954 3285 distribuunt
1980 3246 2073 3283 eas
2108 3234 2174 3284 ut

537 3329 770 3395 domini,
804 3328 903 3382 sed
949 3326 1273 3380 custodiunt
1300 3331 1365 3379 ut
1402 3325 1566 3378 servi.
1611 3326 1685 3378 De
1723 3324 1986 3394 qualibus
2038 3323 2173 3378 dicit

534 3422 831 3494 Apostolus
861 3440 875 3475 :
912 3422 1265 3476 Thesaurizat
1291 3420 1398 3473 sibi
1421 3421 1563 3472 iram
1588 3420 1645 3471 in
1676 3418 1763 3471 die
1792 3419 1908 3479 irae,
1937 3423 1986 3471 et
2021 3433 2166 3472 reve-

538 3518 762 3572 lationis
788 3518 847 3569 in
865 3515 1095 3584 judiciis
1123 3516 1238 3568 Dei.
1262 3515 1326 3567 lit
1351 3529 1380 3567 e
1408 3512 1660 3583 regione,
1681 3511 1843 3565 multi
1864 3511 2077 3565 habent
2093 3511 2172 3565 di-

533 3611 716 3680 vitias,
745 3612 802 3665 et
839 3607 1183 3663 distribuunt
1224 3609 1289 3660 ut
1317 3605 1550 3671 domini,
1600 3622 1713 3659 non
1758 3604 2083 3659 custodiunt
2108 3610 2172 3659 ut

534 3705 699 3772 servi,
746 3704 890 3758 sicut
932 3701 1242 3770 Abraham,
1280 3702 1443 3769 Isaac,
1471 3700 1658 3769 Jacob,
1697 3699 1820 3766 Job,
1861 3699 2168 3769 caeterique

532 3799 632 3873 qui
660 3798 774 3853 suis
794 3795 1002 3852 divitiis
1026 3796 1171 3849 bene
1202 3810 1443 3865 praeesse
1474 3797 1778 3859 noverunt,
1802 3810 1895 3847 eas
1928 3792 2170 3846 ﬁdeliter

2349 2577 2476 2629 11)Εο
2528 2590 2653 2629 DICO
2690 2590 2848 2630 VOBIS
2890 2592 2956 2630 NE
3008 2590 3269 2630 SOLLICITI
3308 2591 3442 2631 SITIS
3481 2592 3665 2631 ΑΝΙΜᾸΞ
3702 2592 3913 2631 ΥΕΒἸἯᾸΞ

2278 2684 2405 2730 omn
2432 2685 2786 2723 MANDL'CETIS.
2806 2673 2947 2725 Cum
2963 2669 3120 2723 cibus
3136 2671 3263 2740 plus
3280 2671 3565 2741 pertineat
3584 2670 3655 2724 ad
3681 2686 3911 2742 corpus,

2274 2774 2447 2828 quam
2474 2758 2545 2811 ad
2570 2758 2843 2825 animam,
2876 2775 3051 2829 quare
3080 2759 3213 2813 dicit
3241 2776 3254 2813 :
3286 2763 3365 2816 Ne
3396 2761 3624 2813 solliciti
3647 2764 3771 2815 sitis
3801 2764 3912 2813 ani-

2274 2868 2374 2906 mae
2388 2857 2595 2914 cestra’,
2622 2853 2756 2921 quid
2770 2854 3107 2908 manducetis
3127 2856 3154 2906 ?
3169 2854 3263 2907 sed
3291 2854 3546 2907 animam
3575 2854 3684 2907 hoc
3710 2855 3775 2907 in
3796 2855 3911 2907 loco

2274 2962 2380 3016 pro
2411 2945 2675 3016 praesenti
2703 2946 2816 2999 vita
2844 2963 3007 3001 nosse
3039 2947 3346 3015 debemus;
3375 2948 3521 3001 sicut
3546 2953 3602 3001 et
3628 2947 3687 3001 in
3716 2948 3914 3002 multis

2274 3039 2579 3110 Scripturte
2605 3039 2756 3108 locis,
2779 3044 2844 3094 ut
2870 3045 2955 3094 est
2977 3040 3115 3095 illud
3157 3040 3330 3094 David
3359 3056 3374 3095 :
3429 3043 3550 3097 Viri
3583 3044 3683 3095 isti
3700 3045 3913 3096 animas

2270 3148 2398 3187 suas
2416 3138 2715 3203 posuerunt
2738 3136 2796 3187 in
2826 3134 3075 3190 manibus
3093 3138 3237 3200 suis;
3266 3140 3317 3190 et
3347 3136 3534 3189 anima
3560 3151 3681 3189 mea
3710 3139 3772 3189 in
3796 3153 3909 3191 ma-

2272 3228 2427 3281 nibus
2449 3230 2579 3281 meis
2600 3242 2822 3296 semper.
2850 3228 3054 3282 Paulus
3079 3245 3305 3300 quoque
3334 3229 3651 3299 apostolus:
3676 3233 3793 3286 Nec
3818 3232 3907 3297 fa-

2272 3324 2351 3375 cio
2379 3323 2617 3375 animam
2646 3336 2818 3375 meam
2839 3324 3213 3389 pretiosiorem
3240 3339 3403 3391 quam
3431 3339 3533 3377 me.
3560 3323 3722 3377 Sicut
3745 3327 3806 3377 et
3826 3324 3914 3377 hic

2269 3430 2399 3468 cum
2427 3414 2561 3468 dicit
2590 3432 2602 3469 :
2632 3418 2710 3473 Ne
2731 3417 2955 3470 solliciti
2992 3418 3111 3471 sitis
3135 3419 3330 3470 anima
3355 3422 3544 3471 vestra:
3572 3418 3712 3486 quid
3744 3434 3903 3472 man-

2270 3508 2477 3563 ducetis
2502 3526 2518 3577 ;
2546 3525 2609 3562 ac
2638 3508 2684 3562 si
2705 3509 2851 3564 dicat
2880 3527 2893 3564 :
2923 3510 3062 3564 Vitae
3085 3515 3281 3565 vestrae
3307 3511 3554 3581 qualiter
3570 3512 3767 3566 vivere
3794 3528 3917 3583 pos-

2269 3601 2407 3656 sitis.
2435 3602 2543 3656 Sed
2573 3603 2849 3673 quacritur
2884 3618 3059 3675 quare
3086 3604 3271 3659 dicat:
3302 3608 3381 3662 Ne
3405 3605 3626 3660 solliciti
3646 3608 3775 3661 sitis
3797 3607 3916 3661 ani-

2267 3711 2367 3750 mae
2391 3701 2583 3751 vestrae
2607 3697 2741 3766 quid
2764 3698 3123 3772 manducetis,
3164 3714 3297 3753 cum
3327 3698 3533 3753 Paulus
3560 3699 3716 3753 dicat
3749 3717 3764 3754 :
3793 3702 3911 3757 Sol-

2270 3791 2549 3845 licitudine
2574 3807 2681 3845 non
2698 3794 2871 3861 pigri.
2904 3792 3009 3847 Sed
3036 3792 3115 3846 ibi
3136 3792 3454 3847 sollicitudo
3492 3792 3808 3863 spiritualis
3829 3795 3910 3848 in-

532 3863 941 3949 distribuendo.
986 3906 1091 3944 AUT
1122 3905 1250 3944 sum
1291 3904 1444 3943 unum
1476 3903 1601 3941 omo
1627 3903 1875 3955 meumr,
1910 3902 1974 3941 er
2003 3902 2166 3940 ALTE-
2189 3863 2245 3935 B
2269 3883 2577 3956 telligenda
2603 3897 2705 3952 est,
2737 3885 2798 3939 in
2818 3902 2931 3956 qua
2958 3885 3112 3957 pigri
3136 3901 3258 3941 esse
3284 3902 3400 3940 non
3429 3886 3726 3957 debemus,
3779 3888 3913 3959 quia

534 4003 649 4044 neu
691 4001 917 4053 DILIGET,
946 3983 1003 4037 id
1030 3988 1115 4037 est
1151 3984 1370 4050 Deum;
1404 3997 1510 4036 scr
1547 3996 1695 4036 UNL'M
1741 3996 2073 4050 SUSTINEBIT,
2106 3995 2169 4034 ετ

536 4096 781 4137 auream:
813 4092 1129 4133 comesum
1156 4093 1172 4145 ;
1202 4092 1314 4130 non
1341 4074 1482 4130 dixit
1525 4075 1653 4129 odio
1682 4074 1874 4142 habet,
1902 4074 2000 4128 sed
2028 4089 2165 4128 con-

535 4179 770 4241 temnet,
790 4188 906 4226 non
928 4171 1053 4225 ideo
1084 4170 1263 4224 timet.
1288 4169 1485 4223 Nullus
1516 4168 1671 4223 enim
1690 4172 1806 4222 tam
1829 4168 2061 4222 demens
2085 4171 2169 4221 est

533 4274 599 4324 ut
624 4268 791 4333 dicat,
825 4282 883 4321 se
915 4265 1089 4319 Deum
1112 4263 1238 4319 odio
1265 4263 1496 4330 habere,
1530 4262 1626 4316 sed
1658 4262 1806 4315 Deus
1832 4260 1996 4314 illum
2027 4260 2164 4329 odit,

532 4364 631 4436 qui
681 4363 961 4434 prtecepta
1004 4357 1155 4412 illius
1196 4356 1529 4421 contemnit,
1569 4354 1787 4409 dicente
1841 4354 2161 4427 propheta:

533 4458 710 4515 Odisti
733 4471 911 4510 omnes
930 4456 1028 4524 qui
1049 4456 1346 4523 operantur
1365 4451 1731 4519 iniquitatem.
1760 4448 1913 4502 Sicut
1929 4448 2081 4502 enim
2097 4464 2164 4502 ex

530 4568 646 4607 uno
667 4550 822 4605 fonte
834 4549 996 4603 dulce
1011 4553 1068 4601 et
1086 4561 1367 4613 amarum,
1395 4548 1700 4614 utrumque
1713 4542 1881 4596 simul
1902 4558 2165 4597 emanare

528 4661 645 4701 non
695 4647 897 4715 potest,
925 4642 1002 4695 ita
1040 4640 1231 4693 nullus
1259 4637 1476 4709 pariter
1509 4636 1728 4691 duobus
1756 4635 2019 4698 dominis,
2051 4636 2162 4689 Deo

528 4740 737 4795 scilicet
762 4743 818 4791 et
848 4735 1077 4802 divitiis,
1101 4732 1309 4788 servire
1332 4735 1535 4803 potest.
1560 4733 1680 4787 Non
1695 4732 1919 4801 potestis
1932 4731 2037 4784 Deo
2058 4745 2165 4784 ser-

528 4838 643 4889 vire
670 4838 719 4887 et
744 4845 1076 4887 mammona.
1106 4829 1386 4882 Mammon
1426 4826 1630 4896 Syrum
1665 4828 1767 4892 est,
1794 4823 1946 4895 quod
1972 4822 2164 4877 Latine

530 4927 740 4985 divitias
764 4929 1147 4996 nuncupatur.
1178 4923 1353 4976 Nemo
1382 4924 1568 4993 potest
1595 4919 1707 4972 Deo
1734 4917 1966 4989 pariter,
2000 4920 2056 4970 et
2084 4917 2166 4971 di-

530 5022 676 5080 vitiis
702 5019 930 5088 servire,
946 5019 1077 5090 quia
1099 5016 1197 5089 qui
1214 5018 1325 5070 Deo
1348 5018 1463 5069 toto
1483 5013 1651 5067 corde
1670 5011 1944 5079 servierit,
1968 5026 2163 5064 servus

528 5118 851 5175 divitiarum
874 5130 992 5168 esse
1019 5128 1133 5166 non
1164 5109 1394 5181 poterit.
1424 5109 1604 5163 Omne
1632 5106 2010 5178 quodcunque
2035 5104 2163 5175 plus

2269 3993 2334 4032 ea
2361 3994 2489 4048 quae
2513 3978 2742 4049 spiritus
2766 3984 2918 4048 sunt,
2965 3995 3096 4033 cum
3130 3978 3399 4035 aviditate
3445 3996 3707 4051 quazrere
3736 3981 3909 4036 debe-

2268 4088 2417 4127 mus.
2447 4072 2529 4126 Ad
2549 4073 2888 4128 exteriorem
2913 4052 3207 4143 pertinens
3235 4074 3549 4144 hominem,
3578 4073 3751 4129 labor
3777 4075 3905 4146 qui-

2267 4165 2395 4221 dem
2443 4167 2791 4221 exercendus
2841 4172 2943 4238 est,
2993 4168 3309 4223 sollicitudo
3355 4168 3619 4224 tollenda.
3662 4169 3747 4223 De
3794 4185 3905 4241 qua

2268 4260 2537 4314 Dominus
2579 4261 2804 4329 Judzeis,
2834 4278 2965 4316 cum
3006 4278 3104 4317 eos
3127 4262 3343 4317 videret
3378 4262 3439 4317 in
3475 4265 3704 4317 terrena
3741 4263 3902 4334 cupi-

2266 4353 2442 4409 ditate
2468 4354 2742 4423 laborare,
2772 4356 2913 4411 dixit
2941 4373 2954 4410 :
2998 4358 3316 4427 Operamini
3340 4372 3449 4412 non
3470 4358 3671 4419 cibum,
3700 4361 3800 4427 qui
3815 4372 3903 4428 pe-

2264 4450 2377 4502 rit:
2405 4448 2498 4503 sed
2517 4451 2613 4518 qui
2629 4455 2909 4519 permanet
2935 4453 2993 4505 in
3011 4452 3183 4506 vitam
3211 4455 3485 4507 :eterrwm.
3517 4452 3587 4506 Et
3611 4451 3743 4506 ideo
3768 4452 3896 4522 qui-

2265 4542 2395 4596 dem
2433 4558 2575 4613 opus
2610 4544 2996 4599 exercendum
3033 4550 3137 4614 est,
3180 4545 3326 4599 sicut
3358 4545 3568 4599 Paulus
3619 4545 3898 4615 apostolus

2264 4635 2408 4690 dixit
2433 4651 2447 4689 :
2480 4637 2586 4703 Qui
2604 4652 2710 4691 non
2736 4638 2856 4692 vult
2879 4641 3115 4709 operari,
3155 4655 3252 4694 nec
3284 4639 3588 4693 manducet.
3635 4640 3703 4693 Et
3727 4639 3894 4693 alibi:

2264 4730 2557 4800 Operantes
2575 4745 2694 4784 cum
2703 4732 2915 4787 silentio
2933 4733 3278 4788 manducent.
3301 4733 3367 4786 Et
3388 4732 3496 4787 hoc
3515 4736 3600 4787 est
3614 4732 3769 4804 quod
3788 4732 3894 4786 ait:

2263 4826 2341 4880 Ne
2359 4824 2583 4878 solliciti
2603 4826 2723 4879 sitis
2748 4826 2957 4880 animat
2981 4830 3171 4881 vestrae
3192 4826 3327 4895 quid
3351 4827 3686 4881 manducetis
3711 4846 3728 4881 :
3760 4843 3824 4880 ac
3854 4825 3898 4880 si

2264 4915 2449 4971 dicat:
2479 4916 2583 4980 Qui
2610 4917 2823 4988 majora
2851 4918 3006 4973 dedit
3032 4936 3048 4987 ;
3090 4918 3290 4990 utique
3320 4922 3378 4973 et
3407 4918 3631 4974 minora
3655 4924 3896 4992 praesta-

2261 5009 2345 5064 bit
2369 5027 2386 5079 ;
2410 5009 2568 5081 quia,
2602 5010 2702 5082 qui
2722 5011 2974 5066 animam
2994 5016 3051 5068 et
3087 5029 3293 5085 corpus
3317 5012 3472 5080 fecit,
3494 5013 3651 5067 dabit
3680 5018 3739 5069 et
3763 5014 3894 5069 sub-

2262 5102 2489 5158 sidium.
2520 5105 2708 5159 NONNE
2732 5122 2905 5161 ANIHA
2936 5123 3068 5162 pws
3099 5123 3191 5162 EST
3222 5123 3371 5170 QUAM
3402 5123 3523 5162 sses
3553 5108 3580 5162 ?
3610 5125 3675 5163 er
3701 5125 3895 5163 conpes

526 5213 711 5284 diligit
736 5212 929 5273 homo,
952 5207 1058 5260 hoc
1086 5207 1170 5258 est
1195 5219 1415 5267 avarus,
1443 5217 1647 5255 aurum
1674 5201 1853 5254 Deum
1881 5199 2075 5263 habet,
2108 5203 2163 5252 et
2182 5236 2236 5310 Ο
2264 5213 2397 5252 PLUS
2420 5214 2569 5259 ουΑιί
2600 5215 2973 5256 vasrmeurum
3002 5201 3029 5255 τ
3051 5201 3257 5255 Anima
3282 5201 3412 5271 plus
3437 5205 3522 5256 est
3549 5218 3726 5273 quam
3753 5220 3892 5271 esca,

524 5306 847 5362 vorantium
889 5302 1034 5354 Deus
1065 5301 1262 5352 venter
1292 5301 1394 5350 est.
1448 5298 1684 5363 Quorum
1729 5296 1851 5363 ﬁnis
1888 5295 2160 5355 interitus,

525 5416 755 5473 quorum
816 5400 953 5452 Deus
1027 5396 1208 5447 venter
1280 5394 1395 5455 est,
1446 5393 1497 5443 et
1570 5389 1744 5457 gloria
1821 5390 1880 5441 in
1948 5389 2158 5454 confu-

524 5499 669 5550 sione
711 5496 950 5564 ipsorum
984 5489 1083 5557 qui
1130 5490 1345 5540 terrena
1374 5485 1619 5552 sapiunt.
1652 5483 1719 5536 Et
1757 5481 1893 5552 quid
1924 5481 2107 5534 dicam
2134 5481 2161 5534 Ἰ

527 5589 904 5661 quodcunque
958 5580 1203 5653 amplius
1256 5577 1443 5648 diligit
1494 5576 1664 5653 hqmo
1714 5590 1885 5645 quam
1957 5575 2158 5637 Deum,

527 5684 724 5753 utique
769 5679 851 5733 illi
901 5682 984 5732 est
1030 5676 1213 5743 Deus,
1243 5678 1299 5726 et
1348 5671 1474 5726 ideo
1512 5685 1663 5724 nemo
1694 5672 1868 5738 potest
1904 5669 2008 5722 Deo
2056 5683 2161 5722 ser-

526 5777 640 5829 uire
691 5777 741 5828 et
793 5785 1152 5835 mammona;
1193 5766 1330 5838 quia
1380 5764 1480 5836 qui
1539 5761 1787 5816 avaritiae
1839 5760 2156 5832 studuerit,

530 5864 644 5919 Deo
693 5863 900 5919 servire
948 5878 1065 5918 non
1115 5859 1365 5933 poterit:
1414 5856 1511 5912 ubi
1560 5856 1699 5911 enim
1745 5857 1821 5912 est
1877 5854 2159 5912 thesaurus

2261 5292 2398 5363 quia
2422 5308 2647 5363 semper
2686 5294 2939 5349 manebit
2962 5312 2979 5363 ς
3013 5311 3137 5349 esca
3161 5311 3295 5350 vero
3323 5294 3553 5366 peribit.
3601 5297 3669 5349 Et
3694 5312 3895 5368 corpus

2260 5385 2389 5457 plus
2426 5402 2598 5457 quam
2642 5387 3043 5443 vestimentum
3085 5392 3187 5459 est,
3225 5388 3359 5460 quia
3404 5389 3665 5461 quamvis
3719 5390 3780 5444 in
3817 5388 3889 5443 ci-

2259 5495 2457 5534 nerem
2505 5480 2827 5550 redigatur,
2881 5485 3076 5537 tamen
3131 5482 3312 5536 instar
3361 5483 3566 5554 prioris
3620 5483 3889 5538 reforma-

2257 5573 2430 5628 bitur.
2472 5573 2757 5645 Scriptum
2790 5579 2875 5630 est
2912 5576 3067 5630 enim
3099 5593 3112 5630 :
3166 5577 3325 5631 Velut
3366 5579 3625 5632 amictum
3663 5578 3892 5632 mutabis

2257 5683 2362 5731 eos,
2389 5668 2838 5735 etmutabuntur;
2860 5670 3263 5726 vestimentum
3290 5687 3421 5726 vero
3440 5671 3509 5727 ad
3535 5671 3785 5727 nihilum
3812 5664 3915 5726 re?

2258 5760 2489 5833 digitur.

2328 5856 2614 5914 Rnsmcrrs
2664 5872 2945 5914 vou‘rms
2998 5874 3130 5915 cmu
3178 5873 3422 5924 QUONIAII
3484 5876 3598 5918 nos
3660 5873 3879 5927 senem,
