4016 6240
164 286 274 343 803

1516 284 1580 339 IN
1618 278 1866 339 MATTH.
1907 280 2053 337 CAP.
2094 278 2179 335 VI.

3442 281 3545 336 806

159 410 344 457 suam
372 408 724 450 CONGREGANT
742 408 796 448 IN
817 408 1054 459 nonam,
1078 409 1141 447 ar
1168 409 1339 451 mrsu
1356 408 1558 448 vssrcn
1579 410 1798 448 couss-
1826 406 1884 478 Α
1903 393 2148 458 Insuper,
2170 393 2220 443 et
2241 387 2386 459 quod
2407 403 2514 443 non
2542 387 2753 458 petisti,
2789 386 2929 441 dabo
2950 387 3069 449 tibi,
3090 385 3316 458 divitias
3336 390 3542 450 sa’culi,

154 504 242 543 TIS
276 504 472 544 PASCIT
500 504 637 544 ω.
666 487 917 542 Dederat
945 488 1445 558 comparationem
1478 487 1548 540 de
1582 488 1802 557 majore

158 581 234 634 ad
266 581 594 649 minorem;
628 580 702 635 de
728 581 925 635 anima
952 580 1025 634 ad
1048 596 1273 651 corpus,
1298 584 1356 634 et
1387 580 1457 634 de
1489 580 1713 634 minore
1733 579 1806 633 ad

159 675 478 745 majorem,
495 675 565 729 de
580 691 707 730 esca
721 674 795 729 ad
808 674 1088 743 animam;
1103 692 1257 728 nunc
1269 674 1479 730 iterum
1494 674 1564 727 de
1581 673 1806 728 minore

160 774 235 827 ad
262 774 554 843 majorem
592 773 692 827 dat
729 773 1252 844 comparationem,
1287 774 1357 827 de
1385 774 1707 828 volucribus
1733 772 1807 827 ad

159 867 470 921 hominem
491 883 624 921 cum
647 867 784 920 dicit
807 884 819 920 :
848 869 1111 936 Respicite
1130 868 1378 921 volatilia
1409 869 1542 920 caeli.
1562 866 1807 930 Quidam

155 961 424 1016 volatilia
449 962 572 1015 coeli
610 962 849 1031 angelos
882 961 1207 1031 intelligere
1234 962 1441 1028 voluit,
1478 964 1716 1031 propter
1740 959 1804 1013 il-

158 1055 260 1108 lud
290 1071 304 1108 :
342 1055 585 1118 Volavit,
619 1055 807 1126 inquit
846 1055 1159 1125 propheta,
1188 1056 1263 1109 ad
1290 1070 1369 1108 me
1395 1070 1536 1108 unus
1565 1055 1631 1108 de
1656 1070 1807 1108 sera-

155 1149 315 1217 phin,
348 1150 449 1218 qui
469 1163 578 1202 non
607 1149 878 1203 laborant.
898 1148 1032 1202 ldeo
1052 1148 1287 1219 quidem
1315 1148 1531 1202 visione
1561 1147 1658 1201 Dei
1676 1164 1804 1218 pcr-

159 1241 457 1307 fruuntur,
479 1241 703 1295 dicente
731 1242 899 1296 Petro
932 1243 1221 1312 apostolo:
1247 1244 1313 1295 In
1329 1259 1483 1312 quem
1501 1242 1810 1296 desiderant

157 1336 349 1403 angeli
371 1337 698 1405 prospicere.
733 1335 847 1389 Sed
872 1352 1241 1405 nequaquam
1266 1335 1345 1389 ita
1365 1335 1806 1405 intelligendum

160 1431 267 1493 est,
294 1432 361 1481 ut
380 1428 557 1482 homo
578 1428 767 1482 malus
787 1428 859 1481 sit
883 1428 1037 1498 apud
1055 1430 1233 1482 Deum
1258 1445 1433 1499 quam
1457 1428 1668 1497 angeli.
1694 1428 1807 1482 Sed

162 1521 373 1575 melius
405 1524 491 1575 est
528 1524 591 1575 ut
620 1520 1013 1592 intelligamus
1048 1521 1301 1576 volatilia
1328 1522 1485 1588 coeli,
1519 1538 1650 1575 aves
1679 1538 1806 1591 quae

161 1631 266 1686 per
283 1615 442 1669 hunc
463 1632 657 1669 aerem
676 1615 1023 1681 discurrunt,
1040 1615 1192 1669 unde
1217 1618 1273 1669 et
1294 1632 1427 1669 aves
1447 1616 1567 1669 (δίειί
1596 1632 1801 1669 vocan-

164 1710 288 1761 tur:
313 1724 433 1762 non
452 1708 718 1762 laborant
738 1725 927 1778 neque
940 1712 1185 1773 metunt,
1202 1708 1301 1761 sed
1316 1711 1521 1773 rostro,
1539 1712 1595 1761 et
1608 1707 1808 1777 ungui-

1906 487 2035 538 auri
2057 488 2109 538 et
2132 486 2364 551 argenti.
2393 482 2507 538 Sed
2533 481 2593 535 in
2620 481 2778 536 omni
2802 479 3171 535 multitudine
3194 479 3539 548 divitiarum,

1908 580 1965 631 et
1994 576 2272 631 varietate
2298 576 2541 631 vestium
2570 592 2687 630 non
2718 578 2805 630 est
2828 577 3154 645 coopertus,
3192 573 3337 629 sicut
3362 590 3542 628 unum

1907 669 2118 736 existis,
2142 668 2629 725 subauditurliliis
2650 668 2793 739 agri.
2815 669 2939 722 Non
2965 667 3121 721 enim
3140 667 3407 734 sericum,
3434 684 3543 722 nec

1907 778 2113 832 regum
2142 779 2417 833 purpura,
2452 780 2558 817 nec
2586 762 2809 833 pictura
2839 761 3144 815 textricum
3174 763 3363 830 potest
3384 760 3539 815 ﬂori-

1906 855 2013 909 bus
2044 856 2386 926 comparari.
2422 856 2570 919 Quid
2594 856 2751 909 enim
2770 855 2847 910 ita
2869 855 3034 909 rubet
3052 854 3292 909 utrosa?
3308 853 3445 925 quid
3463 853 3543 908 ita

1909 949 2119 1003 candet
2154 953 2218 1003 ut
2254 949 2475 1004 lilium?
2515 949 2679 1003 violae
2710 966 2845 1004 vero
2874 965 3147 1020 purpura,
3183 949 3341 1002 nullo
3372 964 3541 1018 supe-

1910 1042 2026 1097 rari
2051 1042 2289 1109 murice,
2318 1044 2615 1098 oculorum
2640 1044 2822 1113 magis
2851 1059 3023 1114 quam
3047 1058 3380 1097 sermonum
3396 1041 3547 1111 judi-

1912 1134 2064 1189 cium
2098 1138 2204 1189 est.
2236 1135 2389 1189 Fecit
2417 1136 2573 1189 enim
2610 1136 2883 1191 Salomon
2924 1152 3058 1189 vasa
3088 1151 3263 1189 aurea
3288 1135 3345 1187 in
3373 1134 3547 1189 domo

1909 1227 2163 1293 Domini,
2190 1229 2347 1282 velut
2375 1228 2446 1282 ad
2480 1228 2821 1298 dignitatem
2854 1228 3099 1299 regiam.
3133 1228 3246 1282 Sed
3276 1231 3333 1281 et
3360 1229 3542 1294 fercu-

1910 1326 2022 1380 lum
2046 1328 2179 1393 fecit
2203 1326 2455 1381 Salomon
2487 1327 2552 1381 de
2573 1328 2737 1395 lignis
2762 1327 2986 1389 Sethim,
3010 1327 3389 1394 columnasque
3413 1327 3543 1392 fecit

1907 1424 2221 1488 argenteas,
2265 1435 2540 1475 ascensum
2577 1436 2951 1489 purpureum,
2996 1406 3399 1473 reclinatorium
3440 1435 3538 1473 au-

1906 1528 2057 1567 reum
2079 1513 2255 1566 medio
2279 1514 2530 1567 claritate
2566 1516 2861 1568 constravit
2890 1517 3115 1583 propter
3154 1513 3296 1581 ﬁlias
3319 1514 3539 1566 Jerusa—

1908 1605 2027 1659 lem.
2058 1605 2357 1660 Ferculum
2384 1604 2541 1659 enim
2580 1610 2840 1661 sanctam
2873 1605 3161 1676 significat
3198 1605 3540 1672 Ecclesiam,

1907 1700 2191 1753 columnas
2211 1716 2344 1753 vero
2368 1703 2594 1753 sanctos
2618 1699 2899 1769 doctores,
2931 1699 3075 1753 sicut
3096 1698 3166 1751 de
3195 1698 3539 1769 quibusdam

163 1800 268 1854 bus
289 1804 626 1872 pascuntur.
646 1801 705 1857 Si
722 1775 1168 1871 inquitvolatilia
1184 1801 1589 1872 coeli,quorum
1609 1775 1882 1855 animaB
1908 1809 2112 1847 eorum
2140 1792 2357 1847 dictum
2389 1796 2475 1847 est
2505 1810 2517 1847 ε
2546 1794 2773 1849 lacubus
2810 1798 2861 1848 et
2903 1794 3128 1862 Cephas.
3158 1797 3209 1847 et
3243 1794 3542 1857 ΙοῘιαηηϐερ

102 1888 111 1896 ’
163 1910 296 1948 cum
319 1911 562 1966 corpore
588 1895 851 1961 moritur,
878 1895 1027 1948 Deus
1049 1895 1127 1948 sic
1148 1895 1347 1965 pascit,
1373 1898 1589 1965 quanto
1620 1895 1807 1964 magis

160 2004 261 2042 vos
282 1988 383 2059 qui
409 1988 480 2043 ad
512 1988 830 2059 imaginem
853 1988 952 2042 Dei
976 1988 1109 2042 facti
1132 1988 1264 2041 estis
1288 1988 1395 2041 illis
1409 1988 1435 2041 ‘?
1462 1989 1627 2042 Ratio
1649 1988 1805 2042 enim

162 2081 284 2136 haec
313 2099 434 2136 non
458 2081 529 2136 ad
554 2081 1050 2147 numerositatem,
1082 2082 1181 2135 sed
1210 2081 1283 2136 ad
1309 2081 1806 2153 comparationem

160 2175 545 2246 intelligenda
595 2178 698 2229 est.
743 2174 802 2229 Si
848 2174 921 2229 ad
971 2192 1276 2229 numerum
1320 2175 1645 2246 intelligas,
1680 2176 1806 2246 plus

162 2273 295 2322 sunt
325 2268 583 2323 volatilia
609 2267 734 2323 οωὶί
757 2285 932 2339 quam
962 2268 1259 2335 homines;
1289 2269 1390 2322 sed
1416 2268 1489 2322 ad
1515 2269 1802 2339 quantita-

162 2365 305 2431 tem,
322 2362 893 2433 etcomparationem
908 2365 993 2416 est
1006 2362 1447 2432 intelligendum
1464 2362 1619 2433 quod
1638 2362 1801 2416 dicit:

163 2457 357 2513 NONNE
392 2472 496 2512 vos
524 2472 685 2512 MAGIS
714 2472 916 2512 PLURES
956 2472 1103 2511 ESTlS
1129 2456 1307 2511 nus?
1338 2455 1393 2511 id
1422 2459 1508 2510 est
1538 2457 1805 2511 meliores

163 2552 221 2603 et
247 2549 545 2605 chariores
575 2550 739 2618 estis,
771 2553 829 2604 et
864 2551 991 2621 plus
1022 2550 1247 2616 valetis;
1286 2550 1383 2603 illa
1410 2549 1567 2603 enim
1596 2549 1639 2603 si
1670 2550 1806 2603 laesa

166 2644 342 2697 fuerit
363 2644 579 2711 anima,
607 2661 814 2715 corpus
838 2643 1116 2698 interibit.
1136 2645 1320 2698 Homo
1339 2643 1584 2698 moritur
1600 2660 1799 2714 corpo-

165 2753 246 2804 re,
267 2737 472 2792 anima
493 2737 566 2792 ad
587 2737 837 2792 coelestia
860 2737 1066 2792 tendit.
1089 2740 1236 2792 Deus
1253 2738 1409 2792 enim
1431 2737 1802 2808 omnipotens

168 2847 283 2885 non
307 2829 579 2886 homines
599 2835 836 2903 propter
856 2848 1006 2899 aves,
1023 2830 1123 2889 sed
1137 2848 1267 2885 aves
1287 2835 1522 2903 propter
1539 2831 1805 2886 homines

165 2925 322 2993 fecit,
369 2928 425 2979 et
467 2929 706 2997 propter
736 2924 1003 2980 homines
1032 2926 1191 2979 venit
1228 2924 1287 2979 in
1334 2925 1619 2979 mundum
1640 2967 1653 2993 ,
1686 2941 1803 2979 non

166 3021 407 3089 propter
444 3035 596 3088 aves,
638 3036 781 3090 quos
812 3022 870 3073 et
899 3036 1031 3074 caro
1072 3019 1258 3091 pretio
1285 3019 1461 3087 emit,
1497 3018 1641 3073 sicut
1667 3019 1801 3072 scri-

165 3115 330 3181 ptum
360 3115 477 3167 est:
498 3116 683 3183 Empti
705 3115 845 3167 enim
869 3116 994 3168 estis
1008 3116 1187 3184 pretio
1221 3129 1437 3183 magno.
1459 3117 1591 3181 Qms
1620 3129 1801 3168 AUTEM
1825 3150 1880 3225 Ο

166 3221 415 3263 VESTRUM
474 3222 736 3263 COGITAN’S
800 3223 1003 3263 POTEST
1063 3223 1318 3264 ADJICERE
1381 3224 1449 3263 AD
1525 3223 1803 3263 STATURAM

168 3314 309 3356 sum
355 3316 589 3357 CUBITL’M
618 3300 806 3357 UNL’M?
831 3302 1028 3355 Nullus
1055 3301 1210 3357 enim
1238 3301 1310 3356 ad
1336 3304 1616 3355 staturam
1640 3318 1803 3356 suam

167 3392 426 3448 cubitum
456 3411 635 3448 unum
659 3392 905 3466 adjicere
927 3395 1113 3462 valet;
1149 3395 1265 3449 imo
1288 3412 1394 3449 nec
1422 3413 1601 3449 unum
1631 3396 1801 3466 capil-

166 3488 284 3541 lum
311 3488 518 3560 capitis
563 3488 757 3543 album
796 3489 988 3543 facere
1031 3492 1129 3544 aut
1159 3489 1410 3560 nigrum.
1445 3489 1648 3543 Danda
1684 3491 1806 3543 erat

166 3582 528 3653 comparatio
551 3581 622 3636 de
641 3582 984 3637 vestimento
1008 3583 1080 3637 ad
1103 3599 1329 3653 corpus,
1353 3582 1497 3637 sicut
1519 3586 1576 3636 et
1595 3582 1666 3636 de
1689 3582 1806 3637 ani-

166 3691 261 3729 ma
299 3674 441 3729 data
469 3679 612 3729 erat.
646 3675 811 3739 Quod
851 3676 989 3731 dicit
1016 3676 1341 3731 istiusmodi
1369 3679 1490 3730 est:
1522 3676 1599 3730 illi
1630 3676 1799 3731 relin-

168 3769 324 3839 quite
348 3785 546 3824 curam
567 3769 665 3840 qui
686 3770 819 3824 fecit
834 3773 1143 3838 staturam;
1173 3771 1272 3841 qui
1290 3769 1445 3825 enim
1469 3786 1674 3841 corpus
1691 3787 1804 3841 qua

168 3863 347 3917 voluit
391 3879 667 3917 mensura
714 3863 1038 3932 constituit,
1081 3864 1294 3918 scilicet
1335 3880 1507 3935 quam
1540 3865 1800 3934 longum,

169 3972 345 4027 quam
364 3957 538 4011 breve
561 3960 728 4025 esset,
758 3957 955 4029 utique
980 3958 1131 4028 quod
1160 3957 1351 4012 minus
1385 3959 1469 4012 est
1489 3956 1667 4025 dabit,
1696 3958 1800 4012 sci-

169 4049 300 4105 licet
326 4050 737 4115 indumentum
755 4054 811 4106 et
828 4055 1250 4121 tegumentum.
1276 4051 1383 4115 Qui
1405 4052 1560 4105 enim
1580 4052 1804 4122 majora

171 4144 433 4211 contulit,
462 4161 570 4199 nec
600 4162 716 4199 non
744 4144 1041 4216 utriusque
1070 4148 1127 4199 et
1153 4145 1381 4200 minora
1409 4145 1720 4217 praestabit.

238 4239 619 4294 CONSIDERATE
669 4255 807 4295 LILIA
860 4255 987 4295 AGRI
1038 4256 1302 4304 QUOMODO
1352 4255 1645 4306 CRESCUNT,
1698 4256 1803 4295 NON

172 4346 469 4399 LABORAN’I’,
514 4349 688 4396 NEQUE
725 4350 878 4389 NENT.
914 4336 1030 4389 Hoc
1059 4334 1185 4389 loco
1227 4350 1343 4389 non
1383 4333 1706 4405 specialiter
1736 4332 1799 4387 li-

175 4424 334 4493 lium,
377 4425 477 4480 sed
523 4442 726 4481 omnes
761 4426 970 4481 herbas
1001 4426 1410 4497 intelligamus,
1455 4443 1581 4498 qua:
1613 4426 1803 4480 hieme

1905 1888 2002 1956 qui
2044 1887 2373 1941 videbantur
2421 1888 2679 1941 columna:
2731 1902 2856 1942 esse.
2902 1888 3183 1939 Ascensus
3224 1902 3545 1957 purpureus

1905 1982 2133 2033 sanctos
2144 1979 2431 2049 significat
2445 1982 2582 2034 conf
2582 1996 2821 2046 essores,
2836 1979 3268 2034 reclinatorium
3281 1996 3542 2050 aureum,

1907 2072 2163 2126 divinam
2182 2073 2548 2143 sapientiam.
2569 2074 2649 2127 De
2669 2090 2783 2144 qua
2805 2072 2939 2127 alibi
2960 2089 2973 2127 :
3003 2075 3305 2127 Thesaurus
3326 2073 3537 2128 deside-

1904 2166 2118 2228 rabilis,
2144 2168 2431 2236 requiescit
2453 2182 2598 2221 more
2622 2169 2902 2236 sapientis.
2932 2166 3085 2220 Filias
3107 2166 3425 2220 Jerusalem
3465 2166 3537 2220 si-

1907 2260 2183 2330 gnificant
2210 2259 2434 2314 animas
2462 2262 2707 2314 sanctas.
2732 2258 3007 2323 Quamvis
3026 2258 3183 2313 enim
3206 2259 3283 2312 sic
3310 2258 3542 2314 decoras

1906 2354 1996 2405 tus
2022 2351 2218 2406 fuisset
2235 2353 2533 2419 Salomon,
2556 2356 2754 2407 tamen
2780 2368 3079 2423 nunquam
3102 2352 3289 2423 potuit
3308 2352 3385 2406 sic
3402 2370 3535 2407 can-

1906 2445 2106 2500 didum
2128 2446 2341 2500 habere
2363 2446 2769 2500 vestimentum
2791 2449 2853 2500 ut
2879 2445 3185 2512 estlilium,
3210 2462 3316 2500 nec
3330 2463 3539 2517 purpu-

1904 2555 2070 2594 reum
2107 2540 2250 2594 sicut
2282 2539 2449 2606 viola,
2496 2556 2602 2593 nec
2634 2540 2964 2594 coccineum
3002 2539 3146 2593 sicut
3172 2555 3323 2594 rosa.
3360 2540 3535 2609 Spiri-

1906 2634 2144 2687 tualiter
2168 2650 2273 2704 per
2300 2634 2485 2688 lilium
2512 2634 2868 2704 significatur
2894 2634 3211 2703 virginitas,
3235 2650 3340 2705 per
3366 2634 3540 2687 violas

1906 2728 2283 2794 confessores,
2311 2744 2416 2799 per
2450 2744 2611 2782 rosas
2642 2731 2943 2799 martyres.
2980 2727 3253 2782 Salomon
3290 2744 3539 2799 namque

1908 2821 2297 2891 virginitatem
2331 2838 2449 2875 non
2476 2821 2697 2890 habuit,
2727 2821 2828 2875 sed
2859 2821 3035 2875 etiam
3064 2837 3165 2876 cor
3189 2821 3310 2892 ejus
3330 2821 3534 2893 depra-

1906 2919 2099 2970 vatum
2127 2918 2210 2969 est
2240 2932 2344 2986 per
2368 2915 2661 2972 mulieres.

1977 3009 2033 3063 SI
2074 3025 2251 3065 AUTEM
2291 3025 2469 3065 FENUM
2508 3025 2634 3065 AGRI
2675 3024 2820 3072 QUOD
2860 3024 3026 3064 HODIE
3059 3024 3171 3075 EST,
3220 3025 3283 3065 ET
3319 3024 3452 3066 CRAS
3485 3026 3534 3067 ΙΝ

1906 3117 2173 3159 CLIBANUM
2214 3119 2483 3171 MIT’I‘ITUR,
2524 3105 2668 3158 Deus
2709 3119 2791 3158 su:
2829 3119 3033 3158 vasrrr.
3081 3103 3180 3158 Hic
3209 3107 3406 3174 aperte
3434 3104 3533 3158 da-

1906 3198 1998 3250 tur
2039 3196 2283 3267 intelligi
2325 3194 2460 3268 quia
2510 3197 2770 3268 superius
2804 3213 2976 3251 omne
3017 3213 3199 3268 genus
3224 3198 3536 3253 herbarum

1905 3291 2399 3362 comprehendere
2426 3291 2604 3346 voluit
2641 3308 2772 3345 cum
2800 3290 2938 3345 dicit
2983 3308 2996 3345 :
3041 3293 3102 3349 Si
3137 3296 3315 3347 autem
3352 3296 3537 3360 fenum

1905 3388 2031 3456 agri
2058 3386 2203 3455 quod
2232 3386 2389 3440 hodie
2420 3390 2516 3450 est,
2545 3389 2594 3440 et
2616 3401 2734 3441 cras
2757 3387 2816 3439 in
2835 3386 3110 3440 clibanum
3136 3388 3393 3441 mittitur.
3425 3387 3533 3441 Ho-

1906 3479 1998 3533 die
2027 3496 2130 3550 pro
2168 3478 2437 3550 praesenti
2473 3480 2736 3550 tempore
2770 3480 2988 3549 posuit,
3018 3496 3144 3534 cras
3172 3497 3276 3550 pro
3303 3479 3532 3546 futuro;

1905 3576 1968 3627 ut
2012 3576 2098 3627 est
2124 3573 2262 3627 illud
2290 3572 2464 3627 Jacob
2498 3589 2510 3627 ε
2539 3575 2683 3629 CRAS
2724 3589 2985 3628 summer
3024 3590 3096 3628 ME
3131 3589 3367 3628 JUSTITIA
3405 3589 3532 3629 MEA.

1905 3668 1973 3721 Et
2002 3667 2231 3721 Samuel
2266 3666 2405 3719 dixit
2437 3666 2508 3720 ad
2550 3666 2682 3720 Saul
2735 3683 2746 3721 :
2790 3670 2923 3724 Cras
2952 3672 3038 3729 tu,
3084 3673 3135 3720 et
3161 3668 3266 3735 ﬁlii
3303 3669 3402 3729 tui,
3434 3683 3537 3722 me-

1903 3777 2022 3815 cum
2051 3763 2221 3815 eritis.
2264 3762 2484 3827 QUANTO
2526 3775 2687 3814 MAGIS
2726 3775 2830 3814 vos
2871 3775 3075 3815 munus
3115 3761 3295 3814 smn?
3320 3760 3533 3831 Repre-

1904 3853 2177 3908 henditur
2194 3853 2338 3907 ﬁdes
2358 3854 2770 3924 apostolorum,
2797 3854 2883 3907 vel
2911 3852 3262 3921 Iudaeorum,
3288 3855 3385 3925 qui
3407 3872 3530 3911 mo-

1905 3947 2091 4003 dicam
2149 3947 2369 4001 habent
2408 3946 2605 4000 ﬁdem.
2656 3948 2859 4002 Nomm
2910 3962 3050 4002 suco
3100 3962 3361 4004 SOLLICI'I‘I
3408 3964 3538 4006 assa

1905 4056 2194 4097 chssrss:
2257 4040 2405 4105 Quid
2456 4056 2896 4107 MANDUCABIMUS,
2937 4057 3040 4096 Αυτ
3097 4058 3223 4105 omo
3279 4059 3532 4113 BIBEMIZS,

1903 4152 2007 4192 AUT
2046 4150 2154 4198 ouo
2183 4134 2528 4191 OPERIEML'R?
2558 4135 2637 4189 De
2660 4151 2809 4205 esca,
2836 4139 2894 4189 et
2908 4135 3252 4190 vestimento
3276 4138 3536 4209 superius

1906 4228 2351 4289 sollicitudinem
2374 4229 2603 4296 tulerat,
2621 4227 2691 4283 de
2714 4231 2855 4300 potu
2881 4229 3207 4284 reticuerat.
3232 4231 3535 4304 Recapitu.

1904 4323 2080 4378 lando
2122 4322 2316 4377 subdit
2358 4339 2370 4377 :
2416 4322 2593 4381 Nolite
2636 4324 2859 4377 solliciti
2896 4339 3005 4378 esse
3055 4325 3287 4379 dicentes
3330 4344 3347 4379 :
3393 4327 3537 4393 Quid

1903 4418 2352 4473 manducabimus
2371 4422 2469 4471 aut
2493 4417 2628 4487 quid
2649 4416 2882 4471 bibemus
2895 4419 2922 4471 ?
2944 4421 3045 4471 aut
3065 4434 3168 4485 quo
3192 4421 3492 4486 operiemur
3509 4424 3538 4474 φ

176 4521 439 4575 arefacta!
466 4519 751 4587 videntur,
777 4524 972 4574 aestate
1004 4520 1239 4575 diversis
1262 4521 1501 4576 ﬂoribus
1521 4520 1882 4597 adornan-D
1906 4510 2246 4565 subauditur
2294 4509 2602 4580 exquisitas
2646 4510 2880 4579 epulas;
2925 4511 3025 4562 aut
3072 4507 3210 4578 quid
3247 4509 3532 4581 bibemus,

174 4613 277 4668 tur.
295 4615 516 4684 Agrum
535 4612 820 4668 mundum
838 4613 1013 4669 istum
1032 4614 1449 4686 intelligamus;
1469 4614 1540 4668 de
1563 4630 1677 4685 quo
1698 4615 1806 4669 D0-

173 4708 360 4762 minus
389 4706 448 4760 in
473 4707 784 4778 Evangelio
806 4725 819 4762 :
844 4711 990 4778 Ager
1015 4711 1155 4763 enim
1181 4712 1258 4763 est
1281 4709 1531 4763 mundus.
1564 4709 1688 4762 Non
1720 4709 1801 4761 la-

174 4799 379 4856 borant
403 4801 464 4855 in
494 4801 725 4867 ﬁlando,
751 4817 856 4855 nec
880 4802 937 4855 in
958 4802 1227 4869 texendo,
1250 4819 1355 4856 nec
1382 4802 1555 4856 telam
1580 4800 1806 4857 ordien-

176 4891 264 4961 do,
290 4893 391 4949 sed
421 4895 520 4948 Dei
544 4894 909 4965 providentia
929 4898 1209 4949 crescunt.
1236 4898 1371 4950 DICO
1410 4911 1587 4950 Al'TEM
1624 4908 1803 4961 voms,

177 5001 414 5049 QUONIAM
441 5004 541 5043 NEC
571 4991 829 5044 SALOMON
864 5005 918 5045 ΙΝ
959 5005 1092 5045 OMNI
1122 5005 1317 5045 GLORIA
1356 5004 1455 5045 SUA
1492 5002 1805 5045 COOPERTUS

176 5095 264 5137 ssr
304 5097 460 5137 SICUT
500 5098 649 5138 cura
688 5099 753 5138 EX
792 5098 948 5138 ISTIS.
979 5082 1124 5148 Quid
1155 5086 1241 5137 est
1265 5082 1440 5155 quod,
1468 5086 1555 5137 tot
1576 5082 1807 5153 regibus

178 5175 590 5243 praetermissis,
621 5175 718 5247 qui
748 5179 882 5231 ante
922 5177 1328 5244 Salomonem,
1362 5177 1449 5230 vel
1495 5179 1628 5248 post
1674 5192 1805 5229 eum

177 5267 424 5336 fuerunt,
473 5268 741 5324 omnibus
780 5270 966 5341 ipsum
1010 5272 1294 5342 praetulit?
1334 5286 1544 5340 nempe
1572 5272 1809 5341 propter

177 5361 540 5433 sapientiam,
574 5364 659 5417 vel
698 5363 943 5432 divitias,
977 5382 1045 5419 eo
1084 5365 1237 5435 quod
1265 5364 1535 5419 omnibus
1577 5362 1805 5433 sapien-

176 5453 303 5523 tior,
332 5458 419 5510 vel
448 5456 623 5511 ditior
666 5457 876 5525 fuerit,
925 5457 1150 5512 dicente
1181 5458 1287 5511 sibi
1313 5458 1429 5512 Deo
1464 5474 1476 5510 :
1522 5459 1660 5523 Quia
1702 5472 1809 5510 non

174 5552 355 5617 petisti
376 5550 477 5605 tibi
501 5551 726 5606 divitias
746 5554 874 5606 auri
900 5556 951 5606 et
977 5540 1210 5621 argenti,
1231 5567 1326 5605 nec
1346 5550 1459 5605 dies
1471 5551 1687 5611 multos,
1712 5564 1806 5603 ne-

179 5658 275 5710 que
304 5646 519 5700 animas
568 5647 909 5700 inimicorum
949 5650 1201 5712 tuorum;
1237 5645 1331 5700 sed
1376 5644 1699 5714 sapientiam
1736 5642 1811 5696 ad

180 5735 586 5793 discernendum
602 5740 793 5794 bonum
810 5744 861 5795 et
876 5741 1103 5803 malum,
1116 5755 1228 5793 ecce
1240 5740 1367 5794 dedi
1383 5739 1483 5793 tibi
1489 5739 1811 5807 sapientiam

184 5830 251 5885 ad
259 5831 668 5890 discernendum
684 5834 879 5890 bonum
900 5838 952 5889 et
967 5833 1193 5897 malum,
1214 5848 1327 5888 ecce
1347 5832 1475 5888 dedi
1486 5831 1587 5886 tibi
1594 5832 1808 5900 sapien-

185 5926 310 5985 tiam
338 5929 400 5985 ut
430 5929 504 5984 sis
537 5929 754 6002 sapiens
782 5943 945 6001 super
978 5941 1156 5985 omnes
1189 5929 1285 5998 qui
1318 5928 1544 5997 fuerunt
1573 5928 1700 5979 ante
1740 5927 1809 5980 te.

1906 4605 2047 4676 quot
2082 4618 2299 4672 genera
2328 4601 2659 4673 potionum;
2693 4604 2793 4656 aut
2834 4618 2948 4672 quo
2984 4600 3331 4671 operiemur,
3366 4605 3535 4660 vestis

1904 4699 2104 4752 menta
2142 4695 2357 4750 scilicet
2403 4694 2675 4765 pretiosa.
2721 4696 2849 4749 Haec
2903 4709 3072 4750 OMNIA
3119 4710 3317 4752 GENTES
3356 4713 3533 4763 ικουιι

1906 4807 2062 4847 num.
2093 4790 2242 4857 Haec,
2266 4803 2396 4859 quae
2419 4787 2680 4858 superius
2701 4787 2853 4841 dicta
2875 4791 3025 4855 sunt,
3050 4788 3263 4844 scilicet
3286 4793 3533 4847 mandu«

1907 4901 2057 4950 care,
2088 4883 2306 4949 bibere,
2338 4881 2685 4935 vestimenta
2710 4881 2962 4951 pretiosa
2983 4882 3164 4949 indui,
3189 4885 3385 4940 omnia
3407 4887 3535 4956 ista,

1908 4982 1966 5033 et
1990 4977 2077 5031 his
2108 4975 2317 5031 similia
2336 5017 2349 5043 ,
2395 4978 2598 5046 gentes
2639 4974 2993 5046 quassierunt
3013 5018 3026 5043 ,
3056 4992 3185 5047 quin
3214 4983 3382 5033 erant
3402 4983 3540 5036 sicut

1906 5087 2072 5142 equus
2096 5076 2147 5125 et
2172 5071 2372 5132 mulus,
2403 5069 2598 5139 quibus
2626 5084 2730 5123 non
2756 5073 2832 5123 est
2853 5071 3174 5133 intellectus,
3202 5071 3538 5143 ignorantes

1907 5164 2234 5221 Dominum.
2282 5166 2405 5219 Scn'
2444 5178 2572 5218 sum
2608 5164 2785 5217 PATER
2823 5178 3025 5219 vssrsn
3065 5179 3367 5233 COELESTIS,
3412 5184 3539 5231 om

1910 5276 1997 5316 ais
2019 5273 2255 5314 OMNIBUS
2281 5271 2566 5313 lNDIGETIS.
2590 5255 2861 5310 Nonnulli
2877 5258 3112 5310 fuerunt
3140 5259 3235 5328 qui
3257 5260 3533 5315 dicerent.

1909 5354 1969 5410 Si
1998 5355 2149 5408 Deus
2170 5368 2345 5407 omne
2373 5349 2529 5422 quod
2553 5348 2717 5404 nobis
2743 5350 3130 5403 necessarium
3152 5355 3236 5406 est
3257 5352 3378 5421 scit,
3401 5352 3538 5425 quid

1910 5448 2239 5520 indigemus
2268 5446 2321 5500 ei
2346 5448 2541 5517 petere
2558 5444 2585 5499 ‘l
2606 5442 2709 5498 scit
2729 5442 2882 5497 enim
2908 5443 2998 5497 ille
3022 5445 3249 5511 omnia;
3280 5449 3536 5503 attamen

1911 5543 2193 5614 petendus
2225 5544 2310 5595 est
2335 5543 2393 5594 et
2417 5537 2725 5609 rogandus.
2756 5536 2901 5591 Dicit
2927 5537 3083 5590 enim
3111 5537 3232 5608 ipse
3256 5559 3271 5593 :
3296 5542 3465 5597 Petite
3490 5548 3541 5598 et

1909 5638 2201 5706 accipietis,
2269 5636 2490 5705 quarite
2546 5638 2598 5687 et
2663 5633 2960 5686 invenietis.
3007 5630 3322 5687 Laboribus
3360 5636 3569 5691 etiam-

1912 5714 2193 5785 manuum
2212 5731 2536 5783 nostrarum
2552 5726 2741 5781 vivere
2761 5725 3064 5793 debemus;
3081 5725 3212 5796 quia
3233 5726 3419 5797 primo
3442 5729 3542 5784 ho-

1911 5824 2055 5879 mini
2084 5822 2302 5878 dictum
2336 5824 2424 5877 est
2467 5838 2478 5877 :
2521 5824 2586 5879 In
2617 5820 2812 5877 sudore
2838 5821 3018 5876 vultus
3051 5822 3131 5874 tui
3155 5823 3374 5876 vesceris
3396 5838 3541 5891 pane

1912 5924 2020 5974 tuo.
2044 5922 2295 5987 Quaene
2332 5932 2511 5974 AUTEM
2550 5931 2759 5973 PRIMUM
2798 5930 3016 5974 REGNUM
3053 5915 3149 5972 D31
3178 5931 3241 5973 ET
3266 5929 3545 5979 wsrmm
