4016 6240
453 388 556 443 795

1596 390 1803 456 MAR",
1837 387 2317 446 AVENTICENSIS
2353 390 2673 461 EPISCOPI,

3723 399 3825 453 796

521 494 616 552 His
640 496 961 554 consulibus
985 496 1237 570 dejectus
1260 500 1346 553 est
1372 496 1707 569 Majorianus
1737 499 1805 553 de
1834 498 2078 570 imperio
2099 508 2159 583 Α
2180 514 2273 553 cos
2297 502 2354 553 et
2395 498 2851 569 Burgundiones,
2880 496 3219 571 Godegeselo
3265 498 3372 554 hoc
3403 496 3594 556 dolose
3625 506 3831 557 contra

448 590 509 646 in
535 591 754 647 civitate
785 594 1026 649 Bertona
1045 610 1076 646 a
1104 592 1378 647 Ricimere
1390 591 1651 661 Patricio,
1674 595 1730 648 et
1754 592 2082 649 interfectus

449 688 535 741 est
557 702 728 759 super
756 688 843 743 Ira
866 686 1037 743 fluvio
1060 704 1076 756 ;
1100 690 1155 741 et
1179 687 1393 741 levatus
1419 690 1505 742 est
1520 686 1759 743 Severus
1773 686 2085 760 imperator

447 782 711 838 Ravenna
723 825 736 839 .

515 876 735 931 LEONE
764 877 808 930 ΙΙ
842 876 925 929 ΕΤ
956 874 1246 944 SEVERO,

516 969 800 1035 BASILIO,
831 970 915 1022 ET
942 968 1238 1023 ΒΙΒΙΛΝΟ.

517 1062 609 1117 His
650 1061 974 1117 consulibus
1003 1078 1198 1133 pugna
1225 1061 1370 1118 facta
1408 1066 1493 1118 est
1535 1062 1687 1118 inter
1710 1063 1998 1135 Egidium
2026 1067 2085 1120 et

443 1155 670 1223 Gothos,
696 1155 847 1210 inter
864 1155 923 1210 Li
931 1172 1064 1227 gere
1086 1160 1142 1211 et
1157 1156 1509 1229 Ligerecino,
1532 1157 1697 1228 juxta
1717 1158 2031 1213 Aurelianis
2060 1175 2078 1228 ;

440 1249 635 1321 ibique
663 1249 992 1304 interfectus
1016 1250 1334 1306 Frediricus
1370 1267 1469 1306 rex
1497 1251 1827 1307 Gothorum.

509 1342 810 1399 OLYBRIO
843 1345 927 1399 ET
963 1345 1294 1414 RUSTlClO,

510 1439 943 1493 ERMENERICO
974 1440 1056 1493 ET
1087 1439 1458 1509 BASILISCO,

507 1531 730 1586 LEONE
757 1533 825 1587 Ill
861 1534 944 1586 ET
970 1533 1321 1602 TASSIANO,

510 1624 726 1679 POSEO
754 1626 838 1678 ET
865 1624 1145 1680 JOANNE.

510 1717 604 1771 His
628 1718 955 1773 consulibus
990 1719 1207 1773 levatus
1249 1724 1332 1775 est
1356 1719 1693 1775 Anthemius
1742 1719 2075 1795 imperator.

512 1811 589 1865 Eo
614 1827 764 1865 anno
790 1812 1119 1867 interfectus
1146 1817 1230 1867 est
1251 1813 1629 1869 Theodoricus
1646 1829 1746 1869 rex
1763 1813 2078 1868 Gothorum

437 1921 470 1958 a
497 1902 671 1958 fratre
701 1922 802 1959 suo
833 1906 1136 1960 Eutharico
1162 1907 1423 1962 Tholosa.

510 1999 685 2051 ANTH
697 1998 857 2053 EMIO
885 1999 1220 2065 AUGUSTO,

511 2092 863 2147 MARCIANO
895 2093 979 2145 ET
1009 2092 1255 2161 LEONE,

507 2185 771 2240 SEVERO
798 2186 881 2241 ET
907 2184 1239 2255 JORDANO,

508 2279 730 2333 LEONE
760 2279 827 2333 1v
855 2279 940 2334 ET
968 2279 1338 2349 PROBIANO,

514 2373 747 2439 FESTO,

510 2466 733 2520 LEONE
765 2466 828 2519 V.

510 2561 622 2614 Hoc
667 2559 895 2615 consule
939 2559 1150 2615 levatus
1193 2564 1278 2614 est
1306 2560 1595 2630 Glycerius
1625 2560 1936 2631 imperator
1965 2560 2070 2614 Ra-

435 2669 644 2708 venna.

508 2746 726 2801 LEONE
755 2746 1059 2802 JUNIORE.

506 2840 616 2894 Hoc
642 2840 871 2895 consule
898 2840 1186 2911 depositus
1210 2843 1295 2896 est
1318 2839 1606 2911 Glycerius
1634 2841 1702 2895 de
1727 2839 1987 2912 imperio,
2017 2845 2076 2894 et

434 2935 651 2989 levatus
680 2938 763 2988 est
787 2951 964 3005 nepos
992 2935 1322 3006 imperator.

501 3029 564 3082 P.
594 3028 655 3083 C.
688 3028 927 3083 LEOle
954 3028 1262 3084 JUNIORIS
1291 3027 1601 3097 AUGUSTI,

506 3121 848 3177 BASILISCO
878 3123 962 3175 ET
990 3121 1296 3177 ARMATO.

504 3214 597 3268 His
616 3214 941 3268 consulibus
964 3215 1176 3269 levatus
1201 3219 1285 3269 est
1302 3214 1587 3269 Odovacer
1613 3230 1734 3271 rex.

502 3308 564 3360 P.
592 3308 652 3362 C.
680 3307 1001 3363 BASILISCI
1029 3308 1112 3362 ET
1136 3308 1418 3378 ARMATI,

502 3399 767 3468 ILLONE,

505 3492 793 3561 ZENONE,

501 3585 765 3641 BASlLlO
793 3586 1102 3657 JUNIORE,

498 3674 811 3743 PLACIDO,

500 3769 832 3823 SEVEBINO
862 3768 1169 3837 JUNIORE,

500 3846 778 3931 FAUSTO,

496 3956 628 4010 VEN
632 3956 833 4010 ANTIO
859 3956 944 4009 ET
973 3955 1431 4027 THEODORICO,

498 4048 887 4116 SYMMACHO,

496 4142 696 4196 DEClO
727 4142 811 4195 ET
848 4140 1168 4212 LONGINO,

495 4234 762 4303 BOETIO,

494 4326 823 4383 DINAMICO
857 4329 940 4383 ET
966 4329 1226 4397 SIFIDIO,

493 4420 790 4477 PROBINO
818 4423 904 4476 ET
929 4422 1235 4477 EUSEBIO.

490 4514 582 4569 His
605 4515 932 4569 consulibus
974 4515 1267 4587 ingressus
1295 4516 1678 4573 Theudoricus
1706 4533 1808 4574 rex
1846 4517 2054 4574 Gotho-

421 4623 552 4662 rum
576 4607 635 4661 in
665 4609 821 4662 Italia
852 4610 1024 4663 Ponte
1057 4609 1247 4665 lsonti.

492 4700 788 4755 LONGINO
817 4702 902 4756 ET
922 4701 1211 4773 FAUSTO,

490 4793 808 4863 OLYBRIO,

489 4887 867 4944 ANASTASIO
895 4888 981 4943 ET
1010 4889 1213 4959 RUFO,

489 4980 738 5036 ALBINO
765 4982 849 5035 ET
876 4981 1180 5038 EUSEBIO.

487 5073 581 5128 His
628 5073 951 5128 consulibus
997 5075 1213 5131 occisus
1243 5079 1326 5132 est
1373 5075 1660 5133 Odovacer
1710 5093 1809 5133 rex
1846 5095 1880 5132 a
1920 5095 2054 5151 rege

416 5166 763 5223 Theuderico
792 5166 854 5221 in
883 5167 1141 5223 Laureto.

485 5259 777 5316 ASTERIO
807 5261 891 5316 ET
916 5261 1274 5333 PRESIDIO,

486 5353 805 5421 VIATORE,

484 5446 543 5501 P.
578 5448 640 5503 C.
668 5446 1003 5516 VIATOBIS,

483 5539 543 5593 P.
571 5540 631 5594 C.
665 5541 981 5598 VIATORIS
1006 5541 1192 5598 ANNO
1218 5543 1287 5612 II,

485 5632 845 5704 PAULLINO,

481 5726 543 5780 Ρ.
574 5726 636 5780 c.
666 5726 997 5798 PAULLINI,

483 5818 798 5873 PATRICIO
829 5820 915 5873 ET
942 5822 1258 5878 HYPATIO.

490 5907 586 5961 His
610 5908 929 5966 consulibus
954 5928 1149 5986 pugna
1171 5915 1320 5971 facta
1341 5919 1427 5972 est
1454 5911 1692 5972 Divione
1720 5915 1871 5973 inter
1884 5917 2053 5975 Frau-

926 6090 967 6126 ο

2089 3248 2146 3322 C

2184 593 2420 648 fratrem
2450 609 2618 648 suum
2660 593 3192 665 Gundobagaudum
3240 592 3626 650 machinante.
3671 598 3735 651 In
3762 613 3831 652 eo

2184 685 2384 757 praelia
2401 686 2779 757 Godegeselus
2797 703 2928 741 cum
2954 687 3088 756 suis,
3117 687 3383 741 adversus
3402 687 3638 743 fratrem
3661 706 3830 745 suum

2184 795 2316 834 cum
2361 779 2585 834 Francis
2623 780 2910 835 dimicavit
2939 797 2953 835 :
2987 786 3044 835 et
3078 781 3342 851 fugatum
3384 781 3625 836 fratrem
3657 800 3829 838 suum

2182 873 2728 945 Gundobagaudum,
2762 890 3007 945 regnum
3034 874 3210 945 ipsius
3240 874 3528 946 paulisper
3555 876 3826 947 obtinuit,

2183 971 2240 1022 et
2263 966 2757 1039 Gundobagaudus
2784 967 3070 1023 Avenione
3099 966 3375 1022 latebram
3406 968 3580 1024 dedit.

2253 1061 2330 1117 Eo
2359 1076 2510 1115 anno
2535 1060 3033 1133 Gundobagaudus
3061 1061 3367 1132 resumptis
3407 1061 3624 1117 viribus
3651 1065 3830 1119 Vien-

2182 1168 2314 1207 nam
2360 1170 2490 1208 cum
2536 1154 2791 1208 exercitu
2837 1154 3234 1225 circumdedit,
3280 1160 3557 1227 captaque
3602 1157 3832 1213 civitate

2179 1246 2418 1302 fratrem
2446 1263 2617 1302 suum
2639 1247 2958 1316 interfecit;
2989 1249 3299 1320 pluresque
3325 1250 3576 1305 seniores
3602 1267 3667 1306 ac
3689 1252 3830 1306 Bur-

2182 1340 2499 1412 gundiones
2525 1340 2623 1411 qui
2653 1357 2785 1399 cum
2811 1342 2934 1413 ipso
2954 1346 3266 1409 senserant,
3297 1342 3492 1397 multis
3506 1343 3831 1415 exquisitis-

2180 1450 2291 1505 que
2330 1434 2627 1489 tormentis
2675 1438 2858 1489 morte
2906 1434 3195 1490 damnavit
3224 1452 3242 1505 ς
3277 1451 3637 1509 regnumque
3667 1439 3828 1510 quod

2178 1526 2518 1597 perdiderat,
2539 1542 2671 1582 cum
2711 1544 2778 1582 eo
2803 1528 2958 1599 quod
2983 1527 3366 1599 Godegeselus
3391 1529 3688 1600 habuerat,
3722 1548 3828 1587 re-

2179 1624 2431 1691 ceptum,
2459 1636 2639 1692 usque
2669 1621 2732 1675 in
2756 1621 2909 1676 diem
2954 1621 3154 1677 mortis
3190 1638 3311 1677 suae
3340 1622 3581 1680 feliciter
3607 1624 3824 1697 guber-

2179 1714 2352 1769 navit.

2248 1807 2500 1862 ABIENO
2529 1808 2615 1862 ET
2642 1807 2985 1877 POMPEIO”

2097 1881 2155 1953 B
2244 1901 2495 1956 ABIENO
2521 1901 2808 1957 JUNIORE
2836 1902 2920 1956 ET
2945 1901 3197 1969 PROBO,

2249 1994 2655 2063 VOLUSIANO,

2247 2087 2578 2156 CETBEGO,

2248 2180 2607 2236 SAVINIANO
2632 2181 2718 2235 ET
2747 2180 3140 2250 THEUDORO,

2245 2274 2553 2329 MESSALA
2578 2275 2662 2328 ET
2690 2274 3086 2342 ARIOBINDA,

2247 2367 2583 2422 VENANTIO
2613 2368 2697 2421 ET
2722 2367 3013 2435 CELERE,

2246 2461 2305 2514 P.
2334 2462 2393 2516 c.
2425 2460 2766 2529 VENANTII,

2245 2553 2657 2609 IMPORTUNO.

2248 2648 2358 2701 Hoc
2377 2646 2606 2701 consule
2631 2647 2871 2701 Mammo
2898 2646 3016 2701 dux
3037 2646 3352 2703 Gothorum
3377 2651 3601 2719 partem
3629 2649 3825 2704 Gallias

2174 2739 2538 2812 depraedavit.

2248 2834 2510 2901 BOETIO,

2244 2927 2478 2983 FELICE
2510 2927 2594 2981 ET
2633 2925 3033 2994 SECUNDINO,

2241 3020 2508 3076 PAULLO
2537 3021 2621 3075 ET
2646 3019 3013 3086 MUSCIANO,

2243 3114 2674 3171 CLEMENTINO
2706 3114 2790 3168 ET
2819 3112 3066 3181 PROBO,

2244 3196 2621 3275 SENATORE,

2240 3300 2618 3357 FLORENTIO
2645 3300 2730 3354 ET
2754 3300 3124 3356 ANTHEMIO.

2239 3394 2333 3449 His
2362 3392 2687 3448 consulibus
2713 3394 3128 3451 monasterium
3156 3394 3390 3452 Acauno
3413 3410 3447 3448 a
3471 3410 3611 3469 rege
3643 3395 3820 3467 Sigis-

2168 3487 2383 3544 mundo
2408 3490 2803 3542 constructum
2842 3489 2946 3543 est.

2236 3580 2483 3636 PETRO.

2238 3676 2355 3729 Hoc
2394 3674 2625 3730 consule
2648 3690 2751 3730 rex
2776 3674 3272 3747 Gundobagaudus
3312 3675 3472 3748 obiit,
3507 3679 3566 3733 et
3592 3676 3817 3733 levatus

2172 3771 2256 3824 est
2274 3767 2424 3822 filius
2449 3768 2571 3839 ejus
2601 3767 2998 3839 Sigismundus
3027 3783 3149 3824 rex.

2234 3862 2608 3917 ANASTASIO
2635 3861 2720 3916 ET
2746 3862 3074 3930 AGAPETO,

2236 3955 2499 4024 MAGNO,

2232 4048 2500 4103 JUSTINO
2529 4048 2614 4102 ET
2652 4047 2959 4117 EUTECIO,

2232 4141 2547 4196 RUSTICIO
2576 4140 2662 4195 ET
2685 4141 3068 4211 VITALIANO,

2230 4234 2619 4289 JUSTINIANO
2650 4235 2735 4289 ET
2764 4235 3084 4305 VALERIO,

2236 4327 2599 4383 SYMMACHO
2631 4328 2716 4382 ET
2753 4328 3018 4388 BOETIO.

2231 4421 2326 4477 His
2351 4421 2676 4476 consulibus
2720 4421 3018 4493 Segericus
3042 4421 3191 4477 ﬁlius
3237 4423 3584 4496 Sigismundi
3623 4426 3803 4497 regis,

2151 4515 2316 4587 jussu
2341 4515 2517 4586 patris
2541 4515 2631 4569 sui
2658 4514 2869 4586 injuste
2899 4516 3111 4572 occisus
3137 4522 3240 4573 est.

2078 4618 2138 4690 υ
2230 4611 2492 4672 Μαωίτηο,
2520 4609 2817 4664 indictione
2845 4626 2885 4664 ι.

2230 4721 2338 4775 Hoc
2366 4721 2601 4775 consule
2646 4720 3043 4792 Sigismundus
3092 4737 3195 4777 rex
3245 4722 3725 4795 Burgundionum
3773 4743 3811 4780 a

2156 4813 2661 4884 Burgundionibus
2714 4814 2942 4868 Francis
2978 4814 3221 4869 traditus
3257 4820 3361 4883 est,
3391 4820 3449 4872 et
3480 4815 3541 4871 in
3569 4816 3819 4873 Francia

2156 4906 2217 4961 in
2238 4906 2443 4961 habitu
2470 4906 2791 4962 monachali
2819 4907 3121 4978 perductus
3148 4925 3166 4979 ς
3193 4907 3388 4981 ibique
3434 4926 3568 4965 cum
3616 4926 3811 4969 uxore

2156 5004 2214 5056 et
2235 5000 2363 5054 ﬁliis
2389 5000 2451 5055 in
2479 5004 2654 5072 puteo
2695 5004 2778 5056 est
2804 5001 3111 5072 projectus.

2225 5113 2439 5168 Iustino
2466 5128 2507 5166 ιι
2529 5117 2580 5168 et
2600 5112 2868 5181 Opilione,
2896 5112 3016 5167 ind.
3040 5128 3101 5168 ιι.

2226 5203 2321 5278 Ηίέ
2349 5223 2676 5279 consulibus
2699 5224 3049 5281 Godemarus
3076 5226 3251 5284 frater
3277 5226 3653 5301 Sigismundi,
3698 5248 3811 5289 rex

2159 5316 2655 5389 Burgundionum,
2688 5317 2980 5376 ordinatus
3011 5325 3114 5376 est.

2226 5432 2303 5486 Eo
2334 5446 2483 5485 anno
2506 5434 2703 5486 contra
2728 5431 3162 5489 Chlodomerem
3198 5449 3397 5508 regem
3449 5436 3817 5495 Francorum

2153 5523 2473 5581 Viseroncia
2509 5524 2826 5599 praeliavit;
2857 5526 3049 5600 ibique
3068 5527 3401 5586 interfectus
3427 5535 3515 5586 est
3540 5531 3803 5589 Chlodo-

2154 5635 2339 5676 meres
2347 5662 2361 5676 .

2226 5736 2303 5790 Eo
2324 5752 2479 5795 anno
2504 5735 2832 5792 interfectus
2857 5738 2943 5792 est
2967 5736 3192 5793 Boetius
3226 5739 3501 5810 patricius
3532 5740 3598 5797 in
3629 5744 3809 5801 terri-

2155 5827 2297 5883 torio
2321 5827 2752 5885 Mediolanense.
3244 5832 3255 5837 ’

2226 5921 2625 5994 Probojuniore
2655 5927 2705 5981 et
2728 5923 3046 5991 Philoxeno,
3074 5925 3195 5982 ind.
3220 5941 3299 5983 ui.
