4016 6240
134 343 236 397 797

1648 343 2031 400 CHRONICON
2040 384 2051 397 .

3433 352 3534 404 798

202 447 304 505 His
331 450 686 508 consulibus
723 451 942 511 occisus
981 455 1069 510 est
1103 452 1486 526 Symmachus
1529 452 1800 525 patricius
1821 464 1880 539 Α
1972 454 2051 508 Eo
2072 468 2225 509 anno
2246 451 2484 509 Baduila
2503 469 2601 509 rex
2623 452 2944 509 Gothorum
2968 453 3153 509 Roma
3174 458 3341 527 capta
3362 455 3535 528 depo-

132 545 467 601 Ravennae.

203 640 468 709 Olybrio,
517 642 631 698 ind.
664 658 737 697 ιν.

198 733 322 789 Hoc
367 736 619 791 consule
650 735 955 792 defunctus
994 740 1082 792 est
1123 736 1511 793 Theudoricus
1546 753 1645 792 rex
1682 738 1791 791 Go-

130 829 378 884 thorum
405 829 476 884 in
519 829 658 885 urbe
700 830 993 900 Ravenna,
1035 834 1094 886 et
1120 832 1338 888 levatus
1365 835 1451 887 est
1474 847 1572 886 rex
1599 831 1791 887 Atala-

129 921 284 978 ricus
316 939 540 994 nepos.

198 1019 485 1081 Matario,
518 1019 631 1073 ind.
665 1034 720 1074 v.

196 1112 537 1166 Justiniano
561 1128 621 1181 ιι,
648 1112 767 1168 ind.
800 1129 875 1169 γι.

200 1207 365 1260 Decio
382 1206 641 1273 juniore,
663 1207 782 1261 ind.
811 1223 907 1262 vn.

198 1300 523 1369 Lampadio
547 1304 598 1356 et
618 1302 819 1363 Oreste,
848 1300 966 1355 ind.
1002 1316 1120 1356 vui.

199 1395 339 1447 Item
368 1396 441 1448 P.
476 1396 537 1451 C.
568 1395 859 1464 Lampadii
885 1399 933 1450 et
959 1395 1180 1461 Orestis,
1202 1395 1323 1449 ind.
1353 1410 1425 1449 ιι.

197 1488 340 1541 Item
372 1489 441 1542 P.
482 1490 542 1545 ο.
564 1488 858 1559 Lampadii
875 1492 927 1543 et
953 1489 1175 1551 Orestis,
1208 1488 1328 1544 ind.
1361 1505 1416 1543 x.

202 1581 300 1637 His
340 1581 687 1637 consulibus
720 1582 992 1654 Hypatius
1023 1582 1313 1653 patricius,
1355 1581 1637 1638 seditione
1678 1599 1783 1654 po-

133 1674 249 1746 puli
276 1674 620 1745 imperator
656 1676 896 1744 levatus,
925 1680 981 1730 et
1013 1676 1176 1746 jussu
1212 1676 1517 1731 Justiniani
1544 1676 1784 1748 Augusti

133 1768 488 1824 interfectus
508 1774 614 1836 est,
634 1772 693 1824 et
713 1785 845 1824 cum
862 1785 930 1824 eo
950 1769 1281 1841 Pompeius,
1305 1773 1363 1824 et
1382 1787 1532 1840 pene
1545 1770 1784 1842 triginta

133 1861 317 1916 millia
348 1862 670 1917 hominum
694 1862 752 1917 in
779 1862 930 1917 circo
961 1862 1158 1933 gladio
1189 1863 1379 1918 necati
1405 1866 1556 1919 sunt.

201 1958 532 2012 Iustiniano
555 1957 804 2025 Augusto
832 1973 892 2024 ιι,
920 1958 1039 2011 ind.
1068 1972 1143 2013 ιιι.

201 2051 469 2105 Paullino
484 2050 723 2120 juniore,
746 2051 866 2106 ind.
898 2066 995 2106 x11.

202 2146 323 2199 Hoc
344 2146 591 2200 consule
614 2162 782 2216 reges
807 2146 1158 2200 Francorum
1179 2143 1597 2211 Childebertus,
1614 2144 1781 2200 Chlo-

134 2238 312 2292 tarius
345 2242 407 2293 et
425 2238 866 2294 Theudebertus
887 2237 1283 2309 Burgundiam
1304 2237 1706 2307 obtinuerunt;
1729 2240 1787 2292 et

138 2333 334 2403 fugato
364 2333 706 2388 Gddomaro
735 2349 904 2402 rege,
941 2348 1191 2403 regnum
1229 2330 1406 2402 ipsius
1448 2331 1780 2386 diviserunt.

199 2428 280 2481 Eo
310 2443 476 2482 anno
500 2426 694 2481 Africa
722 2428 984 2482 Romano
1024 2425 1272 2496 imperio
1302 2429 1434 2496 post
1463 2425 1785 2497 nonaginta

138 2524 191 2574 et
217 2520 366 2575 duos
394 2536 587 2574 annos
610 2537 716 2591 per
743 2519 1093 2574 Belesarium
1121 2519 1429 2590 patricium
1457 2519 1779 2588 reducitur;

138 2617 193 2667 et
228 2614 492 2671 Gelimer
533 2630 631 2667 rex
662 2613 1051 2668 Vandalorum
1081 2613 1337 2684 captivus
1373 2614 1779 2668 Constantino-

140 2708 251 2777 poli
285 2708 617 2775 exhibetur,
642 2710 701 2762 et
725 2707 1049 2763 Justiniano
1075 2708 1331 2778 Augusto
1356 2723 1489 2762 cum
1515 2707 1783 2763 uxoribus

138 2804 195 2855 et
222 2802 519 2857 thesauris
565 2819 600 2856 a
638 2818 810 2873 supra
850 2801 1061 2871 scripto
1105 2801 1345 2873 patricio
1379 2804 1777 2873 praesentatur.

206 2896 509 2959 Belesario,
536 2897 652 2951 ind.
682 2912 797 2952 ιιιιι.

206 2991 323 3044 Hoc
345 2990 608 3055 consule,
640 3007 708 3045 eo
737 3006 892 3044 anno
925 3007 1037 3061 quo
1069 2990 1433 3043 consulatum
1465 2989 1658 3056 dedit,
1692 2990 1777 3046 Si-

141 3081 330 3138 ciliam
358 3084 678 3156 ingressus,
708 3100 839 3138 eam
868 3082 1116 3154 imperio
1143 3084 1408 3139 Romano
1436 3084 1705 3139 restituit.

208 3180 269 3232 P.
301 3180 359 3235 ϐ.
388 3180 675 3241 Belesarii,
703 3178 819 3232 ind.
854 3194 965 3232 xw.

208 3274 339 3327 Item
362 3274 430 3327 P.
467 3274 524 3330 ϐ.
556 3272 837 3334 Belesarii,
876 3271 996 3326 ind.
1027 3286 1116 3325 xv.

207 3367 439 3430 Joanne,
468 3366 586 3420 ind.
616 3382 652 3420 1.

212 3460 325 3514 Hoc
353 3461 593 3515 consule
617 3459 971 3514 Mediolanus
1000 3475 1034 3512 a
1059 3456 1257 3514 Gothis
1281 3460 1338 3513 et
1354 3457 1777 3529 Burgundioni-

142 3551 243 3606 bus
297 3554 541 3610 eﬂ‘racta
575 3556 698 3620 est;
754 3553 948 3624 ibique
999 3556 1298 3607 senatores
1350 3554 1408 3606 et
1450 3553 1779 3608 sacerdotes

145 3662 269 3701 cum
300 3648 543 3720 reliquis
570 3647 816 3719 populis,
847 3646 1023 3702 etiam
1047 3645 1108 3700 in
1134 3646 1257 3717 ipsa
1277 3649 1636 3701 sacrosancta
1656 3648 1781 3702 loca

146 3739 427 3797 interfecti
458 3745 621 3810 sunt;
650 3742 731 3796 ita
758 3743 821 3795 ut
858 3740 1141 3811 sanguine
1172 3756 1375 3795 eorum
1412 3739 1535 3810 ipsa
1574 3741 1781 3795 altaria

146 3838 443 3891 cruentata
470 3836 606 3891 sint.

212 3930 485 4000 Appione,
510 3931 629 3985 ind.
660 3946 722 3985 ιι.

210 4021 324 4077 Hoc
350 4024 588 4079 consule
618 4022 1052 4078 Theudebertus
1068 4037 1165 4075 rex
1188 4021 1535 4075 Francorum
1557 4019 1777 4075 Italiam

147 4112 454 4185 ingressus,
484 4116 778 4189 Liguriam
809 4115 1219 4186 zEmiliamque
1248 4113 1593 4179 devastavit;
1623 4114 1771 4184 ejus-

147 4223 251 4277 que
275 4211 559 4265 exercitus
588 4210 697 4265 loci
721 4209 1058 4265 inﬁrmitate
1085 4211 1354 4281 gravatus
1373 4206 1540 4263 valde
1560 4206 1771 4262 contri-

146 4298 365 4358 bulatus
392 4309 501 4359 est.

213 4396 448 4461 Iustino,
474 4398 592 4452 ind.
625 4414 705 4453 ιιι.
1720 4452 1753 4460 _

214 4488 325 4543 Hoc
354 4492 591 4547 consule
617 4491 772 4546 Persi
806 4490 1170 4545 Antiochiam
1214 4491 1612 4557 vastaverunt,
1646 4487 1771 4544 uni-

153 4599 484 4662 versamque
510 4590 758 4661 Syriam,
789 4590 1228 4660 depopulantes.

217 4681 292 4736 Eo
317 4700 473 4739 anno
504 4683 819 4739 Bclesarius
842 4682 1115 4755 patricius
1142 4680 1402 4752 Wittegis
1432 4696 1633 4751 regem
1664 4680 1771 4734 Go-

155 4771 395 4845 thorum,
430 4778 501 4832 de
528 4779 800 4832 Ravenna
827 4777 1113 4847 captivum
1145 4775 1478 4841 abductum,
1502 4776 1777 4830 Constan-

157 4863 383 4940 tinopoli
416 4888 548 4925 cum
586 4887 759 4926 uxore
795 4874 855 4926 et
890 4869 1192 4938 thesauris,
1216 4869 1439 4926 Iustino
1463 4870 1488 4898 ⁸
1518 4870 1773 4939 Augusto

158 4964 532 5027 praesentavit.

217 5056 435 5120 Basilio,
462 5057 579 5112 ind.
610 5074 682 5120 IV,

222 5148 278 5203 P.
307 5152 361 5208 C.
388 5151 589 5208 Basilii
610 5166 753 5205 anno
783 5166 822 5218 ι,
849 5152 966 5205 ind.
1002 5168 1054 5204 v.

220 5242 279 5296 P.
305 5246 361 5302 Ο.
388 5245 588 5301 Basilii
616 5260 758 5299 anno
794 5261 856 5313 ιι,
883 5244 1002 5299 ind.
1034 5260 1108 5299 γι.

219 5333 276 5388 P:
306 5338 362 5395 ϐ.
390 5339 590 5394 Basilii
610 5353 753 5393 anno
780 5354 863 5407 ιιι,
892 5338 1013 5393 ind.
1041 5354 1135 5393 vu.

220 5429 278 5482 P.
305 5430 359 5487 Ο.
387 5434 581 5490 Basilii
603 5448 748 5487 anno
774 5448 851 5499 ιν,
878 5432 995 5487 ind.
1025 5448 1147 5487 vui.

220 5522 276 5576 Ρ.
308 5526 363 5583 C.
390 5527 589 5584 Basilii
610 5540 749 5580 anno
773 5541 828 5595 ν,
857 5526 975 5580 ind.
1005 5541 1079 5580 nr.

222 5616 279 5669 P.
304 5618 359 5674 Ο.
385 5620 580 5675 Basilii
600 5634 744 5674 anno
770 5634 846 5687 v1,
874 5619 991 5673 ind.
1020 5635 1074 5674 x.

221 5705 324 5763 Hoc
346 5728 498 5767 anno
524 5711 764 5783 Vigilius
790 5728 939 5783 papa
961 5713 1259 5767 Romanus
1274 5707 1774 5780 Constantinopoli

162 5806 487 5870 Properavit.

1898 546 2133 618 pulavit,
2158 546 2511 618 dejectisque
2532 547 2711 602 muris
2737 553 2960 618 partem
2990 546 3231 603 civitatis
3254 549 3529 605 incendit.

1968 642 2045 696 Eo
2074 657 2228 697 anno
2249 642 2560 712 resumptis
2584 641 2799 696 viribus
2816 641 3135 697 Bclesarius
3151 641 3263 699 dux
3284 643 3531 699 Romam

1895 734 1969 789 ad
2000 736 2326 790 Romanum
2354 734 2679 790 dominium
2708 735 3014 791 revocavit.

1914 860 1924 875 υ
1964 831 2027 886 Ρ.
2059 831 2118 887 C.
2148 830 2341 885 Basilii
2362 845 2503 884 anno
2532 845 2629 897 v11,
2656 830 2773 883 ind.
2802 846 2873 885 ιιι.

1966 924 2045 977 Eo
2094 939 2248 977 anno
2281 923 2714 978 Theudebertus
2752 940 2850 978 rex
2890 940 3138 995 magnus
3179 925 3531 982 Francorum

1894 1016 2062 1084 obiit;
2115 1020 2174 1071 et
2225 1016 2377 1071 sedit
2428 1017 2485 1071 in
2530 1033 2713 1089 regno
2760 1018 2882 1089 ejus
2910 1017 3350 1075 Theudebaldus
3380 1020 3529 1075 filius

1892 1109 2089 1182 ipsius.

1962 1204 2041 1258 Eo
2074 1220 2228 1259 anno
2260 1205 2670 1260 Lanthacarius
2717 1206 2829 1261 dux
2873 1207 3224 1263 Francorum
3270 1206 3327 1262 in
3373 1207 3526 1263 bello

1889 1297 2154 1354 Romano
2184 1299 2528 1354 transfossus
2556 1299 2717 1355 obiit.

1958 1395 2019 1447 P.
2058 1394 2113 1451 C.
2143 1395 2342 1449 Basilii
2359 1409 2501 1448 anno
2528 1410 2643 1461 vui,
2672 1394 2789 1449 ind.
2818 1411 2917 1450 xu.

1959 1487 2019 1541 P.
2051 1487 2109 1542 Ο.
2138 1489 2336 1543 Basilii
2357 1503 2500 1541 anno
2534 1503 2608 1554 1x,
2637 1488 2753 1542 ind.
2783 1504 2902 1544 xm.

1953 1582 2016 1635 P.
2048 1583 2105 1638 C.
2134 1582 2327 1637 Basilii
2351 1597 2496 1636 anno
2522 1597 2577 1651 ιι,
2610 1582 2729 1636 ind.
2757 1598 2871 1635 XIV.

1956 1676 2018 1729 P.
2047 1673 2106 1729 C.
2133 1675 2331 1730 Basilii
2353 1690 2495 1730 anno
2520 1691 2598 1742 xl,
2630 1676 2748 1729 ind.
2780 1692 2872 1730 xv.

1953 1770 2017 1823 P.
2049 1769 2107 1825 C.
2136 1769 2332 1824 Basilii
2349 1785 2488 1823 anno
2520 1785 2616 1837 xu,
2650 1770 2766 1823 ind.
2794 1786 2850 1824 ιι.

1803 1841 1879 1913 Β·
1957 1863 2072 1916 Hoc
2102 1878 2257 1917 anno
2288 1862 2523 1916 Baduila
2552 1879 2649 1916 rex
2684 1863 3003 1919 Gothorum
3031 1865 3103 1919 ab
3130 1863 3380 1919 exercitu
3409 1862 3520 1919 rei-

1887 1954 2129 2025 publicae
2156 1971 2261 2025 per
2289 1956 2586 2009 Narsetem
2607 1956 3065 2011 chartulharium
3086 1957 3415 2012 eunuchum
3440 1955 3524 2010 in-

1886 2048 2191 2114 terﬁcitur;
2216 2051 2276 2101 et
2301 2048 2437 2118 Teja
2463 2048 2683 2119 accepit
2711 2064 2958 2120 regnum
2986 2050 3128 2120 ejus.

1956 2144 2018 2197 P.
2060 2142 2117 2197 Ο.
2147 2142 2345 2198 Basilii
2367 2158 2509 2197 anno
2534 2159 2651 2212 Xlll,
2681 2142 2797 2196 ind.
2821 2159 2879 2197 ιι.

1957 2236 2072 2289 Hoc
2114 2251 2269 2290 anno
2319 2235 2456 2304 Teja
2505 2252 2601 2289 rex
2649 2236 2967 2292 Gothorum
3012 2252 3046 2291 a
3095 2253 3267 2307 supra
3309 2236 3519 2308 scripto

1883 2330 2056 2384 Narse
2086 2328 2449 2383 interficitur.

1954 2425 2015 2477 P.
2048 2424 2104 2479 C.
2133 2423 2328 2477 Basilii
2352 2438 2493 2477 anno
2519 2439 2631 2489 xw,
2658 2424 2776 2479 ind.
2801 2440 2882 2479 ιιι.

1955 2517 2071 2570 Hoc
2106 2532 2259 2571 anno
2289 2516 2735 2572 Theudobaldus
2764 2535 2861 2572 rex
2888 2518 3237 2574 Francorum
3267 2518 3429 2587 obiit,
3463 2522 3521 2574 et

1884 2608 2133 2664 obtinuit
2156 2627 2405 2681 regnum
2444 2611 2565 2681 cjus
2595 2610 3061 2681 Chlothacarius,‘
3076 2616 3315 2684 patruus
3343 2613 3520 2684 patris

1882 2704 2025 2775 ejus.

1952 2799 2032 2853 Eo
2062 2815 2217 2853 anno
2239 2799 2563 2854 Chramnus
2585 2799 2733 2854 ﬁlius
2753 2800 3142 2856 Chlothacarii
3170 2800 3342 2873 regis,
3369 2801 3519 2857 solli-

1862 2891 2094 2947 ‘citante
2117 2892 2483 2948 Childeberto
2512 2897 2718 2964 patruo
2745 2910 2869 2963 suo,
2903 2894 2979 2949 ad
3006 2894 3196 2965 ipsum
3230 2895 3513 2950 latebram

1881 2986 2057 3041 dedit.

1950 3081 2027 3135 Eo
2060 3096 2215 3134 anno
2252 3080 2569 3135 Saxonibus
2602 3080 3016 3136 rebellantibus
3037 3123 3065 3149 ,.
3086 3082 3518 3138 Chlothacarius

1881 3190 1980 3227 rex
2006 3190 2139 3227 cum
2168 3174 2326 3245 gravi
2356 3174 2607 3229 exercitu
2636 3178 2840 3229 contra
2880 3176 3035 3246 ipsos
3063 3175 3390 3244 dimicavit;
3419 3177 3515 3232 ubi

1883 3265 2194 3320 multitudo
2258 3268 2603 3322 Francorum
2664 3273 2722 3323 et
2784 3269 3073 3324 Saxonum
3153 3270 3512 3340 ceciderunt;

1880 3359 2240 3414 Chlotharius
2271 3364 2470 3415 tamen
2500 3379 2600 3416 rex
2626 3362 2807 3417 victor
2835 3363 3126 3418 abscessit.
3174 3423 3183 3433 _

1952 3454 2031 3508 Eo
2062 3457 2323 3525 tempore
2352 3455 2697 3509 Buccelenus
2736 3456 2847 3510 dux
2892 3457 3243 3512 Francorum
3276 3459 3333 3513 in
3364 3460 3513 3513 bello

1881 3548 2145 3603 Romano
2178 3564 2309 3602 cum
2338 3547 2496 3603 omni
2524 3549 2776 3604 exercitu
2800 3566 2903 3605 suo
2927 3549 3167 3605 interiit.

1951 3644 2012 3696 P.
2057 3641 2115 3696 C.
2144 3643 2338 3697 Basilii
2354 3658 2494 3697 anno
2523 3659 2612 3712 xv,
2644 3644 2761 3698 ind.
2794 3660 2867 3697 iv.

1950 3741 2029 3795 Eo
2062 3757 2216 3795 anno
2252 3740 2463 3795 iterum
2490 3741 2902 3797 rebellantibus
2933 3743 3251 3798 Saxonibus
3280 3745 3508 3799 Chlota-

1878 3833 1997 3889 rius
2021 3850 2118 3888 rex
2146 3850 2404 3905 pugnam
2436 3835 2630 3903 dedit;
2673 3835 2869 3908 ibique
2898 3837 3151 3893 maxima
3175 3854 3307 3909 pars
3337 3838 3506 3893 Saxo-

1880 3944 2020 3982 num
2051 3928 2276 3983 cecidit.

1949 4023 2026 4075 Eo
2056 4038 2211 4076 anno
2244 4023 2445 4077 Franci
2472 4026 2651 4079 totam
2677 4024 3080 4096 Thoringiam,
3122 4043 3226 4097 pro
3254 4043 3323 4081 eo
3355 4027 3510 4098 quod

1878 4132 2008 4170 cum
2031 4115 2348 4171 Saxonibus
2380 4118 2799 4189 conjuraverat,
2814 4123 3211 4175 vastaverunt.

1946 4209 2087 4280 Ipsis
2116 4209 2318 4264 diebus
2340 4211 2664 4269 Chramnus
2681 4214 2920 4269 collecto
2939 4215 3190 4270 exercitu
3209 4215 3510 4287 regionem

1876 4302 2055 4373 patris
2079 4303 2165 4358 sui
2187 4303 2466 4360 devastat.

1948 4397 2027 4450 Eo
2047 4413 2200 4451 anno
2217 4398 2496 4453 exercitus
2512 4401 2862 4457 Francorum
2884 4403 3211 4475 reipublicae
3232 4403 3508 4457 Romanae

1877 4489 2192 4543 exercitum
2214 4491 2472 4558 vastavit,
2494 4497 2667 4564 atque
2690 4495 3009 4568 eﬂ'ugatum
3033 4497 3363 4564 devastavit,
3378 4513 3507 4551 cum

1791 4581 1850 4654 D
1875 4583 1984 4637 illis
2014 4587 2071 4637 et
2097 4582 2309 4637 divitiis
2339 4585 2536 4639 multis
2562 4587 2839 4644 abductis.

1948 4678 2026 4731 Eo
2059 4692 2213 4731 anno
2260 4677 2539 4731 exercitus
2577 4680 2910 4751 reipublicae
2954 4686 3260 4757 resumptis
3296 4686 3509 4741 viribus

1874 4773 2099 4843 partem
2128 4769 2324 4837 Italiae,
2347 4786 2522 4840 quam
2542 4772 2975 4831 Theudebertus
3001 4795 3098 4833 rex
3133 4780 3505 4853 adquisierat,

1877 4864 2192 4937 occupavit.

1946 4962 2008 5014 P.
2039 4958 2097 5014 C.
2127 4956 2322 5015 Basilii
2345 4972 2487 5012 anno
2515 4974 2630 5026 xvr,
2661 4961 2777 5016 ind.
2807 4978 2864 5017 v.

1946 5055 2007 5108 P.
2038 5052 2098 5107 C.
2124 5052 2321 5108 Basilii
2345 5067 2488 5106 anno
2515 5068 2646 5122 xm,
2677 5056 2791 5109 ind.
2824 5072 2899 5110 γι.

1948 5147 2064 5201 Hoc
2102 5162 2256 5200 anno
2297 5145 2694 5202 Childebertus
2730 5164 2829 5203 rex
2869 5150 3219 5209 Francorum
3257 5157 3506 5225 transiit,

1878 5242 1936 5294 et
1965 5239 2217 5294 obtinuit
2238 5255 2488 5309 regnum
2511 5239 2634 5311 ejus
2661 5241 2984 5298 Chlotarius
3009 5260 3126 5314 rex,
3156 5246 3337 5304 frater
3361 5250 3504 5321 ejus.

1945 5334 2009 5387 P.
2043 5335 2102 5390 ϐ.
2127 5333 2325 5388 Basilii
2349 5348 2490 5388 anno
2521 5349 2675 5403 xvm,
2702 5337 2821 5392 ind.
2848 5352 2946 5392 vn.

1948 5428 2009 5482 P.
2037 5425 2096 5482 C.
2126 5427 2325 5483 Basilii
2352 5443 2493 5484 anno
2522 5443 2635 5497 xxx,
2660 5430 2777 5486 ind.
2807 5446 2923 5487 vni.

1948 5521 2066 5576 Hoc
2085 5537 2259 5590 anno,
2284 5520 2599 5577 serenitate
2616 5523 2761 5593 cmli,
2789 5524 2942 5580 inter
2965 5527 3158 5583 stellas
3178 5530 3511 5601 splendidas

1879 5613 2183 5670 obscurata
2214 5618 2299 5669 est
2329 5616 2464 5670 luna
2490 5632 2602 5685 xvr,
2632 5620 2697 5672 ut
2722 5617 2811 5673 vix
2840 5619 3093 5692 conspici
3116 5628 3329 5694 posset.
3460 5632 3463 5635 ’

1947 5708 2028 5762 Eo
2047 5723 2202 5762 anno
2223 5707 2547 5765 Chramnus
2564 5716 2696 5782 post
2714 5718 3078 5772 sacramenta
3094 5732 3223 5789 quae
3240 5719 3391 5791 patri
3413 5720 3511 5776 de-

1878 5800 2061 5867 derat,
2085 5800 2159 5856 ad
2181 5800 2487 5858 Britannos
2500 5803 2698 5875 petiit:
2721 5809 2779 5862 et
2796 5808 3043 5865 moliens
3062 5827 3309 5883 regnum
3330 5813 3512 5887 patris

226 5911 249 5941 ¹
273 5916 357 5974 Sic
380 5921 513 5980 edit.
532 5920 1467 5982 mendose.Rescribe'Justiniano.
1489 5922 1677 5992 Atque
1698 5917 1779 5976 ita
1807 5916 1952 5993 legit
1975 5915 2184 5989 Pagius
2214 5917 2290 5974 ad
2320 5935 2540 5977 annum
2567 5921 2689 5993 540,
2722 5920 2753 5996 §
2784 5927 2868 5981 Η.
