4016 6240
464 398 565 451 799

1603 390 1811 454 MARII,
1853 388 2331 444 AVEN'I‘ICENSIS
2370 386 2687 453 EPISCOPI,

3740 384 3842 442 800

462 500 757 569 invadere,
803 500 1071 558 adversus
1114 498 1302 572 ipsum
1348 514 1481 553 cum
1523 497 1812 552 Britannis
1862 513 2095 552 movere
2118 496 2506 593 Amultitudo
2543 495 2899 567 captivorum
2936 495 3125 567 gentis
3163 491 3338 567 ipsius
3365 491 3705 549 venundata
3735 498 3839 548 est.

467 613 636 651 ausus
663 602 765 663 est,
808 598 1101 667 multaque
1143 595 1266 648 loca
1310 592 1564 662 graviter
1593 590 1965 662 depraedavit.
2009 591 2097 645 Ad

465 691 625 761 cujus
670 690 954 745 insaniam
994 687 1424 758 reprimendam
1473 688 1637 756 pater
1675 701 1803 738 cum
1849 685 2098 739 exercitu

466 784 825 856 properavit;
900 787 955 836 et
1018 782 1319 835 interfecto
1381 778 1594 833 comite
1657 778 2095 843 Britannorum,

466 877 821 934 Chramuum
860 877 1049 929 vivum
1089 874 1267 944 cepit,
1302 873 1719 943 incensumque
1758 888 1889 927 cum
1923 888 2097 927 uxore

466 975 525 1025 et
552 971 699 1036 ﬁliis,
734 970 906 1023 totius
938 968 1192 1038 regionis
1218 967 1417 1021 incidit
1442 966 1745 1021 excidium.

535 1067 597 1118 P.
632 1067 688 1121 C.
717 1064 911 1119 Basilii
937 1078 1079 1116 anno
1102 1079 1197 1129 xx,
1224 1062 1344 1116 ind.
1377 1077 1451 1115 ιχ.

536 1159 651 1212 Hoc
680 1173 833 1211 anno
863 1155 1295 1211 Chlothacarius
1318 1172 1412 1209 rex
1432 1158 1694 1209 mortuus
1720 1156 1831 1222 est;
1865 1157 1925 1207 et
1954 1152 2094 1207 divi-

464 1254 663 1304 serunt
695 1266 941 1321 regnum
970 1250 1093 1320 ejus
1123 1248 1222 1302 lilii
1248 1248 1453 1319 ipsius,
1484 1247 1542 1301 id
1573 1251 1675 1313 est,
1704 1246 2093 1313 Charibertus,

467 1344 944 1410 Guntecramnus,
974 1342 1288 1413 Hilpericus
1319 1344 1376 1395 et
1402 1340 1741 1411 Sigibertus.

536 1441 597 1494 P.
630 1441 686 1496 Ο.
719 1439 913 1493 Basilii
940 1453 1083 1491 anno
1112 1453 1221 1503 χχι,
1253 1436 1370 1489 ind.
1396 1452 1449 1489 χ.

535 1535 597 1588 Ρ.
628 1535 685 1590 C.
712 1533 907 1586 Basilii
930 1547 1071 1585 anno
1102 1547 1234 1596 χχιι,
1264 1530 1380 1583 ind.
1410 1545 1488 1583 χι.

536 1627 651 1680 Hoc
683 1641 836 1679 anno
867 1640 1037 1678 mons
1062 1624 1282 1677 validus
1307 1621 1771 1689 Tauretunensis,
1796 1620 1855 1675 in
1874 1621 2100 1675 territo-

464 1719 549 1774 rio
578 1719 845 1786 Vallensi,
884 1718 962 1771 ita
995 1717 1181 1771 subito
1216 1716 1329 1769 ruit
1351 1758 1364 1783 ,
1394 1720 1455 1768 ut
1484 1719 1733 1769 castrum
1767 1715 1855 1769 cui
1883 1713 2099 1768 vicinus

462 1816 606 1880 erat,
642 1816 697 1866 et
723 1813 874 1866 vicos
902 1828 1029 1865 cum
1053 1809 1322 1865 omnibus
1350 1808 1565 1863 ibidem
1587 1808 1982 1863 habitantibus
2003 1824 2098 1878 op-

2271 592 2426 646 Anno
2454 607 2507 645 IV
2533 606 2672 645 cons.
2703 592 2910 645 Justini
2924 590 3051 658 jun.
3081 590 3251 659 Λείᾳ..
3279 590 3397 644 ind.
3430 606 3513 644 ιιι.

2272 686 2386 738 Hoc
2418 700 2571 738 anno
2602 683 2838 738 morbus
2864 684 3085 738 validus
3110 726 3122 749 ,
3154 700 3283 737 cum
3310 683 3597 754 proﬂuvio
3628 684 3841 737 ventris

2201 782 2255 832 et
2289 778 2525 844 variola,
2558 778 2783 832 Italiam
2804 777 3161 848 Galliamque
3190 777 3355 831 valde
3385 776 3610 843 afﬂixit,
3638 780 3695 831 et
3716 778 3838 830 ani-

2201 863 2377 927 malia
2402 872 2617 926 bubula
2652 888 2755 943 per
2786 873 2909 925 loca
2954 888 3125 942 supra
3163 871 3373 943 scripta
3401 870 3658 926 maxime
3692 869 3842 924 inte-

2199 965 2439 1020 rierunt.

2271 1060 2350 1114 Eo
2383 1076 2534 1114 anno
2564 1063 2825 1114 mortuus
2856 1063 2941 1114 est
2962 1060 3157 1114 Celsus
3188 1060 3475 1131 patricius.

2270 1156 2426 1209 Anno
2454 1170 2486 1206 v
2516 1169 2658 1207 cons.
2688 1154 3025 1223 Justinijun.
3054 1154 3223 1223 Aug.,
3250 1154 3367 1208 ind.
3398 1170 3474 1209 Iv.

2272 1248 2385 1300 Hoc
2413 1263 2566 1301 anno
2590 1246 2830 1301 infanda
2851 1247 3157 1301 infirmitas
3175 1250 3348 1317 atque
3367 1246 3669 1318 glandula,
3683 1246 3846 1316 cujus

2202 1356 2414 1395 nomen
2440 1343 2525 1393 est
2552 1342 2800 1410 pustula,
2834 1340 2893 1394 in
2924 1357 3094 1411 supra
3130 1340 3296 1394 dictis
3320 1339 3659 1411 regionibus
3678 1339 3847 1394 innu-

2145 1421 2151 1427 ’
2200 1434 2540 1488 merabilem
2568 1435 2846 1505 pepulum
2873 1434 3205 1488 devastavit.
3276 1466 3277 1469 η

2269 1529 2428 1583 Anno
2460 1544 2513 1581 γι
2543 1544 2686 1582 cons.
2714 1530 2919 1582 Justini
2935 1528 3060 1597 jun.
3092 1528 3261 1597 Aug.,
3290 1528 3408 1582 ind.
3438 1544 3493 1581 v.

2271 1623 2386 1676 Hoc
2413 1638 2566 1675 anno
2596 1621 2890 1675 Albuenus
2912 1639 3005 1675 rex
3026 1621 3545 1691 Langobardorum
3563 1638 3597 1675 a
3618 1621 3757 1687 suis,
3784 1621 3843 1675 id

2200 1719 2305 1782 est,
2340 1715 2616 1786 Hilmegis
2646 1732 2776 1769 cum
2808 1716 3061 1786 reliquis,
3086 1715 3486 1770 consentiente
3508 1731 3684 1769 uxore
3716 1731 3840 1781 sua,

2200 1809 2538 1864 interfectus
2556 1812 2670 1873 est;
2696 1814 2751 1863 et
2773 1826 2944 1880 supra
2964 1809 3206 1880 scriptus
3227 1810 3526 1879 Hilmegis,
3550 1825 3683 1863 cum
3705 1810 3840 1862 ante

464 1907 794 1977 pressisset;
832 1909 891 1959 et
928 1906 1115 1958 lacum
1148 1904 1205 1957 in
1250 1902 1612 1973 longitudine
1644 1918 1711 1957 Lx
1742 1901 2009 1967 millium,
2040 1898 2173 1969 etB
2198 1903 2349 1957 dicta
2377 1918 2550 1957 uxore
2575 1902 2748 1973 ipsius
2770 1919 2945 1973 quam
2970 1903 3078 1957 sibi
3105 1902 3163 1956 in
3185 1902 3627 1957 matrimonium
3656 1902 3839 1957 socia-

465 2000 765 2055 latitudine
792 2016 863 2052 xx
898 1998 1165 2063 millium,
1201 1997 1277 2049 ita
1304 1999 1489 2050 totum
1511 1996 1710 2062 movit,
1747 1998 1809 2048 ut
1834 2012 2097 2065 egressus

460 2095 702 2163 utraque
730 2093 854 2163 ripa
882 2092 1034 2144 vicos
1065 2090 1497 2161 antiquissimos
1519 2106 1651 2143 cum
1681 2089 2018 2143 hominibus
2041 2092 2098 2142 et

463 2187 764 2257 pecoribus
792 2188 1097 2251 vastasset;
1143 2184 1319 2237 etiam
1362 2184 1544 2237 multa
1580 2186 1942 2237 sacrosancta
1972 2183 2097 2236 loca

463 2298 593 2334 cum
622 2281 703 2334 eis
729 2280 1106 2334 servientibus
1127 2277 1477 2343 demolisset,
1500 2280 1555 2330 et
1576 2280 1814 2347 pontem
1840 2277 2092 2330 Genava-

464 2392 614 2440 cum,
638 2375 885 2428 molinas
908 2377 963 2427 et
986 2372 1253 2426 homines
1274 2388 1377 2442 per
1396 2371 1509 2424 vim
1533 2370 1768 2440 dejecit;
1790 2373 1847 2424 et
1867 2371 2097 2425 Genava

464 2468 690 2523 civitate
719 2483 984 2537 egressus
1012 2467 1205 2537 plures
1238 2465 1504 2517 homines
1536 2463 1839 2518 interfecit.

533 2564 594 2616 P.
628 2563 683 2617 C.
713 2561 909 2615 Basilii
930 2576 1072 2613 anno
1096 2576 1248 2625 χχιιι,
1278 2559 1395 2612 ind.
1426 2574 1519 2612 xu.

536 2657 597 2708 P.
631 2654 685 2708 Ο.
719 2655 912 2708 Basilii
936 2669 1077 2707 anno
1102 2669 1248 2719 xxxv,
1275 2654 1394 2706 ind.
1425 2668 1541 2706 xm.

538 2748 650 2802 Hoc
680 2763 833 2801 anno
862 2746 1131 2800 monachi
1159 2748 1535 2816 Agaunenses
1559 2744 1869 2798 iracundia
1896 2744 2095 2815 spiritu

464 2840 704 2907 incitati,
734 2840 915 2893 noctis
936 2844 1198 2910 tempore
1221 2839 1555 2910 episcopum
1576 2835 1743 2892 suum
1765 2838 2094 2905 Agricolam

466 2951 593 2994 cum
618 2935 789 3000 clero,
823 2937 879 2987 et
910 2933 1059 2988 cives
1084 2932 1179 3004 qui
1209 2949 1337 2986 cum
1372 2933 1494 3003 ipso
1522 2934 1709 2999 erant,
1734 2932 1992 2987 occidere
2015 2932 2097 2986 ni-

462 3030 668 3089 tentes,
694 3028 932 3082 domum
956 3026 1208 3086 ecclesia:
1231 3026 1619 3096 effregerunt:
1644 3028 1703 3079 et
1722 3026 1861 3079 dum
1885 3026 2099 3097 episco-

464 3138 600 3192 pum
630 3138 796 3175 suum
836 3120 1023 3174 clerici
1055 3122 1141 3174 vel
1187 3120 1335 3174 cives
1376 3120 1679 3173 defensare
1721 3119 1910 3173 conati
1942 3122 2094 3186 sunt,

465 3215 715 3286 graviter
742 3216 812 3268 ab
838 3214 975 3284 ipsis
1002 3213 1303 3268 monachis
1332 3214 1615 3267 vulnerati
1640 3215 1791 3265 sunt.

536 3310 614 3363 Eo
646 3324 800 3362 anno
831 3307 1058 3360 transiit
1077 3307 1471 3377 Magnacarius
1497 3306 1608 3360 dux
1638 3307 2005 3361 Francorum.

537 3405 599 3457 P.
630 3402 688 3456 C.
716 3402 912 3457 Basilii
934 3417 1078 3455 anno
1108 3417 1232 3467 xxv,
1260 3402 1377 3454 ind.
1409 3416 1519 3455 xlv.

538 3496 651 3549 Hoc
677 3511 831 3549 anno
858 3494 1046 3565 sigum
1081 3494 1348 3565 apparuit
1376 3494 1435 3547 in
1459 3494 1600 3548 coelo
1625 3509 1730 3564 per
1750 3493 1873 3547 dies
1902 3510 2024 3548 Lxx.

537 3589 615 3643 Eo
660 3605 813 3642 anno
858 3592 1119 3641 mortuus
1160 3590 1247 3641 est
1286 3586 1639 3641 Justinianus
1685 3588 1993 3657 Augustus,
2043 3590 2102 3641 et

467 3682 714 3752 suscepit
737 3682 989 3736 Justinus
1020 3698 1201 3752 nepos
1230 3680 1406 3752 ipsius
1438 3680 1767 3751 imperium.

537 3777 614 3830 Eo
641 3791 796 3829 anno
828 3775 1015 3829 hiems
1044 3774 1436 3829 valentissima
1464 3773 1592 3840 fuit,
1630 3777 1692 3827 ut
1717 3775 1970 3845 quinque
2001 3778 2101 3830 aut

466 3886 535 3925 eo
563 3869 808 3940 amplius
834 3868 1130 3923 mensibus
1171 3872 1410 3940 propter
1448 3867 1594 3921 nivis
1634 3867 2097 3938 magnitudinem

464 3965 620 4017 terra
663 3963 845 4017 videri
887 3980 1005 4017 non
1050 3964 1286 4033 posset:
1324 3962 1561 4032 ipsaque
1598 3961 1875 4031 asperitas
1917 3963 2099 4017 multa

469 4055 745 4111 animalia
776 4055 1020 4109 necavit.

539 4149 618 4202 Eo
640 4164 794 4202 anno
824 4148 1140 4203 Sindewala
1163 4150 1362 4203 Erolus
1384 4148 1749 4219 tyrannidem
1771 4149 2095 4221 assumpsit,

467 4245 523 4296 et
547 4258 579 4295 a
612 4243 822 4295 Narseo
849 4241 1091 4311 patricio
1120 4242 1457 4296 interfectus
1488 4245 1592 4296 est.

538 4336 699 4391 Anno
712 4337 891 4405 primo
907 4336 1216 4390 consulatus
1230 4336 1678 4404 Justinijunioris
1687 4338 1858 4407 Aug.,
1871 4337 1986 4391 ind.
2004 4354 2094 4393 xv.

536 4429 582 4482 A
612 4429 894 4501 principio
920 4428 1126 4483 mundi
1157 4445 1338 4500 usque
1360 4428 1433 4483 ad
1455 4412 1607 4484 hunc
1636 4432 1932 4485 consulem
1951 4431 2097 4485 ﬁunt

466 4523 605 4579 anni
636 4539 1006 4580 VMDCCLXVIII.

535 4620 692 4674 Anno
718 4635 757 4674 ιι
786 4633 929 4673 cons.
952 4618 1297 4687 Justinijun.
1326 4617 1500 4687 Aug.,
1530 4618 1646 4672 ind.
1675 4635 1714 4674 1.

534 4712 651 4767 Hoc
677 4728 830 4767 anno
871 4713 1077 4767 Narses
1125 4728 1192 4766 ex
1236 4711 1541 4783 praeposito
1570 4715 1627 4767 et
1666 4710 1926 4783 patricio,
1967 4714 2098 4783 post

461 4808 655 4860 tantos
671 4808 987 4876 prostratos
1004 4809 1301 4878 tyrannos,
1319 4806 1379 4860 id
1401 4809 1487 4859 est
1508 4806 1805 4862 Baduilam
1823 4810 1881 4860 et
1899 4806 2095 4876 Tejam

462 4914 631 4969 reges
656 4898 997 4967 Gothorum,
1022 4903 1081 4954 et
1096 4900 1477 4954 Buccelenum
1497 4900 1704 4954 ducem
1725 4900 2095 4969 Francorum,

464 5007 570 5046 nec
597 5007 715 5046 non
753 4994 811 5046 et
852 4992 1234 5048 Sindewalem
1277 4993 1549 5059 Erolum;
1589 4992 1975 5047 Mediolanum
2008 4993 2097 5047 vel

461 5084 713 5156 reliquas
746 5085 1003 5141 civitates
1030 5103 1171 5159 quas
1198 5086 1367 5141 Gothi
1394 5086 1816 5153 destruxerant,
1842 5086 2098 5141 laudabi-

458 5184 593 5239 liter
634 5187 950 5255 reparatas,
999 5184 1069 5239 de
1102 5184 1226 5255 ipsa
1259 5184 1419 5239 Italia
1458 5202 1492 5239 a
1539 5201 1713 5256 supra
1739 5185 1949 5257 scripto
1981 5186 2092 5239 Au-

463 5281 630 5350 gusto
661 5281 919 5334 remotus
945 5281 1049 5332 est.

530 5373 689 5427 Anno
719 5388 778 5427 ιιι
809 5387 953 5426 cons.
984 5372 1186 5427 Justini
1200 5373 1329 5441 jun.
1360 5372 1530 5441 Aug.,
1564 5373 1681 5427 ind.
1711 5389 1771 5427 ιι.

530 5465 645 5519 Hoc
658 5481 812 5519 anno
829 5465 1121 5520 Alboenus
1133 5482 1230 5519 rex
1249 5465 1767 5535 Langobardorum
1786 5481 1917 5520 cum
1935 5464 2096 5519 omni

459 5558 710 5613 exercitu
720 5559 1053 5630 relinquens
1065 5560 1238 5630 atque
1253 5558 1527 5613 incedens
1536 5560 1896 5613 Pannoniam
1906 5600 1920 5626 ,
1933 5574 2097 5613 suam

458 5650 731 5720 patriam,
764 5668 893 5705 cum
934 5652 1300 5717 mulieribus,
1332 5652 1419 5706 vel
1452 5652 1612 5706 omni
1641 5653 1853 5723 populo
1880 5668 2003 5718 suo,
2033 5654 2097 5705 ut

460 5742 583 5797 fera
602 5742 827 5797 Italiam
850 5744 1182 5814 occupavit:
1213 5744 1407 5815 ibique
1429 5744 1527 5798 alii
1543 5744 1766 5811 morbo,
1792 5744 1889 5799 alii
1916 5745 2091 5813 fame,

463 5834 726 5887 nonnulli
757 5834 947 5903 gladio
976 5836 1314 5907 interempti
1342 5839 1492 5890 sunt.
1525 5838 1605 5892 Eo
1649 5854 1801 5893 anno
1827 5838 2003 5893 etiam
2035 5838 2095 5894 in

465 5922 714 5979 ﬁnitima
736 5925 864 5980 loca
882 5926 1195 5984 Galliarum
1216 5928 1443 6001 ingredi
1463 5936 1973 6006 praesumpserunt,
1998 5932 2097 5990 ubi

2197 1999 2377 2064 verat,
2403 1998 2459 2049 et
2481 1996 2640 2049 omni
2658 1996 2951 2063 thesauro,
2966 1999 3085 2050 tam
3100 1996 3255 2067 quod
3269 1995 3338 2050 de
3360 1996 3665 2050 Pannonia
3688 1995 3843 2049 exhi-

2196 2090 2420 2157 buerat,
2469 2106 2645 2160 quam
2692 2080 2863 2160 quod
2891 2090 2961 2143 de
2992 2091 3153 2144 Italia
3185 2093 3664 2161 congregaverat,
3707 2105 3841 2143 cum

2197 2188 2360 2255 parte
2389 2184 2685 2250 exercitus,
2715 2184 2999 2237 Ravennae
3029 2183 3363 2255 reipublicae
3386 2200 3446 2236 se
3476 2182 3735 2238 tradidit.

2268 2277 2431 2331 Anno
2458 2294 2530 2331 v11
2558 2293 2699 2331 cons.
2726 2278 3066 2345 Justinijun.
3100 2278 3266 2345 Aug.,
3294 2278 3413 2331 ind.
3447 2293 3521 2330 vi.

2267 2372 2384 2424 Hoc
2433 2387 2588 2425 anno
2643 2370 2753 2423 dux
2804 2370 3340 2441 Langobardorum,
3385 2368 3624 2424 nomine
3679 2370 3837 2435 Cleb,

2197 2464 2354 2535 genti
2386 2463 2561 2534 ipsius
2599 2481 2697 2517 rex
2726 2463 3025 2517 ordinatus
3052 2468 3155 2531 est,
3186 2468 3241 2517 et
3272 2465 3465 2535 plures
3494 2463 3755 2517 seniores
3783 2467 3840 2517 et

2197 2557 2517 2611 mediocres
2550 2557 2620 2610 ab
2654 2556 2776 2627 ipso
2806 2556 3094 2618 interfecti
3121 2560 3273 2611 sunt.

2268 2652 2345 2705 Eo
2386 2667 2538 2704 anno
2568 2650 2842 2704 Vzefarius
2869 2650 2979 2704 dux
3011 2651 3360 2704 Francorum
3391 2649 3561 2717 obiit,
3595 2652 3655 2704 et
3683 2648 3839 2705 ordi-

2198 2747 2366 2798 natus
2397 2747 2481 2797 est
2507 2743 2928 2798 Theodofridus
2954 2744 3011 2798 in
3044 2744 3232 2798 locum
3260 2743 3385 2813 ejus
3412 2743 3546 2797 dux.

2265 2840 2421 2893 Anno
2448 2855 2541 2892 vni
2568 2854 2708 2892 cons.
2735 2840 2939 2893 Justini
2952 2838 3076 2907 jun.
3100 2839 3268 2905 Aug.,
3299 2838 3415 2892 ind.
3444 2854 3542 2891 vu.

2268 2932 2382 2985 Hoc
2408 2948 2560 2986 anno
2588 2931 2792 2989 Clebus
2816 2948 2917 2986 rex
2941 2930 3456 3003 Langobardorum
3474 2946 3507 2986 a
3526 2946 3714 3002 puero
3738 2947 3841 2986 suo

2196 3025 2533 3079 interfectus
2560 3029 2664 3079 est.
2699 3055 2704 3061 -
3302 3084 3306 3089 ,

2270 3120 2347 3173 Eo
2371 3135 2524 3173 anno
2546 3119 2757 3174 iterum
2774 3118 3139 3190 Langobardi
3161 3119 3218 3173 in
3234 3119 3388 3173 Valle
3411 3117 3662 3187 ingressi
3684 3122 3839 3184 sunt,

2197 3216 2255 3267 et
2277 3213 2471 3266 Clusas
2500 3213 2902 3281 obtinuerunt,
2938 3216 2995 3267 et
3031 3212 3092 3267 in
3117 3213 3470 3267 monasterio
3499 3214 3843 3268 sanctorum

2119 3265 2173 3339 Ο
2199 3307 2625 3361 Acaunensium
2655 3307 2855 3361 diebus
2880 3265 3073 3361 multis
3098 3307 3532 3374 habitaverunt;
3558 3312 3616 3361 et
3636 3311 3845 3377 postea

2200 3400 2261 3453 in
2284 3400 2471 3454 Baccis
2492 3417 2749 3471 pugnam
2768 3403 2967 3455 contra
2984 3401 3295 3455 exercitum
3318 3401 3673 3455 Francorum
3688 3417 3846 3455 com-

2200 3494 2502 3562 miserunt,
2520 3493 2618 3548 ubi
2638 3511 2784 3565 pene
2802 3494 2876 3548 ad
2889 3494 3181 3564 integrum
3194 3494 3479 3549 interfecti
3497 3498 3653 3561 sunt,
3668 3495 3847 3566 pauci

2182 3587 2337 3659 J‘uga
2382 3588 2626 3642 liberati.
2675 3588 2789 3643 Sed
2822 3590 2880 3642 et
2904 3588 3080 3642 Mauri
3109 3591 3166 3642 et
3195 3587 3322 3642 aliae
3364 3591 3566 3658 gentes
3590 3630 3605 3655 ,
3638 3588 3737 3659 qui
3780 3588 3843 3643 in

2198 3682 2498 3738 Provincia
2528 3698 2733 3737 eorum
2765 3681 2993 3753 ingredi
3036 3685 3566 3753 praesumpserant,
3596 3682 3670 3737 ab
3702 3682 3845 3755 ipsis

2200 3776 2427 3831 Francis
2456 3775 2659 3830 devicti
2687 3779 2837 3829 sunt.

2270 3872 2428 3925 Anno
2456 3886 2507 3924 ιχ
2538 3886 2681 3924 cons.
2711 3871 2913 3925 Justini
2926 3868 3054 3938 jun.
3083 3871 3256 3938 Aug.,
3283 3870 3400 3924 ind.
3430 3885 3545 3925 vui.

2269 3965 2427 4019 Anno
2454 3979 2484 4018 x
2510 3979 2653 4018 cons.
2678 3964 2881 4019 Justini
2896 3963 3017 4032 jun.
3048 3964 3216 4032 Aug.,
3246 3964 3359 4018 ind.
3394 3979 3469 4018 IX.

2270 4057 2383 4111 Hoc
2414 4073 2566 4111 anno
2595 4056 2915 4127 Sigibertus
2942 4073 3041 4110 rex
3065 4057 3673 4123 Francorum,bellum
3694 4073 3837 4112 con-

2199 4153 2289 4204 tra
2302 4151 2539 4204 fratrem
2553 4167 2720 4204 suum
2733 4149 3078 4221 Hilpcricum
3091 4154 3313 4215 movet;
3337 4152 3543 4205 etcum
3558 4166 3693 4205 eum
3708 4150 3839 4222 jam

2198 4243 2479 4298 inclusum
2506 4244 2763 4310 haberet,
2787 4247 2845 4297 et
2865 4243 2935 4298 de
2956 4244 3005 4315 ej
3016 4262 3079 4298 us
3098 4244 3500 4299 interfectione
3531 4244 3836 4315 cogitaret,

2198 4338 2269 4393 ab
2293 4338 2623 4393 hominibus
2639 4337 2941 4409 Chilperici
2962 4355 3067 4410 per
3079 4338 3342 4393 fraudem
3360 4338 3697 4393 interfectus
3717 4342 3834 4393 est:

2199 4435 2257 4486 et
2291 4432 2539 4504 suscepit
2574 4449 2818 4503 regnum
2853 4432 2975 4502 ejus
3005 4432 3402 4487 Childebertus
3442 4431 3590 4486 ﬁlius
3636 4432 3831 4503 ipsius.

2268 4527 2428 4582 Anno
2453 4542 2506 4581 χι
2528 4542 2671 4582 cons.
2697 4525 3036 4595 Justinijun.
3065 4527 3234 4596 Aug.,
3262 4526 3381 4581 ind.
3415 4542 3469 4581 x.

2267 4619 2347 4674 Eo
2380 4636 2534 4674 anno
2566 4618 2777 4674 mortui
2818 4621 2951 4673 sunt
2981 4618 3128 4690 regii
3165 4623 3338 4690 atque
3379 4617 3601 4691 egregii
3628 4618 3834 4674 adole—

2197 4716 2441 4781 scentes,
2470 4712 2860 4769 Chlotacarius
2898 4716 2957 4766 et
2989 4712 3410 4780 Cblodomeris,
3444 4712 3548 4767 ﬁlii
3573 4713 3834 4768 Gunthe—

2199 4808 2427 4880 gramni
2457 4806 2630 4879 regis.

2268 4904 2425 4958 Anno
2450 4918 2524 4957 χιι
2555 4916 2699 4956 cons.
2731 4903 2934 4957 Justini
2948 4900 3075 4970 jun.
3102 4901 3271 4969 Aug.,
3300 4901 3418 4955 ind.
3450 4916 3523 4956 χι.

2269 4998 2385 5050 Hoc
2417 5012 2572 5051 anno
2599 4996 2893 5051 Meroveus
2933 4995 3084 5049 ﬁlius
3128 4994 3394 5066 Hilperici
3429 4993 3585 5066 regis
3621 4994 3847 5051 occisus

2199 5093 2304 5145 est.

2268 5185 2425 5240 Anno
2446 5198 2541 5238 χιιι
2568 5170 2708 5239 cons.
2741 5185 2947 5239 ,Τιιείἰηὶ
2959 5184 3089 5252 jun.
3117 5184 3285 5252 Aug.,
3315 5183 3433 5237 ind.
3458 5196 3557 5237 xu.

2268 5278 2385 5331 Hoc
2410 5293 2564 5331 anno
2592 5276 2706 5332 duo
2738 5277 3008 5332 Germani
3031 5318 3043 5343 ,
3084 5276 3350 5331 Salonius
3377 5278 3435 5329 et
3465 5276 3840 5348 Sagittarius,

2198 5370 2450 5443 episCOpi
2482 5386 2516 5423 a
2545 5370 2767 5441 synodo
2796 5387 2924 5442 quas
2952 5369 3285 5424 Cabalonno
3317 5370 3559 5424 collecta
3585 5374 3692 5437 est,
3730 5389 3841 5443 pro

2197 5463 2431 5519 diversis
2474 5463 2810 5518 criminibus
2849 5464 2921 5518 ab
2969 5462 3328 5534 episcopatus
3372 5462 3596 5519 honore
3629 5464 3844 5536 dejecti

2198 5561 2347 5612 sunt.

2269 5653 2346 5706 E0
2382 5668 2535 5707 anno
2582 5654 2843 5706 mortuus
2885 5653 2971 5705 est
3002 5650 3256 5706 Justinus
3283 5652 3593 5722 Augustus,
3627 5654 3687 5704 et
3714 5668 3841 5705 suc-

2197 5744 2365 5800 cessit
2387 5744 2643 5800 Tiberius
2675 5745 2734 5800 in
2762 5745 2885 5799 loco
2919 5744 3060 5816 ejus.

2268 5840 2423 5895 Anno
2450 5854 2467 5893 ι
2494 5854 2634 5893 cons.
2669 5838 2870 5894 Tiberii
2905 5840 3246 5897 Constantini
3270 5838 3541 5907 Augusti,
3569 5839 3691 5893 ind.
3720 5854 3839 5894 xm.

2266 5933 2346 5988 Eo
2368 5948 2544 6005 anno,
2580 5947 2781 5992 mense
2803 5932 3068 6007 Octobre,
3092 5930 3175 5989 ita
3194 5930 3255 5989 in
3277 5931 3523 5989 Vallensi
3545 5930 3837 5990 territorio
