4016 6240
112 306 218 359 801

1640 300 1992 359 APPENDIX.

3394 313 3494 365 802

110 412 432 466 Rhodanus
459 410 783 479 exundavit,
820 413 883 465 ut
905 406 1093 482 copias
1119 410 1389 466 messium
1421 412 1757 479 denegaret;
1784 427 1840 498 Α
1864 414 2000 483 gina
2046 412 2183 468 obiit
2210 433 2226 479 ;
2259 416 2490 486 propter
2519 414 2677 487 cujus
2708 416 3009 473 transitum
3056 416 3337 474 interfecti
3362 425 3497 473 sunt

110 510 169 558 et
197 505 358 560 intra
392 505 608 560 Italiam
648 507 730 559 ita
766 506 921 560 ﬂuvii
962 506 1412 573 exundaverunt,
1446 511 1508 561 ut
1554 506 1761 559 damna
1862 508 1973 560 duo
2000 507 2223 571 medici,
2250 509 2504 563 Nicolaus
2532 514 2588 565 et
2618 513 2879 565 Donatus.

111 598 387 669 agricolae
414 603 768 669 paterentur.

188 694 353 748 Anno
373 708 410 746 11
440 708 583 746 cons.
618 694 819 747 Tiberii
846 693 1191 747 Constantini
1216 694 1473 762 Augusti,
1500 692 1615 746 ind.
1647 708 1755 747 Juv.

190 787 270 840 Ea
309 785 643 856 indictione,
676 803 869 841 mense
898 786 1236 858 Septembri,
1271 786 1639 857 Austregildis
1666 801 1756 840 re-

1932 602 2009 652 Eo
2041 618 2191 655 anno
2220 603 2556 657 Mummolus
2602 606 2867 674 patricius
2892 623 3023 660 cum
3052 624 3228 661 uxore
3259 613 3314 661 et
3345 606 3491 676 ﬁliis,

1860 698 1917 747 et
1956 694 2320 750 multitudine
2364 697 2594 751 familias
2620 715 2683 752 ac
2724 698 2929 753 divitiis
2964 701 3177 769 multis,
3218 701 3276 755 in
3307 717 3495 754 marca

1861 786 2207 843 Childeberti
2233 790 2405 861 regis,
2435 790 2493 845 id
2518 796 2621 859 est,
2649 792 2945 862 Avinione,
2975 794 3247 865 confugit.

1360 1149 2308 1269 APPENDIX

701 1347 822 1414 AD
868 1346 1160 1436 MARII,
1213 1347 1845 1418 AVENTICENSIS
1893 1348 2320 1435 EPISCOPI,
2370 1348 2907 1435 CHRONICON,

1214 1518 1493 1565 AUCTORE
1539 1519 1791 1577 IGNOTO,
1842 1520 1953 1565 εει)
2000 1519 2402 1573 PERANTIQUO.

1598 1643 2013 1657 *ο-

186 1726 373 1796 l'sque
394 1725 488 1780 hic
513 1726 717 1782 Marius
747 1727 1066 1801 episcopus.

186 1823 346 1875 Anno
373 1837 433 1876 111
464 1822 665 1875 Tiberii
690 1823 858 1892 Aug.,
884 1825 1001 1878 ind.
1032 1840 1119 1877 xv.

186 1915 348 1968 Anno
370 1930 425 1967 1v
458 1915 661 1969 Tiberii
684 1918 853 1985 Aug.,
883 1917 1001 1970 ind.
1033 1934 1070 1971 1.

186 2008 345 2062 Anno
372 2023 408 2060 v
449 2010 650 2063 Tiberii
674 2011 843 2079 Aug.,
872 2012 988 2064 ind.
1018 2027 1074 2065 11.

186 2103 347 2156 Anno
376 2118 431 2156 v1
457 2103 655 2156 Tiberii
674 2106 842 2172 Aug.,
874 2105 990 2159 ind.
1020 2122 1100 2160 111.

188 2198 346 2251 Anno
374 2212 448 2251 v11
486 2197 686 2251 Tiberii
711 2199 881 2267 Aug.,
908 2200 1027 2253 ind.
1062 2215 1133 2252 1v.

184 2288 355 2343 Gothi
381 2290 486 2344 sud
515 2291 879 2361 Ermengildo
908 2292 1241 2364 Leubegildi
1259 2293 1407 2364 regis
1421 2293 1536 2347 ﬁlio
1556 2293 1752 2351 bifarie

110 2384 299 2451 divisi,
336 2388 538 2437 mutua
562 2385 714 2439 cwde
742 2390 1053 2441 vastantur.

185 2478 489 2533 Indictione
522 2494 574 2532 v.

1774 1747 1831 1819 Β
1925 1734 2101 1806 Hujus
2124 1739 2383 1805 tempore
2407 1731 2559 1788 Persi
2591 1731 2971 1787 Calcidoniam
2998 1748 3179 1805 usque
3211 1750 3485 1806 pervene-

1854 1833 2011 1882 runt.

1927 1922 2075 1975 Huni
2103 1938 2333 1976 murum
2360 1922 2598 1992 longum
2646 1921 3146 1992 interrumpentes,
3178 1926 3235 1976 et
3259 1922 3331 1976 ad
3356 1940 3488 1978 mae-

1855 2016 1953 2070 nia
1996 2016 2503 2086 Constantinopolis
2548 2015 3000 2085 peraccedentes,
3049 2031 3179 2069 cum
3216 2017 3486 2086 praedicto

1856 2108 2215 2179 imperatore,
2264 2114 2463 2163 mutuo
2509 2108 2568 2162 in
2617 2125 2781 2161 muro
2817 2113 3002 2162 stante
3036 2108 3210 2178 [Forte
3253 2111 3485 2180 stantes]

1854 2192 2203 2257 collocuntur
2226 2220 2242 2269 ;
2279 2202 2377 2273 qui
2417 2205 2713 2273 acceptum
2739 2201 2809 2255 ab
2835 2217 2902 2256 eo
2928 2201 3085 2272 pacis
3117 2201 3387 2272 pretium,
3414 2203 3485 2257 ad

1854 2300 2081 2367 tempus
2118 2297 2410 2350 recedunt.

1926 2392 2032 2443 Per
2047 2390 2195 2444 idem
2212 2394 2436 2460 tempus
2455 2389 2632 2444 divisa
2655 2388 2715 2444 in
2737 2388 2917 2442 tribus
2944 2388 3081 2443 olim
3109 2389 3298 2460 regnis
3316 2391 3485 2446 Fran-

1856 2482 1959 2549 cia,
1988 2484 2047 2536 in
2074 2501 2189 2537 uno
2218 2500 2251 2537 a
2277 2483 2511 2554 praefato
2540 2499 2674 2553 rege
2702 2483 3047 2535 Francorum
3078 2500 3321 2553 regnum
3358 2501 3485 2538 con-

183 2571 489 2625 Mauricius
524 2572 688 2625 annis
726 2589 817 2627 xx1
844 2572 1009 2629 Suevi
1047 2591 1080 2629 a
1108 2574 1451 2647 Leubegildo
1497 2593 1631 2649 rege
1659 2578 1756 2632 ob-
1847 2577 2155 2649 juugitur;
2194 2581 2362 2648 atque
2390 2581 2764 2647 persequente
2805 2576 3153 2630 Theuderico
3192 2593 3324 2647 rege
3352 2594 3484 2647 ger-

104 2664 274 2733 tenti,
306 2665 502 2719 Gothis
532 2665 929 2736 subjiciuntur.

183 2759 482 2815 Indictione
506 2775 581 2813 v1.

1856 2688 2095 2725 manum
2124 2688 2291 2725 suum
2323 2670 2739 2724 Austrasiorum
2768 2687 2962 2741 regem
3002 2670 3483 2737 Theudebertum,

1855 2765 2140 2819 vincentes
2186 2764 2381 2817 Franci
2406 2764 2464 2817 in
2494 2763 2883 2833 Burgundiam
2928 2768 3222 2817 moventes
3249 2765 3484 2819 Austra-

184 2852 353 2907 Gothi
399 2852 670 2907 Reearido
712 2870 848 2925 rege
892 2854 1242 2925 intendente,
1268 2873 1302 2911 a
1338 2858 1448 2914 fide
1481 2859 1754 2915 catholica
1852 2858 1980 2924 sios,
2008 2859 2077 2912 ad
2108 2863 2423 2911 extremum
2458 2857 2643 2927 ipsum
2674 2856 3023 2911 occiderunt.
3056 2858 3167 2911 Nec
3194 2874 3371 2926 mora,
3408 2858 3485 2912 vi-

107 2950 501 3001 revertuntur.
1853 2958 1974 3007 ctor
2013 2951 2395 3006 Theudericus
2433 2950 2615 3005 Mettis
2642 2966 2772 3003 cum
2800 2949 3047 3016 obiisset,
3089 2949 3383 3021 Sigoberto
3413 2950 3482 3007 ﬁ-

184 3044 391 3095 Avares
416 3040 684 3095 adversus
713 3043 999 3097 Romanos
1028 3044 1381 3114 dimicantes,
1405 3063 1544 3102 auro
1571 3048 1752 3120 magis
1850 3045 1926 3100 lio
1956 3046 2194 3117 parvulo
2235 3061 2364 3100 cum
2396 3044 2519 3097 avia
2559 3060 2659 3097 sua
2687 3043 3033 3113 Brunihilde,
3064 3060 3307 3115 regnum
3338 3047 3484 3101 male

106 3152 287 3207 quam
318 3135 470 3189 ferro
498 3136 809 3206 pelluntur.
1771 3121 1826 3195 C
1850 3145 2187 3211 usurpatum
2219 3138 2477 3209 reliquit;
2499 3136 2828 3209 quivivente
2855 3137 3039 3191 adhuc
3067 3155 3341 3209 germano
3357 3156 3482 3207 suo,

183 3229 397 3283 Phocas
417 3245 594 3283 annos
624 3246 698 3284 1x.
735 3231 839 3285 Iste
868 3230 1141 3287 seditione
1169 3234 1402 3289 militari
1444 3234 1752 3306 imperator
1848 3239 2118 3304 nepotem
2146 3249 2313 3286 suum
2342 3232 2408 3286 ad
2444 3237 2661 3302 petram
2694 3230 2752 3284 in
2783 3230 2923 3284 albis
2952 3231 3085 3285 elidi
3106 3232 3294 3302 jussit.

106 3323 316 3391 factus,
355 3322 684 3377 Mauricium
714 3327 1033 3396 Augustum
1090 3327 1480 3400 nobiliumque
1518 3330 1746 3385 multos.
1921 3330 2027 3382 Per
2050 3327 2202 3381 idem
2228 3330 2452 3397 tempus
2472 3324 2603 3379 victi
2620 3324 2720 3378 lilii
2738 3325 2824 3378 sui
2850 3342 2883 3377 a
2909 3341 3043 3395 rege
3072 3326 3305 3396 praefato
3321 3326 3486 3382 Chlo-

257 3417 407 3485 [Leg.
439 3416 767 3487 interfecit].
1850 3422 2057 3475 tacario
2087 3420 2390 3491 capiuntur
2417 3437 2433 3488 ;
2465 3436 2529 3473 ac
2566 3419 2801 3490 prmfata
2826 3418 3048 3489 regina,
3082 3420 3483 3489 praedictorum

184 3510 365 3580 Hujus
386 3516 645 3581 tempore.
668 3512 899 3566 Parisini
922 3517 979 3567 et
1002 3515 1198 3569 Veneti
1220 3532 1323 3586 per
1350 3516 1635 3571 Orientem
1663 3518 1750 3571 vel
1850 3515 1993 3581 avia,
2023 3515 2093 3568 ab
2112 3531 2179 3569 eo
2203 3517 2388 3584 capta,
2422 3513 2754 3583 diversoque
2782 3528 3083 3582 poenarum
3111 3528 3319 3582 genere
3344 3515 3486 3568 afﬂi-

109 3605 423 3675 A-Igyptum
458 3605 617 3659 civile
654 3606 869 3661 bellum
908 3607 1137 3674 faciunt,
1166 3626 1229 3663 ac
1254 3626 1312 3663 se
1353 3615 1550 3665 mutua
1597 3612 1748 3665 caede
1849 3614 1955 3676 cta,
1989 3609 2195 3662 deinde
2243 3607 2456 3661 camelo
2500 3606 2787 3677 imposita,
2822 3605 3017 3659 multis
3047 3606 3163 3659 suis
3198 3613 3485 3677 spectacu-

108 3703 502 3769 prosternunt.
558 3700 759 3753 Prselia
805 3718 1031 3772 quoque
1078 3704 1373 3757 Persarum
1421 3705 1750 3774 gravissima
1849 3701 1969 3756 lum
1996 3701 2240 3772 praebuit
2270 3704 2593 3771 :postremo
2621 3698 2969 3752 ferocissimo
2999 3699 3171 3768 [Forte
3199 3700 3478 3755 ferocissi-

109 3792 382 3846 adversus
408 3793 821 3864 rempublicam
847 3796 1183 3865 excitantur,
1213 3813 1246 3850 a
1273 3797 1478 3867 quibus
1508 3798 1747 3851 Romani
1850 3796 1949 3865 mi]
1977 3795 2237 3865 colligata
2262 3793 2499 3864 pedibus
2518 3793 2650 3863 equi
2676 3797 2857 3862 tergo,
2876 3797 3196 3846 extremum
3216 3793 3481 3863 spiritum

108 3885 339 3940 fortiter
364 3887 647 3954 debellati,
675 3888 950 3959 plurimas
980 3890 1300 3961 provincias
1331 3895 1386 3945 et
1417 3891 1596 3961 ipsam
1628 3892 1750 3946 Hie-

108 3980 455 4051 rosolymam
483 3982 814 4037 amiserunt.

183 4074 475 4127 [leraclius
509 4074 710 4145 quinto
738 4076 962 4147 imperii
1007 4077 1093 4131 sui
1122 4078 1258 4133 dum
1286 4078 1547 4149 fungitur
1574 4094 1745 4143 anno,

108 4166 398 4223 Sisebotus
418 4168 729 4223 Gothorum
758 4186 855 4224 rex
878 4171 935 4224 in
954 4171 1164 4242 Spania
1182 4172 1457 4242 plurimas
1476 4174 1746 4227 Romanae

106 4260 335 4315 militiae
369 4261 562 4331 urbes,
602 4268 803 4334 quarto
836 4265 1003 4336 regni
1029 4265 1115 4319 sui
1145 4266 1250 4320 sibi
1275 4266 1536 4320 bellando
1567 4266 1742 4337 subji-

106 4355 215 4423 cit;
245 4358 304 4407 et
320 4355 543 4410 Judmos
580 4357 665 4411 sui
687 4358 847 4429 regni
867 4359 1137 4426 subditos,
1162 4364 1369 4430 praeter
1396 4376 1491 4414 eos
1530 4360 1627 4431 qui
1654 4362 1743 4415 fu-

108 4465 183 4518 ga
207 4449 353 4520 lapsi
382 4454 514 4504 sunt
535 4450 606 4505 ad
632 4451 894 4521 Francos,
916 4453 985 4507 ad
1012 4453 1219 4508 Christi
1247 4454 1418 4508 tidem
1449 4456 1742 4510 convertit.

1850 3889 2147 3943 exhalavit.
2170 3890 2245 3943 Cu
2247 3888 2455 3958 jusque
2482 3886 2745 3957 deinceps
2766 3886 3167 3956 corpusculum
3182 3886 3482 3942 incenden-

1848 3986 1932 4037 tes
1958 3983 2174 4055 populi,
2205 3981 2529 4052 sepulcrum
2569 3980 2718 4051 ignis
2745 3980 2890 4048 fuit;
2920 3980 2989 4033 ad
3028 3979 3477 4052 deinceps'judi-

1848 4077 2000 4130 cium
2027 4080 2325 4147 paternum
2357 4074 2477 4129 sine
2504 4074 2883 4128 misericordia
2908 4074 2968 4128 in
2991 4090 3264 4145 germano
3295 4079 3351 4129 et
3376 4092 3478 4131 ne-

1846 4175 1977 4241 pote
2005 4168 2295 4240 quondam
2324 4168 2541 4239 datum,
2566 4169 2625 4222 in
2654 4168 2782 4222 filiis
2808 4167 3144 4223 redundavit
3173 4186 3185 4235 ;
3215 4184 3420 4240 eosque
3449 4186 3483 4224 a

1847 4263 2208 4336 quibusdam,
2226 4268 2291 4318 ut
2319 4264 2499 4333 aiunt,
2519 4264 2911 4334 interemptos,
2934 4262 3322 4317 monarchiam
3342 4280 3483 4335 prte-

1846 4364 2207 4428 nuncupatus
2238 4374 2336 4412 rex
2368 4357 2425 4411 in
2453 4358 2632 4412 tribus
2659 4356 2850 4429 regnis
2880 4357 3126 4411 obtinuit
3151 4374 3167 4425 ;
3200 4374 3371 4427 quam
3396 4358 3476 4413 fe-

1845 4451 2027 4506 liciter
2071 4452 2452 4522 religioseque
2482 4452 2827 4521 gubernans,
2858 4466 3011 4505 nunc
3037 4466 3166 4504 cum
3198 4451 3481 4521 prioribus

178 4542 357 4613 Hujus
390 4543 749 4613 imperatoris
791 4547 1165 4617 temporibus,
1198 4548 1268 4601 ad
1309 4564 1490 4620 usque
1525 4542 1823 4620 imperii”
1848 4546 2011 4616 regni
2034 4545 2122 4599 sui
2147 4562 2296 4599 anno
2316 4546 2384 4599 40
2411 4543 2585 4598 vitam
2615 4544 2790 4598 ducit.

80 4618 198 4691 ’sui
227 4653 450 4691 annum
481 4638 567 4707 14,
599 4641 655 4692 et
691 4639 1027 4695 Chlotacarii
1078 4641 1463 4713 gloriosissimi
1496 4643 1744 4698 Franco-
1919 4640 2088 4693 Fiunt
2134 4638 2309 4709 igitur
2345 4637 2415 4690 ab
2453 4636 2685 4691 exordio
2723 4636 2922 4691 mundi
2967 4651 3147 4706 usque
3197 4637 3255 4690 in
3305 4653 3478 4693 teram

110 4748 237 4787 rum
256 4732 535 4803 principis
561 4733 725 4805 regni
750 4733 837 4789 sui
856 4750 1073 4790 annum
1098 4736 1187 4803 40,
1217 4736 1397 4791 multa
1417 4737 1746 4808 reipublicae
1847 4736 2207 4803 praesentem,
2236 4731 2296 4785 id
2340 4733 2445 4798 est,
2486 4730 2549 4784 14
2599 4728 2832 4784 Hcmclii
2871 4734 2927 4784 εἰ
2961 4730 3293 4785 (ἷῘιΙοῐᾶοαΓίί
3330 4732 3481 4803 regis

110 4823 384 4893 partibus,
414 4821 629 4893 ubique
654 4838 799 4895 pene
831 4840 866 4877 a
889 4824 1122 4879 diversis
1149 4825 1413 4896 gentibus
1454 4826 1747 4898 dispendia
1846 4842 2062 4882 annum
2086 4826 2176 4895 40,
2205 4824 2339 4880 anui
2368 4839 2705 4880 vuncccxxu.

110 4915 259 4972 illata
298 4917 482 4972 fuere.
