4016 6240
511 403 1204 408 .________,,,

1911 560 2116 605 EODEM
2161 560 2467 605 TEMPORE.

513 706 3053 1017 _____l:_l_l_C_l_lLENTIUS.

1625 1126 2744 1246 LUGULENTII

1032 1336 1150 1428 IN
1220 1334 1724 1448 ALIQUOT
1792 1334 2076 1430 NOVI
2147 1334 2855 1429 TESTAMENTI
2928 1332 3360 1426 PARTES

1572 1516 2835 1679 COMMENTARII

503 1720 621 1786 EX
678 1718 1128 1787 CODICIBUS
1194 1719 1522 1787 PRISCIS
1580 1718 2350 1787 BIBLIOTHECARUM
2396 1717 2877 1786 VATICANAE
2939 1717 3049 1785 ET
3114 1678 3874 1785 VALLIChZLLIAN/E.

1477 1868 3051 1909 mw

2152 1982 2243 2105 Ι.

504 2180 719 2244 Lectio
750 2178 957 2242 sancti
987 2175 1327 2254 Evangelii
1360 2174 1729 2238 secundum
1784 2173 2168 2255 blatthaeum
2196 2175 2307 2255 _(v1,
2340 2174 2443 2255 24)
2480 2194 2493 2249 ;
2528 2173 2608 2237 In
2640 2173 2750 2255 illo
2777 2181 3063 2255 tempore
3092 2173 3264 2235 dixit
3306 2173 3494 2236 Jesus
3536 2174 3880 2255 discipulis

1215 2258 1351 2318 suis
1382 2274 1403 2318 :
1434 2274 1622 2318 nemo
1646 2262 1858 2337 potest
1884 2254 2135 2316 duobus
2164 2253 2446 2315 dominis
2473 2254 2740 2331 servire,
2774 2263 2838 2316 et
2862 2253 3138 2335 reliqua.

1733 2382 2156 2437 COMMENTUM
2196 2382 2621 2437 LUCULENTII.
2696 2404 2701 2409 ·

571 2490 809 2554 Quidam
839 2487 979 2540 duos
1006 2486 1264 2539 homines
1279 2484 1471 2538 volunt
1490 2482 1805 2553 intelligere
1822 2482 2131 2549 Christum,
2157 2493 2216 2566 Α
2238 2487 2381 2544 tuus,
2410 2483 2492 2535 ibi
2511 2486 2661 2535 estet
2691 2498 2779 2535 cor
2804 2486 2977 2536 tuum.

501 2590 555 2637 et
584 2582 1164 2650 diabolum,'quorum
1211 2578 1442 2631 societas
1470 2593 1589 2630 esse
1623 2593 1737 2629 non
1766 2579 1971 2646 potest.
2000 2577 2136 2639 Quae

501 2677 654 2729 enim
686 2675 915 2727 societas
936 2673 1045 2726 luci
1066 2673 1135 2725 ad
1162 2672 1421 2726 tenebras
1440 2673 1466 2724 τ
1492 2687 1620 2741 qua:
1641 2669 1962 2739 conjunctio
1979 2669 2135 2723 Chri-

499 2771 567 2823 sti
594 2770 663 2823 ad
693 2768 861 2821 Belial
888 2769 915 2821 ?
946 2768 1029 2820 vel
1062 2783 1189 2837 qua:
1209 2782 1335 2835 pars
1362 2764 1512 2817 fideli
1544 2780 1673 2817 cum
1706 2763 1929 2816 inﬁdele
1951 2764 1978 2816 ‘l
2006 2762 2133 2815 sub-

498 2863 727 2917 auditur
752 2862 929 2915 nulla.
960 2861 1067 2915 Sed
1094 2860 1191 2931 qui
1220 2860 1333 2912 sint
1350 2859 1461 2912 duo
1485 2857 1701 2911 domini
1723 2857 1990 2927 deinceps
2007 2872 2134 2926 ape—

496 2960 569 3011 rit
599 2972 729 3010 cum
772 2954 1109 3025 subjungit:
1160 2954 1280 3007 Non
1328 2967 1579 3006 POTESTIS
1632 2966 1734 3003 nso
1775 2956 2021 3018 summa,
2068 2965 2133 3002 ετ

500 3065 796 3105 mamonae.
830 3049 949 3101 Non
976 3046 1131 3101 enim
1156 3045 1337 3100 dixit:
1368 3044 1466 3116 qui
1497 3043 1719 3098 divitias
1744 3043 1977 3109 habent,
2018 3043 2128 3096 Do-

495 3146 654 3200 mino
697 3143 904 3197 servire
942 3157 1057 3195 non
1102 3156 1309 3210 posse;
1351 3139 1447 3192 sed
1475 3138 1574 3209 qui
1621 3138 1825 3192 divitiis
1856 3136 2128 3191 serviunt.

494 3238 650 3294 Multi
678 3237 830 3291 enim
860 3234 1132 3288 habentes
1160 3232 1379 3287 divitias
1418 3248 1534 3285 non
1566 3231 1913 3286 distribuunt
1940 3246 2032 3284 eas
2067 3235 2133 3285 ut

495 3331 729 3397 domini,
764 3329 862 3384 sed
908 3326 1232 3381 custodiunt
1258 3331 1323 3380 ut
1360 3326 1525 3379 servi.
1568 3326 1644 3379 De
1682 3325 1946 3395 qualibus
1997 3324 2132 3379 dicit

493 3424 790 3496 Apostolus
821 3441 834 3477 :
871 3423 1224 3477 Thesaurizat
1250 3421 1357 3474 sibi
1380 3422 1521 3473 iram
1548 3422 1604 3472 in
1635 3420 1721 3472 die
1751 3421 1866 3481 irae,
1896 3424 1945 3473 et
1980 3434 2125 3473 reve-

497 3520 721 3573 lationis
747 3520 806 3571 in
824 3516 1053 3585 judiciis
1082 3516 1196 3569 Dei.
1220 3516 1285 3568 Et
1309 3530 1338 3568 e
1367 3513 1619 3585 regione,
1640 3513 1801 3566 multi
1824 3513 2036 3566 habent
2052 3512 2131 3566 di-

492 3612 675 3680 vitias,
705 3613 761 3666 et
798 3608 1141 3665 distribuunt
1182 3610 1247 3662 ut
1275 3607 1509 3674 domini,
1558 3623 1673 3661 non
1716 3605 2042 3661 custodiunt
2067 3611 2130 3659 ut

494 3705 658 3773 servi,
705 3705 849 3759 sicut
891 3703 1200 3771 Abraham,
1238 3703 1401 3771 Isaac,
1430 3700 1617 3769 Iacob,
1657 3700 1779 3766 Job,
1820 3699 2127 3770 emterique

2307 2577 2435 2630 ΙΙ)Εο
2486 2591 2611 2630 DICO
2648 2590 2807 2630 VOBIS
2848 2592 2914 2630 NE
2966 2590 3227 2630 SOLLICITI
3266 2591 3400 2631 SITIS
3438 2592 3621 2631 ΑΝΙΜᾸΞ
3658 2592 3878 2631 VESTRJ‘.‘

2236 2685 2363 2731 omo
2390 2686 2743 2724 MANDl'CETlS.
2764 2673 2906 2725 Cum
2922 2670 3079 2723 cibus
3095 2670 3221 2741 plus
3238 2671 3523 2741 pertineat
3541 2670 3609 2724 ad
3637 2686 3876 2741 corpus,

2233 2775 2404 2829 quam
2431 2759 2502 2811 ad
2528 2758 2800 2825 animam,
2834 2775 3010 2829 quare
3038 2759 3171 2813 dicit
3200 2776 3212 2813 :
3245 2763 3322 2817 Ne
3354 2761 3582 2813 solliciti
3603 2763 3724 2814 sitis
3756 2764 3877 2813 ani-

2232 2869 2333 2906 mae
2348 2858 2553 2915 vestrae,
2580 2853 2714 2921 quid
2728 2855 3066 2908 manducetis
3085 2853 3222 2907 ?sed
3249 2854 3503 2907 animam
3533 2854 3640 2907 hoc
3666 2855 3727 2907 in
3752 2855 3875 2908 loco

2232 2962 2338 3017 pro
2369 2945 2633 3017 praesenti
2661 2946 2774 2999 vita
2802 2963 2965 3001 nosse
2997 2947 3305 3015 debemus;
3333 2948 3477 3001 sicut
3503 2953 3559 3001 et
3584 2947 3643 3001 in
3670 2948 3877 3002 multis

2232 3039 2535 3111 Scriptura!
2563 3039 2715 3109 locis,
2737 3045 2803 3094 ut
2828 3045 2913 3094 est
2935 3041 3073 3095 illud
3116 3041 3288 3095 David
3318 3057 3332 3095 :
3386 3043 3508 3098 Viri
3542 3044 3640 3096 isti
3656 3045 3877 3097 animus

2229 3149 2355 3188 suas
2375 3139 2671 3203 posuerunt
2696 3137 2753 3187 in
2783 3135 3035 3190 manibus
3052 3138 3196 3199 suis;
3225 3140 3276 3189 et
3305 3137 3491 3189 anima
3517 3151 3638 3189 mea
3664 3139 3723 3189 in
3750 3152 3872 3191 ma-

2230 3229 2385 3281 nibus
2409 3230 2537 3281 meis
2557 3243 2781 3297 semper.
2809 3228 3013 3282 Paulus
3037 3244 3263 3299 quoque
3293 3229 3608 3299 apostolus:
3633 3232 3747 3286 Nec
3775 3232 3871 3296 fa-

2230 3324 2309 3375 cio
2337 3324 2575 3375 animam
2604 3337 2775 3375 meam
2798 3324 3172 3390 pretiosiorem
3198 3338 3362 3391 quam
3390 3338 3491 3376 me.
3518 3322 3675 3377 Sicut
3696 3327 3763 3377 et
3784 3324 3878 3377 hic

2228 3431 2357 3469 cum
2386 3414 2520 3469 dicit
2548 3432 2561 3469 :
2590 3418 2668 3473 Ne
2690 3417 2913 3470 solliciti
2951 3419 3069 3471 sitis
3093 3419 3289 3471 anima:
3313 3422 3502 3471 vestra
3531 3417 3666 3486 quid
3696 3434 3867 3471 man-

2229 3509 2435 3564 ducetis
2461 3526 2476 3578 _:
2504 3525 2567 3562 ac
2597 3509 2642 3563 si
2664 3510 2810 3564 dicat
2838 3527 2851 3564 :
2881 3511 3021 3565 Vita:
3044 3516 3239 3565 vestrae
3265 3511 3512 3582 qualiter
3529 3512 3721 3565 vivere
3750 3529 3881 3583 pos-

2227 3602 2365 3657 sitis.
2394 3603 2501 3657 Sed
2531 3603 2807 3674 qumritur
2842 3619 3017 3675 quare
3045 3604 3193 3659 dicat
3216 3622 3229 3659 :
3261 3607 3340 3662 Ne
3363 3606 3583 3659 solliciti
3603 3607 3730 3661 sitis
3756 3608 3880 3661 ani-

2226 3712 2326 3751 mae
2349 3702 2541 3751 vestrae
2566 3698 2699 3767 quid
2722 3699 3081 3774 manducetis,
3124 3714 3256 3753 cum
3285 3699 3491 3754 Paulus
3518 3699 3669 3753 dicat
3703 3716 3719 3754 :
3750 3701 3874 3757 Sol-

492 3800 592 3873 qui
619 3799 734 3854 suis
754 3797 960 3852 divitiis
985 3797 1128 3850 bene
1161 3812 1402 3867 praeesse
1433 3798 1737 3860 noverunt,
1762 3810 1854 3847 eas
1887 3792 2129 3846 fideliter
2148 3863 2196 3873 _
2230 3792 2507 3845 licitudine
2533 3808 2641 3846 non
2658 3794 2830 3861 pigri.
2863 3793 2968 3848 Sed
2994 3792 3073 3847 ibi
3094 3793 3412 3847 sollicitudo
3450 3793 3767 3863 spiritualis
3788 3795 3874 3849 in-

492 3892 899 3950 distribuendo.
944 3907 1049 3945 AUT
1081 3907 1210 3945 eum
1251 3906 1403 3945 unum
1434 3905 1560 3943 omo
1587 3904 1834 3956 HABEBIT,
1870 3903 1933 3941 ET
1962 3902 2125 3940 ALTE-
2148 3863 2203 3936 B
2228 3884 2537 3956 telligenda
2563 3897 2665 3953 est,
2697 3886 2757 3939 in
2777 3902 2890 3957 qua
2916 3885 3069 3958 pigri
3095 3902 3215 3941 esse
3242 3902 3359 3941 non
3388 3886 3679 3957 debemus,
3735 3888 3876 3959 quia

494 4004 609 4045 neu
651 4002 876 4055 DILIGET,
904 3985 961 4039 id
989 3988 1073 4039 est
1110 3985 1329 4052 Deum;
1362 3999 1469 4037 aur
1507 3998 1654 4038 UNUM
1700 3996 2032 4050 susrmsmr,
2065 3996 2128 4034 ετ

496 4097 741 4138 ALTERUM
773 4093 1088 4134 CONTEMNE’I‘
1115 4095 1131 4147 ;
1161 4094 1273 4132 non
1300 4076 1441 4131 dixit
1483 4077 1613 4131 odio
1643 4075 1832 4143 habet,
1862 4074 1959 4129 sed
1986 4090 2124 4129 con-

494 4180 729 4243 temnet,
750 4190 865 4227 non
885 4173 1012 4227 ideo
1044 4172 1223 4226 timet.
1248 4171 1445 4225 Nullus
1474 4170 1630 4224 enim
1649 4173 1766 4223 tam
1787 4168 2019 4222 demens
2044 4172 2128 4222 est

492 4276 559 4325 ut
584 4269 751 4335 dicat,
784 4284 843 4322 se
873 4267 1047 4322 Deum
1072 4265 1199 4320 odio
1225 4264 1456 4331 habere,
1489 4264 1585 4317 sed
1616 4263 1765 4316 Deus
1791 4262 1954 4315 illum
1985 4261 2123 4330 odit,

492 4365 590 4438 qui
640 4365 920 4436 prmcepta
962 4359 1115 4414 illius
1156 4357 1489 4421 contemnit,
1528 4356 1747 4410 dicente
1799 4356 2121 4427 propheta:

492 4460 670 4517 Odisti
693 4472 869 4512 omnes
890 4458 988 4526 qui
1008 4457 1305 4524 operantur
1325 4453 1691 4520 iniquitatem.
1719 4449 1871 4504 Sicut
1887 4449 2040 4503 enim
2056 4465 2123 4503 ex

489 4571 606 4610 uno
628 4553 781 4607 fonte
794 4551 956 4605 dulce
971 4554 1028 4603 et
1047 4562 1327 4614 amarum,
1354 4549 1659 4616 utrumque
1672 4543 1838 4597 simul
1860 4559 2124 4597 emanare

487 4663 605 4703 non
654 4649 857 4717 potest,
883 4644 963 4697 ita
999 4641 1190 4695 nullus
1218 4639 1436 4711 pariter
1468 4637 1687 4693 duobus
1716 4636 1978 4699 dominis,
2011 4636 2121 4691 Deo

488 4741 696 4797 scilicet
722 4744 779 4793 et
808 4736 1036 4804 divitiis,
1061 4734 1269 4789 servire
1291 4737 1495 4804 potest.
1519 4735 1639 4790 Non
1654 4733 1877 4802 potestis
1889 4733 1996 4785 Deo
2017 4746 2124 4784 ser-

488 4840 603 4892 vire
629 4839 679 4889 et
705 4847 1037 4889 mammonae.
1065 4831 1345 4885 Mammon
1385 4828 1589 4897 Syrum
1624 4829 1726 4894 est,
1753 4824 1905 4896 quod
1931 4823 2124 4878 Latine

488 4930 700 4987 divitiae
724 4930 1106 4997 nuncupatur.
1137 4925 1312 4978 Nemo
1342 4925 1528 4994 potest
1554 4920 1666 4974 Deo
1693 4919 1925 4990 pariter,
1958 4921 2015 4972 et
2043 4918 2126 4972 di-

488 5024 636 5081 vitiis
662 5020 890 5088 servire,
906 5018 1036 5091 quia
1058 5017 1157 5089 qui
1174 5019 1285 5071 Deo
1306 5019 1422 5071 toto
1443 5014 1610 5069 corde
1629 5012 1904 5081 servierit,
1928 5028 2123 5067 servus

488 5119 811 5176 divitiarum
834 5130 951 5170 esse
979 5129 1094 5167 non
1124 5111 1354 5183 poterit.
1384 5110 1564 5165 Omne
1592 5107 1969 5179 quodcunque
1995 5106 2123 5177 plus

2228 3994 2293 4033 ea
2320 3995 2447 4049 quae
2472 3979 2701 4050 spiritus
2726 3984 2877 4049 sunt,
2924 3996 3055 4061 cum
3089 3978 3358 4035 aviditate
3404 3996 3662 4051 quaerere
3691 3981 3874 4036 debec

2227 4088 2376 4128 mus.
2406 4074 2487 4127 Ad
2507 4074 2846 4129 exteriorem
2872 4074 3165 4144 pertinens
3193 4074 3507 4143 hominem,
3536 4073 3708 4129 labor
3735 4075 3869 4146 qui-

2227 4166 2354 4222 dem
2402 4167 2749 4222 exerceudus
2800 4172 2902 4238 est,
2951 4168 3267 4223 sollicitudo
3312 4168 3577 4223 tollenda.
3622 4169 3704 4223 De
3752 4186 3870 4241 qua

2227 4260 2497 4315 Dominus
2538 4261 2763 4330 Judazis,
2793 4278 2924 4316 cum
2964 4278 3062 4317 eos
3086 4262 3301 4317 videret
3336 4262 3398 4317 in
3433 4265 3659 4317 terrena
3699 4263 3866 4335 cupi-

2225 4354 2402 4410 ditate
2427 4355 2701 4423 laborare,
2730 4356 2872 4411 dixit
2900 4373 2913 4411 :
2956 4358 3273 4427 Operamini
3298 4371 3407 4411 non
3429 4357 3628 4419 cibum,
3657 4360 3760 4427 qui
3777 4372 3868 4428 pe-

2222 4451 2335 4503 rit:
2363 4448 2457 4503 sed
2476 4452 2572 4519 qui
2589 4454 2868 4520 permanet
2893 4452 2952 4505 in
2969 4452 3141 4506 vitam
3168 4454 3443 4505 aeternam.
3476 4451 3545 4505 Et
3570 4450 3702 4505 ideo
3727 4451 3861 4522 qui-

2224 4542 2354 4597 dem
2392 4559 2533 4613 opus
2569 4544 2953 4599 exercendum
2992 4549 3095 4615 est,
3138 4544 3284 4599 sicut
3316 4544 3528 4599 Paulus
3578 4545 3865 4615 apostolus

2223 4635 2405 4691 dixit:
2438 4638 2544 4704 Qui
2564 4652 2670 4692 non
2694 4638 2814 4693 vult
2838 4641 3073 4709 operari,
3112 4655 3209 4694 nec
3242 4638 3546 4694 manducet.
3596 4640 3661 4693 Et
3686 4639 3861 4693 alibi:

2223 4731 2516 4800 Operantes
2533 4747 2653 4786 cum
2662 4732 2873 4787 silentio
2893 4733 3236 4788 manducent.
3260 4733 3326 4787 Et
3346 4732 3455 4787 hoc
3474 4736 3559 4787 est
3573 4733 3732 4803 quod
3750 4733 3861 4787 ait:

2222 4826 2300 4881 Ne
2318 4824 2541 4879 solliciti
2562 4828 2682 4880 sitis
2707 4826 2915 4881 anima!
2939 4830 3131 4881 vestrae
3150 4826 3285 4896 quid
3310 4827 3643 4881 manducetis
3669 4846 3688 4880 :
3721 4843 3789 4881 ac
3819 4826 3865 4880 si

2223 4917 2408 4972 dicat:
2437 4917 2541 4981 Qui
2568 4918 2782 4989 majora
2810 4919 2964 4974 dedit
2990 4936 3007 4989 ;
3048 4919 3248 4991 utique
3277 4921 3336 4974 et
3366 4918 3590 4974 minora
3614 4925 3862 4992 praesta-

2221 5011 2304 5065 bit
2329 5028 2345 5080 ;
2369 5010 2527 5083 quia,
2561 5012 2661 5084 qui
2681 5012 2933 5067 animam
2952 5017 3010 5069 et
3046 5030 3251 5085 corpus
3275 5013 3431 5081 fecit,
3453 5013 3610 5068 dabit
3637 5018 3700 5068 et
3725 5015 3861 5070 sub-

2222 5104 2448 5159 sidium.
2479 5106 2667 5161 Nonus
2692 5123 2864 5162 ANIIA
2896 5123 3026 5163 PLUS
3058 5124 3150 5162 EST
3181 5124 3329 5170 orsu
3358 5124 3483 5163 ESCA
3513 5108 3539 5162 ?
3568 5125 3632 5163 ET
3660 5126 3862 5164 conpes

486 5214 672 5285 diligit
696 5213 888 5275 homo,
912 5209 1018 5262 hoc
1044 5209 1129 5261 est
1154 5221 1376 5271 avarus,
1403 5218 1606 5257 aurum
1634 5202 1813 5256 Deum
1841 5200 2035 5265 habet,
2068 5204 2123 5253 et
2142 5237 2196 5311 Ο
2223 5214 2355 5253 PLt's
2380 5215 2527 5259 QUAM
2560 5216 2933 5257 VESTIIIENTUM
2961 5202 2988 5255 ‘l
3010 5201 3216 5255 Anima
3241 5201 3370 5272 plus
3396 5206 3481 5257 est
3508 5218 3686 5272 quam
3714 5220 3860 5271 esca,

484 5307 806 5365 vorantium
849 5304 993 5356 Deus
1024 5304 1222 5355 venter
1252 5304 1354 5353 est.
1408 5300 1643 5365 Quorum
1689 5298 1811 5364 ﬁnis
1848 5296 2119 5356 interitus,
2146 5292 2195 5311 υ
2220 5292 2357 5363 quia
2381 5308 2607 5364 semper
2646 5295 2898 5349 manebit
2921 5312 2938 5364 ;
2972 5311 3097 5350 esca
3121 5311 3253 5351 vero
3282 5295 3512 5367 peribit.
3559 5297 3626 5350 Et
3652 5313 3862 5369 corpus

485 5420 715 5476 quorum
776 5404 912 5455 Deus
986 5399 1168 5450 venter
1240 5397 1355 5459 est,
1405 5396 1456 5445 et
1529 5392 1705 5459 gloria
1780 5391 1840 5443 in
1908 5390 2117 5455 confu-

484 5503 629 5553 sione
671 5500 910 5567 ipsorum
944 5492 1042 5561 qui
1090 5494 1306 5543 terrena
1334 5488 1579 5555 sapiunt.
1612 5485 1679 5538 Et
1716 5482 1853 5554 quid
1884 5482 2066 5536 dicam
2093 5483 2121 5535 ‘l

488 5592 865 5664 quodcunque
918 5583 1163 5656 amplius
1216 5579 1402 5651 diligit
1452 5579 1624 5655 hqmo
1673 5592 1845 5646 quam
1917 5576 2118 5638 Deum,

488 5686 685 5757 utique
729 5682 811 5736 illi
861 5686 944 5735 est
990 5680 1172 5745 Deus,
1203 5680 1258 5729 et
1308 5674 1434 5728 ideo
1472 5687 1623 5726 nemo
1654 5674 1826 5739 potest
1865 5671 1968 5722 Deo
2015 5684 2121 5723 ser-

486 5781 600 5834 vire
650 5781 701 5833 et
753 5788 1111 5838 mammona;
1152 5767 1289 5841 quia
1340 5766 1439 5838 qui
1499 5762 1746 5818 avaritiae
1798 5760 2115 5832 studuerit,

490 5869 604 5925 Deo
652 5867 861 5923 servire
908 5881 1024 5920 non
1074 5861 1325 5937 poterit:
1374 5859 1472 5916 ubi
1519 5859 1659 5914 enim
1704 5860 1781 5915 est
1836 5856 2117 5913 thesaurus

2219 5386 2348 5458 plus
2385 5403 2557 5458 quam
2602 5388 3002 5444 vestimentum
3044 5393 3146 5459 est,
3185 5389 3318 5461 quia
3362 5390 3624 5461 quamvis
3677 5390 3741 5444 in
3779 5390 3855 5445 ci-

2219 5496 2416 5535 nerem
2464 5480 2786 5551 redigatur,
2841 5486 3036 5538 tamen
3090 5484 3271 5537 instar
3319 5483 3523 5554 prioris
3578 5483 3855 5539 reforma-

2217 5574 2389 5629 bitur.
2432 5574 2717 5647 Scriptum
2750 5580 2833 5630 est
2871 5577 3026 5631 enim
3058 5594 3071 5631 :
3126 5578 3284 5632 Velut
3325 5579 3585 5633 amictum
3621 5580 3858 5634 mutabis

2217 5684 2322 5732 eos,
2348 5670 2798 5737 etmutabuntur;
2820 5671 3221 5725 vestimentum
3248 5687 3380 5726 vero
3398 5672 3467 5726 ad
3493 5671 3748 5728 nihilum
3774 5666 3883 5729 re?

2217 5761 2449 5833 digitur.

2288 5856 2573 5915 Rnsrlcrrs
2624 5872 2903 5914 vourma
2956 5874 3089 5915 cum
3137 5873 3381 5924 ououuu
3443 5876 3555 5918 non
3617 5876 3846 5931 suam,
