4016 6240
198 298 310 352 805

1548 292 1613 347 IN
1652 286 1897 347 ΜΑΤΊἩ.
1938 288 2086 345 CAP.
2127 286 2212 343 Vl.

3473 287 3578 342 806

193 419 377 465 usque
402 416 756 458 CONGREGANT
774 417 828 457 IN
850 416 1086 467 noeens,
1110 417 1173 456 ET
1200 417 1370 459 mrsu
1390 416 1589 455 vr.st
1612 416 1830 455 comss-
1858 414 1915 486 Α
1936 401 2180 466 Insuper,
2202 395 2417 466 etquod
2440 410 2547 450 non
2574 394 2785 466 petisti,
2821 393 2961 448 dabo
2982 394 3101 457 tibi,
3122 392 3348 465 divitias
3368 396 3574 457 saeculi,

191 513 280 553 "ns
313 512 503 553 PASCIT
531 512 669 553 ILLA.
699 496 951 550 Dederat
977 496 1477 566 comparationem
1511 494 1581 547 de
1614 495 1834 565 majore

194 590 275 643 ad
306 590 626 657 minorem;
661 590 734 643 de
761 589 957 644 anima
984 588 1057 643 ad
1080 605 1305 659 corpus,
1330 593 1388 642 et
1419 588 1489 642 de
1521 588 1745 642 minore
1766 586 1840 640 ad

196 684 509 754 majorem,
526 683 597 738 de
611 699 741 738 esca
754 683 828 737 ad
841 684 1120 752 animam;
1136 700 1289 737 nunc
1302 683 1511 738 iterum
1526 682 1596 735 de
1612 681 1839 735 minore

197 783 277 836 ad
302 783 587 851 majorem
624 782 725 836 dat
762 782 1253 853 comparationem
1272 824 1285 848 ,
1319 782 1389 835 de
1417 782 1739 835 volucribus
1766 780 1839 835 ad

196 875 499 930 hominem
523 891 656 929 cum
680 875 817 929 dicit
840 892 852 928 :
881 878 1145 945 Respicite
1164 877 1408 930 volatilia
1441 877 1575 928 ouili.
1594 874 1839 938 Quidam

193 970 456 1024 volatilia
480 970 605 1024 coeli
643 970 882 1039 angelos
916 969 1240 1039 intelligere
1266 969 1474 1035 voluit,
1512 971 1749 1039 propter
1772 966 1836 1021 il-

194 1064 300 1117 lud
329 1080 342 1117 :
378 1064 617 1126 Vola-vit,
652 1063 841 1134 inquit
880 1063 1192 1133 propheta,
1221 1064 1296 1117 ad
1320 1078 1402 1116 me
1428 1078 1568 1117 unus
1598 1062 1664 1116 de
1688 1077 1839 1116 sera-

192 1158 353 1226 phin,
384 1159 480 1227 qui
501 1172 611 1210 non
640 1158 911 1211 laborant.
932 1157 1065 1210 Ideo
1085 1156 1320 1227 quidem
1347 1156 1564 1210 visione
1592 1154 1691 1208 Dei
1710 1172 1837 1225 per-

196 1250 490 1317 fruuntur,
512 1249 737 1304 dicente
766 1251 932 1304 Petro
965 1251 1253 1320 apostolo:
1281 1251 1347 1303 In
1362 1266 1516 1319 quem
1534 1250 1844 1303 desiderant

195 1345 385 1412 angeli
404 1346 731 1414 prospicere.
767 1343 881 1398 Sed
903 1360 1275 1414 nequaquam
1301 1343 1377 1396 ita
1398 1342 1839 1413 intelligendum

198 1440 308 1503 est,
334 1440 396 1490 ut
414 1436 590 1491 homo
612 1437 800 1491 malus
821 1437 892 1489 sit
916 1436 1070 1506 apud
1087 1438 1267 1490 Deum
1291 1453 1465 1506 quam
1491 1436 1701 1505 angeli.
1726 1435 1840 1490 Sed

198 1531 407 1584 melius
439 1534 525 1583 est
560 1532 623 1584 ut
653 1529 1046 1600 intelligamus
1082 1529 1335 1583 volatilia
1361 1529 1486 1583 caeli
1506 1571 1519 1597 ,
1552 1546 1683 1583 aves
1712 1545 1841 1599 qua).

196 1640 306 1695 per
321 1624 474 1677 hunc
495 1640 692 1677 aerem
709 1623 1056 1689 discurrunt,
1072 1623 1226 1677 unde
1250 1626 1307 1677 ct
1328 1640 1460 1677 aves
1481 1622 1602 1676 coeli
1630 1640 1836 1677 vocan-

196 1720 327 1770 tur:
349 1732 465 1771 non
482 1716 751 1771 laborant
773 1733 960 1787 neque
973 1720 1219 1781 metunt,
1235 1716 1333 1769 sed
1348 1719 1554 1781 rostro,
1572 1720 1629 1769 et
1641 1714 1842 1785 ungui-

1939 494 2067 546 auri
2089 495 2141 545 et
2164 493 2397 557 argenti.
2426 489 2540 545 Sed
2566 488 2625 543 in
2652 488 2811 543 omni
2834 486 3203 542 multitudine
3226 486 3572 555 divitiarum,

1940 587 1998 638 et
2027 583 2305 638 varietate
2330 583 2575 638 vestium
2602 599 2720 638 non
2750 585 2837 637 est
2860 584 3186 652 coopertus,
3224 580 3368 636 sicut
3394 596 3574 635 unum

1940 676 2150 743 existis,
2175 676 2661 731 subauditurliliis
2682 675 2826 747 agri.
2847 676 2971 729 Non
2997 673 3153 728 enim
3172 673 3439 740 sericum,
3468 690 3575 729 nec

1940 786 2145 839 regum
2175 786 2449 840 purpura,
2484 787 2591 824 nec
2619 769 2843 840 pictura
2872 768 3176 822 textricum
3208 770 3395 838 potest
3416 767 3572 821 ﬂori-

1940 862 2046 917 bus
2076 863 2419 933 comparari.
2455 863 2603 927 Quid
2626 863 2781 917 enim
2802 862 2880 916 ita
2902 862 3067 916 rubet
3086 865 3147 915 ut
3158 860 3325 916 rosa?
3340 859 3479 931 quid
3495 860 3576 914 ita

1942 956 2153 1011 candet
2188 960 2251 1010 ut
2289 956 2508 1011 lilium?
2547 956 2712 1011 violae
2743 973 2877 1011 vero
2907 972 3180 1026 purpura,
3215 955 3372 1009 nullo
3404 971 3573 1025 supe-

1942 1050 2059 1104 rari
2084 1050 2322 1117 murice,
2352 1051 2648 1104 oculorum
2672 1050 2855 1120 magis
2883 1066 3057 1120 quam
3080 1065 3413 1102 sermonum
3428 1048 3579 1118 judi-

1944 1142 2098 1196 cium
2132 1145 2237 1196 cst.
2269 1142 2421 1197 Fecit
2450 1142 2607 1197 enim
2644 1142 2915 1197 Salomon
2957 1158 3091 1195 vasa
3121 1158 3296 1195 aurea
3322 1141 3379 1193 in
3406 1140 3579 1195 domo

1943 1234 2196 1302 Domini,
2223 1236 2380 1289 velut
2408 1236 2480 1290 ad
2512 1234 2855 1305 dignitatem
2888 1234 3132 1305 regiam.
3166 1234 3279 1289 Sed
3310 1237 3366 1287 et
3393 1236 3575 1300 fercu-

1944 1333 2055 1387 lum
2078 1336 2211 1400 fecit
2236 1334 2488 1387 Salomon
2520 1334 2585 1387 de
2606 1334 2770 1403 lignis
2795 1334 3020 1395 Sethim,
3042 1333 3422 1400 columnasque
3446 1334 3575 1398 fecit

1940 1432 2254 1495 argenteas,
2298 1442 2573 1481 ascensum
2610 1442 2984 1496 purpureum,
3030 1412 3432 1479 reclinatorium
3473 1442 3571 1479 au-

1939 1536 2091 1574 reum
2113 1520 2288 1573 medio
2312 1520 2563 1574 claritate
2599 1522 2894 1574 constravit
2924 1523 3149 1589 propter
3187 1519 3329 1587 ﬁlias
3352 1521 3573 1573 Jerusa-

1941 1613 2061 1667 lem.
2092 1613 2389 1667 Ferculum
2418 1612 2575 1667 enim
2614 1616 2873 1667 sanctam
2907 1612 3194 1682 signiﬁcat
3233 1612 3573 1679 Ecclesiam,

1940 1708 2224 1761 columnae
2244 1723 2378 1761 vero
2402 1710 2628 1761 sanctos
2651 1706 2932 1773 doctores,
2964 1705 3108 1759 sicut
3129 1705 3199 1758 de
3229 1705 3573 1775 quibusdam

196 1809 307 1863 bus
326 1812 659 1881 pascuntur.
680 1810 739 1865 Si
756 1809 1201 1880 inquitvolalilia
1217 1809 1360 1876 cceli,
1377 1826 1623 1880 quorum
1642 1809 1837 1863 anima

1942 1816 2145 1855 eorum
2174 1800 2391 1854 dictum
2423 1803 2508 1854 est
2538 1817 2551 1854 :
2579 1801 2806 1856 Iacobus
2843 1805 2895 1855 et
2937 1801 3161 1869 Cephas,
3192 1803 3243 1853 et
3277 1800 3576 1863 Iohannes,

126 1899 135 1906 ’
195 1919 334 1958 cum
356 1920 595 1976 corpore
622 1904 885 1971 moritur,
912 1904 1061 1956 Deus
1083 1903 1160 1957 sic
1182 1903 1381 1973 pascit,
1406 1905 1623 1973 quanto
1653 1903 1841 1972 magis

194 2014 299 2052 vos
320 1997 417 2068 qui
441 1998 513 2051 ad
544 1997 863 2068 imaginem
886 1996 985 2050 Dei
1010 1997 1145 2050 facti
1166 1996 1298 2049 estis
1321 1995 1469 2050 illis?
1495 1997 1660 2050 Ratio
1683 1996 1837 2049 enim

196 2091 323 2145 hac
349 2108 468 2145 non
490 2090 563 2145 ad
586 2090 1084 2157 numerositatem,
1116 2090 1217 2144 sed
1244 2090 1317 2143 ad
1343 2089 1840 2160 comparationem

196 2184 579 2254 intelligenda
628 2187 732 2238 est.
777 2182 837 2237 Si
882 2183 955 2237 ad
1004 2200 1310 2237 numerum
1354 2183 1679 2253 intelligas,
1714 2183 1840 2253 plus

196 2282 333 2332 sunt
361 2277 616 2331 volatilia
643 2276 768 2331 cceli
790 2293 966 2348 quam
995 2276 1294 2341 homines;
1323 2277 1422 2331 sed
1450 2276 1523 2330 ad
1548 2277 1836 2347 quantita-

197 2376 342 2439 tem,
358 2371 927 2442 etcomparationem
943 2374 1027 2425 est
1040 2370 1481 2440 intelligendum
1498 2370 1651 2441 quod
1672 2370 1835 2424 dicit:

196 2466 392 2522 Nosse
424 2481 529 2521 vos
557 2480 720 2521 MAGIS
748 2481 950 2520 PLURES
989 2480 1138 2519 ESTlS
1164 2464 1341 2519 ILus?
1373 2463 1427 2518 id
1457 2467 1542 2517 est
1572 2464 1839 2518 meliores

198 2561 257 2613 et
285 2558 579 2614 chariores
609 2558 774 2625 estis,
806 2561 864 2612 et
900 2559 1025 2629 plus
1056 2558 1281 2625 valetis;
1318 2557 1417 2611 illa
1444 2556 1601 2611 enim
1631 2557 1673 2611 si
1704 2557 1840 2611 laesa

199 2652 378 2706 fuerit
399 2652 613 2719 anima,
641 2669 849 2723 corpus
874 2651 1151 2706 interibit.
1172 2653 1355 2706 Homo
1374 2651 1618 2705 moritur
1634 2667 1833 2722 corpo-

198 2763 285 2814 re,
304 2746 506 2800 anima
527 2746 599 2800 ad
621 2746 873 2800 coelestia
892 2745 1100 2800 tendit.
1124 2748 1270 2800 Deus
1288 2746 1443 2800 enim
1466 2745 1837 2815 omnipotens

200 2856 320 2894 non
344 2838 613 2895 homines
632 2842 871 2911 propter
892 2856 1040 2908 aves,
1057 2839 1158 2897 sed
1171 2856 1301 2894 aves
1321 2843 1557 2911 propter
1572 2838 1839 2893 homines

198 2934 360 3001 fecit,
403 2936 460 2987 et
502 2936 741 3005 propter
770 2933 1037 2988 homines
1068 2933 1225 2987 venit
1263 2932 1321 2987 in
1369 2933 1652 2987 mundum
1674 2974 1688 3001 ,
1721 2949 1838 2987 non

198 3030 441 3098 propter
478 3044 631 3096 aves,
673 3045 816 3099 quos
847 3030 903 3081 et
934 3044 1066 3082 caro
1108 3027 1292 3099 pretio
1320 3026 1495 3095 emit,
1531 3027 1675 3080 sicut
1701 3026 1836 3080 scri-

195 3125 367 3192 ptum
394 3125 512 3176 est:
533 3124 718 3192 Empti
740 3124 880 3176 enim
904 3124 1029 3177 estis
1043 3125 1223 3193 pretio
1255 3136 1472 3191 magno.
1493 3124 1626 3189 QUIS
1656 3136 1836 3176 AUTEM
1859 3157 1914 3233 Ο

198 3230 451 3272 VESTRUM
508 3231 771 3271 COGITANS
835 3231 1038 3271 POTEST
1098 3231 1353 3272 ADJICERE
1416 3232 1484 3270 AD
1560 3230 1837 3270 STATURAM

200 3325 349 3366 sum
389 3324 624 3365 omnem
652 3308 841 3365 UNL’M?
867 3311 1063 3364 Nullus
1090 3309 1245 3364 enim
1272 3310 1344 3363 ad
1371 3311 1650 3363 staturam
1675 3325 1838 3363 suam

198 3400 460 3459 cubitum
491 3420 669 3457 unum
693 3402 940 3474 adjicere
962 3403 1148 3469 valet;
1184 3404 1299 3457 imo
1324 3420 1429 3457 nec
1457 3420 1636 3457 unum
1666 3403 1835 3473 capil-

200 3498 323 3551 lum
349 3496 553 3569 capitis
598 3497 793 3552 album
832 3498 1023 3551 facere
1065 3500 1164 3553 aut
1193 3498 1445 3568 nigrum.
1479 3497 1683 3551 Danda
1719 3499 1841 3550 erat

197 3591 563 3662 comparatio
586 3589 656 3645 de
676 3590 1019 3646 vestimento
1043 3591 1114 3645 ad
1137 3607 1364 3662 corpus,
1388 3590 1533 3645 sicut
1553 3593 1611 3643 et
1631 3589 1701 3643 de
1724 3590 1841 3644 ani-

198 3701 299 3739 ma
338 3684 475 3739 data
504 3688 647 3738 erat.
681 3684 846 3748 Quod
885 3685 1024 3739 dicit
1050 3684 1375 3739 istiusmodi
1403 3687 1525 3738 est:
1556 3684 1635 3738 illi
1666 3684 1835 3738 relin-

198 3778 359 3851 quite
382 3794 581 3833 curam
602 3778 699 3849 qui
720 3778 854 3832 fecit
869 3780 1178 3845 staturam;
1208 3778 1305 3849 qui
1326 3777 1480 3832 enim
1504 3794 1708 3848 corpus
1727 3795 1839 3848 qua

197 3872 381 3927 voluit
426 3888 701 3926 mensura
749 3871 1074 3940 constituit,
1116 3872 1328 3927 scilicet
1370 3888 1542 3943 quam
1574 3872 1835 3941 longum,

198 3982 377 4038 quam
398 3966 574 4020 breve
596 3968 762 4034 esset,
792 3965 990 4037 utique
1015 3966 1167 4036 quod
1196 3965 1386 4020 minus
1420 3968 1505 4020 est
1524 3964 1702 4031 dabit,
1731 3966 1836 4020 sci-

197 4060 335 4114 licet
359 4059 771 4124 indumentum
790 4062 847 4114 et
862 4063 1285 4129 tegumentum.
1311 4059 1418 4123 Qui
1441 4060 1596 4113 enim
1616 4059 1840 4130 majora

199 4153 468 4217 contulit,
498 4171 605 4207 nec
636 4170 751 4207 non
781 4152 1076 4225 utriusque
1105 4156 1163 4208 et
1188 4154 1417 4209 minora
1444 4153 1755 4224 praestabit.

272 4248 655 4303 CONSIDERATE
704 4263 843 4303 LILIA
895 4263 1023 4304 AGRI
1073 4264 1338 4312 QUOMODO
1388 4263 1680 4313 CRESCUNT,
1733 4264 1838 4303 NON

200 4357 506 4409 LABORANT,
549 4358 723 4404 NEQUE
760 4358 914 4398 NENT.
949 4345 1066 4397 Hoc
1095 4342 1221 4397 loco
1262 4358 1379 4397 non
1419 4340 1742 4413 specialiter
1770 4339 1836 4395 li-

202 4435 370 4503 lium,
414 4434 515 4489 sed
560 4451 762 4489 omnes
797 4434 1006 4490 herbas
1037 4435 1446 4506 intelligamus,
1490 4451 1617 4505 quae
1648 4434 1839 4489 hieme

1939 1896 2036 1964 qui
2078 1894 2407 1948 videbantur
2455 1894 2712 1948 columnze
2765 1909 2890 1949 esse.
2934 1895 3217 1947 Ascensus
3259 1909 3579 1963 purpureus

1939 1990 2167 2041 sanctos
2179 1986 2465 2056 signiﬁcat
2478 1988 2855 2055 confessores,
2871 1985 3301 2040 reclinatorium
3315 2002 3576 2056 aureum,

1941 2080 2196 2134 divinam
2216 2080 2582 2150 sapientiam.
2602 2081 2683 2134 De
2702 2097 2817 2151 qua
2838 2079 2972 2133 alibi
2995 2096 3007 2133 :
3037 2081 3340 2133 Thesaurus
3360 2080 3570 2135 deside-

1937 2174 2152 2236 rabilis,
2178 2175 2464 2243 requiescit
2487 2190 2632 2228 more
2655 2176 2936 2243 sapientis.
2967 2172 3119 2226 Filiae
3141 2173 3459 2227 Jerusalem
3499 2173 3571 2226 si-

1941 2267 2217 2337 gnificant
2244 2266 2468 2321 animas
2496 2268 2741 2321 sanctas.
2766 2265 3040 2331 Quamvis
3060 2265 3215 2319 enim
3241 2265 3317 2319 sic
3344 2266 3576 2320 decora-

1939 2362 2030 2413 tus
2056 2359 2252 2413 fuisset
2268 2360 2566 2427 Salomon,
2590 2362 2789 2414 tamen
2814 2376 3113 2430 nunquam
3136 2359 3323 2429 potuit
3342 2359 3418 2413 sic
3437 2376 3570 2413 can-

1940 2453 2139 2507 didum
2162 2453 2375 2507 habere
2396 2453 2803 2507 vestimentum
2825 2456 2887 2507 ut
2913 2455 2999 2506 est
3014 2452 3219 2519 lilium,
3244 2469 3349 2507 nec
3363 2470 3573 2524 purpu-

1938 2563 2105 2601 reum
2141 2547 2283 2601 sicut
2316 2546 2483 2613 viola,
2531 2564 2636 2601 nec
2668 2547 2997 2601 coccineum
3036 2546 3180 2600 sicut
3207 2562 3357 2601 rosa.
3394 2546 3569 2617 Spiri-

1942 2642 2179 2695 tualiter
2203 2657 2307 2711 per
2334 2640 2519 2695 lilium
2546 2641 2902 2711 significatur
2928 2640 3245 2710 virginitas,
3268 2657 3374 2711 per
3401 2641 3574 2695 violas

1940 2736 2317 2799 confessores,
2345 2751 2450 2806 per
2486 2752 2646 2789 rosas
2676 2738 2978 2805 martyres.
3015 2734 3288 2789 Salomon
3324 2751 3573 2805 namque

1942 2828 2331 2899 virginitatem
2366 2845 2483 2883 non
2510 2828 2731 2897 habuit,
2762 2828 2863 2882 sed
2893 2828 3070 2882 etiam
3098 2844 3199 2883 cor
3223 2827 3345 2899 ejus
3365 2827 3569 2899 depra-

1939 2926 2133 2977 vatum
2162 2926 2245 2976 est
2274 2939 2378 2993 per
2403 2922 2696 2979 mulieres.

2011 3016 2067 3071 SI
2108 3032 2285 3072 AUTEM
2325 3033 2504 3072 FENUM
2542 3032 2667 3072 ΛΟΜ
2710 3031 2855 3079 QUOD
2894 3031 3060 3071 HODIE
3094 3031 3205 3084 EST,
3256 3032 3318 3071 ET
3354 3031 3486 3073 CRAS
3519 3033 3569 3073 IN

1940 3125 2208 3167 cunnum
2248 3126 2517 3177 MITTITUR,
2558 3112 2702 3165 Deus
2743 3125 2825 3166 s10
2865 3126 3067 3165 vasm.
3117 3110 3214 3165 Hic
3244 3114 3441 3182 aperte
3468 3110 3567 3165 da-

1941 3205 2033 3257 tur
2073 3204 2317 3275 intelligi
2360 3200 2494 3275 quia
2544 3203 2805 3275 superius
2838 3219 3010 3258 omne
3051 3220 3233 3275 genus
3259 3205 3571 3260 herbarum

1940 3299 2434 3370 comprehendere
2460 3298 2639 3353 voluit
2675 3315 2807 3351 cum
2834 3297 2972 3352 dicit
3018 3315 3031 3353 :
3076 3300 3137 3355 Si
3172 3302 3349 3353 autem
3386 3302 3572 3367 fenum

1940 3396 2066 3463 agri
2093 3394 2237 3463 quod
2266 3393 2423 3447 hodie
2454 3398 2550 3457 est,
2580 3397 2628 3447 et
2650 3408 2769 3447 cras
2792 3394 2851 3446 in
2870 3393 3145 3447 clibanum
3171 3395 3427 3448 mittitur.
3459 3393 3568 3448 Ho—

1940 3487 2033 3541 die
2062 3504 2166 3558 pro
2202 3486 2471 3557 praesenti
2506 3488 2771 3557 tempore
2805 3487 3022 3557 posuit,
3053 3503 3179 3540 cras
3206 3502 3311 3557 pro
3338 3486 3567 3555 futuro;

1940 3584 2002 3635 ut
2047 3583 2133 3635 est
2158 3580 2297 3635 illud
2325 3580 2498 3634 Jacob
2533 3596 2545 3634 :
2574 3583 2717 3635 Cius
2758 3596 3019 3635 EXAUDIET
3058 3596 3131 3635 ME
3166 3596 3400 3635 JUSTITIA
3440 3597 3567 3636 κω.

1940 3675 2007 3728 Et
2037 3675 2267 3729 Samuel
2300 3673 2440 3727 dixit
2471 3674 2543 3727 ad
2585 3673 2718 3728 Saul
2769 3691 2781 3728 :
2824 3677 2958 3731 Cras
2987 3678 3072 3737 tu,
3118 3678 3170 3728 et
3195 3674 3301 3742 ﬁlii
3337 3676 3437 3736 tui,
3466 3690 3572 3728 me-

1938 3784 2057 3822 cum
2087 3770 2257 3823 eritis.
2299 3769 2520 3834 QUANTO
2561 3782 2722 3821 MAGIS
2760 3782 2864 3822 vos
2905 3782 3110 3822 manu;
3149 3767 3330 3821 non?
3355 3766 3567 3837 Repre-

1938 3861 2211 3916 henditur
2231 3860 2373 3914 ﬁdes
2393 3861 2805 3932 apostolorum,
2832 3860 2917 3913 vel
2945 3860 3296 3927 Judmorum,
3322 3862 3420 3932 qui
3442 3878 3566 3917 mo-

1940 3954 2128 4009 dicam
2186 3954 2404 4008 habent
2444 3953 2640 4007 ﬁdem.
2691 3955 2893 4009 Noure
2946 3968 3084 4009 unco
3135 3969 3394 4010 SOLLICITI
3443 3971 3573 4012 esse

1940 4064 2230 4105 DICENTES:
2292 4047 2440 4112 Quid
2490 4063 2930 4115 ussuucsmuus,
2970 4064 3074 4103 AUT
3131 4065 3259 4111 QUID
3314 4065 3567 4117 BIBEMUS,

1938 4159 2042 4199 AUT
2081 4158 2189 4206 oro
2218 4141 2563 4198 occursum?
2593 4142 2673 4196 De
2695 4158 2844 4211 esca,
2871 4145 2928 4195 et
2942 4141 3287 4197 vestimento
3311 4144 3571 4216 superius

1941 4235 2386 4297 sollicitudinem
2410 4236 2639 4303 tulerat,
2656 4235 2726 4290 de
2750 4238 2888 4306 potu
2916 4236 3242 4291 reticuerat.
3266 4238 3570 4310 Recapitu‘

1940 4330 2115 4385 lando
2158 4329 2351 4385 subdit
2393 4346 2406 4385 ε
2452 4328 2628 4387 Nolite
2671 4331 2894 4384 solliciti
2930 4344 3040 4384 esse
3089 4331 3322 4386 dicentes
3365 4351 3382 4386 :
3428 4334 3573 4399 Quid

1938 4425 2388 4480 manducabimus
2406 4429 2504 4478 aut
2528 4424 2663 4493 quid
2684 4424 2957 4478 bibemus?
2979 4427 3080 4478 aut
3099 4440 3202 4492 quo
3227 4428 3527 4492 operiemur
3544 4430 3574 4481 Ρ

204 4530 476 4583 arefactse
502 4527 787 4595 videntur,
813 4532 1007 4583 aestate
1039 4528 1275 4583 diversis
1299 4528 1537 4583 ﬂoribus
1557 4528 1918 4605 adornau-D
1941 4518 2281 4572 Sllbauditul‘
2329 4515 2637 4586 exquisitas
2682 4516 2915 4587 θριιὶειες
2960 4517 3059 4568 aut
3107 4514 3243 4585 quid
3282 4515 3567 4587 bibemus,

198 4626 312 4677 tur.
332 4624 553 4692 Agrum
572 4621 856 4676 mundum
873 4622 1048 4678 istum
1068 4622 1485 4694 intelligamus;
1506 4622 1576 4676 de
1600 4639 1713 4692 quo
1734 4623 1841 4676 Do-

198 4717 398 4771 minus
425 4716 487 4769 in
509 4716 820 4787 Evangelio
842 4733 855 4770 :
880 4720 1026 4787 Ager
1051 4719 1190 4771 enim
1217 4720 1295 4771 est
1316 4716 1567 4770 mundus.
1599 4717 1724 4770 Non
1756 4716 1836 4769 1a-

201 4811 416 4865 borant
441 4809 501 4863 in
530 4809 762 4876 ﬁlando,
788 4826 892 4863 nec
915 4810 973 4864 in
996 4810 1263 4877 texendo,
1286 4826 1391 4863 nec
1418 4810 1591 4863 telam
1616 4808 1842 4864 ordien-

203 4902 299 4971 do,
326 4902 429 4957 sed
459 4903 556 4956 Dei
581 4902 946 4973 providentia
966 4906 1246 4957 crescunt.
1273 4906 1408 4958 DICO
1447 4919 1623 4958 AUTEM
1660 4916 1839 4969 vosls,

203 5012 453 5060 QUONIAM
478 5012 578 5053 NEC
608 4999 866 5052 SALOMON
902 5013 954 5053 ΙΝ
995 5013 1127 5053 OMNI
1159 5013 1355 5053 GLOBIA
1392 5012 1490 5052 SUA
1528 5010 1841 5052 COOPERTUS

202 5106 299 5146 ssr
341 5105 498 5146 SICUT
537 5106 686 5145 usus!
726 5107 791 5145 ex
829 5107 984 5147 ISTIS.
1016 5090 1161 5155 Quid
1192 5093 1277 5144 est
1302 5089 1476 5163 quod,
1504 5094 1591 5144 tot
1611 5089 1843 5161 regibus

204 5183 627 5256 praetermissis,
658 5184 753 5255 qui
786 5188 919 5239 ante
959 5185 1364 5252 Salomonem,
1400 5185 1487 5237 vel
1532 5187 1664 5255 post
1710 5199 1841 5237 eum

202 5280 461 5344 fuerunt,
509 5277 778 5332 omnibus
816 5278 1003 5349 ipsum
1047 5279 1330 5349 praetulit?
1370 5294 1581 5349 nempe
1608 5280 1844 5349 prOpter

202 5371 577 5443 sapientiam,
610 5373 698 5426 vel
735 5371 980 5440 divitias,
1014 5389 1082 5427 eo
1121 5372 1274 5443 quod
1302 5372 1572 5427 omnibus
1613 5370 1841 5442 sapien-

201 5464 339 5533 tior,
366 5466 457 5519 vel
484 5464 661 5520 ditior
702 5464 912 5533 fuerit,
962 5465 1187 5521 dicente
1217 5465 1323 5519 sibi
1350 5466 1466 5520 Deo
1500 5482 1512 5519 :
1558 5467 1695 5532 Quia
1738 5480 1845 5518 non

198 5562 391 5630 petisti
413 5560 513 5614 tibi
538 5560 763 5614 divitias
783 5562 911 5614 auri
938 5564 988 5614 et
1015 5549 1247 5631 argenti,
1268 5574 1363 5614 nec
1382 5559 1495 5614 dies
1508 5560 1723 5620 multos,
1747 5572 1842 5611 ne-

205 5670 310 5722 que
339 5656 556 5708 animas
604 5656 947 5709 inimicorum
988 5659 1237 5721 tuorum;
1274 5654 1367 5708 sed
1412 5654 1735 5723 sapientiam
1771 5650 1847 5705 ad

205 5747 623 5802 discernendum
638 5749 831 5803 bonum
847 5753 898 5803 et
914 5749 1138 5811 malum,
1152 5764 1264 5803 ecce
1276 5748 1403 5802 dedi
1419 5748 1518 5802 tibi
1525 5747 1847 5817 sapientiam

209 5842 284 5898 ad
292 5841 704 5899 discernendum
722 5843 916 5898 bonum
938 5846 989 5898 et
1004 5842 1229 5907 malum,
1251 5856 1363 5897 ecce
1383 5842 1511 5897 dedi
1522 5841 1623 5897 tibi
1630 5841 1843 5909 sapien-

210 5938 346 5999 tiam
374 5939 438 5995 ut
466 5938 540 5994 sis
574 5938 791 6012 sapiens
819 5951 982 6009 super
1014 5952 1192 5994 omnes
1224 5938 1321 6012 qui
1355 5938 1580 6006 fuerunt
1609 5938 1736 5989 ante
1776 5937 1844 5989 te.

1941 4614 2083 4683 quot
2118 4626 2335 4681 genera
2362 4608 2694 4680 potionum;
2728 4610 2827 4663 aut
2868 4624 2982 4678 quo
3019 4607 3367 4678 operiemur,
3400 4611 3571 4666 vesti-

1939 4706 2139 4759 menta
2178 4702 2392 4758 scilicet
2438 4700 2710 4771 pretiosa.
2756 4702 2883 4755 Hec
2937 4715 3107 4757 0mm
3154 4718 3352 4758 caurus
3391 4719 3569 4768 nvom-

1942 4814 2098 4855 RUNT.
2128 4797 2277 4864 Haec,
2302 4810 2432 4865 quae
2454 4794 2715 4864 superius
2737 4793 2889 4848 dicta
2910 4797 3060 4862 sunt,
3085 4794 3298 4850 scilicet
3322 4798 3568 4853 mandu.

1942 4908 2093 4958 care,
2123 4889 2341 4956 bibere,
2373 4887 2721 4941 vestimenta
2745 4888 2997 4958 pretiosa
3019 4888 3200 4955 indui,
3224 4891 3421 4947 omnia
3442 4892 3570 4963 ista,

1943 4990 2002 5039 et
2026 4984 2113 5039 his
2144 4982 2353 5037 similia
2372 5023 2385 5048 ,
2430 4985 2633 5052 gentes
2674 4981 3029 5052 quaesierunt
3048 5025 3061 5051 ,
3091 4999 3220 5055 qua:
3248 4990 3417 5040 erant
3437 4989 3576 5042 sicut

1942 5094 2109 5150 equus
2132 5083 2183 5132 et
2208 5077 2407 5137 mulus,
2438 5075 2634 5145 quibus
2661 5091 2767 5129 non
2791 5080 2867 5130 est
2890 5078 3208 5140 intellectus,
3237 5078 3574 5150 ignorantes

1942 5172 2269 5229 Dominum.
2317 5172 2440 5225 Scxr
2478 5185 2607 5224 ENIM
2644 5171 2822 5225 PATER
2858 5185 3061 5225 vssren
3101 5188 3403 5239 COELESTIS,
3447 5191 3573 5236 QUIA

1946 5283 2033 5323 IIIS
2055 5280 2291 5321 OMNIBUS
2317 5278 2602 5319 lNDIGETIS.
2625 5262 2897 5317 Nonnulli
2914 5264 3148 5317 fuerunt
3175 5265 3271 5335 qui
3293 5266 3568 5322 dicerent.

1945 5361 2005 5417 Si
2034 5362 2185 5415 Deus
2206 5375 2381 5414 omne
2408 5356 2564 5429 quod
2589 5355 2754 5411 nobis
2779 5357 3166 5411 necessarium
3187 5361 3271 5412 est
3292 5360 3414 5427 scit,
3436 5359 3573 5432 quid

1946 5456 2275 5527 indigemus
2304 5453 2355 5507 ei
2384 5455 2577 5523 petere
2594 5451 2621 5506 ‘?
2641 5449 2745 5505 scit
2765 5449 2920 5504 enim
2943 5451 3035 5503 ille
3058 5451 3285 5520 omnia;
3316 5457 3571 5509 attamen

1947 5551 2229 5622 petendus
2262 5551 2346 5602 est
2371 5550 2429 5601 et
2453 5544 2761 5617 rogandus.
2791 5544 2937 5599 Dicit
2964 5544 3119 5597 enim
3146 5544 3268 5615 ipse
3292 5566 3308 5600 :
3330 5550 3499 5603 Petite
3524 5554 3575 5605 et

1945 5646 2238 5715 accipietis,
2306 5643 2526 5712 quwrite
2582 5645 2634 5694 et
2699 5640 2997 5694 invenietis.
3044 5636 3357 5695 Laboribus
3395 5642 3605 5714 etiam-

1948 5722 2229 5793 manuum
2248 5739 2572 5791 nostrarum
2588 5734 2777 5789 vivere
2798 5732 3101 5799 debemus;
3118 5732 3248 5803 quia
3268 5734 3455 5805 primo
3478 5736 3577 5793 ho-

1947 5832 2091 5889 mini
2121 5831 2340 5887 dictum
2374 5832 2461 5886 est
2504 5846 2515 5884 :
2558 5832 2622 5887 In
2654 5828 2848 5884 sudore
2875 5829 3055 5884 vultus
3088 5830 3168 5882 tui
3191 5832 3410 5886 vesceris
3432 5848 3578 5903 pane

1949 5932 2058 5983 tuo.
2081 5930 2333 5997 Quane
2370 5939 2548 5983 mea
2587 5939 2796 5981 rnmru
2835 5939 3053 5982 REGNUM
3091 5923 3186 5980 DEI
3215 5938 3277 5981 ET
3302 5941 3578 5990 msrrmu
