  <div class='ocr_page' id='page_1' title='image "/cluster/home/n/w/nwhite01/storage/ocr_20150623/72/uva.x000827084/597.png"; bbox 0 0 4016 6240; ppageno 0'>
   <div class='ocr_carea' id='block_1_1' title="bbox 448 256 551 314">
    <p class='ocr_par' dir='ltr' id='par_1_1' title="bbox 448 256 551 314">
     <span class='ocr_line' id='line_1_1' title="bbox 448 256 551 314; baseline -0.019 0"><span class='ocrx_word' id='word_1_1' title='bbox 448 256 551 314; x_wconf 80' lang='lat'>807</span> 
     </span>
    </p>
   </div>
   <div class='ocr_carea' id='block_1_2' title="bbox 1905 246 2306 306">
    <p class='ocr_par' dir='ltr' id='par_1_2' title="bbox 1905 246 2306 306">
     <span class='ocr_line' id='line_1_2' title="bbox 1905 246 2306 306; baseline 0.005 -2"><span class='ocrx_word' id='word_1_2' title='bbox 1905 246 2306 306; x_wconf 85' lang='lat' dir='ltr'>LUCULENTII</span> 
     </span>
    </p>
   </div>
   <div class='ocr_carea' id='block_1_3' title="bbox 3719 242 3825 300">
    <p class='ocr_par' dir='ltr' id='par_1_3' title="bbox 3719 242 3825 300">
     <span class='ocr_line' id='line_1_3' title="bbox 3719 242 3825 300; baseline -0.019 0"><span class='ocrx_word' id='word_1_3' title='bbox 3719 242 3825 300; x_wconf 84' lang='lat'>808</span> 
     </span>
    </p>
   </div>
   <div class='ocr_carea' id='block_1_4' title="bbox 449 360 3826 450">
    <p class='ocr_par' dir='ltr' id='par_1_4' title="bbox 449 360 3826 450">
     <span class='ocr_line' id='line_1_4' title="bbox 449 360 3826 450; baseline -0.004 -22"><span class='ocrx_word' id='word_1_4' title='bbox 449 389 590 438; x_wconf 71' lang='lat' dir='ltr'>mus,</span> <span class='ocrx_word' id='word_1_5' title='bbox 631 387 694 426; x_wconf 82' lang='lat' dir='ltr'>ET</span> <span class='ocrx_word' id='word_1_6' title='bbox 733 382 1053 434; x_wconf 42' lang='lat' dir='ltr'>magonum</span> <span class='ocrx_word' id='word_1_7' title='bbox 1091 381 1438 424; x_wconf 72' lang='lat' dir='ltr'>ADJICIENTUR</span> <span class='ocrx_word' id='word_1_8' title='bbox 1469 381 1645 421; x_wconf 81' lang='lat' dir='ltr'>voms.</span> <span class='ocrx_word' id='word_1_9' title='bbox 1681 365 1945 434; x_wconf 78' lang='lat' dir='ltr'>Regnum</span> <span class='ocrx_word' id='word_1_10' title='bbox 1983 365 2084 419; x_wconf 88' lang='lat' dir='ltr'>Dei</span> <span class='ocrx_word' id='word_1_11' title='bbox 2109 360 2548 450; x_wconf 72' lang='lat' dir='ltr'>Aremunerari</span> <span class='ocrx_word' id='word_1_12' title='bbox 2589 376 2936 418; x_wconf 88' lang='lat' dir='ltr'>mereamur.</span> <span class='ocrx_word' id='word_1_13' title='bbox 2990 361 3063 418; x_wconf 88' lang='lat' dir='ltr'>Et</span> <span class='ocrx_word' id='word_1_14' title='bbox 3111 363 3292 416; x_wconf 88' lang='lat' dir='ltr'>omnia</span> <span class='ocrx_word' id='word_1_15' title='bbox 3329 361 3440 417; x_wconf 72' lang='lat' dir='ltr'>haec</span> <span class='ocrx_word' id='word_1_16' title='bbox 3493 361 3826 431; x_wconf 84' lang='lat' dir='ltr'>adjicientur</span> 
     </span>
    </p>
   </div>
   <div class='ocr_carea' id='block_1_5' title="bbox 450 458 2088 534">
    <p class='ocr_par' dir='ltr' id='par_1_5' title="bbox 450 458 2088 534">
     <span class='ocr_line' id='line_1_5' title="bbox 450 458 2088 534; baseline -0.006 -13"><span class='ocrx_word' id='word_1_17' title='bbox 450 465 645 520; x_wconf 91' lang='lat' dir='ltr'>multis</span> <span class='ocrx_word' id='word_1_18' title='bbox 675 465 865 520; x_wconf 89' lang='lat' dir='ltr'>modis</span> <span class='ocrx_word' id='word_1_19' title='bbox 897 463 1192 534; x_wconf 83' lang='lat' dir='ltr'>accipitur,</span> <span class='ocrx_word' id='word_1_20' title='bbox 1243 460 1343 516; x_wconf 91' lang='lat' dir='ltr'>sed</span> <span class='ocrx_word' id='word_1_21' title='bbox 1383 459 1477 514; x_wconf 93' lang='lat' dir='ltr'>hic</span> <span class='ocrx_word' id='word_1_22' title='bbox 1525 462 1622 513; x_wconf 90' lang='lat' dir='ltr'>aut</span> <span class='ocrx_word' id='word_1_23' title='bbox 1663 458 1784 512; x_wconf 86' lang='lat' dir='ltr'><strong>Filii</strong></span> <span class='ocrx_word' id='word_1_24' title='bbox 1824 458 1961 526; x_wconf 91' lang='lat' dir='ltr'>Dei,</span> <span class='ocrx_word' id='word_1_25' title='bbox 1989 462 2088 512; x_wconf 86' lang='lat' dir='ltr'>aut</span> 
     </span>
    </p>
   </div>
   <div class='ocr_carea' id='block_1_6' title="bbox 449 541 2088 631">
    <p class='ocr_par' dir='ltr' id='par_1_6' title="bbox 449 541 2088 631">
     <span class='ocr_line' id='line_1_6' title="bbox 449 541 2088 631; baseline -0.007 -16"><span class='ocrx_word' id='word_1_26' title='bbox 449 560 742 631; x_wconf 77' lang='lat' dir='ltr'>Scriptura</span> <span class='ocrx_word' id='word_1_27' title='bbox 763 576 923 614; x_wconf 87' lang='lat' dir='ltr'>sacra</span> <span class='ocrx_word' id='word_1_28' title='bbox 940 541 1279 627; x_wconf 79' lang='lat' dir='ltr'>intelligitur</span> <span class='ocrx_word' id='word_1_29' title='bbox 1299 569 1546 624; x_wconf 77' lang='lat' dir='ltr'>regnum</span> <span class='ocrx_word' id='word_1_30' title='bbox 1559 552 1682 618; x_wconf 88' lang='lat' dir='ltr'><strong>Dei,</strong></span> <span class='ocrx_word' id='word_1_31' title='bbox 1699 551 1853 623; x_wconf 89' lang='lat' dir='ltr'>quod</span> <span class='ocrx_word' id='word_1_32' title='bbox 1871 555 2088 605; x_wconf 85' lang='lat' dir='ltr'>utrum-</span> 
     </span>
    </p>
   </div>
   <div class='ocr_carea' id='block_1_7' title="bbox 450 645 2080 724">
    <p class='ocr_par' dir='ltr' id='par_1_7' title="bbox 450 645 2080 724">
     <span class='ocr_line' id='line_1_7' title="bbox 450 645 2080 724; baseline -0.004 -18"><span class='ocrx_word' id='word_1_33' title='bbox 450 669 560 724; x_wconf 85' lang='lat' dir='ltr'>que</span> <span class='ocrx_word' id='word_1_34' title='bbox 575 668 835 724; x_wconf 69' lang='lat' dir='ltr'>quaarere</span> <span class='ocrx_word' id='word_1_35' title='bbox 854 651 1154 706; x_wconf 84' lang='lat' dir='ltr'>debemus.</span> <span class='ocrx_word' id='word_1_36' title='bbox 1171 647 1292 702; x_wconf 87' lang='lat' dir='ltr'><strong>Filii</strong></span> <span class='ocrx_word' id='word_1_37' title='bbox 1309 647 1430 713; x_wconf 91' lang='lat' dir='ltr'>Dei,</span> <span class='ocrx_word' id='word_1_38' title='bbox 1446 645 1590 700; x_wconf 85' lang='lat' dir='ltr'>sicut</span> <span class='ocrx_word' id='word_1_39' title='bbox 1603 645 1740 699; x_wconf 89' lang='lat' dir='ltr'>dicit</span> <span class='ocrx_word' id='word_1_40' title='bbox 1760 645 2044 716; x_wconf 78' lang='lat' dir='ltr'>propheta</span> <span class='ocrx_word' id='word_1_41' title='bbox 2067 663 2080 699; x_wconf 92' lang='lat'>:</span> 
     </span>
    </p>
   </div>
   <div class='ocr_carea' id='block_1_8' title="bbox 449 741 2088 815">
    <p class='ocr_par' dir='ltr' id='par_1_8' title="bbox 449 741 2088 815">
     <span class='ocr_line' id='line_1_8' title="bbox 449 741 2088 815; baseline -0.007 -12"><span class='ocrx_word' id='word_1_42' title='bbox 449 749 682 815; x_wconf 60' lang='lat' dir='ltr'>Quwrite</span> <span class='ocrx_word' id='word_1_43' title='bbox 707 749 1017 806; x_wconf 88' lang='lat' dir='ltr'>Dominum,</span> <span class='ocrx_word' id='word_1_44' title='bbox 1064 749 1115 797; x_wconf 86' lang='lat' dir='ltr'>et</span> <span class='ocrx_word' id='word_1_45' title='bbox 1155 743 1570 809; x_wconf 85' lang='lat' dir='ltr'>conﬁrmamini,</span> <span class='ocrx_word' id='word_1_46' title='bbox 1618 741 1837 808; x_wconf 54' lang='lat' dir='ltr'>querito</span> <span class='ocrx_word' id='word_1_47' title='bbox 1888 741 2088 805; x_wconf 78' lang='lat' dir='ltr'>faciem</span> 
     </span>
    </p>
   </div>
   <div class='ocr_carea' id='block_1_9' title="bbox 447 829 2088 910">
    <p class='ocr_par' dir='ltr' id='par_1_9' title="bbox 447 829 2088 910">
     <span class='ocr_line' id='line_1_9' title="bbox 447 829 2088 910; baseline -0.009 -13"><span class='ocrx_word' id='word_1_48' title='bbox 447 840 558 910; x_wconf 86' lang='lat' dir='ltr'>ejus</span> <span class='ocrx_word' id='word_1_49' title='bbox 595 855 818 910; x_wconf 84' lang='lat' dir='ltr'>semper.</span> <span class='ocrx_word' id='word_1_50' title='bbox 850 838 948 891; x_wconf 81' lang='lat' dir='ltr'>Vel</span> <span class='ocrx_word' id='word_1_51' title='bbox 991 834 1282 905; x_wconf 91' lang='lat' dir='ltr'>Scriptura</span> <span class='ocrx_word' id='word_1_52' title='bbox 1313 849 1492 902; x_wconf 81' lang='lat' dir='ltr'>sacra,</span> <span class='ocrx_word' id='word_1_53' title='bbox 1527 849 1703 903; x_wconf 87' lang='lat' dir='ltr'>quam</span> <span class='ocrx_word' id='word_1_54' title='bbox 1746 829 1993 900; x_wconf 84' lang='lat' dir='ltr'>legendo</span> <span class='ocrx_word' id='word_1_55' title='bbox 2031 833 2088 883; x_wconf 89' lang='lat' dir='ltr'>et</span> 
     </span>
    </p>
   </div>
   <div class='ocr_carea' id='block_1_10' title="bbox 448 923 2086 1004">
    <p class='ocr_par' dir='ltr' id='par_1_10' title="bbox 448 923 2086 1004">
     <span class='ocr_line' id='line_1_10' title="bbox 448 923 2086 1004; baseline -0.007 -16"><span class='ocrx_word' id='word_1_56' title='bbox 448 927 1159 1004; x_wconf 86' lang='lat' dir='ltr'>perscrutando,invenire</span> <span class='ocrx_word' id='word_1_57' title='bbox 1186 943 1512 998; x_wconf 86' lang='lat' dir='ltr'>possumus,</span> <span class='ocrx_word' id='word_1_58' title='bbox 1543 925 1792 996; x_wconf 90' lang='lat' dir='ltr'>qualiter</span> <span class='ocrx_word' id='word_1_59' title='bbox 1801 923 2086 994; x_wconf 88' lang='lat' dir='ltr'>justitiam</span> 
     </span>
    </p>
   </div>
   <div class='ocr_carea' id='block_1_11' title="bbox 449 1015 2084 1096">
    <p class='ocr_par' dir='ltr' id='par_1_11' title="bbox 449 1015 2084 1096">
     <span class='ocr_line' id='line_1_11' title="bbox 449 1015 2084 1096; baseline -0.007 -15"><span class='ocrx_word' id='word_1_60' title='bbox 449 1029 508 1080; x_wconf 89' lang='lat' dir='ltr'>et</span> <span class='ocrx_word' id='word_1_61' title='bbox 531 1028 819 1096; x_wconf 75' lang='lat' dir='ltr'>praecepta</span> <span class='ocrx_word' id='word_1_62' title='bbox 848 1023 970 1094; x_wconf 89' lang='lat' dir='ltr'>ejus</span> <span class='ocrx_word' id='word_1_63' title='bbox 1001 1021 1412 1087; x_wconf 75' lang='lat' dir='ltr'>custodiamus,</span> <span class='ocrx_word' id='word_1_64' title='bbox 1453 1019 1542 1074; x_wconf 90' lang='lat' dir='ltr'><strong>vel</strong></span> <span class='ocrx_word' id='word_1_65' title='bbox 1576 1017 1826 1090; x_wconf 86' lang='lat' dir='ltr'>qualiter</span> <span class='ocrx_word' id='word_1_66' title='bbox 1861 1017 1933 1071; x_wconf 90' lang='lat' dir='ltr'>ab</span> <span class='ocrx_word' id='word_1_67' title='bbox 1960 1015 2084 1087; x_wconf 91' lang='lat' dir='ltr'>ipso</span> 
     </span>
    </p>
   </div>
   <div class='ocr_carea' id='block_1_12' title="bbox 2185 454 3831 526">
    <p class='ocr_par' dir='ltr' id='par_1_12' title="bbox 2185 454 3831 526">
     <span class='ocr_line' id='line_1_12' title="bbox 2185 454 3831 526; baseline -0.002 -14"><span class='ocrx_word' id='word_1_68' title='bbox 2185 459 2364 523; x_wconf 82' lang='lat' dir='ltr'>vobis;</span> <span class='ocrx_word' id='word_1_69' title='bbox 2407 455 2622 510; x_wconf 89' lang='lat' dir='ltr'>scilicet</span> <span class='ocrx_word' id='word_1_70' title='bbox 2645 455 2905 526; x_wconf 86' lang='lat' dir='ltr'>superius</span> <span class='ocrx_word' id='word_1_71' title='bbox 2933 455 3086 509; x_wconf 90' lang='lat' dir='ltr'>dicta</span> <span class='ocrx_word' id='word_1_72' title='bbox 3116 455 3464 525; x_wconf 87' lang='lat' dir='ltr'>adjicientur</span> <span class='ocrx_word' id='word_1_73' title='bbox 3489 454 3671 510; x_wconf 88' lang='lat' dir='ltr'>vobis.</span> <span class='ocrx_word' id='word_1_74' title='bbox 3699 454 3831 509; x_wconf 89' lang='lat' dir='ltr'>Non</span> 
     </span>
    </p>
   </div>
   <div class='ocr_carea' id='block_1_13' title="bbox 2189 546 3833 620">
    <p class='ocr_par' dir='ltr' id='par_1_13' title="bbox 2189 546 3833 620">
     <span class='ocr_line' id='line_1_13' title="bbox 2189 546 3833 620; baseline -0.001 -16"><span class='ocrx_word' id='word_1_75' title='bbox 2189 551 2481 604; x_wconf 87' lang='lat' dir='ltr'>dabuntur</span> <span class='ocrx_word' id='word_1_76' title='bbox 2511 549 2668 616; x_wconf 81' lang='lat' dir='ltr'>dixit,</span> <span class='ocrx_word' id='word_1_77' title='bbox 2713 549 2817 603; x_wconf 90' lang='lat' dir='ltr'>sed</span> <span class='ocrx_word' id='word_1_78' title='bbox 2860 547 3234 620; x_wconf 87' lang='lat' dir='ltr'>adjicientur;</span> <span class='ocrx_word' id='word_1_79' title='bbox 3281 548 3416 620; x_wconf 86' lang='lat' dir='ltr'>quia</span> <span class='ocrx_word' id='word_1_80' title='bbox 3455 547 3744 619; x_wconf 88' lang='lat' dir='ltr'>quidquid</span> <span class='ocrx_word' id='word_1_81' title='bbox 3770 546 3833 602; x_wconf 90' lang='lat' dir='ltr'>in</span> 
     </span>
    </p>
   </div>
   <div class='ocr_carea' id='block_1_14' title="bbox 2187 641 3829 714">
    <p class='ocr_par' dir='ltr' id='par_1_14' title="bbox 2187 641 3829 714">
     <span class='ocr_line' id='line_1_14' title="bbox 2187 641 3829 714; baseline -0.001 -17"><span class='ocrx_word' id='word_1_82' title='bbox 2187 644 2455 714; x_wconf 64' lang='lat' dir='ltr'>prmsenti</span> <span class='ocrx_word' id='word_1_83' title='bbox 2501 641 2829 714; x_wconf 85' lang='lat' dir='ltr'>accipimus,</span> <span class='ocrx_word' id='word_1_84' title='bbox 2856 642 2964 697; x_wconf 81' lang='lat' dir='ltr'>vile</span> <span class='ocrx_word' id='word_1_85' title='bbox 2997 646 3081 699; x_wconf 88' lang='lat' dir='ltr'>est</span> <span class='ocrx_word' id='word_1_86' title='bbox 3102 643 3176 696; x_wconf 86' lang='lat' dir='ltr'>ad</span> <span class='ocrx_word' id='word_1_87' title='bbox 3205 641 3708 714; x_wconf 85' lang='lat' dir='ltr'>comparationem</span> <span class='ocrx_word' id='word_1_88' title='bbox 3735 657 3829 696; x_wconf 89' lang='lat' dir='ltr'>su-</span> 
     </span>
    </p>
   </div>
   <div class='ocr_carea' id='block_1_15' title="bbox 2189 735 3831 808">
    <p class='ocr_par' dir='ltr' id='par_1_15' title="bbox 2189 735 3831 808">
     <span class='ocr_line' id='line_1_15' title="bbox 2189 735 3831 808; baseline -0.001 -18"><span class='ocrx_word' id='word_1_89' title='bbox 2189 753 2504 808; x_wconf 88' lang='lat' dir='ltr'>pernorum</span> <span class='ocrx_word' id='word_1_90' title='bbox 2550 735 2956 806; x_wconf 67' lang='lat' dir='ltr'>praemiorum;</span> <span class='ocrx_word' id='word_1_91' title='bbox 2992 739 3049 790; x_wconf 86' lang='lat' dir='ltr'>et</span> <span class='ocrx_word' id='word_1_92' title='bbox 3081 735 3211 790; x_wconf 89' lang='lat' dir='ltr'>ideo</span> <span class='ocrx_word' id='word_1_93' title='bbox 3239 735 3398 807; x_wconf 90' lang='lat' dir='ltr'>prius</span> <span class='ocrx_word' id='word_1_94' title='bbox 3423 735 3521 790; x_wconf 89' lang='lat' dir='ltr'>illa</span> <span class='ocrx_word' id='word_1_95' title='bbox 3546 750 3677 806; x_wconf 68' lang='lat' dir='ltr'>quae</span> <span class='ocrx_word' id='word_1_96' title='bbox 3703 749 3831 788; x_wconf 85' lang='lat' dir='ltr'>ma-</span> 
     </span>
    </p>
   </div>
   <div class='ocr_carea' id='block_1_16' title="bbox 2181 827 3830 900">
    <p class='ocr_par' dir='ltr' id='par_1_16' title="bbox 2181 827 3830 900">
     <span class='ocr_line' id='line_1_16' title="bbox 2181 827 3830 900; baseline -0.001 -17"><span class='ocrx_word' id='word_1_97' title='bbox 2181 829 2314 899; x_wconf 89' lang='lat' dir='ltr'>jora</span> <span class='ocrx_word' id='word_1_98' title='bbox 2344 831 2477 882; x_wconf 91' lang='lat' dir='ltr'>sunt</span> <span class='ocrx_word' id='word_1_99' title='bbox 2501 828 2754 898; x_wconf 90' lang='lat' dir='ltr'>petenda</span> <span class='ocrx_word' id='word_1_100' title='bbox 2784 832 2936 896; x_wconf 90' lang='lat' dir='ltr'>sunt,</span> <span class='ocrx_word' id='word_1_101' title='bbox 2965 828 3178 883; x_wconf 85' lang='lat' dir='ltr'>scilicet</span> <span class='ocrx_word' id='word_1_102' title='bbox 3203 845 3452 900; x_wconf 81' lang='lat' dir='ltr'>regnum</span> <span class='ocrx_word' id='word_1_103' title='bbox 3477 827 3597 894; x_wconf 89' lang='lat' dir='ltr'>Dei,</span> <span class='ocrx_word' id='word_1_104' title='bbox 3628 833 3686 882; x_wconf 92' lang='lat' dir='ltr'>et</span> <span class='ocrx_word' id='word_1_105' title='bbox 3703 827 3830 898; x_wconf 83' lang='lat' dir='ltr'>jus-</span> 
     </span>
    </p>
   </div>
   <div class='ocr_carea' id='block_1_17' title="bbox 2187 919 3830 993">
    <p class='ocr_par' dir='ltr' id='par_1_17' title="bbox 2187 919 3830 993">
     <span class='ocr_line' id='line_1_17' title="bbox 2187 919 3830 993; baseline -0.002 -17"><span class='ocrx_word' id='word_1_106' title='bbox 2187 923 2311 976; x_wconf 88' lang='lat' dir='ltr'>titia</span> <span class='ocrx_word' id='word_1_107' title='bbox 2338 922 2479 992; x_wconf 90' lang='lat' dir='ltr'>ejus,</span> <span class='ocrx_word' id='word_1_108' title='bbox 2513 925 2576 975; x_wconf 91' lang='lat' dir='ltr'>ut</span> <span class='ocrx_word' id='word_1_109' title='bbox 2603 921 2710 975; x_wconf 90' lang='lat' dir='ltr'>ista</span> <span class='ocrx_word' id='word_1_110' title='bbox 2745 937 2872 993; x_wconf 69' lang='lat' dir='ltr'>quae</span> <span class='ocrx_word' id='word_1_111' title='bbox 2903 921 3226 976; x_wconf 89' lang='lat' dir='ltr'>necessaria</span> <span class='ocrx_word' id='word_1_112' title='bbox 3255 925 3391 976; x_wconf 87' lang='lat' dir='ltr'>sunt</span> <span class='ocrx_word' id='word_1_113' title='bbox 3417 919 3648 993; x_wconf 82' lang='lat' dir='ltr'>corpori</span> <span class='ocrx_word' id='word_1_114' title='bbox 3679 919 3830 990; x_wconf 88' lang='lat' dir='ltr'>adji-</span> 
     </span>
    </p>
   </div>
   <div class='ocr_carea' id='block_1_18' title="bbox 2187 1014 3281 1085">
    <p class='ocr_par' dir='ltr' id='par_1_18' title="bbox 2187 1014 3281 1085">
     <span class='ocr_line' id='line_1_18' title="bbox 2187 1014 3281 1085; baseline -0.002 -15"><span class='ocrx_word' id='word_1_115' title='bbox 2187 1015 2429 1082; x_wconf 87' lang='lat' dir='ltr'>ciantur,</span> <span class='ocrx_word' id='word_1_116' title='bbox 2457 1015 2694 1085; x_wconf 88' lang='lat' dir='ltr'>insuper</span> <span class='ocrx_word' id='word_1_117' title='bbox 2723 1018 2782 1068; x_wconf 88' lang='lat' dir='ltr'>et</span> <span class='ocrx_word' id='word_1_118' title='bbox 2811 1014 3035 1085; x_wconf 85' lang='lat' dir='ltr'>majora</span> <span class='ocrx_word' id='word_1_119' title='bbox 3055 1015 3281 1069; x_wconf 88' lang='lat' dir='ltr'>dentur.</span> 
     </span>
    </p>
   </div>
   <div class='ocr_carea' id='block_1_19' title="bbox 2065 1285 2244 1458">
    <p class='ocr_par' dir='ltr' id='par_1_19' title="bbox 2065 1285 2244 1458">
     <span class='ocr_line' id='line_1_19' title="bbox 2065 1285 2244 1458; baseline 0 0"><span class='ocrx_word' id='word_1_120' title='bbox 2065 1285 2244 1458; x_wconf 68' lang='lat' dir='ltr'>II.</span> 
     </span>
    </p>
   </div>
   <div class='ocr_carea' id='block_1_20' title="bbox 527 1522 3744 1612">
    <p class='ocr_par' dir='ltr' id='par_1_20' title="bbox 527 1522 3744 1612">
     <span class='ocr_line' id='line_1_20' title="bbox 527 1522 3744 1612; baseline -0.003 -17"><span class='ocrx_word' id='word_1_121' title='bbox 527 1527 745 1596; x_wconf 82' lang='lat' dir='ltr'>Lectio</span> <span class='ocrx_word' id='word_1_122' title='bbox 773 1532 982 1595; x_wconf 87' lang='lat' dir='ltr'>sancti</span> <span class='ocrx_word' id='word_1_123' title='bbox 1013 1530 1352 1612; x_wconf 80' lang='lat' dir='ltr'>Evangelii</span> <span class='ocrx_word' id='word_1_124' title='bbox 1381 1527 1749 1612; x_wconf 82' lang='lat' dir='ltr'>secundum</span> <span class='ocrx_word' id='word_1_125' title='bbox 1777 1527 2102 1612; x_wconf 80' lang='lat' dir='ltr'>Joannem</span> <span class='ocrx_word' id='word_1_126' title='bbox 2133 1525 2336 1612; x_wconf 64' lang='lat'>(1,29)</span> <span class='ocrx_word' id='word_1_127' title='bbox 2373 1526 2648 1612; x_wconf 76' lang='lat' dir='ltr'>:_In_illo</span> <span class='ocrx_word' id='word_1_128' title='bbox 2679 1525 3161 1612; x_wconf 74' lang='lat' dir='ltr'>tempore_vz&#39;_¢z&#39;it</span> <span class='ocrx_word' id='word_1_129' title='bbox 3180 1525 3486 1612; x_wconf 66' lang='lat' dir='ltr'>Joannes</span> <span class='ocrx_word' id='word_1_130' title='bbox 3515 1522 3744 1586; x_wconf 87' lang='lat' dir='ltr'>Jesum</span> 
     </span>
    </p>
   </div>
   <div class='ocr_carea' id='block_1_21' title="bbox 1014 1605 3254 1687">
    <p class='ocr_par' dir='ltr' id='par_1_21' title="bbox 1014 1605 3254 1687">
     <span class='ocr_line' id='line_1_21' title="bbox 1014 1605 3254 1687; baseline -0.003 -13"><span class='ocrx_word' id='word_1_131' title='bbox 1014 1631 1057 1674; x_wconf 89' lang='lat' dir='ltr'>a</span> <span class='ocrx_word' id='word_1_132' title='bbox 1085 1605 1420 1680; x_wconf 70' lang='lat' dir='ltr'>NaEareth</span> <span class='ocrx_word' id='word_1_133' title='bbox 1449 1611 1810 1673; x_wconf 80' lang='lat' dir='ltr'>venientem</span> <span class='ocrx_word' id='word_1_134' title='bbox 1833 1607 1928 1670; x_wconf 86' lang='lat' dir='ltr'>ad</span> <span class='ocrx_word' id='word_1_135' title='bbox 1949 1625 2040 1685; x_wconf 87' lang='lat' dir='ltr'>se,</span> <span class='ocrx_word' id='word_1_136' title='bbox 2070 1615 2134 1670; x_wconf 89' lang='lat' dir='ltr'>et</span> <span class='ocrx_word' id='word_1_137' title='bbox 2161 1605 2325 1669; x_wconf 81' lang='lat' dir='ltr'>dicit</span> <span class='ocrx_word' id='word_1_138' title='bbox 2349 1609 2414 1670; x_wconf 90' lang='lat' dir='ltr'>ei</span> <span class='ocrx_word' id='word_1_139' title='bbox 2437 1629 2456 1666; x_wconf 86' lang='lat'>.-</span> <span class='ocrx_word' id='word_1_140' title='bbox 2491 1607 2660 1671; x_wconf 86' lang='lat' dir='ltr'>Ecce</span> <span class='ocrx_word' id='word_1_141' title='bbox 2687 1605 2930 1687; x_wconf 73' lang='lat' dir='ltr'>Agnus</span> <span class='ocrx_word' id='word_1_142' title='bbox 2949 1607 3100 1681; x_wconf 89' lang='lat' dir='ltr'>Dei,</span> <span class='ocrx_word' id='word_1_143' title='bbox 3133 1610 3254 1668; x_wconf 90' lang='lat' dir='ltr'>etc.</span> 
     </span>
    </p>
   </div>
   <div class='ocr_carea' id='block_1_22' title="bbox 1748 1742 2542 1808">
    <p class='ocr_par' dir='ltr' id='par_1_22' title="bbox 1748 1742 2542 1808">
     <span class='ocr_line' id='line_1_22' title="bbox 1748 1742 2542 1808; baseline -0.001 -8"><span class='ocrx_word' id='word_1_144' title='bbox 1748 1745 2028 1801; x_wconf 78' lang='lat' dir='ltr'>llOMlLIA</span> <span class='ocrx_word' id='word_1_145' title='bbox 2057 1742 2082 1771; x_wconf 79' lang='grc'>⁸</span> <span class='ocrx_word' id='word_1_146' title='bbox 2121 1743 2542 1808; x_wconf 84' lang='lat' dir='ltr'>LUCULENTII.</span> 
     </span>
    </p>
   </div>
   <div class='ocr_carea' id='block_1_23' title="bbox 521 1839 3828 1927">
    <p class='ocr_par' dir='ltr' id='par_1_23' title="bbox 521 1839 3828 1927">
     <span class='ocr_line' id='line_1_23' title="bbox 521 1839 3828 1927; baseline -0.003 -25"><span class='ocrx_word' id='word_1_147' title='bbox 521 1849 693 1902; x_wconf 79' lang='lat' dir='ltr'>Recte</span> <span class='ocrx_word' id='word_1_148' title='bbox 745 1847 948 1901; x_wconf 89' lang='lat' dir='ltr'>beatus</span> <span class='ocrx_word' id='word_1_149' title='bbox 999 1849 1252 1902; x_wconf 87' lang='lat' dir='ltr'>Joannes</span> <span class='ocrx_word' id='word_1_150' title='bbox 1303 1862 1522 1917; x_wconf 88' lang='lat' dir='ltr'>agnum</span> <span class='ocrx_word' id='word_1_151' title='bbox 1581 1845 1834 1916; x_wconf 84' lang='lat' dir='ltr'>appellat</span> <span class='ocrx_word' id='word_1_152' title='bbox 1892 1845 2083 1899; x_wconf 89' lang='lat' dir='ltr'>Jesum</span> <span class='ocrx_word' id='word_1_153' title='bbox 2107 1856 2162 1927; x_wconf 86' lang='lat' dir='ltr'><strong>B</strong></span> <span class='ocrx_word' id='word_1_154' title='bbox 2187 1861 2400 1900; x_wconf 88' lang='lat' dir='ltr'>carnem</span> <span class='ocrx_word' id='word_1_155' title='bbox 2425 1845 2555 1900; x_wconf 85' lang='lat' dir='ltr'>Filii</span> <span class='ocrx_word' id='word_1_156' title='bbox 2579 1845 2829 1906; x_wconf 83' lang='lat' dir='ltr'>hominis,</span> <span class='ocrx_word' id='word_1_157' title='bbox 2867 1847 2920 1897; x_wconf 91' lang='lat' dir='ltr'>et</span> <span class='ocrx_word' id='word_1_158' title='bbox 2939 1842 3179 1896; x_wconf 85' lang='lat' dir='ltr'>biberitis</span> <span class='ocrx_word' id='word_1_159' title='bbox 3207 1843 3527 1911; x_wconf 85' lang='lat' dir='ltr'>sanguinem</span> <span class='ocrx_word' id='word_1_160' title='bbox 3556 1839 3692 1908; x_wconf 83' lang='lat' dir='ltr'>ejus,</span> <span class='ocrx_word' id='word_1_161' title='bbox 3718 1853 3828 1891; x_wconf 86' lang='lat' dir='ltr'>non</span> 
     </span>
    </p>
   </div>
   <div class='ocr_carea' id='block_1_24' title="bbox 449 1938 2089 2011">
    <p class='ocr_par' dir='ltr' id='par_1_24' title="bbox 449 1938 2089 2011">
     <span class='ocr_line' id='line_1_24' title="bbox 449 1938 2089 2011; baseline -0.003 -16"><span class='ocrx_word' id='word_1_162' title='bbox 449 1941 550 1996; x_wconf 91' lang='lat' dir='ltr'>Dei</span> <span class='ocrx_word' id='word_1_163' title='bbox 595 1940 834 2007; x_wconf 82' lang='lat' dir='ltr'>Filium;</span> <span class='ocrx_word' id='word_1_164' title='bbox 877 1957 1062 2011; x_wconf 90' lang='lat' dir='ltr'>agnus</span> <span class='ocrx_word' id='word_1_165' title='bbox 1108 1939 1265 1994; x_wconf 90' lang='lat' dir='ltr'>enim</span> <span class='ocrx_word' id='word_1_166' title='bbox 1307 1939 1442 2010; x_wconf 89' lang='lat' dir='ltr'>quia</span> <span class='ocrx_word' id='word_1_167' title='bbox 1495 1938 1794 1993; x_wconf 91' lang='lat' dir='ltr'>innocens.</span> <span class='ocrx_word' id='word_1_168' title='bbox 1841 1939 1950 1992; x_wconf 91' lang='lat' dir='ltr'>Iste</span> <span class='ocrx_word' id='word_1_169' title='bbox 2003 1941 2089 1991; x_wconf 91' lang='lat' dir='ltr'>est</span> 
     </span>
    </p>
   </div>
   <div class='ocr_carea' id='block_1_25' title="bbox 447 2031 2088 2106">
    <p class='ocr_par' dir='ltr' id='par_1_25' title="bbox 447 2031 2088 2106">
     <span class='ocr_line' id='line_1_25' title="bbox 447 2031 2088 2106; baseline -0.002 -18"><span class='ocrx_word' id='word_1_170' title='bbox 447 2051 630 2106; x_wconf 85' lang='lat' dir='ltr'>agnus</span> <span class='ocrx_word' id='word_1_171' title='bbox 663 2034 733 2088; x_wconf 92' lang='lat' dir='ltr'>de</span> <span class='ocrx_word' id='word_1_172' title='bbox 759 2050 874 2105; x_wconf 92' lang='lat' dir='ltr'>quo</span> <span class='ocrx_word' id='word_1_173' title='bbox 906 2035 1090 2088; x_wconf 88' lang='lat' dir='ltr'>multo</span> <span class='ocrx_word' id='word_1_174' title='bbox 1125 2036 1260 2088; x_wconf 89' lang='lat' dir='ltr'>ante</span> <span class='ocrx_word' id='word_1_175' title='bbox 1292 2033 1514 2087; x_wconf 85' lang='lat' dir='ltr'>dixerat</span> <span class='ocrx_word' id='word_1_176' title='bbox 1551 2031 1721 2085; x_wconf 82' lang='lat' dir='ltr'>Isaias</span> <span class='ocrx_word' id='word_1_177' title='bbox 1757 2047 1769 2085; x_wconf 96' lang='lat'>:</span> <span class='ocrx_word' id='word_1_178' title='bbox 1807 2034 2088 2101; x_wconf 86' lang='lat' dir='ltr'>Tanquam</span> 
     </span>
    </p>
   </div>
   <div class='ocr_carea' id='block_1_26' title="bbox 448 2127 2086 2195">
    <p class='ocr_par' dir='ltr' id='par_1_26' title="bbox 448 2127 2086 2195">
     <span class='ocr_line' id='line_1_26' title="bbox 448 2127 2086 2195; baseline -0.003 -12"><span class='ocrx_word' id='word_1_179' title='bbox 448 2131 560 2184; x_wconf 86' lang='lat' dir='ltr'>ovis</span> <span class='ocrx_word' id='word_1_180' title='bbox 606 2129 680 2182; x_wconf 84' lang='lat' dir='ltr'>ad</span> <span class='ocrx_word' id='word_1_181' title='bbox 709 2130 1020 2182; x_wconf 81' lang='lat' dir='ltr'>occisionem</span> <span class='ocrx_word' id='word_1_182' title='bbox 1045 2128 1238 2182; x_wconf 87' lang='lat' dir='ltr'>ductus</span> <span class='ocrx_word' id='word_1_183' title='bbox 1283 2131 1384 2190; x_wconf 91' lang='lat' dir='ltr'>est,</span> <span class='ocrx_word' id='word_1_184' title='bbox 1435 2131 1486 2180; x_wconf 90' lang='lat' dir='ltr'>et</span> <span class='ocrx_word' id='word_1_185' title='bbox 1527 2127 1665 2180; x_wconf 84' lang='lat' dir='ltr'>sicut</span> <span class='ocrx_word' id='word_1_186' title='bbox 1705 2141 1878 2195; x_wconf 90' lang='lat' dir='ltr'>agnus</span> <span class='ocrx_word' id='word_1_187' title='bbox 1909 2141 2086 2179; x_wconf 88' lang='lat' dir='ltr'>coram</span> 
     </span>
    </p>
   </div>
   <div class='ocr_carea' id='block_1_27' title="bbox 447 2219 2086 2289">
    <p class='ocr_par' dir='ltr' id='par_1_27' title="bbox 447 2219 2086 2289">
     <span class='ocr_line' id='line_1_27' title="bbox 447 2219 2086 2289; baseline -0.004 -12"><span class='ocrx_word' id='word_1_188' title='bbox 447 2223 700 2277; x_wconf 81' lang='lat' dir='ltr'>tondente</span> <span class='ocrx_word' id='word_1_189' title='bbox 741 2237 795 2277; x_wconf 89' lang='lat' dir='ltr'>se</span> <span class='ocrx_word' id='word_1_190' title='bbox 831 2223 1169 2283; x_wconf 85' lang='lat' dir='ltr'>obmutescet,</span> <span class='ocrx_word' id='word_1_191' title='bbox 1207 2225 1257 2275; x_wconf 89' lang='lat' dir='ltr'>et</span> <span class='ocrx_word' id='word_1_192' title='bbox 1293 2237 1399 2275; x_wconf 89' lang='lat' dir='ltr'>non</span> <span class='ocrx_word' id='word_1_193' title='bbox 1429 2221 1646 2289; x_wconf 86' lang='lat' dir='ltr'>aperuit</span> <span class='ocrx_word' id='word_1_194' title='bbox 1679 2234 1736 2273; x_wconf 92' lang='lat' dir='ltr'>os</span> <span class='ocrx_word' id='word_1_195' title='bbox 1779 2234 1955 2272; x_wconf 88' lang='lat' dir='ltr'>suum.</span> <span class='ocrx_word' id='word_1_196' title='bbox 2007 2219 2086 2272; x_wconf 89' lang='lat' dir='ltr'>De</span> 
     </span>
    </p>
   </div>
   <div class='ocr_carea' id='block_1_28' title="bbox 449 2313 2082 2388">
    <p class='ocr_par' dir='ltr' id='par_1_28' title="bbox 449 2313 2082 2388">
     <span class='ocr_line' id='line_1_28' title="bbox 449 2313 2082 2388; baseline -0.003 -18"><span class='ocrx_word' id='word_1_197' title='bbox 449 2333 562 2388; x_wconf 91' lang='lat' dir='ltr'>quo</span> <span class='ocrx_word' id='word_1_198' title='bbox 587 2332 740 2386; x_wconf 88' lang='lat' dir='ltr'>agno</span> <span class='ocrx_word' id='word_1_199' title='bbox 772 2317 1024 2370; x_wconf 85' lang='lat' dir='ltr'>Joannes</span> <span class='ocrx_word' id='word_1_200' title='bbox 1052 2314 1113 2368; x_wconf 89' lang='lat' dir='ltr'>in</span> <span class='ocrx_word' id='word_1_201' title='bbox 1137 2313 1478 2385; x_wconf 83' lang='lat' dir='ltr'>Apocalypsi</span> <span class='ocrx_word' id='word_1_202' title='bbox 1507 2330 1519 2367; x_wconf 93' lang='lat'>:</span> <span class='ocrx_word' id='word_1_203' title='bbox 1549 2315 1737 2381; x_wconf 81' lang='lat' dir='ltr'>Agnus</span> <span class='ocrx_word' id='word_1_204' title='bbox 1763 2315 1860 2382; x_wconf 87' lang='lat' dir='ltr'>qui</span> <span class='ocrx_word' id='word_1_205' title='bbox 1887 2314 2082 2366; x_wconf 89' lang='lat' dir='ltr'>occisus</span> 
     </span>
    </p>
   </div>
   <div class='ocr_carea' id='block_1_29' title="bbox 447 2404 2082 2477">
    <p class='ocr_par' dir='ltr' id='par_1_29' title="bbox 447 2404 2082 2477">
     <span class='ocr_line' id='line_1_29' title="bbox 447 2404 2082 2477; baseline -0.005 -12"><span class='ocrx_word' id='word_1_206' title='bbox 447 2415 524 2465; x_wconf 87' lang='lat' dir='ltr'>est</span> <span class='ocrx_word' id='word_1_207' title='bbox 542 2427 576 2464; x_wconf 91' lang='lat' dir='ltr'>a</span> <span class='ocrx_word' id='word_1_208' title='bbox 605 2409 754 2464; x_wconf 76' lang='lat' dir='ltr'>vobis</span> <span class='ocrx_word' id='word_1_209' title='bbox 777 2425 812 2463; x_wconf 88' lang='lat' dir='ltr'>a</span> <span class='ocrx_word' id='word_1_210' title='bbox 837 2411 1210 2463; x_wconf 81' lang='lat' dir='ltr'>constitutione</span> <span class='ocrx_word' id='word_1_211' title='bbox 1235 2408 1461 2473; x_wconf 84' lang='lat' dir='ltr'>mundi;</span> <span class='ocrx_word' id='word_1_212' title='bbox 1490 2406 1626 2477; x_wconf 88' lang='lat' dir='ltr'>quia</span> <span class='ocrx_word' id='word_1_213' title='bbox 1653 2421 1838 2476; x_wconf 88' lang='lat' dir='ltr'>agnus</span> <span class='ocrx_word' id='word_1_214' title='bbox 1865 2404 2082 2459; x_wconf 90' lang='lat' dir='ltr'>occisus</span> 
     </span>
    </p>
   </div>
   <div class='ocr_carea' id='block_1_30' title="bbox 449 2498 2084 2571">
    <p class='ocr_par' dir='ltr' id='par_1_30' title="bbox 449 2498 2084 2571">
     <span class='ocr_line' id='line_1_30' title="bbox 449 2498 2084 2571; baseline -0.003 -15"><span class='ocrx_word' id='word_1_215' title='bbox 449 2506 535 2557; x_wconf 92' lang='lat' dir='ltr'>est</span> <span class='ocrx_word' id='word_1_216' title='bbox 567 2502 626 2555; x_wconf 87' lang='lat' dir='ltr'>in</span> <span class='ocrx_word' id='word_1_217' title='bbox 658 2503 826 2570; x_wconf 79' lang='lat' dir='ltr'>Abel,</span> <span class='ocrx_word' id='word_1_218' title='bbox 855 2501 1090 2556; x_wconf 73' lang='lat' dir='ltr'>effertus</span> <span class='ocrx_word' id='word_1_219' title='bbox 1121 2503 1228 2571; x_wconf 87' lang='lat' dir='ltr'>[Ita</span> <span class='ocrx_word' id='word_1_220' title='bbox 1257 2501 1408 2570; x_wconf 65' lang='lat' dir='ltr'>Cod.)</span> <span class='ocrx_word' id='word_1_221' title='bbox 1445 2499 1502 2552; x_wconf 88' lang='lat' dir='ltr'>in</span> <span class='ocrx_word' id='word_1_222' title='bbox 1549 2501 1720 2566; x_wconf 89' lang='lat' dir='ltr'>Isaac,</span> <span class='ocrx_word' id='word_1_223' title='bbox 1749 2498 2084 2552; x_wconf 84' lang='lat' dir='ltr'>immolatus</span> 
     </span>
    </p>
   </div>
   <div class='ocr_carea' id='block_1_31' title="bbox 449 2591 2084 2667">
    <p class='ocr_par' dir='ltr' id='par_1_31' title="bbox 449 2591 2084 2667">
     <span class='ocr_line' id='line_1_31' title="bbox 449 2591 2084 2667; baseline -0.002 -18"><span class='ocrx_word' id='word_1_224' title='bbox 449 2597 507 2650; x_wconf 90' lang='lat' dir='ltr'>in</span> <span class='ocrx_word' id='word_1_225' title='bbox 521 2598 763 2667; x_wconf 53' lang='lat' dir='ltr'>[Egypto</span> <span class='ocrx_word' id='word_1_226' title='bbox 781 2613 793 2661; x_wconf 89' lang='lat'><strong>;</strong></span> <span class='ocrx_word' id='word_1_227' title='bbox 811 2595 945 2665; x_wconf 87' lang='lat' dir='ltr'>quia</span> <span class='ocrx_word' id='word_1_228' title='bbox 967 2595 1086 2665; x_wconf 90' lang='lat' dir='ltr'>ipse</span> <span class='ocrx_word' id='word_1_229' title='bbox 1110 2595 1167 2648; x_wconf 91' lang='lat' dir='ltr'>in</span> <span class='ocrx_word' id='word_1_230' title='bbox 1190 2594 1475 2648; x_wconf 90' lang='lat' dir='ltr'>mundum</span> <span class='ocrx_word' id='word_1_231' title='bbox 1489 2593 1727 2646; x_wconf 86' lang='lat' dir='ltr'>veniens</span> <span class='ocrx_word' id='word_1_232' title='bbox 1747 2591 2084 2663; x_wconf 89' lang='lat' dir='ltr'>adimplevit</span> 
     </span>
    </p>
   </div>
   <div class='ocr_carea' id='block_1_32' title="bbox 448 2686 2084 2758">
    <p class='ocr_par' dir='ltr' id='par_1_32' title="bbox 448 2686 2084 2758">
     <span class='ocr_line' id='line_1_32' title="bbox 448 2686 2084 2758; baseline -0.002 -15"><span class='ocrx_word' id='word_1_233' title='bbox 448 2689 506 2743; x_wconf 92' lang='lat' dir='ltr'>in</span> <span class='ocrx_word' id='word_1_234' title='bbox 540 2690 778 2742; x_wconf 79' lang='lat' dir='ltr'>veritate</span> <span class='ocrx_word' id='word_1_235' title='bbox 807 2687 1088 2758; x_wconf 86' lang='lat' dir='ltr'>quidquid</span> <span class='ocrx_word' id='word_1_236' title='bbox 1118 2691 1251 2741; x_wconf 85' lang='lat' dir='ltr'>ante</span> <span class='ocrx_word' id='word_1_237' title='bbox 1281 2687 1350 2740; x_wconf 90' lang='lat' dir='ltr'>de</span> <span class='ocrx_word' id='word_1_238' title='bbox 1391 2703 1458 2740; x_wconf 93' lang='lat' dir='ltr'>eo</span> <span class='ocrx_word' id='word_1_239' title='bbox 1490 2703 1594 2756; x_wconf 89' lang='lat' dir='ltr'>per</span> <span class='ocrx_word' id='word_1_240' title='bbox 1620 2687 1834 2757; x_wconf 82' lang='lat' dir='ltr'>figuras</span> <span class='ocrx_word' id='word_1_241' title='bbox 1865 2686 2084 2740; x_wconf 87' lang='lat' dir='ltr'>dictum</span> 
     </span>
    </p>
   </div>
   <div class='ocr_carea' id='block_1_33' title="bbox 448 2779 2081 2853">
    <p class='ocr_par' dir='ltr' id='par_1_33' title="bbox 448 2779 2081 2853">
     <span class='ocr_line' id='line_1_33' title="bbox 448 2779 2081 2853; baseline -0.005 -13"><span class='ocrx_word' id='word_1_242' title='bbox 448 2783 534 2841; x_wconf 74' lang='lat' dir='ltr'>Vel</span> <span class='ocrx_word' id='word_1_243' title='bbox 563 2785 790 2853; x_wconf 88' lang='lat' dir='ltr'>gestum</span> <span class='ocrx_word' id='word_1_244' title='bbox 820 2781 1028 2849; x_wconf 87' lang='lat' dir='ltr'>fuerat,</span> <span class='ocrx_word' id='word_1_245' title='bbox 1071 2797 1202 2834; x_wconf 91' lang='lat' dir='ltr'>cum</span> <span class='ocrx_word' id='word_1_246' title='bbox 1236 2783 1670 2850; x_wconf 88' lang='lat' dir='ltr'>vesperascente</span> <span class='ocrx_word' id='word_1_247' title='bbox 1710 2779 1929 2833; x_wconf 90' lang='lat' dir='ltr'>mundo</span> <span class='ocrx_word' id='word_1_248' title='bbox 1977 2795 2081 2849; x_wconf 88' lang='lat' dir='ltr'>pro</span> 
     </span>
    </p>
   </div>
   <div class='ocr_carea' id='block_1_34' title="bbox 449 2872 2078 2943">
    <p class='ocr_par' dir='ltr' id='par_1_34' title="bbox 449 2872 2078 2943">
     <span class='ocr_line' id='line_1_34' title="bbox 449 2872 2078 2943; baseline -0.002 -13"><span class='ocrx_word' id='word_1_249' title='bbox 449 2877 614 2931; x_wconf 87' lang='lat' dir='ltr'>nobis</span> <span class='ocrx_word' id='word_1_250' title='bbox 632 2876 691 2930; x_wconf 91' lang='lat' dir='ltr'>in</span> <span class='ocrx_word' id='word_1_251' title='bbox 715 2892 814 2930; x_wconf 89' lang='lat' dir='ltr'>ara</span> <span class='ocrx_word' id='word_1_252' title='bbox 833 2875 1015 2929; x_wconf 89' lang='lat' dir='ltr'>crucis</span> <span class='ocrx_word' id='word_1_253' title='bbox 1033 2877 1118 2928; x_wconf 89' lang='lat' dir='ltr'>est</span> <span class='ocrx_word' id='word_1_254' title='bbox 1142 2873 1494 2941; x_wconf 86' lang='lat' dir='ltr'>immolatus,</span> <span class='ocrx_word' id='word_1_255' title='bbox 1522 2873 1792 2943; x_wconf 86' lang='lat' dir='ltr'>Apostolo</span> <span class='ocrx_word' id='word_1_256' title='bbox 1816 2872 2040 2926; x_wconf 87' lang='lat' dir='ltr'>dicente</span> <span class='ocrx_word' id='word_1_257' title='bbox 2066 2889 2078 2926; x_wconf 90' lang='lat'><strong>:</strong></span> 
     </span>
    </p>
   </div>
   <div class='ocr_carea' id='block_1_35' title="bbox 447 2966 2083 3041">
    <p class='ocr_par' dir='ltr' id='par_1_35' title="bbox 447 2966 2083 3041">
     <span class='ocr_line' id='line_1_35' title="bbox 447 2966 2083 3041; baseline -0.005 -13"><span class='ocrx_word' id='word_1_258' title='bbox 447 2974 660 3028; x_wconf 88' lang='lat' dir='ltr'>Etenim</span> <span class='ocrx_word' id='word_1_259' title='bbox 688 2971 894 3041; x_wconf 84' lang='lat' dir='ltr'>pascha</span> <span class='ocrx_word' id='word_1_260' title='bbox 916 2973 1156 3023; x_wconf 86' lang='lat' dir='ltr'>nostrum</span> <span class='ocrx_word' id='word_1_261' title='bbox 1186 2968 1495 3022; x_wconf 82' lang='lat' dir='ltr'>immolatus</span> <span class='ocrx_word' id='word_1_262' title='bbox 1533 2972 1610 3021; x_wconf 89' lang='lat' dir='ltr'>est</span> <span class='ocrx_word' id='word_1_263' title='bbox 1645 2966 1907 3021; x_wconf 82' lang='lat' dir='ltr'>Christus.</span> <span class='ocrx_word' id='word_1_264' title='bbox 1939 2968 2083 3020; x_wconf 73' lang='lat' dir='ltr'>Ecce</span> 
     </span>
    </p>
   </div>
   <div class='ocr_carea' id='block_1_36' title="bbox 446 3059 2078 3133">
    <p class='ocr_par' dir='ltr' id='par_1_36' title="bbox 446 3059 2078 3133">
     <span class='ocr_line' id='line_1_36' title="bbox 446 3059 2078 3133; baseline -0.006 -11"><span class='ocrx_word' id='word_1_265' title='bbox 446 3068 630 3122; x_wconf 75' lang='lat' dir='ltr'><strong>AGNUS</strong></span> <span class='ocrx_word' id='word_1_266' title='bbox 659 3067 775 3118; x_wconf 79' lang='lat' dir='ltr'>DEI.</span> <span class='ocrx_word' id='word_1_267' title='bbox 805 3064 946 3116; x_wconf 89' lang='lat' dir='ltr'>Ecce</span> <span class='ocrx_word' id='word_1_268' title='bbox 975 3061 1255 3133; x_wconf 88' lang='lat' dir='ltr'>particula</span> <span class='ocrx_word' id='word_1_269' title='bbox 1281 3060 1620 3114; x_wconf 84' lang='lat' dir='ltr'>adverbium</span> <span class='ocrx_word' id='word_1_270' title='bbox 1653 3063 1739 3113; x_wconf 88' lang='lat' dir='ltr'>est</span> <span class='ocrx_word' id='word_1_271' title='bbox 1768 3059 2078 3113; x_wconf 91' lang='lat' dir='ltr'>ostenden-</span> 
     </span>
    </p>
   </div>
   <div class='ocr_carea' id='block_1_37' title="bbox 447 3151 2080 3228">
    <p class='ocr_par' dir='ltr' id='par_1_37' title="bbox 447 3151 2080 3228">
     <span class='ocr_line' id='line_1_37' title="bbox 447 3151 2080 3228; baseline -0.004 -16"><span class='ocrx_word' id='word_1_272' title='bbox 447 3159 518 3212; x_wconf 87' lang='lat' dir='ltr'>tis</span> <span class='ocrx_word' id='word_1_273' title='bbox 542 3175 553 3212; x_wconf 92' lang='lat'>:</span> <span class='ocrx_word' id='word_1_274' title='bbox 593 3159 728 3228; x_wconf 89' lang='lat' dir='ltr'>quia</span> <span class='ocrx_word' id='word_1_275' title='bbox 757 3157 912 3210; x_wconf 91' lang='lat' dir='ltr'>enim</span> <span class='ocrx_word' id='word_1_276' title='bbox 933 3155 1136 3209; x_wconf 89' lang='lat' dir='ltr'>beatus</span> <span class='ocrx_word' id='word_1_277' title='bbox 1155 3156 1405 3209; x_wconf 84' lang='lat' dir='ltr'>Joannes</span> <span class='ocrx_word' id='word_1_278' title='bbox 1433 3155 1596 3208; x_wconf 92' lang='lat' dir='ltr'>oculo</span> <span class='ocrx_word' id='word_1_279' title='bbox 1628 3152 1876 3219; x_wconf 85' lang='lat' dir='ltr'>videbat,</span> <span class='ocrx_word' id='word_1_280' title='bbox 1901 3151 2080 3223; x_wconf 83' lang='lat' dir='ltr'>digito</span> 
     </span>
    </p>
   </div>
   <div class='ocr_carea' id='block_1_38' title="bbox 2187 1931 3832 2002">
    <p class='ocr_par' dir='ltr' id='par_1_38' title="bbox 2187 1931 3832 2002">
     <span class='ocr_line' id='line_1_38' title="bbox 2187 1931 3832 2002; baseline -0.005 -9"><span class='ocrx_word' id='word_1_281' title='bbox 2187 1939 2452 1993; x_wconf 87' lang='lat' dir='ltr'>habebitis</span> <span class='ocrx_word' id='word_1_282' title='bbox 2487 1940 2661 1992; x_wconf 79' lang='lat' dir='ltr'>vitam</span> <span class='ocrx_word' id='word_1_283' title='bbox 2697 1939 2756 1991; x_wconf 91' lang='lat' dir='ltr'>in</span> <span class='ocrx_word' id='word_1_284' title='bbox 2791 1936 2958 1991; x_wconf 81' lang='lat' dir='ltr'>vobis.</span> <span class='ocrx_word' id='word_1_285' title='bbox 3002 1936 3071 1989; x_wconf 87' lang='lat' dir='ltr'>Et</span> <span class='ocrx_word' id='word_1_286' title='bbox 3105 1933 3319 1989; x_wconf 87' lang='lat' dir='ltr'>iterum</span> <span class='ocrx_word' id='word_1_287' title='bbox 3348 1951 3362 1988; x_wconf 89' lang='lat'><strong>:</strong></span> <span class='ocrx_word' id='word_1_288' title='bbox 3399 1935 3502 2002; x_wconf 87' lang='lat' dir='ltr'>Qui</span> <span class='ocrx_word' id='word_1_289' title='bbox 3528 1931 3832 1988; x_wconf 74' lang='lat' dir='ltr'>manducet</span> 
     </span>
    </p>
   </div>
   <div class='ocr_carea' id='block_1_39' title="bbox 2186 2033 3828 2104">
    <p class='ocr_par' dir='ltr' id='par_1_39' title="bbox 2186 2033 3828 2104">
     <span class='ocr_line' id='line_1_39' title="bbox 2186 2033 3828 2104; baseline -0.005 -13"><span class='ocrx_word' id='word_1_290' title='bbox 2186 2052 2400 2091; x_wconf 86' lang='lat' dir='ltr'>carnem</span> <span class='ocrx_word' id='word_1_291' title='bbox 2426 2052 2622 2100; x_wconf 89' lang='lat' dir='ltr'>meam,</span> <span class='ocrx_word' id='word_1_292' title='bbox 2649 2039 2700 2090; x_wconf 88' lang='lat' dir='ltr'>et</span> <span class='ocrx_word' id='word_1_293' title='bbox 2725 2035 2859 2089; x_wconf 89' lang='lat' dir='ltr'>bibit</span> <span class='ocrx_word' id='word_1_294' title='bbox 2879 2035 3193 2104; x_wconf 86' lang='lat' dir='ltr'>sanguinem</span> <span class='ocrx_word' id='word_1_295' title='bbox 3221 2048 3420 2095; x_wconf 89' lang='lat' dir='ltr'>meum,</span> <span class='ocrx_word' id='word_1_296' title='bbox 3441 2033 3500 2086; x_wconf 89' lang='lat' dir='ltr'>in</span> <span class='ocrx_word' id='word_1_297' title='bbox 3519 2046 3604 2086; x_wconf 87' lang='lat' dir='ltr'>me</span> <span class='ocrx_word' id='word_1_298' title='bbox 3620 2033 3828 2091; x_wconf 82' lang='lat' dir='ltr'>manet,</span> 
     </span>
    </p>
   </div>
   <div class='ocr_carea' id='block_1_40' title="bbox 2186 2132 3350 2200">
    <p class='ocr_par' dir='ltr' id='par_1_40' title="bbox 2186 2132 3350 2200">
     <span class='ocr_line' id='line_1_40' title="bbox 2186 2132 3350 2200; baseline -0.001 -16"><span class='ocrx_word' id='word_1_299' title='bbox 2186 2135 2237 2184; x_wconf 91' lang='lat' dir='ltr'>et</span> <span class='ocrx_word' id='word_1_300' title='bbox 2265 2146 2358 2200; x_wconf 86' lang='lat' dir='ltr'>ego</span> <span class='ocrx_word' id='word_1_301' title='bbox 2389 2132 2446 2184; x_wconf 89' lang='lat' dir='ltr'>in</span> <span class='ocrx_word' id='word_1_302' title='bbox 2470 2146 2548 2185; x_wconf 87' lang='lat' dir='ltr'>eo.</span> <span class='ocrx_word' id='word_1_303' title='bbox 3345 2132 3350 2141; x_wconf 90' lang='lat'>&#39;</span> 
     </span>
    </p>
   </div>
   <div class='ocr_carea' id='block_1_41' title="bbox 2257 2217 3827 2294">
    <p class='ocr_par' dir='ltr' id='par_1_41' title="bbox 2257 2217 3827 2294">
     <span class='ocr_line' id='line_1_41' title="bbox 2257 2217 3827 2294; baseline -0.006 -16"><span class='ocrx_word' id='word_1_304' title='bbox 2257 2223 2370 2278; x_wconf 85' lang='lat' dir='ltr'>Sed</span> <span class='ocrx_word' id='word_1_305' title='bbox 2411 2222 2591 2294; x_wconf 67' lang='lat' dir='ltr'>quaeri</span> <span class='ocrx_word' id='word_1_306' title='bbox 2640 2226 2830 2293; x_wconf 87' lang='lat' dir='ltr'>potest</span> <span class='ocrx_word' id='word_1_307' title='bbox 2864 2239 2964 2276; x_wconf 91' lang='lat' dir='ltr'>cur</span> <span class='ocrx_word' id='word_1_308' title='bbox 3005 2221 3100 2275; x_wconf 89' lang='lat' dir='ltr'>Dei</span> <span class='ocrx_word' id='word_1_309' title='bbox 3143 2220 3316 2274; x_wconf 87' lang='lat' dir='ltr'>Filius</span> <span class='ocrx_word' id='word_1_310' title='bbox 3355 2219 3430 2274; x_wconf 89' lang='lat' dir='ltr'>ad</span> <span class='ocrx_word' id='word_1_311' title='bbox 3463 2217 3827 2289; x_wconf 88' lang='lat' dir='ltr'>baptismum</span> 
     </span>
    </p>
   </div>
   <div class='ocr_carea' id='block_1_42' title="bbox 2184 2309 3828 2385">
    <p class='ocr_par' dir='ltr' id='par_1_42' title="bbox 2184 2309 3828 2385">
     <span class='ocr_line' id='line_1_42' title="bbox 2184 2309 3828 2385; baseline -0.004 -15"><span class='ocrx_word' id='word_1_312' title='bbox 2184 2316 2380 2370; x_wconf 87' lang='lat' dir='ltr'>venire</span> <span class='ocrx_word' id='word_1_313' title='bbox 2409 2317 2606 2384; x_wconf 90' lang='lat' dir='ltr'>voluit,</span> <span class='ocrx_word' id='word_1_314' title='bbox 2632 2333 2761 2370; x_wconf 90' lang='lat' dir='ltr'>cum</span> <span class='ocrx_word' id='word_1_315' title='bbox 2790 2333 2906 2370; x_wconf 92' lang='lat' dir='ltr'>non</span> <span class='ocrx_word' id='word_1_316' title='bbox 2937 2315 3181 2369; x_wconf 82' lang='lat' dir='ltr'>haberet</span> <span class='ocrx_word' id='word_1_317' title='bbox 3205 2317 3528 2385; x_wconf 88' lang='lat' dir='ltr'>peccatum,</span> <span class='ocrx_word' id='word_1_318' title='bbox 3561 2310 3720 2382; x_wconf 90' lang='lat' dir='ltr'>quod</span> <span class='ocrx_word' id='word_1_319' title='bbox 3740 2309 3828 2364; x_wconf 89' lang='lat' dir='ltr'>illi</span> 
     </span>
    </p>
   </div>
   <div class='ocr_carea' id='block_1_43' title="bbox 2187 2403 3826 2480">
    <p class='ocr_par' dir='ltr' id='par_1_43' title="bbox 2187 2403 3826 2480">
     <span class='ocr_line' id='line_1_43' title="bbox 2187 2403 3826 2480; baseline -0.005 -15"><span class='ocrx_word' id='word_1_320' title='bbox 2187 2427 2418 2465; x_wconf 89' lang='lat' dir='ltr'>necesse</span> <span class='ocrx_word' id='word_1_321' title='bbox 2455 2410 2654 2464; x_wconf 88' lang='lat' dir='ltr'>fuisset</span> <span class='ocrx_word' id='word_1_322' title='bbox 2685 2408 2952 2480; x_wconf 84' lang='lat' dir='ltr'>expiare?</span> <span class='ocrx_word' id='word_1_323' title='bbox 2982 2411 3148 2466; x_wconf 88' lang='lat' dir='ltr'>Certe</span> <span class='ocrx_word' id='word_1_324' title='bbox 3183 2407 3318 2478; x_wconf 90' lang='lat' dir='ltr'>quia</span> <span class='ocrx_word' id='word_1_325' title='bbox 3362 2405 3536 2460; x_wconf 85' lang='lat' dir='ltr'>futuri</span> <span class='ocrx_word' id='word_1_326' title='bbox 3570 2407 3739 2458; x_wconf 88' lang='lat' dir='ltr'>erant</span> <span class='ocrx_word' id='word_1_327' title='bbox 3764 2403 3826 2457; x_wconf 88' lang='lat' dir='ltr'>in</span> 
     </span>
    </p>
   </div>
   <div class='ocr_carea' id='block_1_44' title="bbox 2183 2496 3829 2571">
    <p class='ocr_par' dir='ltr' id='par_1_44' title="bbox 2183 2496 3829 2571">
     <span class='ocr_line' id='line_1_44' title="bbox 2183 2496 3829 2571; baseline -0.004 -13"><span class='ocrx_word' id='word_1_328' title='bbox 2183 2504 2433 2559; x_wconf 88' lang='lat' dir='ltr'>Ecclesia</span> <span class='ocrx_word' id='word_1_329' title='bbox 2459 2503 2856 2558; x_wconf 87' lang='lat' dir='ltr'>catechumeni</span> <span class='ocrx_word' id='word_1_330' title='bbox 2885 2500 3316 2556; x_wconf 86' lang='lat' dir='ltr'>excellentiores</span> <span class='ocrx_word' id='word_1_331' title='bbox 3341 2515 3577 2571; x_wconf 85' lang='lat' dir='ltr'>genere,</span> <span class='ocrx_word' id='word_1_332' title='bbox 3601 2498 3700 2570; x_wconf 87' lang='lat' dir='ltr'>qui</span> <span class='ocrx_word' id='word_1_333' title='bbox 3729 2496 3829 2551; x_wconf 90' lang='lat' dir='ltr'>de-</span> 
     </span>
    </p>
   </div>
   <div class='ocr_carea' id='block_1_45' title="bbox 2186 2591 3826 2668">
    <p class='ocr_par' dir='ltr' id='par_1_45' title="bbox 2186 2591 3826 2668">
     <span class='ocr_line' id='line_1_45' title="bbox 2186 2591 3826 2668; baseline -0.004 -16"><span class='ocrx_word' id='word_1_334' title='bbox 2186 2597 2501 2668; x_wconf 88' lang='lat' dir='ltr'>dignantur</span> <span class='ocrx_word' id='word_1_335' title='bbox 2531 2597 2726 2650; x_wconf 87' lang='lat' dir='ltr'>venire</span> <span class='ocrx_word' id='word_1_336' title='bbox 2759 2596 2831 2650; x_wconf 90' lang='lat' dir='ltr'>ad</span> <span class='ocrx_word' id='word_1_337' title='bbox 2863 2595 3236 2667; x_wconf 86' lang='lat' dir='ltr'>baptismum,</span> <span class='ocrx_word' id='word_1_338' title='bbox 3265 2593 3522 2648; x_wconf 90' lang='lat' dir='ltr'>dicentes</span> <span class='ocrx_word' id='word_1_339' title='bbox 3547 2591 3706 2663; x_wconf 82' lang='lat' dir='ltr'>apud</span> <span class='ocrx_word' id='word_1_340' title='bbox 3732 2607 3826 2646; x_wconf 88' lang='lat' dir='ltr'>se-</span> 
     </span>
    </p>
   </div>
   <div class='ocr_carea' id='block_1_46' title="bbox 2184 2684 3826 2762">
    <p class='ocr_par' dir='ltr' id='par_1_46' title="bbox 2184 2684 3826 2762">
     <span class='ocr_line' id='line_1_46' title="bbox 2184 2684 3826 2762; baseline -0.002 -18"><span class='ocrx_word' id='word_1_341' title='bbox 2184 2691 2461 2762; x_wconf 89' lang='lat' dir='ltr'>metipsos</span> <span class='ocrx_word' id='word_1_342' title='bbox 2485 2708 2497 2745; x_wconf 92' lang='lat'>:</span> <span class='ocrx_word' id='word_1_343' title='bbox 2528 2691 2642 2745; x_wconf 83' lang='lat' dir='ltr'>Hoc</span> <span class='ocrx_word' id='word_1_344' title='bbox 2671 2707 2797 2744; x_wconf 91' lang='lat' dir='ltr'>sum</span> <span class='ocrx_word' id='word_1_345' title='bbox 2816 2693 3152 2760; x_wconf 89' lang='lat' dir='ltr'>accepturus</span> <span class='ocrx_word' id='word_1_346' title='bbox 3171 2688 3328 2759; x_wconf 91' lang='lat' dir='ltr'>quod</span> <span class='ocrx_word' id='word_1_347' title='bbox 3351 2687 3527 2741; x_wconf 81' lang='lat' dir='ltr'>habet</span> <span class='ocrx_word' id='word_1_348' title='bbox 3550 2685 3647 2739; x_wconf 90' lang='lat' dir='ltr'>ille</span> <span class='ocrx_word' id='word_1_349' title='bbox 3662 2684 3690 2739; x_wconf 87' lang='lat'>?</span> <span class='ocrx_word' id='word_1_350' title='bbox 3711 2701 3826 2756; x_wconf 83' lang='lat' dir='ltr'>ego</span> 
     </span>
    </p>
   </div>
   <div class='ocr_carea' id='block_1_47' title="bbox 2184 2773 3826 2845">
    <p class='ocr_par' dir='ltr' id='par_1_47' title="bbox 2184 2773 3826 2845">
     <span class='ocr_line' id='line_1_47' title="bbox 2184 2773 3826 2845; baseline -0.004 -11"><span class='ocrx_word' id='word_1_351' title='bbox 2184 2779 2391 2834; x_wconf 90' lang='lat' dir='ltr'>melior</span> <span class='ocrx_word' id='word_1_352' title='bbox 2420 2797 2549 2834; x_wconf 91' lang='lat' dir='ltr'>sum</span> <span class='ocrx_word' id='word_1_353' title='bbox 2594 2779 2691 2833; x_wconf 92' lang='lat' dir='ltr'>illo</span> <span class='ocrx_word' id='word_1_354' title='bbox 2719 2782 2778 2832; x_wconf 91' lang='lat' dir='ltr'>et</span> <span class='ocrx_word' id='word_1_355' title='bbox 2805 2779 2900 2832; x_wconf 90' lang='lat' dir='ltr'>illo</span> <span class='ocrx_word' id='word_1_356' title='bbox 2931 2778 3132 2844; x_wconf 83' lang='lat' dir='ltr'>ﬁdele;</span> <span class='ocrx_word' id='word_1_357' title='bbox 3159 2780 3225 2831; x_wconf 89' lang='lat' dir='ltr'>ut</span> <span class='ocrx_word' id='word_1_358' title='bbox 3250 2777 3461 2832; x_wconf 89' lang='lat' dir='ltr'>horum</span> <span class='ocrx_word' id='word_1_359' title='bbox 3487 2773 3826 2845; x_wconf 86' lang='lat' dir='ltr'>superbiam</span> 
     </span>
    </p>
   </div>
   <div class='ocr_carea' id='block_1_48' title="bbox 2183 2868 3822 2944">
    <p class='ocr_par' dir='ltr' id='par_1_48' title="bbox 2183 2868 3822 2944">
     <span class='ocr_line' id='line_1_48' title="bbox 2183 2868 3822 2944; baseline -0.003 -18"><span class='ocrx_word' id='word_1_360' title='bbox 2183 2872 2499 2944; x_wconf 80' lang='lat' dir='ltr'>frangeret,</span> <span class='ocrx_word' id='word_1_361' title='bbox 2531 2872 2726 2926; x_wconf 87' lang='lat' dir='ltr'>venire</span> <span class='ocrx_word' id='word_1_362' title='bbox 2755 2871 3024 2942; x_wconf 89' lang='lat' dir='ltr'>dignatus</span> <span class='ocrx_word' id='word_1_363' title='bbox 3055 2875 3140 2924; x_wconf 90' lang='lat' dir='ltr'>est</span> <span class='ocrx_word' id='word_1_364' title='bbox 3165 2870 3239 2924; x_wconf 89' lang='lat' dir='ltr'>ad</span> <span class='ocrx_word' id='word_1_365' title='bbox 3269 2869 3622 2940; x_wconf 85' lang='lat' dir='ltr'>baptismum</span> <span class='ocrx_word' id='word_1_366' title='bbox 3651 2868 3822 2934; x_wconf 87' lang='lat' dir='ltr'>servi,</span> 
     </span>
    </p>
   </div>
   <div class='ocr_carea' id='block_1_49' title="bbox 2184 2961 3826 3037">
    <p class='ocr_par' dir='ltr' id='par_1_49' title="bbox 2184 2961 3826 3037">
     <span class='ocr_line' id='line_1_49' title="bbox 2184 2961 3826 3037; baseline -0.002 -18"><span class='ocrx_word' id='word_1_367' title='bbox 2184 2965 2346 3037; x_wconf 90' lang='lat' dir='ltr'>quasi</span> <span class='ocrx_word' id='word_1_368' title='bbox 2371 2967 2672 3036; x_wconf 88' lang='lat' dir='ltr'>alloquens</span> <span class='ocrx_word' id='word_1_369' title='bbox 2693 2965 3124 3036; x_wconf 88' lang='lat' dir='ltr'>superbientem</span> <span class='ocrx_word' id='word_1_370' title='bbox 3157 2963 3312 3017; x_wconf 84' lang='lat' dir='ltr'>dicat</span> <span class='ocrx_word' id='word_1_371' title='bbox 3340 2980 3352 3017; x_wconf 91' lang='lat'>:</span> <span class='ocrx_word' id='word_1_372' title='bbox 3384 2961 3533 3027; x_wconf 90' lang='lat' dir='ltr'>Quid</span> <span class='ocrx_word' id='word_1_373' title='bbox 3559 2966 3614 3016; x_wconf 90' lang='lat' dir='ltr'>te</span> <span class='ocrx_word' id='word_1_374' title='bbox 3647 2963 3826 3016; x_wconf 85' lang='lat' dir='ltr'>extol-</span> 
     </span>
    </p>
   </div>
   <div class='ocr_carea' id='block_1_50' title="bbox 2182 3055 3826 3136">
    <p class='ocr_par' dir='ltr' id='par_1_50' title="bbox 2182 3055 3826 3136">
     <span class='ocr_line' id='line_1_50' title="bbox 2182 3055 3826 3136; baseline -0.001 -24"><span class='ocrx_word' id='word_1_375' title='bbox 2182 3059 2294 3113; x_wconf 89' lang='lat' dir='ltr'>lis?</span> <span class='ocrx_word' id='word_1_376' title='bbox 2327 3059 2464 3130; x_wconf 90' lang='lat' dir='ltr'>quid</span> <span class='ocrx_word' id='word_1_377' title='bbox 2493 3061 2547 3112; x_wconf 89' lang='lat' dir='ltr'>te</span> <span class='ocrx_word' id='word_1_378' title='bbox 2575 3058 2875 3113; x_wconf 84' lang='lat' dir='ltr'>extendis?</span> <span class='ocrx_word' id='word_1_379' title='bbox 2917 3060 3132 3129; x_wconf 88' lang='lat' dir='ltr'>quanta</span> <span class='ocrx_word' id='word_1_380' title='bbox 3174 3059 3583 3136; x_wconf 22' lang='lat' dir='ltr'>potestateOest</span> <span class='ocrx_word' id='word_1_381' title='bbox 3631 3055 3826 3126; x_wconf 89' lang='lat' dir='ltr'>gratia</span> 
     </span>
    </p>
   </div>
   <div class='ocr_carea' id='block_1_51' title="bbox 2184 3150 3825 3222">
    <p class='ocr_par' dir='ltr' id='par_1_51' title="bbox 2184 3150 3825 3222">
     <span class='ocr_line' id='line_1_51' title="bbox 2184 3150 3825 3222; baseline -0.002 -16"><span class='ocrx_word' id='word_1_382' title='bbox 2184 3152 2321 3206; x_wconf 89' lang='lat' dir='ltr'>tua?</span> <span class='ocrx_word' id='word_1_383' title='bbox 2353 3156 2570 3222; x_wconf 89' lang='lat' dir='ltr'>quanta</span> <span class='ocrx_word' id='word_1_384' title='bbox 2595 3151 2970 3206; x_wconf 83' lang='lat' dir='ltr'>excellentia?</span> <span class='ocrx_word' id='word_1_385' title='bbox 2996 3150 3265 3222; x_wconf 88' lang='lat' dir='ltr'>Nunquid</span> <span class='ocrx_word' id='word_1_386' title='bbox 3293 3150 3482 3222; x_wconf 86' lang='lat' dir='ltr'>major</span> <span class='ocrx_word' id='word_1_387' title='bbox 3501 3154 3668 3220; x_wconf 89' lang='lat' dir='ltr'>potes</span> <span class='ocrx_word' id='word_1_388' title='bbox 3698 3165 3825 3204; x_wconf 90' lang='lat' dir='ltr'>esse</span> 
     </span>
    </p>
   </div>
   <div class='ocr_carea' id='block_1_52' title="bbox 449 3227 3827 3317">
    <p class='ocr_par' dir='ltr' id='par_1_52' title="bbox 449 3227 3827 3317">
     <span class='ocr_line' id='line_1_52' title="bbox 449 3227 3827 3317; baseline -0.002 -12"><span class='ocrx_word' id='word_1_389' title='bbox 449 3227 810 3316; x_wconf 83' lang='lat' dir='ltr'>ostendebat,</span> <span class='ocrx_word' id='word_1_390' title='bbox 861 3251 1014 3302; x_wconf 89' lang='lat' dir='ltr'>recte</span> <span class='ocrx_word' id='word_1_391' title='bbox 1061 3247 1322 3301; x_wconf 88' lang='lat' dir='ltr'>dicebat:</span> <span class='ocrx_word' id='word_1_392' title='bbox 1366 3250 1495 3302; x_wconf 89' lang='lat' dir='ltr'>Ecce</span> <span class='ocrx_word' id='word_1_393' title='bbox 1540 3247 1732 3316; x_wconf 88' lang='lat' dir='ltr'>Agnus</span> <span class='ocrx_word' id='word_1_394' title='bbox 1775 3248 1886 3302; x_wconf 88' lang='lat' dir='ltr'>Dei.</span> <span class='ocrx_word' id='word_1_395' title='bbox 1939 3227 2156 3302; x_wconf 84' lang='lat' dir='ltr'>DictiC</span> <span class='ocrx_word' id='word_1_396' title='bbox 2183 3262 2358 3316; x_wconf 89' lang='lat' dir='ltr'>quam</span> <span class='ocrx_word' id='word_1_397' title='bbox 2407 3263 2500 3299; x_wconf 93' lang='lat' dir='ltr'>me</span> <span class='ocrx_word' id='word_1_398' title='bbox 2550 3243 2652 3317; x_wconf 88' lang='lat' dir='ltr'>[Ita</span> <span class='ocrx_word' id='word_1_399' title='bbox 2695 3245 2890 3315; x_wconf 89' lang='lat' dir='ltr'>Cod.]?</span> <span class='ocrx_word' id='word_1_400' title='bbox 2921 3245 2980 3300; x_wconf 90' lang='lat' dir='ltr'>Si</span> <span class='ocrx_word' id='word_1_401' title='bbox 3025 3261 3133 3316; x_wconf 85' lang='lat' dir='ltr'>ego</span> <span class='ocrx_word' id='word_1_402' title='bbox 3175 3244 3306 3297; x_wconf 87' lang='lat' dir='ltr'>veni</span> <span class='ocrx_word' id='word_1_403' title='bbox 3350 3243 3424 3297; x_wconf 88' lang='lat' dir='ltr'>ad</span> <span class='ocrx_word' id='word_1_404' title='bbox 3463 3243 3827 3314; x_wconf 89' lang='lat' dir='ltr'>baptismum</span> 
     </span>
    </p>
   </div>
   <div class='ocr_carea' id='block_1_53' title="bbox 447 3339 2080 3413">
    <p class='ocr_par' dir='ltr' id='par_1_53' title="bbox 447 3339 2080 3413">
     <span class='ocr_line' id='line_1_53' title="bbox 447 3339 2080 3413; baseline -0.003 -15"><span class='ocrx_word' id='word_1_405' title='bbox 447 3347 582 3398; x_wconf 90' lang='lat' dir='ltr'>sunt</span> <span class='ocrx_word' id='word_1_406' title='bbox 621 3345 680 3396; x_wconf 87' lang='lat' dir='ltr'>et</span> <span class='ocrx_word' id='word_1_407' title='bbox 724 3341 966 3413; x_wconf 89' lang='lat' dir='ltr'>apostoli</span> <span class='ocrx_word' id='word_1_408' title='bbox 1016 3340 1174 3410; x_wconf 85' lang='lat' dir='ltr'>agni,</span> <span class='ocrx_word' id='word_1_409' title='bbox 1220 3339 1464 3394; x_wconf 90' lang='lat' dir='ltr'>Domino</span> <span class='ocrx_word' id='word_1_410' title='bbox 1510 3339 1736 3393; x_wconf 88' lang='lat' dir='ltr'>dicente</span> <span class='ocrx_word' id='word_1_411' title='bbox 1773 3355 1785 3394; x_wconf 89' lang='lat'>:</span> <span class='ocrx_word' id='word_1_412' title='bbox 1823 3342 1949 3394; x_wconf 87' lang='lat' dir='ltr'>Ecce</span> <span class='ocrx_word' id='word_1_413' title='bbox 1988 3355 2080 3406; x_wconf 84' lang='lat' dir='ltr'>ego</span> 
     </span>
    </p>
   </div>
   <div class='ocr_carea' id='block_1_54' title="bbox 446 3431 2081 3504">
    <p class='ocr_par' dir='ltr' id='par_1_54' title="bbox 446 3431 2081 3504">
     <span class='ocr_line' id='line_1_54' title="bbox 446 3431 2081 3504; baseline -0.004 -12"><span class='ocrx_word' id='word_1_414' title='bbox 446 3441 602 3492; x_wconf 86' lang='lat' dir='ltr'>mitto</span> <span class='ocrx_word' id='word_1_415' title='bbox 626 3451 716 3492; x_wconf 73' lang='lat' dir='ltr'>vos</span> <span class='ocrx_word' id='word_1_416' title='bbox 745 3439 883 3490; x_wconf 82' lang='lat' dir='ltr'>sicut</span> <span class='ocrx_word' id='word_1_417' title='bbox 909 3450 1076 3504; x_wconf 87' lang='lat' dir='ltr'>agnos</span> <span class='ocrx_word' id='word_1_418' title='bbox 1103 3437 1245 3488; x_wconf 82' lang='lat' dir='ltr'>inter</span> <span class='ocrx_word' id='word_1_419' title='bbox 1271 3434 1440 3503; x_wconf 84' lang='lat' dir='ltr'>lupos.</span> <span class='ocrx_word' id='word_1_420' title='bbox 1470 3433 1621 3486; x_wconf 92' lang='lat' dir='ltr'>Bene</span> <span class='ocrx_word' id='word_1_421' title='bbox 1649 3432 1804 3504; x_wconf 88' lang='lat' dir='ltr'>agni,</span> <span class='ocrx_word' id='word_1_422' title='bbox 1835 3431 1972 3502; x_wconf 89' lang='lat' dir='ltr'>quia</span> <span class='ocrx_word' id='word_1_423' title='bbox 1998 3431 2081 3485; x_wconf 91' lang='lat' dir='ltr'>in-</span> 
     </span>
    </p>
   </div>
   <div class='ocr_carea' id='block_1_55' title="bbox 447 3524 2078 3600">
    <p class='ocr_par' dir='ltr' id='par_1_55' title="bbox 447 3524 2078 3600">
     <span class='ocr_line' id='line_1_55' title="bbox 447 3524 2078 3600; baseline -0.004 -14"><span class='ocrx_word' id='word_1_424' title='bbox 447 3533 742 3597; x_wconf 90' lang='lat' dir='ltr'>nocentes,</span> <span class='ocrx_word' id='word_1_425' title='bbox 758 3528 892 3600; x_wconf 88' lang='lat' dir='ltr'>quia</span> <span class='ocrx_word' id='word_1_426' title='bbox 905 3527 1193 3599; x_wconf 90' lang='lat' dir='ltr'>simplices</span> <span class='ocrx_word' id='word_1_427' title='bbox 1208 3544 1220 3594; x_wconf 90' lang='lat'><strong>;</strong></span> <span class='ocrx_word' id='word_1_428' title='bbox 1235 3526 1352 3581; x_wconf 90' lang='lat' dir='ltr'>veri</span> <span class='ocrx_word' id='word_1_429' title='bbox 1377 3526 1532 3580; x_wconf 89' lang='lat' dir='ltr'>enim</span> <span class='ocrx_word' id='word_1_430' title='bbox 1547 3526 1682 3597; x_wconf 89' lang='lat' dir='ltr'>agni</span> <span class='ocrx_word' id='word_1_431' title='bbox 1699 3527 1880 3580; x_wconf 88' lang='lat' dir='ltr'>instar</span> <span class='ocrx_word' id='word_1_432' title='bbox 1905 3524 2078 3597; x_wconf 83' lang='lat' dir='ltr'>[Cod.,</span> 
     </span>
    </p>
   </div>
   <div class='ocr_carea' id='block_1_56' title="bbox 445 3619 2080 3696">
    <p class='ocr_par' dir='ltr' id='par_1_56' title="bbox 445 3619 2080 3696">
     <span class='ocr_line' id='line_1_56' title="bbox 445 3619 2080 3696; baseline -0.004 -16"><span class='ocrx_word' id='word_1_433' title='bbox 445 3641 580 3681; x_wconf 85' lang='lat' dir='ltr'>vero</span> <span class='ocrx_word' id='word_1_434' title='bbox 611 3641 764 3696; x_wconf 87' lang='lat' dir='ltr'>agno</span> <span class='ocrx_word' id='word_1_435' title='bbox 787 3622 1046 3692; x_wconf 83' lang='lat' dir='ltr'>inserat],</span> <span class='ocrx_word' id='word_1_436' title='bbox 1069 3621 1140 3676; x_wconf 92' lang='lat' dir='ltr'>de</span> <span class='ocrx_word' id='word_1_437' title='bbox 1169 3638 1282 3692; x_wconf 87' lang='lat' dir='ltr'>quo</span> <span class='ocrx_word' id='word_1_438' title='bbox 1313 3621 1574 3691; x_wconf 89' lang='lat' dir='ltr'>superius</span> <span class='ocrx_word' id='word_1_439' title='bbox 1590 3619 1853 3674; x_wconf 86' lang='lat' dir='ltr'>diximus.</span> <span class='ocrx_word' id='word_1_440' title='bbox 1883 3621 2080 3690; x_wconf 79' lang='lat' dir='ltr'>Agnus</span> 
     </span>
    </p>
   </div>
   <div class='ocr_carea' id='block_1_57' title="bbox 446 3713 2078 3786">
    <p class='ocr_par' dir='ltr' id='par_1_57' title="bbox 446 3713 2078 3786">
     <span class='ocr_line' id='line_1_57' title="bbox 446 3713 2078 3786; baseline -0.005 -12"><span class='ocrx_word' id='word_1_441' title='bbox 446 3721 572 3775; x_wconf 89' lang='lat' dir='ltr'>erat</span> <span class='ocrx_word' id='word_1_442' title='bbox 609 3721 668 3772; x_wconf 90' lang='lat' dir='ltr'>et</span> <span class='ocrx_word' id='word_1_443' title='bbox 706 3719 978 3783; x_wconf 89' lang='lat' dir='ltr'>Joannes,</span> <span class='ocrx_word' id='word_1_444' title='bbox 1021 3715 1155 3786; x_wconf 85' lang='lat' dir='ltr'>quia</span> <span class='ocrx_word' id='word_1_445' title='bbox 1197 3718 1254 3768; x_wconf 92' lang='lat' dir='ltr'>et</span> <span class='ocrx_word' id='word_1_446' title='bbox 1298 3713 1418 3785; x_wconf 90' lang='lat' dir='ltr'>ipse</span> <span class='ocrx_word' id='word_1_447' title='bbox 1469 3713 1749 3768; x_wconf 89' lang='lat' dir='ltr'>innocens</span> <span class='ocrx_word' id='word_1_448' title='bbox 1799 3716 2078 3784; x_wconf 87' lang='lat' dir='ltr'>quantum</span> 
     </span>
    </p>
   </div>
   <div class='ocr_carea' id='block_1_58' title="bbox 443 3807 2080 3879">
    <p class='ocr_par' dir='ltr' id='par_1_58' title="bbox 443 3807 2080 3879">
     <span class='ocr_line' id='line_1_58' title="bbox 443 3807 2080 3879; baseline -0.008 -7"><span class='ocrx_word' id='word_1_449' title='bbox 443 3811 716 3872; x_wconf 88' lang='lat' dir='ltr'>Christus.</span> <span class='ocrx_word' id='word_1_450' title='bbox 733 3811 944 3866; x_wconf 91' lang='lat' dir='ltr'>Omnes</span> <span class='ocrx_word' id='word_1_451' title='bbox 958 3809 1115 3863; x_wconf 90' lang='lat' dir='ltr'>enim</span> <span class='ocrx_word' id='word_1_452' title='bbox 1127 3825 1254 3862; x_wconf 89' lang='lat' dir='ltr'>cum</span> <span class='ocrx_word' id='word_1_453' title='bbox 1277 3810 1508 3879; x_wconf 89' lang='lat' dir='ltr'>peccato</span> <span class='ocrx_word' id='word_1_454' title='bbox 1529 3807 1839 3874; x_wconf 89' lang='lat' dir='ltr'>nascimur,</span> <span class='ocrx_word' id='word_1_455' title='bbox 1855 3807 2080 3861; x_wconf 91' lang='lat' dir='ltr'>dicente</span> 
     </span>
    </p>
   </div>
   <div class='ocr_carea' id='block_1_59' title="bbox 445 3899 2080 3980">
    <p class='ocr_par' dir='ltr' id='par_1_59' title="bbox 445 3899 2080 3980">
     <span class='ocr_line' id='line_1_59' title="bbox 445 3899 2080 3980; baseline -0.006 -19"><span class='ocrx_word' id='word_1_456' title='bbox 445 3906 766 3980; x_wconf 88' lang='lat' dir='ltr'>propheta:</span> <span class='ocrx_word' id='word_1_457' title='bbox 808 3907 872 3959; x_wconf 85' lang='lat' dir='ltr'>In</span> <span class='ocrx_word' id='word_1_458' title='bbox 898 3902 1278 3972; x_wconf 86' lang='lat' dir='ltr'>iniquitatibus</span> <span class='ocrx_word' id='word_1_459' title='bbox 1313 3906 1588 3972; x_wconf 85' lang='lat' dir='ltr'>conceptus</span> <span class='ocrx_word' id='word_1_460' title='bbox 1623 3916 1760 3955; x_wconf 88' lang='lat' dir='ltr'>sum.</span> <span class='ocrx_word' id='word_1_461' title='bbox 1793 3899 1954 3954; x_wconf 91' lang='lat' dir='ltr'>Solus</span> <span class='ocrx_word' id='word_1_462' title='bbox 1985 3899 2080 3953; x_wconf 91' lang='lat' dir='ltr'>ille</span> 
     </span>
    </p>
   </div>
   <div class='ocr_carea' id='block_1_60' title="bbox 447 3993 2080 4072">
    <p class='ocr_par' dir='ltr' id='par_1_60' title="bbox 447 3993 2080 4072">
     <span class='ocr_line' id='line_1_60' title="bbox 447 3993 2080 4072; baseline -0.006 -17"><span class='ocrx_word' id='word_1_463' title='bbox 447 4001 570 4055; x_wconf 91' lang='lat' dir='ltr'>sine</span> <span class='ocrx_word' id='word_1_464' title='bbox 594 4000 832 4072; x_wconf 90' lang='lat' dir='ltr'>peccato</span> <span class='ocrx_word' id='word_1_465' title='bbox 853 3995 1030 4064; x_wconf 85' lang='lat' dir='ltr'>venit,</span> <span class='ocrx_word' id='word_1_466' title='bbox 1056 3995 1207 4049; x_wconf 90' lang='lat' dir='ltr'>solus</span> <span class='ocrx_word' id='word_1_467' title='bbox 1237 3995 1463 4050; x_wconf 88' lang='lat' dir='ltr'>macula</span> <span class='ocrx_word' id='word_1_468' title='bbox 1490 3993 1710 4066; x_wconf 89' lang='lat' dir='ltr'>peccati</span> <span class='ocrx_word' id='word_1_469' title='bbox 1749 3993 1950 4048; x_wconf 89' lang='lat' dir='ltr'>caruit.</span> <span class='ocrx_word' id='word_1_470' title='bbox 1981 3993 2080 4047; x_wconf 89' lang='lat' dir='ltr'>Ve-</span> 
     </span>
    </p>
   </div>
   <div class='ocr_carea' id='block_1_61' title="bbox 450 4086 2081 4159">
    <p class='ocr_par' dir='ltr' id='par_1_61' title="bbox 450 4086 2081 4159">
     <span class='ocr_line' id='line_1_61' title="bbox 450 4086 2081 4159; baseline -0.006 -11"><span class='ocrx_word' id='word_1_471' title='bbox 450 4095 538 4148; x_wconf 89' lang='lat' dir='ltr'>nit</span> <span class='ocrx_word' id='word_1_472' title='bbox 569 4093 724 4146; x_wconf 89' lang='lat' dir='ltr'>enim</span> <span class='ocrx_word' id='word_1_473' title='bbox 756 4094 814 4145; x_wconf 87' lang='lat' dir='ltr'>in</span> <span class='ocrx_word' id='word_1_474' title='bbox 856 4089 1211 4146; x_wconf 82' lang='lat' dir='ltr'>similitudine</span> <span class='ocrx_word' id='word_1_475' title='bbox 1251 4091 1433 4144; x_wconf 82' lang='lat' dir='ltr'>carnis</span> <span class='ocrx_word' id='word_1_476' title='bbox 1467 4089 1690 4159; x_wconf 82' lang='lat' dir='ltr'>peccati,</span> <span class='ocrx_word' id='word_1_477' title='bbox 1720 4090 1915 4142; x_wconf 85' lang='lat' dir='ltr'>tamen</span> <span class='ocrx_word' id='word_1_478' title='bbox 1956 4086 2081 4140; x_wconf 91' lang='lat' dir='ltr'>sine</span> 
     </span>
    </p>
   </div>
   <div class='ocr_carea' id='block_1_62' title="bbox 2181 3336 3826 3415">
    <p class='ocr_par' dir='ltr' id='par_1_62' title="bbox 2181 3336 3826 3415">
     <span class='ocr_line' id='line_1_62' title="bbox 2181 3336 3826 3415; baseline -0.001 -22"><span class='ocrx_word' id='word_1_479' title='bbox 2181 3339 2347 3406; x_wconf 88' lang='lat' dir='ltr'>servi,</span> <span class='ocrx_word' id='word_1_480' title='bbox 2377 3342 2439 3392; x_wconf 90' lang='lat' dir='ltr'>ut</span> <span class='ocrx_word' id='word_1_481' title='bbox 2466 3338 2802 3409; x_wconf 86' lang='lat' dir='ltr'>dedignaris</span> <span class='ocrx_word' id='word_1_482' title='bbox 2825 3339 3020 3392; x_wconf 88' lang='lat' dir='ltr'>venire</span> <span class='ocrx_word' id='word_1_483' title='bbox 3050 3338 3124 3392; x_wconf 88' lang='lat' dir='ltr'>ad</span> <span class='ocrx_word' id='word_1_484' title='bbox 3154 3337 3509 3415; x_wconf 77' lang='lat' dir='ltr'>baptismum</span> <span class='ocrx_word' id='word_1_485' title='bbox 3544 3336 3826 3392; x_wconf 87' lang='lat' dir='ltr'>Domini?</span> 
     </span>
    </p>
   </div>
   <div class='ocr_carea' id='block_1_63' title="bbox 2179 3430 3824 3503">
    <p class='ocr_par' dir='ltr' id='par_1_63' title="bbox 2179 3430 3824 3503">
     <span class='ocr_line' id='line_1_63' title="bbox 2179 3430 3824 3503; baseline -0.001 -17"><span class='ocrx_word' id='word_1_486' title='bbox 2179 3433 2278 3486; x_wconf 85' lang='lat' dir='ltr'>Vel</span> <span class='ocrx_word' id='word_1_487' title='bbox 2301 3435 2454 3486; x_wconf 89' lang='lat' dir='ltr'>certe</span> <span class='ocrx_word' id='word_1_488' title='bbox 2479 3432 2760 3503; x_wconf 89' lang='lat' dir='ltr'>baptizari</span> <span class='ocrx_word' id='word_1_489' title='bbox 2775 3432 2973 3502; x_wconf 87' lang='lat' dir='ltr'>voluit,</span> <span class='ocrx_word' id='word_1_490' title='bbox 2999 3435 3062 3486; x_wconf 89' lang='lat' dir='ltr'>ut</span> <span class='ocrx_word' id='word_1_491' title='bbox 3091 3430 3360 3486; x_wconf 88' lang='lat' dir='ltr'>omnibus</span> <span class='ocrx_word' id='word_1_492' title='bbox 3380 3431 3546 3502; x_wconf 89' lang='lat' dir='ltr'>aquis</span> <span class='ocrx_word' id='word_1_493' title='bbox 3565 3430 3824 3485; x_wconf 85' lang='lat' dir='ltr'>sanctiﬁ-</span> 
     </span>
    </p>
   </div>
   <div class='ocr_carea' id='block_1_64' title="bbox 2181 3524 3827 3597">
    <p class='ocr_par' dir='ltr' id='par_1_64' title="bbox 2181 3524 3827 3597">
     <span class='ocr_line' id='line_1_64' title="bbox 2181 3524 3827 3597; baseline 0 -17"><span class='ocrx_word' id='word_1_494' title='bbox 2181 3526 2471 3580; x_wconf 90' lang='lat' dir='ltr'>cationem</span> <span class='ocrx_word' id='word_1_495' title='bbox 2499 3525 2665 3580; x_wconf 88' lang='lat' dir='ltr'>daret</span> <span class='ocrx_word' id='word_1_496' title='bbox 2684 3529 2741 3580; x_wconf 90' lang='lat' dir='ltr'>et</span> <span class='ocrx_word' id='word_1_497' title='bbox 2764 3525 3245 3597; x_wconf 82' lang='lat' dir='ltr'>purificationem.</span> <span class='ocrx_word' id='word_1_498' title='bbox 3266 3524 3396 3580; x_wconf 91' lang='lat' dir='ltr'>Sive</span> <span class='ocrx_word' id='word_1_499' title='bbox 3419 3525 3596 3580; x_wconf 87' lang='lat' dir='ltr'>etiam</span> <span class='ocrx_word' id='word_1_500' title='bbox 3626 3529 3691 3578; x_wconf 91' lang='lat' dir='ltr'>ut</span> <span class='ocrx_word' id='word_1_501' title='bbox 3711 3525 3827 3580; x_wconf 81' lang='lat' dir='ltr'>Ve-</span> 
     </span>
    </p>
   </div>
   <div class='ocr_carea' id='block_1_65' title="bbox 2179 3619 3824 3686">
    <p class='ocr_par' dir='ltr' id='par_1_65' title="bbox 2179 3619 3824 3686">
     <span class='ocr_line' id='line_1_65' title="bbox 2179 3619 3824 3686; baseline 0.001 -12"><span class='ocrx_word' id='word_1_502' title='bbox 2179 3620 2291 3674; x_wconf 88' lang='lat' dir='ltr'>teri</span> <span class='ocrx_word' id='word_1_503' title='bbox 2315 3621 2682 3675; x_wconf 86' lang='lat' dir='ltr'>Testamento</span> <span class='ocrx_word' id='word_1_504' title='bbox 2713 3620 2890 3674; x_wconf 85' lang='lat' dir='ltr'>ﬁnem</span> <span class='ocrx_word' id='word_1_505' title='bbox 2925 3620 3118 3686; x_wconf 87' lang='lat' dir='ltr'>daret,</span> <span class='ocrx_word' id='word_1_506' title='bbox 3153 3624 3210 3672; x_wconf 91' lang='lat' dir='ltr'>et</span> <span class='ocrx_word' id='word_1_507' title='bbox 3251 3637 3464 3674; x_wconf 89' lang='lat' dir='ltr'>novum</span> <span class='ocrx_word' id='word_1_508' title='bbox 3493 3619 3824 3676; x_wconf 88' lang='lat' dir='ltr'>inchoaret.</span> 
     </span>
    </p>
   </div>
   <div class='ocr_carea' id='block_1_66' title="bbox 2181 3713 3830 3785">
    <p class='ocr_par' dir='ltr' id='par_1_66' title="bbox 2181 3713 3830 3785">
     <span class='ocr_line' id='line_1_66' title="bbox 2181 3713 3830 3785; baseline 0.001 -18"><span class='ocrx_word' id='word_1_509' title='bbox 2181 3715 2304 3785; x_wconf 91' lang='lat' dir='ltr'>Ipse</span> <span class='ocrx_word' id='word_1_510' title='bbox 2337 3715 2492 3768; x_wconf 86' lang='lat' dir='ltr'>enim</span> <span class='ocrx_word' id='word_1_511' title='bbox 2521 3713 2723 3768; x_wconf 86' lang='lat' dir='ltr'>tandiu</span> <span class='ocrx_word' id='word_1_512' title='bbox 2755 3714 2857 3768; x_wconf 90' lang='lat' dir='ltr'>sub</span> <span class='ocrx_word' id='word_1_513' title='bbox 2887 3714 3014 3784; x_wconf 89' lang='lat' dir='ltr'>lege</span> <span class='ocrx_word' id='word_1_514' title='bbox 3045 3713 3171 3780; x_wconf 87' lang='lat' dir='ltr'>fuit,</span> <span class='ocrx_word' id='word_1_515' title='bbox 3213 3713 3473 3783; x_wconf 88' lang='lat' dir='ltr'>quandiu</span> <span class='ocrx_word' id='word_1_516' title='bbox 3497 3714 3830 3785; x_wconf 85' lang='lat' dir='ltr'>baptizatus</span> 
     </span>
    </p>
   </div>
   <div class='ocr_carea' id='block_1_67' title="bbox 2179 3807 3829 3879">
    <p class='ocr_par' dir='ltr' id='par_1_67' title="bbox 2179 3807 3829 3879">
     <span class='ocr_line' id='line_1_67' title="bbox 2179 3807 3829 3879; baseline 0.001 -17"><span class='ocrx_word' id='word_1_517' title='bbox 2179 3807 2294 3879; x_wconf 88' lang='lat' dir='ltr'>legi</span> <span class='ocrx_word' id='word_1_518' title='bbox 2316 3807 2534 3862; x_wconf 85' lang='lat' dir='ltr'>Veteris</span> <span class='ocrx_word' id='word_1_519' title='bbox 2550 3807 2900 3862; x_wconf 89' lang='lat' dir='ltr'>Testamenti</span> <span class='ocrx_word' id='word_1_520' title='bbox 2924 3807 3123 3876; x_wconf 88' lang='lat' dir='ltr'>linem,</span> <span class='ocrx_word' id='word_1_521' title='bbox 3141 3809 3199 3860; x_wconf 90' lang='lat' dir='ltr'>et</span> <span class='ocrx_word' id='word_1_522' title='bbox 3218 3807 3418 3878; x_wconf 74' lang='lat' dir='ltr'>gratiae</span> <span class='ocrx_word' id='word_1_523' title='bbox 3446 3809 3626 3862; x_wconf 86' lang='lat' dir='ltr'>sancti</span> <span class='ocrx_word' id='word_1_524' title='bbox 3644 3809 3829 3863; x_wconf 87' lang='lat' dir='ltr'>Evan-</span> 
     </span>
    </p>
   </div>
   <div class='ocr_carea' id='block_1_68' title="bbox 2182 3899 3822 3972">
    <p class='ocr_par' dir='ltr' id='par_1_68' title="bbox 2182 3899 3822 3972">
     <span class='ocr_line' id='line_1_68' title="bbox 2182 3899 3822 3972; baseline 0.001 -17"><span class='ocrx_word' id='word_1_525' title='bbox 2182 3902 2319 3972; x_wconf 85' lang='lat' dir='ltr'>gelii</span> <span class='ocrx_word' id='word_1_526' title='bbox 2338 3901 2566 3956; x_wconf 88' lang='lat' dir='ltr'>initium</span> <span class='ocrx_word' id='word_1_527' title='bbox 2590 3901 2772 3955; x_wconf 88' lang='lat' dir='ltr'>daret.</span> <span class='ocrx_word' id='word_1_528' title='bbox 2811 3900 3091 3972; x_wconf 85' lang='lat' dir='ltr'>Baptizari</span> <span class='ocrx_word' id='word_1_529' title='bbox 3116 3899 3316 3968; x_wconf 87' lang='lat' dir='ltr'>voluit,</span> <span class='ocrx_word' id='word_1_530' title='bbox 3350 3904 3414 3955; x_wconf 89' lang='lat' dir='ltr'>ut</span> <span class='ocrx_word' id='word_1_531' title='bbox 3443 3918 3680 3956; x_wconf 89' lang='lat' dir='ltr'>omnem</span> <span class='ocrx_word' id='word_1_532' title='bbox 3712 3903 3822 3958; x_wconf 86' lang='lat' dir='ltr'>hu-</span> 
     </span>
    </p>
   </div>
   <div class='ocr_carea' id='block_1_69' title="bbox 2179 3985 3830 4068">
    <p class='ocr_par' dir='ltr' id='par_1_69' title="bbox 2179 3985 3830 4068">
     <span class='ocr_line' id='line_1_69' title="bbox 2179 3985 3830 4068; baseline 0.001 -19"><span class='ocrx_word' id='word_1_533' title='bbox 2179 3995 2488 4050; x_wconf 90' lang='lat' dir='ltr'>militatem</span> <span class='ocrx_word' id='word_1_534' title='bbox 2517 3994 2769 4049; x_wconf 87' lang='lat' dir='ltr'>doceret.</span> <span class='ocrx_word' id='word_1_535' title='bbox 2801 3994 2986 4063; x_wconf 90' lang='lat' dir='ltr'>Unde,</span> <span class='ocrx_word' id='word_1_536' title='bbox 3014 3985 3158 4048; x_wconf 77' lang='lat' dir='ltr'>sicut</span> <span class='ocrx_word' id='word_1_537' title='bbox 3184 3993 3283 4048; x_wconf 89' lang='lat' dir='ltr'>alii</span> <span class='ocrx_word' id='word_1_538' title='bbox 3314 3994 3511 4049; x_wconf 90' lang='lat' dir='ltr'>dicunt</span> <span class='ocrx_word' id='word_1_539' title='bbox 3535 3997 3830 4068; x_wconf 89' lang='lat' dir='ltr'>evangeli-</span> 
     </span>
    </p>
   </div>
   <div class='ocr_carea' id='block_1_70' title="bbox 2180 4087 3822 4158">
    <p class='ocr_par' dir='ltr' id='par_1_70' title="bbox 2180 4087 3822 4158">
     <span class='ocr_line' id='line_1_70' title="bbox 2180 4087 3822 4158; baseline 0.002 -16"><span class='ocrx_word' id='word_1_540' title='bbox 2180 4091 2303 4156; x_wconf 70' lang='lat' dir='ltr'>stee,</span> <span class='ocrx_word' id='word_1_541' title='bbox 2339 4105 2472 4142; x_wconf 90' lang='lat' dir='ltr'>cum</span> <span class='ocrx_word' id='word_1_542' title='bbox 2502 4087 2726 4142; x_wconf 89' lang='lat' dir='ltr'>veniret</span> <span class='ocrx_word' id='word_1_543' title='bbox 2747 4088 2822 4142; x_wconf 88' lang='lat' dir='ltr'>ad</span> <span class='ocrx_word' id='word_1_544' title='bbox 2849 4091 3109 4143; x_wconf 84' lang='lat' dir='ltr'>Joannem</span> <span class='ocrx_word' id='word_1_545' title='bbox 3145 4092 3206 4142; x_wconf 88' lang='lat' dir='ltr'>ut</span> <span class='ocrx_word' id='word_1_546' title='bbox 3237 4089 3608 4158; x_wconf 78' lang='lat' dir='ltr'>baptizaretur</span> <span class='ocrx_word' id='word_1_547' title='bbox 3639 4090 3713 4144; x_wconf 88' lang='lat' dir='ltr'>ab</span> <span class='ocrx_word' id='word_1_548' title='bbox 3741 4106 3822 4153; x_wconf 86' lang='lat' dir='ltr'>eo,</span> 
     </span>
    </p>
   </div>
   <div class='ocr_carea' id='block_1_71' title="bbox 445 4175 3828 4260">
    <p class='ocr_par' dir='ltr' id='par_1_71' title="bbox 445 4175 3828 4260">
     <span class='ocr_line' id='line_1_71' title="bbox 445 4175 3828 4260; baseline -0.001 -18"><span class='ocrx_word' id='word_1_549' title='bbox 445 4189 702 4260; x_wconf 84' lang='lat' dir='ltr'>peccato.</span> <span class='ocrx_word' id='word_1_550' title='bbox 735 4187 839 4253; x_wconf 86' lang='lat' dir='ltr'>Qui</span> <span class='ocrx_word' id='word_1_551' title='bbox 854 4189 1136 4254; x_wconf 85' lang='lat' dir='ltr'>peccatum</span> <span class='ocrx_word' id='word_1_552' title='bbox 1164 4199 1269 4238; x_wconf 87' lang='lat' dir='ltr'>non</span> <span class='ocrx_word' id='word_1_553' title='bbox 1295 4184 1425 4250; x_wconf 81' lang='lat' dir='ltr'>fecit</span> <span class='ocrx_word' id='word_1_554' title='bbox 1445 4223 1461 4244; x_wconf 89' lang='lat'>,</span> <span class='ocrx_word' id='word_1_555' title='bbox 1493 4197 1587 4236; x_wconf 89' lang='lat' dir='ltr'>nec</span> <span class='ocrx_word' id='word_1_556' title='bbox 1613 4184 1858 4236; x_wconf 80' lang='lat' dir='ltr'>inventus</span> <span class='ocrx_word' id='word_1_557' title='bbox 1878 4185 1954 4236; x_wconf 85' lang='lat' dir='ltr'>est</span> <span class='ocrx_word' id='word_1_558' title='bbox 1982 4181 2076 4234; x_wconf 90' lang='lat' dir='ltr'>do-</span> <span class='ocrx_word' id='word_1_559' title='bbox 2181 4182 2262 4236; x_wconf 92' lang='lat' dir='ltr'>ait</span> <span class='ocrx_word' id='word_1_560' title='bbox 2299 4181 2380 4236; x_wconf 90' lang='lat' dir='ltr'>illi</span> <span class='ocrx_word' id='word_1_561' title='bbox 2417 4175 2651 4237; x_wconf 85' lang='lat' dir='ltr'>Joannes</span> <span class='ocrx_word' id='word_1_562' title='bbox 2676 4200 2692 4236; x_wconf 90' lang='lat'>:</span> <span class='ocrx_word' id='word_1_563' title='bbox 2727 4184 2803 4237; x_wconf 87' lang='lat' dir='ltr'>Tu</span> <span class='ocrx_word' id='word_1_564' title='bbox 2835 4181 2912 4235; x_wconf 87' lang='lat' dir='ltr'>ad</span> <span class='ocrx_word' id='word_1_565' title='bbox 2939 4198 3022 4236; x_wconf 86' lang='lat' dir='ltr'>me</span> <span class='ocrx_word' id='word_1_566' title='bbox 3047 4184 3196 4236; x_wconf 84' lang='lat' dir='ltr'>venis</span> <span class='ocrx_word' id='word_1_567' title='bbox 3225 4183 3548 4252; x_wconf 80' lang='lat' dir='ltr'>baptizari?</span> <span class='ocrx_word' id='word_1_568' title='bbox 3583 4199 3676 4250; x_wconf 88' lang='lat' dir='ltr'>ego</span> <span class='ocrx_word' id='word_1_569' title='bbox 3705 4201 3743 4238; x_wconf 88' lang='lat' dir='ltr'>a</span> <span class='ocrx_word' id='word_1_570' title='bbox 3775 4189 3828 4238; x_wconf 83' lang='lat' dir='ltr'>te</span> 
     </span>
    </p>
   </div>
   <div class='ocr_carea' id='block_1_72' title="bbox 446 4271 3826 4348">
    <p class='ocr_par' dir='ltr' id='par_1_72' title="bbox 446 4271 3826 4348">
     <span class='ocr_line' id='line_1_72' title="bbox 446 4271 3826 4348; baseline -0.001 -12"><span class='ocrx_word' id='word_1_571' title='bbox 446 4283 528 4337; x_wconf 87' lang='lat' dir='ltr'>lus</span> <span class='ocrx_word' id='word_1_572' title='bbox 555 4284 612 4335; x_wconf 89' lang='lat' dir='ltr'>in</span> <span class='ocrx_word' id='word_1_573' title='bbox 631 4297 719 4334; x_wconf 90' lang='lat' dir='ltr'>ore</span> <span class='ocrx_word' id='word_1_574' title='bbox 746 4279 879 4348; x_wconf 79' lang='lat' dir='ltr'>ejus.</span> <span class='ocrx_word' id='word_1_575' title='bbox 911 4279 1159 4334; x_wconf 89' lang='lat' dir='ltr'>Carnem</span> <span class='ocrx_word' id='word_1_576' title='bbox 1187 4275 1496 4346; x_wconf 88' lang='lat' dir='ltr'>assumpsit</span> <span class='ocrx_word' id='word_1_577' title='bbox 1539 4274 1609 4328; x_wconf 92' lang='lat' dir='ltr'>de</span> <span class='ocrx_word' id='word_1_578' title='bbox 1639 4275 1845 4342; x_wconf 81' lang='lat' dir='ltr'>Adam,</span> <span class='ocrx_word' id='word_1_579' title='bbox 1875 4291 2076 4346; x_wconf 70' lang='lat' dir='ltr'>pecca~</span> <span class='ocrx_word' id='word_1_580' title='bbox 2180 4275 2338 4332; x_wconf 87' lang='lat' dir='ltr'>debeo</span> <span class='ocrx_word' id='word_1_581' title='bbox 2361 4277 2654 4347; x_wconf 80' lang='lat' dir='ltr'>baptizari.</span> <span class='ocrx_word' id='word_1_582' title='bbox 2684 4275 2752 4329; x_wconf 92' lang='lat' dir='ltr'>Et</span> <span class='ocrx_word' id='word_1_583' title='bbox 2771 4271 3048 4329; x_wconf 89' lang='lat' dir='ltr'>Dominus</span> <span class='ocrx_word' id='word_1_584' title='bbox 3076 4275 3127 4330; x_wconf 91' lang='lat' dir='ltr'>ei</span> <span class='ocrx_word' id='word_1_585' title='bbox 3157 4292 3170 4330; x_wconf 92' lang='lat'>:</span> <span class='ocrx_word' id='word_1_586' title='bbox 3196 4277 3324 4334; x_wconf 84' lang='lat' dir='ltr'>Sine</span> <span class='ocrx_word' id='word_1_587' title='bbox 3343 4277 3498 4331; x_wconf 87' lang='lat' dir='ltr'>modo</span> <span class='ocrx_word' id='word_1_588' title='bbox 3524 4278 3826 4347; x_wconf 84' lang='lat' dir='ltr'>impleatur</span> 
     </span>
    </p>
   </div>
   <div class='ocr_carea' id='block_1_73' title="bbox 443 4367 3820 4443">
    <p class='ocr_par' dir='ltr' id='par_1_73' title="bbox 443 4367 3820 4443">
     <span class='ocr_line' id='line_1_73' title="bbox 443 4367 3820 4443; baseline -0.001 -13"><span class='ocrx_word' id='word_1_589' title='bbox 443 4379 568 4430; x_wconf 87' lang='lat' dir='ltr'>tum</span> <span class='ocrx_word' id='word_1_590' title='bbox 599 4391 716 4429; x_wconf 90' lang='lat' dir='ltr'>non</span> <span class='ocrx_word' id='word_1_591' title='bbox 748 4371 1076 4443; x_wconf 90' lang='lat' dir='ltr'>assumpsit.</span> <span class='ocrx_word' id='word_1_592' title='bbox 1111 4372 1181 4424; x_wconf 88' lang='lat' dir='ltr'>Et</span> <span class='ocrx_word' id='word_1_593' title='bbox 1211 4369 1340 4424; x_wconf 90' lang='lat' dir='ltr'>ideo</span> <span class='ocrx_word' id='word_1_594' title='bbox 1374 4368 1510 4440; x_wconf 88' lang='lat' dir='ltr'>quia</span> <span class='ocrx_word' id='word_1_595' title='bbox 1533 4385 1649 4422; x_wconf 91' lang='lat' dir='ltr'>non</span> <span class='ocrx_word' id='word_1_596' title='bbox 1675 4367 1982 4439; x_wconf 88' lang='lat' dir='ltr'>assumpsit</span> <span class='ocrx_word' id='word_1_597' title='bbox 2008 4368 2078 4422; x_wconf 91' lang='lat' dir='ltr'>de</span> <span class='ocrx_word' id='word_1_598' title='bbox 2179 4371 2352 4426; x_wconf 86' lang='lat' dir='ltr'>omnis</span> <span class='ocrx_word' id='word_1_599' title='bbox 2380 4370 2624 4439; x_wconf 84' lang='lat' dir='ltr'>justitia.</span> <span class='ocrx_word' id='word_1_600' title='bbox 2675 4368 2824 4434; x_wconf 87' lang='lat' dir='ltr'>Quid</span> <span class='ocrx_word' id='word_1_601' title='bbox 2868 4371 2954 4422; x_wconf 91' lang='lat' dir='ltr'>est</span> <span class='ocrx_word' id='word_1_602' title='bbox 3003 4368 3310 4440; x_wconf 87' lang='lat' dir='ltr'>impleatur</span> <span class='ocrx_word' id='word_1_603' title='bbox 3345 4369 3533 4424; x_wconf 90' lang='lat' dir='ltr'>omnis</span> <span class='ocrx_word' id='word_1_604' title='bbox 3572 4370 3820 4440; x_wconf 87' lang='lat' dir='ltr'>justitia,</span> 
     </span>
    </p>
   </div>
   <div class='ocr_carea' id='block_1_74' title="bbox 445 4461 3820 4537">
    <p class='ocr_par' dir='ltr' id='par_1_74' title="bbox 445 4461 3820 4537">
     <span class='ocr_line' id='line_1_74' title="bbox 445 4461 3820 4537; baseline -0.001 -13"><span class='ocrx_word' id='word_1_605' title='bbox 445 4473 643 4525; x_wconf 88' lang='lat' dir='ltr'>nostra</span> <span class='ocrx_word' id='word_1_606' title='bbox 661 4485 852 4522; x_wconf 89' lang='lat' dir='ltr'>massa</span> <span class='ocrx_word' id='word_1_607' title='bbox 873 4469 1194 4537; x_wconf 87' lang='lat' dir='ltr'>peccatum,</span> <span class='ocrx_word' id='word_1_608' title='bbox 1221 4463 1341 4534; x_wconf 90' lang='lat' dir='ltr'>ipse</span> <span class='ocrx_word' id='word_1_609' title='bbox 1369 4467 1455 4517; x_wconf 86' lang='lat' dir='ltr'>est</span> <span class='ocrx_word' id='word_1_610' title='bbox 1483 4461 1581 4533; x_wconf 90' lang='lat' dir='ltr'>qui</span> <span class='ocrx_word' id='word_1_611' title='bbox 1614 4461 1761 4516; x_wconf 90' lang='lat' dir='ltr'>tollit</span> <span class='ocrx_word' id='word_1_612' title='bbox 1778 4466 2077 4533; x_wconf 87' lang='lat' dir='ltr'>peceatum</span> <span class='ocrx_word' id='word_1_613' title='bbox 2181 4462 2286 4517; x_wconf 87' lang='lat' dir='ltr'>nisi</span> <span class='ocrx_word' id='word_1_614' title='bbox 2346 4463 2654 4534; x_wconf 86' lang='lat' dir='ltr'>impleatur</span> <span class='ocrx_word' id='word_1_615' title='bbox 2715 4462 2903 4518; x_wconf 90' lang='lat' dir='ltr'>omnis</span> <span class='ocrx_word' id='word_1_616' title='bbox 2965 4462 3306 4518; x_wconf 86' lang='lat' dir='ltr'>humilitas?</span> <span class='ocrx_word' id='word_1_617' title='bbox 3365 4465 3444 4518; x_wconf 85' lang='lat' dir='ltr'>Ac</span> <span class='ocrx_word' id='word_1_618' title='bbox 3509 4463 3554 4516; x_wconf 91' lang='lat' dir='ltr'>si</span> <span class='ocrx_word' id='word_1_619' title='bbox 3618 4463 3820 4520; x_wconf 86' lang='lat' dir='ltr'>dicat:</span> 
     </span>
    </p>
   </div>
   <div class='ocr_carea' id='block_1_75' title="bbox 445 4555 3822 4672">
    <p class='ocr_par' dir='ltr' id='par_1_75' title="bbox 445 4555 3822 4672">
     <span class='ocr_line' id='line_1_75' title="bbox 445 4555 3822 4672; baseline -0.002 -51"><span class='ocrx_word' id='word_1_620' title='bbox 445 4569 728 4621; x_wconf 88' lang='lat' dir='ltr'>nostrum.</span> <span class='ocrx_word' id='word_1_621' title='bbox 763 4561 877 4648; x_wconf 78' lang='lat' dir='ltr'>sed</span> <span class='ocrx_word' id='word_1_622' title='bbox 918 4559 1056 4614; x_wconf 87' lang='lat' dir='ltr'>dicit</span> <span class='ocrx_word' id='word_1_623' title='bbox 1085 4557 1319 4628; x_wconf 88' lang='lat' dir='ltr'>aliquis,</span> <span class='ocrx_word' id='word_1_624' title='bbox 1354 4555 1494 4628; x_wconf 92' lang='lat' dir='ltr'>quid</span> <span class='ocrx_word' id='word_1_625' title='bbox 1537 4555 1704 4610; x_wconf 91' lang='lat' dir='ltr'>nobis</span> <span class='ocrx_word' id='word_1_626' title='bbox 1728 4555 1966 4627; x_wconf 88' lang='lat' dir='ltr'>prodest</span> <span class='ocrx_word' id='word_1_627' title='bbox 1986 4555 2320 4672; x_wconf 86' lang='lat' dir='ltr'>illeDMori</span> <span class='ocrx_word' id='word_1_628' title='bbox 2372 4556 2541 4626; x_wconf 88' lang='lat' dir='ltr'>veni,</span> <span class='ocrx_word' id='word_1_629' title='bbox 2600 4555 2881 4628; x_wconf 85' lang='lat' dir='ltr'>baptizari</span> <span class='ocrx_word' id='word_1_630' title='bbox 2928 4573 3046 4611; x_wconf 92' lang='lat' dir='ltr'>non</span> <span class='ocrx_word' id='word_1_631' title='bbox 3096 4556 3248 4611; x_wconf 85' lang='lat' dir='ltr'>veni.</span> <span class='ocrx_word' id='word_1_632' title='bbox 3305 4556 3444 4612; x_wconf 83' lang='lat' dir='ltr'>Mori</span> <span class='ocrx_word' id='word_1_633' title='bbox 3483 4557 3672 4612; x_wconf 89' lang='lat' dir='ltr'>habeo</span> <span class='ocrx_word' id='word_1_634' title='bbox 3713 4575 3822 4630; x_wconf 88' lang='lat' dir='ltr'>pro</span> 
     </span>
     <span class='ocr_line' id='line_1_76' title="bbox 459 4649 3794 4672; baseline 0 0"><span class='ocrx_word' id='word_1_635' title='bbox 459 4661 471 4672; x_wconf 75' lang='grc' dir='ltr'><strong>Δ</strong></span> <span class='ocrx_word' id='word_1_636' title='bbox 664 4659 703 4672; x_wconf 70' lang='lat' dir='ltr'><strong>n</strong></span> <span class='ocrx_word' id='word_1_637' title='bbox 747 4655 806 4672; x_wconf 44' lang='lat' dir='ltr'>an</span> <span class='ocrx_word' id='word_1_638' title='bbox 853 4657 972 4672; x_wconf 57' lang='lat' dir='ltr'>n,,-</span> <span class='ocrx_word' id='word_1_639' title='bbox 1023 4667 1182 4672; x_wconf 71' lang='lat'>.-_---.-</span> <span class='ocrx_word' id='word_1_640' title='bbox 1221 4654 1310 4672; x_wconf 62' lang='lat'>11-:</span> <span class='ocrx_word' id='word_1_641' title='bbox 1385 4665 1485 4672; x_wconf 64' lang='lat'>----</span> <span class='ocrx_word' id='word_1_642' title='bbox 1541 4652 1632 4672; x_wconf 60' lang='grc' dir='ltr'>,μηο</span> <span class='ocrx_word' id='word_1_643' title='bbox 1677 4651 1820 4672; x_wconf 60' lang='lat'>1-11:1</span> <span class='ocrx_word' id='word_1_644' title='bbox 1867 4654 2080 4672; x_wconf 55' lang='grc' dir='ltr'>μμ---ι..</span> <span class='ocrx_word' id='word_1_645' title='bbox 2184 4649 2515 4672; x_wconf 67' lang='grc' dir='ltr'>ι.-...ξ..;ι---</span> <span class='ocrx_word' id='word_1_646' title='bbox 2606 4649 2881 4672; x_wconf 70' lang='lat' dir='ltr'>L-..12___2</span> <span class='ocrx_word' id='word_1_647' title='bbox 2937 4667 3047 4672; x_wconf 52' lang='grc' dir='ltr'>..-μ</span> <span class='ocrx_word' id='word_1_648' title='bbox 3093 4651 3272 4672; x_wconf 66' lang='grc' dir='ltr'>1.-ι--</span> <span class='ocrx_word' id='word_1_649' title='bbox 3319 4667 3416 4672; x_wconf 66' lang='grc'>-..-</span> <span class='ocrx_word' id='word_1_650' title='bbox 3463 4651 3794 4672; x_wconf 68' lang='lat' dir='ltr'>L-__2_2L__-</span> 
     </span>
    </p>
   </div>
   <div class='ocr_carea' id='block_1_76' title="bbox 443 4649 3821 4730">
    <p class='ocr_par' dir='ltr' id='par_1_76' title="bbox 443 4649 3821 4730">
     <span class='ocr_line' id='line_1_77' title="bbox 443 4649 3821 4730; baseline -0.002 -16"><span class='ocrx_word' id='word_1_651' title='bbox 443 4661 640 4730; x_wconf 86' lang='lat' dir='ltr'>Agnus</span> <span class='ocrx_word' id='word_1_652' title='bbox 663 4655 806 4712; x_wconf 89' lang='lat' dir='ltr'>Dei?</span> <span class='ocrx_word' id='word_1_653' title='bbox 843 4657 974 4710; x_wconf 87' lang='lat' dir='ltr'>Ecce</span> <span class='ocrx_word' id='word_1_654' title='bbox 1011 4667 1184 4722; x_wconf 85' lang='lat' dir='ltr'>agnus</span> <span class='ocrx_word' id='word_1_655' title='bbox 1213 4654 1328 4713; x_wconf 87' lang='lat' dir='ltr'>Dei,</span> <span class='ocrx_word' id='word_1_656' title='bbox 1377 4665 1486 4705; x_wconf 86' lang='lat' dir='ltr'>cccc</span> <span class='ocrx_word' id='word_1_657' title='bbox 1533 4652 1632 4720; x_wconf 87' lang='lat' dir='ltr'>qui</span> <span class='ocrx_word' id='word_1_658' title='bbox 1677 4651 1820 4704; x_wconf 89' lang='lat' dir='ltr'>tollit</span> <span class='ocrx_word' id='word_1_659' title='bbox 1859 4649 2517 4720; x_wconf 77' lang='lat' dir='ltr'>peccata”bominibus</span> <span class='ocrx_word' id='word_1_660' title='bbox 2542 4691 2556 4717; x_wconf 93' lang='lat'>,</span> <span class='ocrx_word' id='word_1_661' title='bbox 2606 4649 2886 4721; x_wconf 86' lang='lat' dir='ltr'>baptizari</span> <span class='ocrx_word' id='word_1_662' title='bbox 2937 4667 3054 4705; x_wconf 89' lang='lat' dir='ltr'>non</span> <span class='ocrx_word' id='word_1_663' title='bbox 3093 4651 3278 4730; x_wconf 81' lang='lat' dir='ltr'>habeo</span> <span class='ocrx_word' id='word_1_664' title='bbox 3319 4667 3423 4722; x_wconf 90' lang='lat' dir='ltr'>pro</span> <span class='ocrx_word' id='word_1_665' title='bbox 3463 4651 3821 4707; x_wconf 89' lang='lat' dir='ltr'>hominibus.</span> 
     </span>
    </p>
   </div>
   <div class='ocr_carea' id='block_1_77' title="bbox 441 4721 3822 4819">
    <p class='ocr_par' dir='ltr' id='par_1_77' title="bbox 441 4721 3822 4819">
     <span class='ocr_line' id='line_1_78' title="bbox 441 4721 3822 4819; baseline -0.002 -11"><span class='ocrx_word' id='word_1_666' title='bbox 441 4721 654 4810; x_wconf 65' lang='lat' dir='ltr'>mundi.</span> <span class='ocrx_word' id='word_1_667' title='bbox 669 4749 817 4804; x_wconf 90' lang='lat' dir='ltr'>Tulit</span> <span class='ocrx_word' id='word_1_668' title='bbox 839 4750 1138 4819; x_wconf 89' lang='lat' dir='ltr'>peccatum</span> <span class='ocrx_word' id='word_1_669' title='bbox 1158 4743 1384 4810; x_wconf 90' lang='lat' dir='ltr'>mundi,</span> <span class='ocrx_word' id='word_1_670' title='bbox 1401 4743 1536 4815; x_wconf 87' lang='lat' dir='ltr'>quia</span> <span class='ocrx_word' id='word_1_671' title='bbox 1555 4743 1718 4814; x_wconf 88' lang='lat' dir='ltr'>signa</span> <span class='ocrx_word' id='word_1_672' title='bbox 1733 4745 1791 4797; x_wconf 89' lang='lat' dir='ltr'>et</span> <span class='ocrx_word' id='word_1_673' title='bbox 1805 4741 2081 4797; x_wconf 90' lang='lat' dir='ltr'>miracula</span> <span class='ocrx_word' id='word_1_674' title='bbox 2181 4745 2250 4798; x_wconf 89' lang='lat' dir='ltr'>Et</span> <span class='ocrx_word' id='word_1_675' title='bbox 2287 4745 2440 4798; x_wconf 90' lang='lat' dir='ltr'>certe</span> <span class='ocrx_word' id='word_1_676' title='bbox 2468 4743 2754 4816; x_wconf 90' lang='lat' dir='ltr'>suscipere</span> <span class='ocrx_word' id='word_1_677' title='bbox 2775 4743 2973 4798; x_wconf 90' lang='lat' dir='ltr'>debuit</span> <span class='ocrx_word' id='word_1_678' title='bbox 3001 4721 3352 4815; x_wconf 78' lang='lat' dir='ltr'>baptismum</span> <span class='ocrx_word' id='word_1_679' title='bbox 3387 4762 3421 4799; x_wconf 91' lang='lat' dir='ltr'>a</span> <span class='ocrx_word' id='word_1_680' title='bbox 3444 4744 3598 4800; x_wconf 91' lang='lat' dir='ltr'>bono</span> <span class='ocrx_word' id='word_1_681' title='bbox 3629 4761 3822 4813; x_wconf 89' lang='lat' dir='ltr'>servo,</span> 
     </span>
    </p>
   </div>
   <div class='ocr_carea' id='block_1_78' title="bbox 445 4836 3826 4913">
    <p class='ocr_par' dir='ltr' id='par_1_78' title="bbox 445 4836 3826 4913">
     <span class='ocr_line' id='line_1_79' title="bbox 445 4836 3826 4913; baseline -0.002 -12"><span class='ocrx_word' id='word_1_682' title='bbox 445 4846 684 4913; x_wconf 87' lang='lat' dir='ltr'>faciens,</span> <span class='ocrx_word' id='word_1_683' title='bbox 717 4859 898 4898; x_wconf 62' lang='lat' dir='ltr'>caecos</span> <span class='ocrx_word' id='word_1_684' title='bbox 928 4839 1292 4908; x_wconf 89' lang='lat' dir='ltr'>illuminavit,</span> <span class='ocrx_word' id='word_1_685' title='bbox 1317 4840 1578 4893; x_wconf 90' lang='lat' dir='ltr'>mortuos</span> <span class='ocrx_word' id='word_1_686' title='bbox 1605 4836 1913 4892; x_wconf 89' lang='lat' dir='ltr'>suscitavit.</span> <span class='ocrx_word' id='word_1_687' title='bbox 1933 4838 2083 4890; x_wconf 91' lang='lat' dir='ltr'>lnsu—</span> <span class='ocrx_word' id='word_1_688' title='bbox 2179 4837 2275 4908; x_wconf 91' lang='lat' dir='ltr'>qui</span> <span class='ocrx_word' id='word_1_689' title='bbox 2303 4837 2632 4908; x_wconf 88' lang='lat' dir='ltr'>passionem</span> <span class='ocrx_word' id='word_1_690' title='bbox 2674 4837 2922 4908; x_wconf 88' lang='lat' dir='ltr'>suscepit</span> <span class='ocrx_word' id='word_1_691' title='bbox 2969 4855 3001 4891; x_wconf 88' lang='lat' dir='ltr'>a</span> <span class='ocrx_word' id='word_1_692' title='bbox 3050 4837 3217 4892; x_wconf 86' lang='lat' dir='ltr'>malis</span> <span class='ocrx_word' id='word_1_693' title='bbox 3251 4837 3447 4892; x_wconf 87' lang='lat' dir='ltr'>servis.</span> <span class='ocrx_word' id='word_1_694' title='bbox 3480 4839 3578 4892; x_wconf 79' lang='lat' dir='ltr'>Hic</span> <span class='ocrx_word' id='word_1_695' title='bbox 3617 4854 3712 4894; x_wconf 80' lang='lat' dir='ltr'>EST</span> <span class='ocrx_word' id='word_1_696' title='bbox 3752 4855 3826 4895; x_wconf 71' lang='lat' dir='ltr'>nn</span> 
     </span>
    </p>
   </div>
   <div class='ocr_carea' id='block_1_79' title="bbox 442 4931 3823 5014">
    <p class='ocr_par' dir='ltr' id='par_1_79' title="bbox 442 4931 3823 5014">
     <span class='ocr_line' id='line_1_80' title="bbox 442 4931 3823 5014; baseline -0.002 -18"><span class='ocrx_word' id='word_1_697' title='bbox 442 4957 549 5014; x_wconf 91' lang='lat' dir='ltr'>per</span> <span class='ocrx_word' id='word_1_698' title='bbox 579 4938 671 4996; x_wconf 90' lang='lat' dir='ltr'>cui</span> <span class='ocrx_word' id='word_1_699' title='bbox 703 4936 933 4993; x_wconf 88' lang='lat' dir='ltr'>volebat</span> <span class='ocrx_word' id='word_1_700' title='bbox 971 4933 1364 5007; x_wconf 89' lang='lat' dir='ltr'>potentialiter</span> <span class='ocrx_word' id='word_1_701' title='bbox 1399 4931 1628 4986; x_wconf 89' lang='lat' dir='ltr'>dicebat</span> <span class='ocrx_word' id='word_1_702' title='bbox 1660 4948 1672 4986; x_wconf 91' lang='lat'>:</span> <span class='ocrx_word' id='word_1_703' title='bbox 1717 4933 2082 4986; x_wconf 85' lang='lat' dir='ltr'>Dimittuntur</span> <span class='ocrx_word' id='word_1_704' title='bbox 2180 4946 2290 4994; x_wconf 77' lang='lat' dir='ltr'>eeo</span> <span class='ocrx_word' id='word_1_705' title='bbox 2330 4947 2472 4986; x_wconf 79' lang='lat' dir='ltr'>mm</span> <span class='ocrx_word' id='word_1_706' title='bbox 2504 4948 2516 4987; x_wconf 91' lang='lat'>:</span> <span class='ocrx_word' id='word_1_707' title='bbox 2547 4933 2684 4986; x_wconf 78' lang='lat' dir='ltr'>Posr</span> <span class='ocrx_word' id='word_1_708' title='bbox 2723 4949 2796 4987; x_wconf 74' lang='lat' dir='ltr'>ua</span> <span class='ocrx_word' id='word_1_709' title='bbox 2833 4948 2993 4986; x_wconf 76' lang='lat' dir='ltr'>vemr</span> <span class='ocrx_word' id='word_1_710' title='bbox 3031 4948 3144 5001; x_wconf 81' lang='lat' dir='ltr'>vm,</span> <span class='ocrx_word' id='word_1_711' title='bbox 3186 4948 3278 4994; x_wconf 87' lang='lat' dir='ltr'>QUI</span> <span class='ocrx_word' id='word_1_712' title='bbox 3316 4948 3458 4987; x_wconf 77' lang='lat' dir='ltr'>ANTE</span> <span class='ocrx_word' id='word_1_713' title='bbox 3497 4948 3569 4987; x_wconf 71' lang='lat' dir='ltr'>ne</span> <span class='ocrx_word' id='word_1_714' title='bbox 3608 4947 3823 4989; x_wconf 63' lang='lat' dir='ltr'>sacres</span> 
     </span>
    </p>
   </div>
   <div class='ocr_carea' id='block_1_80' title="bbox 443 5023 3822 5107">
    <p class='ocr_par' dir='ltr' id='par_1_80' title="bbox 443 5023 3822 5107">
     <span class='ocr_line' id='line_1_81' title="bbox 443 5023 3822 5107; baseline -0.004 -15"><span class='ocrx_word' id='word_1_715' title='bbox 443 5036 545 5092; x_wconf 86' lang='lat' dir='ltr'>tibi</span> <span class='ocrx_word' id='word_1_716' title='bbox 574 5037 797 5107; x_wconf 88' lang='lat' dir='ltr'>peccata</span> <span class='ocrx_word' id='word_1_717' title='bbox 839 5035 954 5086; x_wconf 88' lang='lat' dir='ltr'>tua.</span> <span class='ocrx_word' id='word_1_718' title='bbox 999 5027 1148 5082; x_wconf 87' lang='lat' dir='ltr'>Tulit</span> <span class='ocrx_word' id='word_1_719' title='bbox 1183 5026 1360 5082; x_wconf 88' lang='lat' dir='ltr'>etiam</span> <span class='ocrx_word' id='word_1_720' title='bbox 1407 5028 1646 5097; x_wconf 83' lang='lat' dir='ltr'>peccata</span> <span class='ocrx_word' id='word_1_721' title='bbox 1677 5023 1900 5092; x_wconf 90' lang='lat' dir='ltr'>mundi,</span> <span class='ocrx_word' id='word_1_722' title='bbox 1947 5040 2078 5078; x_wconf 90' lang='lat' dir='ltr'>cum</span> <span class='ocrx_word' id='word_1_723' title='bbox 2178 5039 2296 5080; x_wconf 75' lang='lat' dir='ltr'>ssr.</span> <span class='ocrx_word' id='word_1_724' title='bbox 2337 5024 2445 5079; x_wconf 90' lang='lat' dir='ltr'>Ubi</span> <span class='ocrx_word' id='word_1_725' title='bbox 2489 5024 2599 5079; x_wconf 87' lang='lat' dir='ltr'>hoc</span> <span class='ocrx_word' id='word_1_726' title='bbox 2631 5024 2852 5080; x_wconf 82' lang='lat' dir='ltr'>dixerat</span> <span class='ocrx_word' id='word_1_727' title='bbox 2885 5027 3136 5080; x_wconf 89' lang='lat' dir='ltr'>Joannes</span> <span class='ocrx_word' id='word_1_728' title='bbox 3172 5024 3243 5079; x_wconf 91' lang='lat' dir='ltr'>de</span> <span class='ocrx_word' id='word_1_729' title='bbox 3273 5025 3565 5080; x_wconf 87' lang='lat' dir='ltr'>Domino?</span> <span class='ocrx_word' id='word_1_730' title='bbox 3599 5025 3695 5080; x_wconf 89' lang='lat' dir='ltr'>ubi</span> <span class='ocrx_word' id='word_1_731' title='bbox 3729 5025 3822 5080; x_wconf 89' lang='lat' dir='ltr'>in-</span> 
     </span>
    </p>
   </div>
   <div class='ocr_carea' id='block_1_81' title="bbox 440 5115 3824 5200">
    <p class='ocr_par' dir='ltr' id='par_1_81' title="bbox 440 5115 3824 5200">
     <span class='ocr_line' id='line_1_82' title="bbox 440 5115 3824 5200; baseline -0.002 -19"><span class='ocrx_word' id='word_1_732' title='bbox 440 5125 705 5200; x_wconf 89' lang='lat' dir='ltr'>pendens</span> <span class='ocrx_word' id='word_1_733' title='bbox 723 5123 784 5177; x_wconf 91' lang='lat' dir='ltr'>in</span> <span class='ocrx_word' id='word_1_734' title='bbox 805 5136 990 5188; x_wconf 88' lang='lat' dir='ltr'>cruce,</span> <span class='ocrx_word' id='word_1_735' title='bbox 1015 5121 1214 5190; x_wconf 89' lang='lat' dir='ltr'>aperto</span> <span class='ocrx_word' id='word_1_736' title='bbox 1240 5119 1422 5172; x_wconf 89' lang='lat' dir='ltr'>latere</span> <span class='ocrx_word' id='word_1_737' title='bbox 1446 5115 1736 5170; x_wconf 89' lang='lat' dir='ltr'>emanavit</span> <span class='ocrx_word' id='word_1_738' title='bbox 1764 5115 1998 5187; x_wconf 86' lang='lat' dir='ltr'>sanguis</span> <span class='ocrx_word' id='word_1_739' title='bbox 2024 5118 2082 5169; x_wconf 77' lang='lat' dir='ltr'>et</span> <span class='ocrx_word' id='word_1_740' title='bbox 2177 5120 2506 5190; x_wconf 87' lang='lat' dir='ltr'>terrogatus</span> <span class='ocrx_word' id='word_1_741' title='bbox 2536 5136 2569 5172; x_wconf 89' lang='lat' dir='ltr'>a</span> <span class='ocrx_word' id='word_1_742' title='bbox 2594 5118 2986 5173; x_wconf 88' lang='lat' dir='ltr'>sacerdotibus</span> <span class='ocrx_word' id='word_1_743' title='bbox 3027 5121 3085 5174; x_wconf 88' lang='lat' dir='ltr'>et</span> <span class='ocrx_word' id='word_1_744' title='bbox 3121 5118 3306 5174; x_wconf 89' lang='lat' dir='ltr'>levitis</span> <span class='ocrx_word' id='word_1_745' title='bbox 3336 5119 3571 5190; x_wconf 82' lang='lat' dir='ltr'>negavit</span> <span class='ocrx_word' id='word_1_746' title='bbox 3600 5135 3658 5173; x_wconf 88' lang='lat' dir='ltr'>se</span> <span class='ocrx_word' id='word_1_747' title='bbox 3690 5135 3824 5174; x_wconf 85' lang='lat' dir='ltr'>esse</span> 
     </span>
    </p>
   </div>
   <div class='ocr_carea' id='block_1_82' title="bbox 443 5211 3825 5294">
    <p class='ocr_par' dir='ltr' id='par_1_82' title="bbox 443 5211 3825 5294">
     <span class='ocr_line' id='line_1_83' title="bbox 443 5211 3825 5294; baseline -0.003 -16"><span class='ocrx_word' id='word_1_748' title='bbox 443 5235 612 5294; x_wconf 85' lang='lat' dir='ltr'>aqua.</span> <span class='ocrx_word' id='word_1_749' title='bbox 644 5217 785 5272; x_wconf 89' lang='lat' dir='ltr'>Hinc</span> <span class='ocrx_word' id='word_1_750' title='bbox 807 5215 878 5270; x_wconf 92' lang='lat' dir='ltr'>de</span> <span class='ocrx_word' id='word_1_751' title='bbox 905 5230 974 5268; x_wconf 88' lang='lat' dir='ltr'>eo</span> <span class='ocrx_word' id='word_1_752' title='bbox 993 5215 1194 5268; x_wconf 89' lang='lat' dir='ltr'>Petrus</span> <span class='ocrx_word' id='word_1_753' title='bbox 1226 5211 1398 5266; x_wconf 90' lang='lat' dir='ltr'>dicit:</span> <span class='ocrx_word' id='word_1_754' title='bbox 1431 5212 1652 5266; x_wconf 88' lang='lat' dir='ltr'>Peccata</span> <span class='ocrx_word' id='word_1_755' title='bbox 1681 5216 1870 5266; x_wconf 89' lang='lat' dir='ltr'>nostra</span> <span class='ocrx_word' id='word_1_756' title='bbox 1887 5213 2078 5281; x_wconf 86' lang='lat' dir='ltr'>pertu-</span> <span class='ocrx_word' id='word_1_757' title='bbox 2177 5211 2487 5280; x_wconf 89' lang='lat' dir='ltr'>Christum,</span> <span class='ocrx_word' id='word_1_758' title='bbox 2542 5212 2755 5279; x_wconf 90' lang='lat' dir='ltr'>Eliam,</span> <span class='ocrx_word' id='word_1_759' title='bbox 2807 5218 2978 5284; x_wconf 89' lang='lat' dir='ltr'>atque</span> <span class='ocrx_word' id='word_1_760' title='bbox 3033 5212 3398 5283; x_wconf 88' lang='lat' dir='ltr'>prophetam.</span> <span class='ocrx_word' id='word_1_761' title='bbox 3449 5212 3652 5267; x_wconf 80' lang='lat' dir='ltr'>Adhuc</span> <span class='ocrx_word' id='word_1_762' title='bbox 3705 5213 3825 5267; x_wconf 86' lang='lat' dir='ltr'>illis</span> 
     </span>
    </p>
   </div>
   <div class='ocr_carea' id='block_1_83' title="bbox 443 5303 3828 5384">
    <p class='ocr_par' dir='ltr' id='par_1_83' title="bbox 443 5303 3828 5384">
     <span class='ocr_line' id='line_1_84' title="bbox 443 5303 3828 5384; baseline -0.003 -12"><span class='ocrx_word' id='word_1_763' title='bbox 443 5318 507 5372; x_wconf 86' lang='lat' dir='ltr'>lit</span> <span class='ocrx_word' id='word_1_764' title='bbox 545 5317 603 5370; x_wconf 87' lang='lat' dir='ltr'>in</span> <span class='ocrx_word' id='word_1_765' title='bbox 625 5326 842 5384; x_wconf 85' lang='lat' dir='ltr'>corpore</span> <span class='ocrx_word' id='word_1_766' title='bbox 873 5325 967 5365; x_wconf 87' lang='lat' dir='ltr'>suo</span> <span class='ocrx_word' id='word_1_767' title='bbox 996 5323 1156 5379; x_wconf 86' lang='lat' dir='ltr'>super</span> <span class='ocrx_word' id='word_1_768' title='bbox 1195 5307 1422 5376; x_wconf 86' lang='lat' dir='ltr'>lignum.</span> <span class='ocrx_word' id='word_1_769' title='bbox 1459 5303 1626 5360; x_wconf 89' lang='lat' dir='ltr'>Tollit</span> <span class='ocrx_word' id='word_1_770' title='bbox 1655 5304 1914 5376; x_wconf 87' lang='lat' dir='ltr'>quotidie</span> <span class='ocrx_word' id='word_1_771' title='bbox 1945 5321 2074 5375; x_wconf 90' lang='lat' dir='ltr'>pec-</span> <span class='ocrx_word' id='word_1_772' title='bbox 2179 5305 2686 5377; x_wconf 89' lang='lat' dir='ltr'>percunctantibus</span> <span class='ocrx_word' id='word_1_773' title='bbox 2715 5321 2728 5360; x_wconf 91' lang='lat'>:</span> <span class='ocrx_word' id='word_1_774' title='bbox 2764 5305 2906 5373; x_wconf 81' lang='lat' dir='ltr'>Quid</span> <span class='ocrx_word' id='word_1_775' title='bbox 2933 5321 3056 5375; x_wconf 83' lang='lat' dir='ltr'>ergo</span> <span class='ocrx_word' id='word_1_776' title='bbox 3095 5305 3386 5376; x_wconf 77' lang='lat' dir='ltr'>baptizas?</span> <span class='ocrx_word' id='word_1_777' title='bbox 3431 5307 3483 5360; x_wconf 88' lang='lat' dir='ltr'>si</span> <span class='ocrx_word' id='word_1_778' title='bbox 3523 5310 3583 5360; x_wconf 88' lang='lat' dir='ltr'>tu</span> <span class='ocrx_word' id='word_1_779' title='bbox 3617 5321 3730 5361; x_wconf 86' lang='lat' dir='ltr'>non</span> <span class='ocrx_word' id='word_1_780' title='bbox 3767 5322 3828 5362; x_wconf 82' lang='lat' dir='ltr'>es</span> 
     </span>
    </p>
   </div>
   <div class='ocr_carea' id='block_1_84' title="bbox 442 5397 3822 5477">
    <p class='ocr_par' dir='ltr' id='par_1_84' title="bbox 442 5397 3822 5477">
     <span class='ocr_line' id='line_1_85' title="bbox 442 5397 3822 5477; baseline -0.003 -12"><span class='ocrx_word' id='word_1_781' title='bbox 442 5413 569 5465; x_wconf 89' lang='lat' dir='ltr'>cata</span> <span class='ocrx_word' id='word_1_782' title='bbox 583 5407 785 5464; x_wconf 92' lang='lat' dir='ltr'>mundi</span> <span class='ocrx_word' id='word_1_783' title='bbox 804 5420 908 5477; x_wconf 90' lang='lat' dir='ltr'>per</span> <span class='ocrx_word' id='word_1_784' title='bbox 919 5401 1423 5476; x_wconf 89' lang='lat' dir='ltr'>participationem</span> <span class='ocrx_word' id='word_1_785' title='bbox 1444 5397 1699 5469; x_wconf 87' lang='lat' dir='ltr'>corporis</span> <span class='ocrx_word' id='word_1_786' title='bbox 1709 5402 1768 5452; x_wconf 88' lang='lat' dir='ltr'>et</span> <span class='ocrx_word' id='word_1_787' title='bbox 1783 5415 1883 5452; x_wconf 91' lang='lat' dir='ltr'>san</span> <span class='ocrx_word' id='word_1_788' title='bbox 1891 5397 2080 5470; x_wconf 89' lang='lat' dir='ltr'>guinis</span> <span class='ocrx_word' id='word_1_789' title='bbox 2179 5397 2444 5463; x_wconf 86' lang='lat' dir='ltr'>Christus,</span> <span class='ocrx_word' id='word_1_790' title='bbox 2458 5415 2627 5469; x_wconf 89' lang='lat' dir='ltr'>neque</span> <span class='ocrx_word' id='word_1_791' title='bbox 2642 5399 2814 5462; x_wconf 81' lang='lat' dir='ltr'>Elius,</span> <span class='ocrx_word' id='word_1_792' title='bbox 2828 5400 3266 5469; x_wconf 82' lang='lat' dir='ltr'>nequepropheta</span> <span class='ocrx_word' id='word_1_793' title='bbox 3281 5419 3298 5465; x_wconf 86' lang='lat'><strong><em>;</em></strong></span> <span class='ocrx_word' id='word_1_794' title='bbox 3315 5398 3615 5470; x_wconf 87' lang='lat' dir='ltr'>respondit</span> <span class='ocrx_word' id='word_1_795' title='bbox 3632 5402 3692 5454; x_wconf 90' lang='lat' dir='ltr'>et</span> <span class='ocrx_word' id='word_1_796' title='bbox 3705 5399 3822 5456; x_wconf 88' lang='lat' dir='ltr'>ait:</span> 
     </span>
    </p>
   </div>
   <div class='ocr_carea' id='block_1_85' title="bbox 443 5491 3822 5568">
    <p class='ocr_par' dir='ltr' id='par_1_85' title="bbox 443 5491 3822 5568">
     <span class='ocr_line' id='line_1_86' title="bbox 443 5491 3822 5568; baseline -0.003 -9"><span class='ocrx_word' id='word_1_797' title='bbox 443 5504 545 5559; x_wconf 86' lang='lat' dir='ltr'>sui.</span> <span class='ocrx_word' id='word_1_798' title='bbox 569 5505 788 5558; x_wconf 89' lang='lat' dir='ltr'>Ferunt</span> <span class='ocrx_word' id='word_1_799' title='bbox 803 5498 960 5554; x_wconf 91' lang='lat' dir='ltr'>enim</span> <span class='ocrx_word' id='word_1_800' title='bbox 989 5495 1125 5568; x_wconf 90' lang='lat' dir='ltr'>quia</span> <span class='ocrx_word' id='word_1_801' title='bbox 1139 5495 1287 5550; x_wconf 87' lang='lat' dir='ltr'>sicut</span> <span class='ocrx_word' id='word_1_802' title='bbox 1305 5493 1576 5565; x_wconf 89' lang='lat' dir='ltr'>stipulam</span> <span class='ocrx_word' id='word_1_803' title='bbox 1599 5491 1888 5547; x_wconf 89' lang='lat' dir='ltr'>consumit</span> <span class='ocrx_word' id='word_1_804' title='bbox 1906 5491 2076 5562; x_wconf 89' lang='lat' dir='ltr'>ignis,</span> <span class='ocrx_word' id='word_1_805' title='bbox 2177 5496 2290 5564; x_wconf 84' lang='lat' dir='ltr'>Ego</span> <span class='ocrx_word' id='word_1_806' title='bbox 2332 5494 2546 5564; x_wconf 81' lang='lat' dir='ltr'>baptizo</span> <span class='ocrx_word' id='word_1_807' title='bbox 2589 5495 2648 5547; x_wconf 91' lang='lat' dir='ltr'>in</span> <span class='ocrx_word' id='word_1_808' title='bbox 2685 5509 2861 5563; x_wconf 84' lang='lat' dir='ltr'>aqua,</span> <span class='ocrx_word' id='word_1_809' title='bbox 2906 5493 3113 5548; x_wconf 85' lang='lat' dir='ltr'>medius</span> <span class='ocrx_word' id='word_1_810' title='bbox 3151 5497 3336 5548; x_wconf 88' lang='lat' dir='ltr'>autem</span> <span class='ocrx_word' id='word_1_811' title='bbox 3375 5499 3610 5548; x_wconf 79' lang='lat' dir='ltr'>vestrum</span> <span class='ocrx_word' id='word_1_812' title='bbox 3645 5497 3822 5558; x_wconf 83' lang='lat' dir='ltr'>stetit,</span> 
     </span>
    </p>
   </div>
   <div class='ocr_carea' id='block_1_86' title="bbox 443 5583 3820 5664">
    <p class='ocr_par' dir='ltr' id='par_1_86' title="bbox 443 5583 3820 5664">
     <span class='ocr_line' id='line_1_87' title="bbox 443 5583 3820 5664; baseline -0.001 -16"><span class='ocrx_word' id='word_1_813' title='bbox 443 5596 520 5652; x_wconf 87' lang='lat' dir='ltr'>sic</span> <span class='ocrx_word' id='word_1_814' title='bbox 545 5596 776 5650; x_wconf 88' lang='lat' dir='ltr'>minora</span> <span class='ocrx_word' id='word_1_815' title='bbox 799 5594 1038 5664; x_wconf 88' lang='lat' dir='ltr'>peccata</span> <span class='ocrx_word' id='word_1_816' title='bbox 1063 5605 1168 5660; x_wconf 90' lang='lat' dir='ltr'>per</span> <span class='ocrx_word' id='word_1_817' title='bbox 1205 5585 1710 5660; x_wconf 84' lang='lat' dir='ltr'>participationem</span> <span class='ocrx_word' id='word_1_818' title='bbox 1737 5583 1992 5655; x_wconf 91' lang='lat' dir='ltr'>corporis</span> <span class='ocrx_word' id='word_1_819' title='bbox 2022 5586 2080 5638; x_wconf 84' lang='lat' dir='ltr'>et</span> <span class='ocrx_word' id='word_1_820' title='bbox 2177 5603 2338 5659; x_wconf 27' lang='lat' dir='ltr'>quem.</span> <span class='ocrx_word' id='word_1_821' title='bbox 2375 5603 2465 5642; x_wconf 81' lang='lat' dir='ltr'>vos</span> <span class='ocrx_word' id='word_1_822' title='bbox 2499 5589 2730 5642; x_wconf 86' lang='lat' dir='ltr'>nescitis.</span> <span class='ocrx_word' id='word_1_823' title='bbox 2779 5586 2894 5642; x_wconf 86' lang='lat' dir='ltr'>Hoc</span> <span class='ocrx_word' id='word_1_824' title='bbox 2935 5584 3123 5658; x_wconf 91' lang='lat' dir='ltr'>ipsum</span> <span class='ocrx_word' id='word_1_825' title='bbox 3162 5587 3508 5659; x_wconf 85' lang='lat' dir='ltr'>recapitulat</span> <span class='ocrx_word' id='word_1_826' title='bbox 3550 5587 3752 5642; x_wconf 88' lang='lat' dir='ltr'>dicens</span> <span class='ocrx_word' id='word_1_827' title='bbox 3806 5607 3820 5644; x_wconf 89' lang='lat'>:</span> 
     </span>
    </p>
   </div>
   <div class='ocr_carea' id='block_1_87' title="bbox 444 5679 3819 5762">
    <p class='ocr_par' dir='ltr' id='par_1_87' title="bbox 444 5679 3819 5762">
     <span class='ocr_line' id='line_1_88' title="bbox 444 5679 3819 5762; baseline -0.002 -19"><span class='ocrx_word' id='word_1_828' title='bbox 444 5689 741 5762; x_wconf 83' lang='lat' dir='ltr'>sanguinis</span> <span class='ocrx_word' id='word_1_829' title='bbox 772 5687 912 5757; x_wconf 87' lang='lat' dir='ltr'>ejus.</span> <span class='ocrx_word' id='word_1_830' title='bbox 947 5687 1070 5757; x_wconf 88' lang='lat' dir='ltr'>Ipse</span> <span class='ocrx_word' id='word_1_831' title='bbox 1094 5683 1252 5738; x_wconf 89' lang='lat' dir='ltr'>enim</span> <span class='ocrx_word' id='word_1_832' title='bbox 1277 5680 1450 5736; x_wconf 92' lang='lat' dir='ltr'>dicit:</span> <span class='ocrx_word' id='word_1_833' title='bbox 1478 5681 1603 5738; x_wconf 86' lang='lat' dir='ltr'>Nisi</span> <span class='ocrx_word' id='word_1_834' title='bbox 1617 5679 2081 5734; x_wconf 80' lang='lat' dir='ltr'>manducaveritis</span> <span class='ocrx_word' id='word_1_835' title='bbox 2176 5683 2302 5737; x_wconf 89' lang='lat' dir='ltr'>Post</span> <span class='ocrx_word' id='word_1_836' title='bbox 2337 5697 2421 5736; x_wconf 90' lang='lat' dir='ltr'>me</span> <span class='ocrx_word' id='word_1_837' title='bbox 2444 5683 2592 5737; x_wconf 80' lang='lat' dir='ltr'>venit</span> <span class='ocrx_word' id='word_1_838' title='bbox 2616 5683 2704 5737; x_wconf 75' lang='lat' dir='ltr'>vir</span> <span class='ocrx_word' id='word_1_839' title='bbox 2726 5683 2824 5754; x_wconf 85' lang='lat' dir='ltr'>qui</span> <span class='ocrx_word' id='word_1_840' title='bbox 2847 5685 2973 5738; x_wconf 87' lang='lat' dir='ltr'>ante</span> <span class='ocrx_word' id='word_1_841' title='bbox 2996 5697 3078 5736; x_wconf 88' lang='lat' dir='ltr'>me</span> <span class='ocrx_word' id='word_1_842' title='bbox 3097 5683 3282 5752; x_wconf 76' lang='lat' dir='ltr'>factus</span> <span class='ocrx_word' id='word_1_843' title='bbox 3309 5686 3404 5740; x_wconf 86' lang='lat' dir='ltr'>est.</span> <span class='ocrx_word' id='word_1_844' title='bbox 3431 5681 3631 5738; x_wconf 88' lang='lat' dir='ltr'>Virum</span> <span class='ocrx_word' id='word_1_845' title='bbox 3657 5686 3819 5744; x_wconf 78' lang='lat' dir='ltr'>recte</span> 
     </span>
    </p>
   </div>
   <div class='ocr_carea' id='block_1_88' title="bbox 515 5786 2506 5866">
    <p class='ocr_par' dir='ltr' id='par_1_88' title="bbox 515 5786 2506 5866">
     <span class='ocr_line' id='line_1_89' title="bbox 515 5786 2506 5866; baseline -0.004 -11"><span class='ocrx_word' id='word_1_846' title='bbox 515 5797 539 5828; x_wconf 81' lang='lat'>&#39;</span> <span class='ocrx_word' id='word_1_847' title='bbox 563 5800 649 5856; x_wconf 84' lang='lat' dir='ltr'>Ita</span> <span class='ocrx_word' id='word_1_848' title='bbox 672 5794 852 5852; x_wconf 89' lang='lat' dir='ltr'>Codd.</span> <span class='ocrx_word' id='word_1_849' title='bbox 879 5811 893 5851; x_wconf 84' lang='lat'><strong>:</strong></span> <span class='ocrx_word' id='word_1_850' title='bbox 922 5792 1096 5849; x_wconf 88' lang='lat' dir='ltr'>modo</span> <span class='ocrx_word' id='word_1_851' title='bbox 1117 5793 1500 5860; x_wconf 84' lang='lat' dir='ltr'>commentum;</span> <span class='ocrx_word' id='word_1_852' title='bbox 1529 5786 1707 5843; x_wconf 90' lang='lat' dir='ltr'>modo</span> <span class='ocrx_word' id='word_1_853' title='bbox 1735 5788 1992 5858; x_wconf 82' lang='lat' dir='ltr'>homilia;</span> <span class='ocrx_word' id='word_1_854' title='bbox 2020 5788 2196 5845; x_wconf 89' lang='lat' dir='ltr'>modo</span> <span class='ocrx_word' id='word_1_855' title='bbox 2226 5792 2506 5866; x_wconf 65' lang='lat' dir='ltr'>expositio.</span> 
     </span>
    </p>
   </div>
  </div>
