4016 6240
208 327 317 378 809

1624 331 1681 385 IN
1731 333 1917 386 .IOAN.
1961 328 2106 386 CAP.
2161 334 2197 386 l.

3490 343 3592 394 810

205 431 476 503 appellat,
515 433 584 487 de
621 433 744 504 ipso
786 433 940 489 enim
993 437 1268 508 propheta
1315 438 1449 493 dicit
1497 459 1511 492 :
1561 443 1686 494 Ecce
1744 443 1850 500 vir,
1874 441 2174 523 Aquairite
2217 439 2391 491 illum.
2437 439 2500 491 Et
2540 437 2816 494 Dominus
2860 440 2996 494 dicit
3039 441 3372 513 discipulis:
3409 448 3586 501 Estote

207 526 400 580 Oriens
439 543 631 580 nomen
669 529 804 596 ejus.
841 530 968 583 Post
1009 547 1100 584 me
1144 532 1314 600 venit,
1342 533 1440 601 qui
1487 533 1850 604 postmodum

207 624 381 671 natus
409 624 512 673 est.
541 621 831 675 Praecessit
856 622 1009 676 enim
1035 623 1234 678 beatus
1257 627 1500 680 Joannes
1525 625 1620 679 Dei
1647 625 1848 679 Filium

206 710 273 764 in
315 712 700 782 conceptione,
731 714 790 767 in
818 715 1132 786 nativitate,
1166 717 1224 770 in
1253 719 1535 788 passione.
1587 720 1692 785 Qui
1727 724 1850 773 ante

205 821 296 858 me
311 806 493 871 factus
519 811 615 868 est,
646 807 704 860 id
723 812 805 861 est
830 808 1094 878 praelatus
1121 815 1204 863 est
1231 811 1393 880 nihil,
1418 828 1544 875 om
1577 827 1740 867 PRIOR
1777 828 1848 866 ME

202 913 346 952 ERAT
377 915 390 952 :
413 902 572 969 prior
610 917 692 953 me
727 906 844 955 erat
872 902 1004 972 quia
1033 905 1093 956 in
1122 907 1392 972 principio
1431 909 1548 958 erat
1595 905 1845 965 Verbum,

201 997 261 1044 et
297 993 530 1046 Verbum
559 999 679 1048 erat
707 995 860 1064 apud
888 998 1075 1058 Deum,
1110 1002 1159 1050 et
1182 1001 1318 1052 Deus
1341 1003 1457 1052 erat
1484 999 1633 1068 apud
1657 1002 1844 1061 Deum,

203 1090 259 1138 et
290 1071 428 1139 Deus
463 1092 581 1140 erat
617 1089 856 1142 verbum.
899 1089 1058 1143 Prior
1091 1090 1309 1159 Joanni,
1350 1091 1506 1161 prior
1542 1095 1598 1145 et
1639 1092 1844 1160 Mariae,

201 1178 332 1248 ipse
368 1179 524 1232 enim
542 1179 675 1234 fecit
699 1180 950 1248 Mariam,
973 1187 1026 1236 et
1053 1183 1170 1252 ipse
1191 1188 1355 1238 natus
1375 1187 1458 1238 est
1473 1200 1576 1255 per
1594 1185 1843 1240 Mariam.

201 1271 371 1324 Prior
407 1273 619 1326 etenim
669 1278 725 1326 et
759 1275 916 1328 omni
945 1279 1241 1346 creaturae,
1270 1277 1414 1330 sicut
1455 1278 1572 1348 ipse
1612 1278 1746 1332 dicit
1787 1279 1847 1332 in

202 1363 499 1434 Sapientia
526 1381 539 1418 :
571 1369 826 1420 Dominus
851 1369 1090 1436 possedit
1117 1385 1200 1424 me
1221 1374 1278 1423 in
1305 1372 1460 1424 initio
1485 1375 1702 1425 viarum
1717 1388 1844 1425 sua-

201 1473 349 1519 rum,
371 1463 666 1528 antequam
679 1460 975 1528 quidquam
991 1465 1197 1528 faceret
1221 1480 1256 1517 a
1269 1465 1560 1534 principio.
1591 1465 1655 1518 Et
1679 1482 1690 1518 :
1707 1467 1849 1520 Ante

205 1551 498 1616 luciferum
539 1555 702 1620 genui
739 1558 804 1607 te.
853 1555 926 1608 Er
976 1571 1078 1610 sco
1129 1571 1423 1612 uesanam:
1469 1573 1605 1625 erm;
1640 1573 1736 1612 seu
1781 1575 1847 1613 ur

201 1659 611 1700 MANIFESTETUR
651 1663 702 1700 IN
743 1647 948 1717 lSRAEL,
980 1664 1293 1704 PBOPTEREA
1317 1667 1442 1705 V‘ENI
1471 1667 1574 1706 EGO
1610 1668 1663 1706 IN
1703 1667 1844 1706 MUN-

204 1753 344 1803 DUM,
373 1754 427 1792 IN
461 1754 604 1800 sou
635 1755 944 1796 BAPTIZANS.
977 1743 1044 1796 Ut
1068 1743 1527 1798 manifestaretur
1569 1744 1627 1798 in
1650 1761 1658 1766 ·
1679 1745 1844 1800 Israel

1947 533 2239 601 prudentes
2311 533 2447 586 sicut
2516 538 2799 603 serpentes,
2867 540 2918 589 et
2975 536 3244 604 simplices
3313 539 3452 592 sicut
3511 555 3591 595 co-

1955 625 2165 679 tumbae.

2025 719 2095 771 Er
2120 734 2221 772 sco
2251 734 2546 774 sesamum
2573 735 2701 774 EUM.
2734 719 2879 784 Quid
2908 724 2992 774 est
3019 722 3170 791 quod
3210 722 3346 777 dicit
3379 725 3589 780 nescie-

1948 811 2079 864 bam
2107 827 2239 865 eum
2253 813 2280 866 ?
2301 829 2428 866 cum
2449 813 2571 882 jam
2597 817 2683 867 tot
2702 817 2758 866 et
2776 816 2934 867 tanta
2950 815 3270 870 testimonia
3289 817 3589 887 perhibue-

1949 908 2061 969 rat;
2083 904 2203 974 jam
2239 904 2392 958 enim
2426 905 2602 976 digito
2641 906 2964 960 ostenderat
3004 923 3157 974 eum,
3197 909 3319 979 jam
3361 909 3584 966 dixerat

1949 1012 2060 1051 ecce
2089 999 2276 1066 Agnus
2300 1001 2413 1052 Dei.
2444 997 2500 1052 Si
2527 998 2680 1052 enim
2709 999 2990 1053 nesciebat
3015 1016 3167 1068 eum,
3201 1003 3484 1072 quomodo
3513 1004 3584 1059 ad

1949 1106 2008 1142 se
2035 1090 2282 1144 venienti
2310 1093 2370 1144 ut
2399 1091 2780 1161 baptizaretur
2800 1091 3024 1147 dicebat
3056 1110 3070 1147 :
3100 1097 3179 1149 Tu
3199 1095 3275 1148 ad
3295 1111 3376 1150 me
3395 1100 3541 1152 venis
3560 1099 3588 1150 Σ)

1947 1198 2041 1251 ego
2066 1199 2102 1236 a
2133 1188 2181 1238 te
2209 1185 2367 1238 debeo
2397 1185 2690 1254 baptizari.
2733 1185 2838 1240 Sed
2869 1185 3311 1258 intelligendum
3339 1192 3424 1243 est
3451 1189 3583 1260 quia

1949 1275 2165 1347 aliquid
2193 1276 2252 1330 in
2281 1293 2347 1331 eo
2374 1294 2488 1332 non
2517 1283 2768 1345 noverat,
2801 1283 2857 1333 et
2879 1279 3096 1349 aliquid
3121 1287 3374 1336 noverat.
3409 1283 3586 1338 Nove-

1946 1368 2039 1419 rat
2067 1366 2390 1433 Dominum,
2421 1372 2657 1421 noverat
2683 1368 2780 1421 Dei
2805 1368 3033 1437 Filium,
3067 1369 3167 1422 sed
3197 1371 3450 1425 nondum
3479 1387 3582 1425 no—

1947 1463 2106 1512 verat
2133 1463 2465 1530 potestatem
2493 1461 2817 1530 baptizandi
2857 1461 2960 1514 sibi
3001 1463 3306 1517 Dominum
3336 1469 3584 1519 retentu-

1947 1568 2096 1618 rum,
2127 1558 2182 1606 et
2225 1553 2283 1606 in
2319 1553 2613 1607 neminem
2657 1570 2946 1608 servorum
2990 1555 3418 1610 translaturum.
3468 1558 3579 1611 Hoc

1947 1649 2183 1700 noverat
2219 1650 2275 1699 et
2304 1647 2412 1699 hoc
2440 1645 2637 1699 didicit
2661 1663 2763 1716 per
2789 1647 3140 1700 columbam.
3163 1647 3219 1702 Si
3243 1649 3399 1702 enim
3426 1649 3584 1703 daret

1948 1737 2115 1791 alicui
2142 1742 2497 1808 potestatem,
2526 1739 2760 1794 forsitan
2789 1738 2966 1810 aliqui
2997 1740 3272 1810 eligerent
3311 1741 3415 1795 sibi
3453 1758 3582 1819 san-

203 1830 364 1900 dicit,
393 1831 450 1886 id
477 1835 562 1886 est
587 1832 694 1903 ipsi
719 1835 928 1905 populo
957 1837 1140 1890 Israel,
1169 1838 1471 1908 Propterea
1509 1838 1714 1892 missus
1758 1843 1846 1892 est
1864 1811 1921 1882 B
1945 1831 2145 1884 ctiores
2174 1831 2326 1885 viros
2353 1849 2385 1884 a
2411 1831 2620 1902 quibus
2643 1831 3081 1902 baptizarentur.
3106 1832 3216 1887 Sed
3238 1832 3351 1887 sive
3378 1811 3579 1901 bonus,

201 1925 448 1978 Joannes
479 1925 538 1978 in
569 1942 719 1997 aqua
754 1927 1061 1998 baptizans,
1093 1934 1160 1984 ut
1200 1931 1580 1986 manifestaret
1619 1931 1719 1986 Dei
1766 1932 1848 1985 Fi-

200 2018 350 2072 lium
375 2019 588 2090 p0pulo
622 2021 806 2086 Israel,
835 2022 968 2091 quia
1009 2024 1261 2077 occultus
1289 2025 1567 2090 veniebat,
1603 2029 1664 2078 ut
1694 2025 1784 2078 vix
1813 2041 1847 2078 a

205 2111 405 2182 paucis
434 2114 519 2166 vel
543 2129 576 2166 a
597 2113 754 2168 nullo
771 2117 1034 2185 cognosci
1053 2117 1348 2187 potuisset.
1381 2118 1534 2172 Unde
1557 2118 1674 2188 ipse
1691 2119 1854 2172 Joan-

207 2221 312 2259 nes
336 2205 470 2259 alibi
496 2206 574 2260 ait
601 2223 613 2260 :
648 2209 759 2276 Ego
791 2209 1005 2277 baptizo
1030 2213 1090 2264 in
1118 2227 1285 2279 aqua,
1323 2211 1529 2265 medius
1561 2217 1739 2266 autem
1766 2228 1850 2266 ve—

206 2304 382 2353 strum
419 2305 531 2354 stat
570 2316 726 2369 quem
763 2317 855 2355 vos
888 2306 1122 2358 nescitis.
1154 2309 1310 2374 Aqua
1339 2305 1728 2358 tantummodo
1759 2305 1847 2358 ba-

1950 1923 2063 1977 sive
2095 1925 2278 1978 malus
2309 1925 2554 1995 baptizet
2588 1925 2649 1979 in
2687 1925 2998 1980 ministerio
3045 1926 3102 1978 in
3147 1931 3458 1997 potestate;
3491 1927 3583 1982 hic.

1951 2017 2106 2070 enim
2148 2018 2246 2088 qui
2287 2018 2551 2087 baptizat,
2594 2017 2706 2072 sive
2761 2018 3002 2086 adulter,
3062 2018 3174 2072 sive
3219 2023 3424 2088 castus,
3467 2021 3583 2074 sive

1953 2109 2206 2164 ebriosus
2235 2110 2496 2180 baptizet,
2529 2111 2620 2164 hic
2643 2115 2724 2166 est
2743 2111 2844 2181 qui
2869 2111 3131 2182 baptizat.
3153 2111 3277 2166 Sive
3299 2113 3582 2179 columba,

1951 2202 2061 2255 sive
2108 2203 2310 2256 milvus
2359 2203 2618 2274 baptizet,
2666 2204 2758 2257 hic
2801 2207 2886 2258 est
2929 2203 3026 2274 qui
3075 2204 3338 2274 baptizat.
3388 2207 3586 2260 Petrus

1950 2296 2212 2366 baptizet,
2240 2297 2445 2350 Paulus
2473 2296 2733 2367 baptizet,
2761 2297 2933 2350 Judas
2960 2297 3226 2367 baptizct,
3259 2297 3350 2351 hic
3378 2302 3462 2352 est
3487 2301 3582 2369 qui

209 2393 476 2463 ptizahat,
527 2399 758 2463 peccata
807 2395 1089 2450 dimittere
1146 2414 1260 2452 non
1313 2401 1553 2468 poterat,
1600 2399 1744 2452 sicut
1794 2402 1850 2452 et
1949 2388 2210 2458 baptizat,
2243 2389 2336 2459 qui
2367 2395 2593 2459 peccata
2613 2388 2866 2456 dimittit,
2901 2389 2997 2459 qui
3026 2389 3300 2460 Spiritum
3328 2396 3588 2445 sanctum

213 2486 385 2540 modo
411 2488 728 2541 sacerdotes
756 2489 813 2542 in
837 2490 1080 2544 Ecclesia
1101 2491 1332 2544 faciunt,
1355 2494 1600 2562 Corpora
1619 2492 1851 2562 tingunt
1951 2482 2170 2549 tribuit,
2193 2482 2292 2553 qui
2330 2482 2618 2552 discipulis
2657 2483 2773 2535 suis
2813 2481 2948 2535 dicit
2976 2499 2989 2535 :
3021 2485 3251 2537 Joannes
3293 2484 3590 2554 baptizacit

209 2595 378 2650 aqua,
411 2586 682 2634 caeterum
714 2581 887 2650 [Cod,,
920 2583 1139 2655 οεειωιῃ]
1183 2589 1413 2655 peccata
1438 2585 1625 2638 minus
1653 2584 1845 2638 dimit-
1948 2591 2112 2645 aqua,
2139 2593 2230 2630 vos
2265 2581 2445 2630 autem
2487 2576 2836 2645 baptizemini
2873 2577 3082 2645 Spiritu
3107 2581 3311 2632 sancto.
3345 2579 3454 2630 Hoc
3483 2593 3584 2631 ne-

208 2678 328 2728 tere
356 2677 565 2744 potest,
595 2675 702 2728 nisi
734 2677 885 2729 solus
915 2678 1074 2730 Deus,
1951 2669 2160 2722 sciebat
2185 2670 2253 2723 de
2285 2669 2526 2724 Domino
2559 2669 2760 2722 beatus
2773 2670 3037 2738 Joannes,
3061 2674 3116 2723 et
3136 2669 3243 2723 hoc
3271 2669 3466 2723 didicit
3485 2687 3589 2740 per

282 2768 356 2822 Er
400 2783 768 2824 resrmosu'u
809 2786 1096 2826 PERHlBl'IT
1131 2773 1391 2838 JOANNES,
1427 2788 1552 2834 οιτιΑ
1583 2788 1692 2826 vim
1723 2773 1844 2826 81³1-

1950 2763 2291 2817 columbam.
2321 2763 2423 2818 Sco
2461 2779 2552 2826 om
2584 2779 2655 2817 ius
2686 2779 2830 2817 MISIT
2865 2779 3154 2818 BAPTIZARE
3183 2779 3239 2818 IN
3267 2779 3432 2832 AQUA,
3472 2779 3591 2818 IPSE

208 2874 376 2916 ium;
429 2877 866 2918 DESCENDENTEM,
913 2864 1071 2919 Alius
1120 2866 1460 2936 evangelista
1511 2865 1665 2932 dicit,
1718 2866 1848 2935 quia
1950 2872 2068 2910 sum
2097 2873 2238 2911 mm
2268 2873 2280 2910 :
2311 2856 2486 2910 SUPER
2517 2872 2665 2918 QUEM
2704 2871 2916 2910 VIDERIS
2956 2855 3214 2911 SPIRITUM
3251 2871 3587 2912 DESCENDEN-

208 2956 522 3024 baptizatus
570 2959 828 3011 Dominus
878 2961 1153 3025 confestim
1195 2960 1433 3013 ascendit
1479 2959 1547 3012 ab
1594 2975 1759 3028 aqua,
1799 2963 1849 3012 et
1948 2966 2052 3004 TEM
2095 2966 2156 3004 ET
2203 2966 2506 3028 MANENTEM
2535 2965 2706 3004 SUPER
2753 2965 2882 3018 EVM,
2912 2965 3003 3004 HIC
3054 2965 3148 3004 EST
3198 2966 3288 3012 QUI
3332 2966 3589 3005 BAPTIZAT

209 3065 322 3103 ecce
341 3052 526 3120 aperti
540 3055 667 3104 sunt
696 3053 746 3104 ei
768 3053 908 3113 cceli,
934 3057 984 3106 et
1008 3054 1148 3106 vidit
1173 3054 1437 3121 Spiritum
1465 3054 1623 3122 quasi
1646 3053 1843 3106 colum-

1949 3059 2000 3097 IN
2029 3043 2244 3100 Senum
2277 3058 2481 3096 smvcro
2511 3058 2572 3096 ET
2601 3058 2743 3096 IGNE.
2779 3043 2844 3095 Et
2869 3041 3264 3096 testimonium
3299 3042 3590 3112 perhibuit

210 3143 336 3196 bam
372 3144 791 3210 descendentem,
821 3150 871 3198 et
899 3147 1100 3199 mansit
1133 3161 1294 3214 super
1323 3162 1460 3199 eum.
1501 3137 2188 3251 Aperiunturcloannes
2235 3137 2426 3190 dicens
2482 3152 2495 3189 ε
2551 3136 2690 3199 ΟυιΑ
2741 3151 2831 3190 HIC
2881 3151 2976 3230 EST
3027 3136 3208 3190 FILIUS
3260 3136 3380 3189 DEI.
3437 3135 3588 3251 Vidit

296 3237 330 3251 ιν
357 3237 369 3251 1
474 3237 507 3251 ι·
583 3241 590 3251 ι
664 3239 703 3251 ἢ
812 3239 820 3248 ι
995 3243 1003 3251 ι
1057 3239 1069 3251 1
1263 3238 1318 3251 ν.
1356 3240 1386 3251 I1
1439 3239 1448 3248 -
1489 3239 1522 3251 ι.
1765 3243 1772 3251 .
1951 3231 2145 3251 1.,Αι---
2177 3231 2411 3251 1,-....Α-
2449 3229 2609 3251 -..1-..
2643 3234 2859 3251 __.._L__
2893 3245 3060 3251 ---..,...
3092 3227 3391 3251 n-_..:..--_.
3445 3228 3492 3251 --:
3539 3227 3579 3251 ξι.

209 3237 334 3290 cceli
355 3237 633 3307 baptizata
663 3239 923 3307 Domino,
958 3243 1013 3292 et
1039 3238 1328 3292 descendit
1356 3239 1597 3310 Spiritus
1625 3243 1850 3292 sanctus

211 3347 384 3400 super
401 3346 556 3398 eum,
572 3335 635 3384 ut
654 3331 817 3385 nobis
829 3333 1062 3385 daretur
1078 3331 1316 3403 intelligi
1335 3333 1466 3402 quia
1484 3332 1665 3386 omnis
1678 3333 1848 3386 homo

209 3424 519 3489 antequam
550 3419 758 3486 veniat,
787 3420 858 3472 ad
885 3420 1228 3490 baptismum
1255 3421 1480 3475 aditum
1500 3421 1661 3492 regni
1691 3422 1849 3475 caele-

209 3511 312 3566 stis
336 3513 594 3566 clausum
621 3513 794 3567 habet
829 3519 1060 3584 propter
1085 3513 1359 3584 originale
1397 3522 1708 3585 peccatum,
1751 3515 1846 3568 sed

205 3607 268 3659 in
306 3605 590 3677 baptismo
628 3607 920 3678 egreditur
948 3608 1177 3678 spiritus
1205 3609 1408 3676 malus,
1448 3615 1503 3663 et
1529 3610 1726 3680 incipit
1753 3610 1849 3663 ha-

205 3699 392 3754 bitare
443 3699 683 3770 Spiritus
743 3705 998 3770 sanctus,
1040 3702 1260 3756 dicente
1308 3703 1574 3774 Apostolo
1626 3720 1638 3756 :
1687 3705 1849 3760 Scitis

205 3798 340 3863 quia
366 3795 626 3863 templum
653 3797 751 3848 Dei
770 3799 893 3850 estis
923 3812 1036 3858 vos,
1059 3801 1108 3850 et
1131 3798 1370 3867 Spiritus
1393 3802 1612 3850 sanctus
1636 3797 1850 3852 habitat

205 3889 264 3940 in
292 3888 462 3942 vobis.
505 3887 684 3942 Habes
727 3889 837 3943 hoc
878 3891 936 3942 in
970 3891 1092 3944 loco
1131 3893 1308 3944 totam
1334 3889 1666 3944 Trinitatem
1692 3906 1842 3944 com-

209 3981 573 4050 prehensam.
603 3983 766 4036 Pater
791 3983 1021 4037 auditur
1044 3983 1104 4036 in
1129 4000 1282 4051 voce,
1312 3983 1480 4037 Filius
1507 3983 1562 4036 in
1593 3983 1844 4050 nomine,

209 4075 453 4145 Spiritus
482 4079 709 4129 sanctus
735 4077 1154 4131 demonstratur
1178 4079 1238 4132 in
1259 4077 1542 4132 columba.
1573 4077 1676 4132 Sed
1711 4077 1846 4148 quid

209 4171 296 4222 est
324 4168 566 4240 Spiritus
593 4174 838 4236 sanctus,
870 4186 986 4224 non
1015 4171 1134 4241 jam
1177 4171 1408 4225 alterius
1436 4171 1552 4225 avis
1581 4169 1845 4224 similitu-

207 4262 340 4316 dine
371 4261 751 4318 demonstrari
778 4263 972 4334 voluit,
1003 4263 1111 4318 uisi
1138 4283 1170 4317 a
1195 4253 1474 4320 columba.
1509 4267 1671 4319 Certe
1712 4264 1846 4335 quia

210 4355 476 4409 columba
503 4356 742 4426 simplex
783 4359 866 4410 est
901 4357 1138 4426 animal,
1167 4362 1334 4428 atque
1370 4376 1403 4411 a
1439 4358 1670 4412 malitiae
1714 4357 1846 4411 faece

1951 3231 2148 3284 beatus
2169 3231 2414 3284 Joannes
2443 3229 2612 3283 caelos
2640 3234 2863 3299 apertos
2886 3224 3060 3298 super
3089 3227 3418 3298 Dominum,
3445 3227 3583 3282 vidit

1951 3323 2221 3394 Spiritum
2247 3326 2501 3377 sanctum
2525 3322 2967 3378 descendentem
2985 3323 3043 3376 in
3061 3322 3346 3400 columba.
3368 3321 3592 3376 Audivit

1953 3429 2147 3468 vocem
2171 3413 2347 3467 Patris
2373 3412 2654 3466 dicentem
2680 3428 2693 3464 :
2725 3411 2827 3465 Hic
2859 3416 2934 3466 est
2962 3412 3130 3465 Filius
3159 3426 3305 3464 meus
3344 3411 3588 3466 dilectus.

1950 3508 2015 3560 Et
2042 3507 2170 3561 ideo
2199 3506 2420 3560 dicebat
2449 3522 2461 3558 :
2491 3506 2605 3559 Eoo
2635 3521 2766 3571 vnn,
2801 3520 2862 3558 ar
2905 3519 3272 3559 resrmomcu
3312 3519 3587 3570 ranarum,

1948 3603 2077 3670 quia
2103 3601 2188 3653 hic
2211 3603 2287 3652 est
2310 3599 2480 3652 Filius
2499 3600 2613 3652 Dei.
2636 3597 2750 3652 Sed
2776 3597 3092 3650 notandum
3116 3601 3218 3664 est,
3241 3596 3394 3666 quod
3416 3596 3586 3651 dicit:

1945 3696 2118 3764 Super
2139 3708 2294 3762 quem
2327 3691 2526 3744 videris
2551 3691 2814 3760 Spiritum
2838 3689 3236 3743 descendentem
3275 3693 3327 3742 et
3369 3704 3594 3744 manen-

1948 3792 2050 3841 tem
2073 3802 2232 3856 super
2255 3801 2394 3839 eum.
2429 3783 2517 3838 Sic
2547 3782 2698 3836 enim
2739 3781 3026 3835 descendit
3070 3781 3309 3851 Spiritus
3356 3787 3586 3836 sanctus

1949 3897 2120 3952 super
2147 3877 2446 3933 Dominum
2471 3876 2835 3948 baptizatum,
2863 3878 2926 3928 ut
2951 3889 3254 3944 nunquam
3288 3874 3359 3928 ab
3387 3891 3456 3928 eo
3482 3874 3592 3928 dis-

1947 3973 2188 4028 cederet.
2218 3972 2446 4026 Nullum
2475 3970 2629 4024 enim
2653 3968 2783 4023 fecit
2808 3971 3126 4039 peccatum,
3150 3983 3256 4040 pro
3286 3984 3400 4039 quo
3424 3969 3496 4023 ab
3519 3984 3586 4023 eo

1948 4067 2237 4123 discedere
2265 4065 2566 4120 debuisset.
2605 4063 2708 4117 Sed
2741 4079 2855 4116 non
2877 4061 3088 4116 diceret
3105 4067 3412 4117 manentem
3428 4078 3590 4133 super

1946 4178 2084 4224 eum,
2099 4160 2210 4215 nisi
2224 4177 2258 4214 a
2275 4158 2483 4214 sanctis
2501 4157 2802 4228 aliquoties
2823 4155 3156 4224 discederet,
3171 4160 3268 4210 aut
3282 4171 3388 4226 per
3411 4155 3592 4210 malas

1947 4255 2337 4327 cogitationes,
2353 4257 2452 4306 aut
2473 4268 2574 4323 per
2599 4251 2753 4305 mala
2776 4267 2969 4320 opera.
2993 4249 3276 4320 Scriptum
3294 4252 3378 4303 est
3394 4249 3546 4306 enim
3567 4269 3584 4304 :

1945 4351 2182 4420 Spiritus
2206 4353 2422 4403 sanctus
2450 4346 2756 4415 disciplina:
2781 4344 2996 4413 effugiet
3021 4345 3224 4411 ﬁctum.
3248 4343 3318 4396 Et
3343 4342 3550 4398 iterum
3573 4361 3585 4397 :

209 4449 488 4504 alienum.
523 4451 591 4504 Ut
616 4449 874 4504 ostendat
898 4450 1032 4520 quia
1062 4451 1251 4505 nullus
1274 4450 1383 4504 nisi
1407 4452 1646 4522 simplex
1676 4451 1846 4505 fuerit

1950 4447 2212 4498 Pemersae
2253 4445 2395 4496 enim
2437 4441 2783 4508 cogitationes
2829 4439 3092 4506 separant
3121 4452 3156 4488 a
3180 4438 3319 4501 Deo;
3350 4453 3464 4490 non
3505 4444 3587 4492 est

209 4542 464 4610 effectus,
487 4543 762 4614 Spiritum
793 4548 1051 4598 sanctum
1082 4543 1333 4614 accipere
1364 4549 1568 4615 potest.
1602 4543 1843 4608 Quidam
1862 4546 1922 4617 Ι)
1945 4537 2099 4591 enim
2113 4538 2284 4590 homo
2299 4538 2692 4604 supertcrram
2713 4530 2811 4601 qui
2829 4529 2993 4583 faciat
3008 4528 3305 4596 bonum,et
3325 4545 3438 4582 non
3459 4543 3584 4599 pec-

209 4635 367 4690 enim
390 4636 452 4690 in
480 4637 634 4691 corvi
663 4637 848 4708 specie
875 4637 1148 4708 Spiritum
1175 4643 1427 4692 sanctum
1467 4638 1720 4708 accipere
1747 4654 1843 4690 vo-

209 4731 464 4800 luerunt,
481 4729 626 4784 sicut
643 4730 752 4784 fuit
771 4730 963 4786 Simon
983 4747 1206 4802 magus,
1234 4731 1334 4802 qui
1353 4731 1562 4785 sanctis
1580 4731 1847 4802 apostolis

208 4823 512 4894 pecuniam
535 4823 742 4878 obtulit
767 4823 992 4878 dicens:
1022 4827 1155 4879 Date
1178 4827 1313 4878 mihi
1346 4825 1484 4880 hanc
1502 4829 1844 4896 potestatem,

207 4922 270 4971 ut
308 4919 502 4986 cuique
535 4933 730 4972 manus
783 4919 1100 4988 imposuere,
1137 4921 1372 4988 accipiat
1409 4920 1673 4988 Spiritum
1711 4933 1844 4974 san-

208 5015 376 5065 ctum.
405 5011 608 5065 Emere
642 5011 886 5078 valebat,
929 5011 1084 5082 quod
1125 5011 1350 5066 charius
1388 5012 1757 5080 venundaret,
1791 5015 1848 5066 et

207 5103 340 5158 ideo
364 5103 583 5158 audivit
609 5121 643 5159 a
669 5106 833 5160 Petro
863 5122 877 5159 ε
901 5107 1132 5160 Pecunia
1159 5111 1254 5160 tua
1278 5111 1445 5161 tecum
1472 5109 1543 5159 sit
1578 5109 1638 5160 in
1656 5105 1843 5176 perdi-

209 5199 375 5261 tione,
407 5199 540 5267 quia
571 5201 893 5254 existimasti
919 5200 1120 5254 donum
1159 5203 1256 5256 Dei
1285 5201 1526 5271 pecuniis
1559 5200 1844 5270 possideri.

208 5293 332 5349 No-n
387 5293 490 5346 erit
541 5292 641 5346 tibi
685 5309 836 5363 pars,
863 5309 1030 5364 neque
1052 5309 1166 5349 sors
1191 5297 1250 5348 in
1267 5309 1506 5350 sermone
1547 5295 1669 5348 isto.
1698 5293 1848 5364 Ergo

207 5385 309 5456 qui
337 5385 615 5456 Spiritum
649 5390 907 5441 sanctum
933 5387 1184 5460 accipere
1223 5387 1523 5456 desiderat,
1553 5387 1612 5442 in
1641 5387 1850 5442 colum-

209 5479 300 5546 ba,
333 5478 392 5534 id
421 5483 507 5534 est
531 5479 590 5534 in
619 5480 999 5552 simplicitate,
1029 5482 1195 5537 illum
1221 5497 1478 5554 quaerere
1503 5481 1688 5536 debet.
1711 5482 1846 5534 Pro-

209 5577 340 5648 pter
363 5572 508 5629 illud
535 5575 688 5647 quod
714 5575 988 5647 scriptum
1015 5581 1100 5632 est
1138 5593 1152 5632 :
1191 5579 1254 5632 In
1285 5575 1630 5648 simplicitate
1669 5573 1846 5658 cordis

544 5933 818 6006 Paeon.
869 5931 1102 6004 LXXII.

1946 4635 2051 4684 cet.
2086 4630 2239 4684 Sicut
2261 4626 2548 4698 apostolus
2575 4625 2708 4679 dicit
2743 4639 2754 4677 :
2789 4625 2852 4679 Si
2885 4623 3182 4676 direrimus
3225 4624 3355 4691 quia
3388 4637 3582 4692 pecca-

1949 4730 2062 4778 tum
2101 4738 2206 4775 non
2251 4721 2524 4781 habemus,
2559 4734 2655 4773 nos
2692 4720 2835 4788 ipsos
2869 4715 3194 4776 seducimus,
3223 4719 3274 4769 et
3297 4717 3496 4770 veritas
3521 4718 3581 4770 in

1945 4818 2094 4872 nobis
2119 4831 2226 4869 non
2247 4818 2344 4868 est.
2377 4814 2442 4866 Et
2462 4811 2668 4866 iterum
2700 4828 2713 4864 :
2737 4813 2801 4866 In
2825 4809 3008 4863 multis
3037 4809 3353 4878 offendimus
3382 4825 3581 4866 omnes.

1945 4913 2224 4966 Caeterum
2254 4922 2423 4978 super
2447 4905 2754 4959 Dominum
2779 4883 3124 4974 baptizatum
3147 4887 3319 4970 venit,
3339 4907 3403 4958 ut
3423 4903 3492 4956 ab
3516 4921 3582 4958 eo

1947 5019 2240 5075 nunquam
2283 4998 2614 5054 discederet.
2645 4998 2710 5051 Et
2741 4997 2864 5051 ideo
2890 4996 2950 5050 in
2979 4997 3101 5051 solo
3134 4995 3274 5050 Filio
3301 4995 3406 5050 sibi
3430 5012 3580 5052 com-

1946 5099 2156 5172 placuit
2183 5098 2366 5164 Pater,
2403 5093 2548 5146 sicut
2581 5089 2717 5145 dicit
2745 5107 2760 5144 :
2799 5093 2877 5145 Tu
2895 5105 2947 5145 es
2983 5091 3151 5146 Filius
3170 5105 3315 5144 meus
3333 5089 3579 5152 dilectus,

1947 5197 2008 5249 in
2037 5198 2085 5248 te
2106 5190 2442 5261 complacuit.
2485 5188 2552 5240 Et
2595 5183 2870 5256 propheta
2907 5199 2920 5236 :
2957 5186 3174 5252 Iuravit
3225 5185 3482 5237 Dominus
3531 5188 3584 5236 et

1946 5304 2052 5343 non
2070 5285 2351 5357 paenitebit
2375 5297 2512 5336 eum.
2546 5281 2625 5334 De
2666 5276 2998 5332 mortalibus
3025 5292 3158 5330 vero
3187 5275 3460 5346 scriptum
3499 5281 3585 5330 est

1949 5379 2254 5437 Dominum
2271 5375 2507 5432 dixisse:
2528 5372 2764 5448 paenitet
2784 5371 2938 5425 enim
2955 5385 3046 5424 me
3068 5367 3262 5424 fecisse
3284 5365 3578 5423 hominem

1951 5491 2120 5549 super
2140 5479 2371 5530 terram.

3198 5921 3277 5983 86
