4016 6240
1142 418 1145 419 ν
1380 410 1387 413 _

2064 568 2275 689 ΙΙΙ.

495 793 710 876 Lectio
741 788 1044 876 Epistolas
1072 788 1267 876 beati
1290 788 1473 876 Pauli
1507 785 1787 869 apostoli
1806 788 1912 876 _ad
1955 785 2291 876 Romanos
2322 787 2455 876 (xu,
2492 788 2547 861 1)
2586 805 2599 845 :
2631 783 3177 876 [fratresobsecro
3203 800 3315 876 vos
3335 801 3457 864 per
3482 782 3857 876 misericor-

575 875 757 937 diam
790 862 942 947 Dei,
974 878 1049 932 ut
1085 869 1440 932 exhibeatis
1474 862 1749 949 corpora
1796 866 2078 929 hostiam
2118 862 2466 941 viventem,
2496 872 2815 942 sanctam,
2859 865 2992 927 Deo
3027 862 3419 945 placentem,
3463 862 3860 924 rationabile

572 954 951 1033 obsequium
980 957 1288 1012 vestrum.

1735 1063 2150 1119 COMMENTUM
2189 1063 2607 1119 LUCULENTII.

562 1186 787 1241 Dixerat
810 1184 1014 1239 Paulus
1039 1184 1325 1254 apostolus
1355 1183 1633 1253 superius,
1658 1182 1905 1253 qualiter
1931 1180 2119 1234 omnis
2141 1193 2200 1265 Α
2219 1183 2379 1237 nibus
2405 1187 2580 1244 recte,
2598 1196 2833 1250 quarum
2849 1182 2972 1249 ﬁnis
2994 1195 3161 1249 usque
3181 1180 3255 1234 ad
3273 1179 3620 1248 profundum
3647 1180 3864 1245 inferni

490 1278 804 1335 observatio
831 1277 1231 1331 mandatorum
1259 1277 1358 1330 Dei
1384 1275 1673 1329 transisset
1707 1276 1777 1330 de
1811 1274 2017 1329 Judwis
2043 1275 2114 1327 ad

491 1376 705 1445 gentes.
736 1373 859 1426 lam
885 1386 1037 1425 nunc
1071 1386 1288 1438 omnes,
1330 1368 1541 1422 scilicet
1567 1372 1782 1439 gentes,
1810 1371 1866 1422 et
1893 1383 1986 1421 eos
2015 1367 2114 1438 qui

488 1466 557 1520 de
602 1464 1025 1519 circumcisione
1077 1463 1147 1516 ad
1199 1462 1372 1516 ﬁdem
1427 1464 1715 1528 venerant,
1750 1461 2014 1515 hortatur
2054 1465 2115 1513 ut

485 1558 661 1613 fidem
679 1574 851 1628 quam
874 1560 1208 1627 acceperant
1232 1555 1625 1609 inconcussam
1658 1558 1962 1609 servarent.
1994 1554 2112 1607 Imo

488 1667 619 1706 vero
650 1651 791 1705 sicut
815 1656 945 1704 ante
966 1654 1370 1703 consueverant
1391 1648 1603 1701 hostias
1622 1653 1977 1701 mortuorum
1998 1646 2115 1700 ani-

487 1743 746 1811 malium,
776 1743 853 1797 sic
871 1743 993 1813 jam
1018 1741 1335 1812 inciperent
1360 1758 1417 1795 se
1456 1740 1608 1811 ipsos
1649 1740 1893 1794 hostiam
1932 1740 2113 1793 vivam

485 1836 686 1891 offerre
714 1837 847 1904 Deo,
880 1835 1070 1891 dicens
1098 1851 1111 1888 :
1144 1834 1394 1889 Ossecno
1425 1849 1528 1889 vos
1560 1850 1661 1889 rea
1691 1848 2112 1888 MISERICORDIAM

485 1930 603 1985 Diu.
654 1931 803 1983 [nter
846 1943 1047 1999 rogare
1086 1931 1143 1981 et
1178 1927 1472 1980 obsecrare
1518 1927 1627 1981 hoc
1678 1927 1932 1994 interest,
1981 1926 2113 1996 quia

482 2038 750 2093 rogamus
776 2021 845 2076 de
870 2020 1143 2088 minimis,
1172 2020 1531 2074 obsecramus
1556 2036 1659 2090 pro
1686 2018 1969 2073 maximis.
2004 2020 2107 2073 Sed

484 2115 816 2171 obsecrabat
838 2115 1133 2185 Apostolus
1160 2114 1463 2179 Romanos,
1491 2113 1551 2166 id
1579 2118 1681 2179 est,
1711 2112 1916 2167 obnixe
1944 2128 2110 2184 roga-

480 2209 595 2276 bat,
638 2208 829 2262 dicens
868 2223 880 2261 :
926 2208 1146 2263 Obsecro
1174 2222 1265 2261 vos
1297 2223 1398 2277 per
1434 2207 1857 2261 misericordiam
1898 2209 2011 2261 Dei.
2037 2209 2113 2259 Ac

480 2302 528 2356 si
569 2301 828 2355 diceret:
870 2302 977 2354 Per
1019 2298 1171 2353 illius
1226 2299 1678 2354 misericordiam
1718 2316 1817 2354 vos
1861 2300 2111 2365 obsecro,

480 2398 577 2466 qui
594 2411 684 2450 vos
708 2396 916 2450 vocavit
938 2394 1004 2447 de
1030 2394 1257 2447 tenebris
1282 2395 1341 2446 in
1375 2393 1699 2447 admirabile
1730 2393 1908 2447 lumen
1934 2408 2111 2456 suum,

481 2493 537 2543 et
561 2505 661 2559 per
686 2488 844 2541 illam
887 2484 1337 2539 misericordiam
1362 2501 1461 2539 vos
1505 2485 1759 2553 obsecro,
1791 2502 1900 2556 qua
1928 2502 2112 2540 recon-

2214 1278 2571 1342 demergitur;
2618 1279 2670 1328 et
2716 1273 2845 1327 ideo
2889 1289 3115 1327 necesse
3147 1278 3231 1327 est
3254 1278 3319 1327 ut
3345 1272 3742 1342 unusquisque
3791 1272 3859 1324 de

2217 1371 2363 1423 bono
2389 1368 2541 1439 quod
2565 1366 2684 1437 agit
2707 1382 2823 1420 non
2848 1365 3193 1435 hominibus,
3223 1365 3325 1420 sed
3347 1366 3459 1419 Deo
3477 1365 3705 1436 placere
3734 1366 3856 1417 stu-

2215 1463 2360 1530 deat,
2392 1477 2463 1515 ne
2496 1459 2713 1514 dicatur
2740 1458 2795 1513 ei
2828 1476 2840 1513 :
2878 1462 3145 1528 Recepisti
3181 1459 3474 1513 mercedem
3498 1464 3672 1512 tuam.
3700 1456 3861 1520 Quod

2215 1555 2314 1626 qui
2340 1554 2556 1621 fecerit,
2586 1552 2773 1607 hostia
2801 1553 2916 1607 Deo
2942 1553 3151 1623 placita
3173 1552 3322 1606 efﬁci
3346 1551 3579 1623 poterit.

2285 1649 2652 1703 RATIONABILE
2687 1662 2997 1708 oassouwu
3035 1661 3303 1702 vesnum.
3351 1646 3434 1699 Ad
3472 1646 3579 1699 hoc
3602 1644 3861 1715 pertinet

2213 1741 2348 1812 quia
2377 1757 2550 1811 supra
2573 1740 2790 1795 dictum
2816 1744 2900 1795 est
2923 1740 3073 1811 quod
3105 1739 3424 1794 offerebant
3446 1739 3671 1803 vitulos,
3701 1736 3851 1790 arie-

2214 1838 2318 1903 tes,
2347 1837 2406 1887 et
2433 1835 2639 1887 horum
2669 1833 2896 1888 similia.
2925 1834 3084 1896 Quod
3104 1833 3188 1887 illi
3212 1833 3498 1887 faciebant
3524 1830 3855 1896 carnaliter,

2213 1943 2317 1981 nos
2356 1927 2528 1980 modo
2572 1926 2966 1996 spiritualiter;
3008 1926 3161 1998 quod
3209 1926 3292 1981 illi
3327 1926 3387 1979 in
3427 1925 3630 1996 figura,
3662 1940 3768 1978 nos
3796 1924 3855 1976 in

2212 2020 2444 2074 veritate
2471 2020 2653 2073 facere
2680 2019 2971 2074 debemus.
2998 2019 3137 2083 Quia
3164 2020 3310 2073 sicut
3332 2019 3631 2089 Apostolus
3662 2016 3803 2071 dicit
3836 2033 3850 2069 :

2214 2115 2407 2169 Omnia
2432 2116 2491 2166 in
2515 2116 2694 2182 ﬁgura
2717 2114 3093 2182 contingebant
3110 2114 3238 2167 illis.
3274 2114 3339 2166 Et
3367 2112 3494 2165 ideo
3514 2109 3851 2165 rationabile

2213 2206 2551 2277 obsequium
2580 2222 2685 2261 nos
2713 2206 2970 2277 praecipit
2997 2206 3266 2260 exhibere
3295 2205 3597 2277 Apostolus
3623 2204 3851 2259 dicens:

2214 2301 2554 2355 Rationabile
2581 2301 2886 2368 obsequium
2914 2304 3167 2354 vestrum.
3202 2299 3354 2352 Inter
3383 2298 3662 2352 rationale
3691 2302 3748 2351 et
3772 2313 3857 2350 ra-

2212 2392 2485 2447 tionabile
2524 2393 2669 2446 hanc
2705 2392 3029 2447 distantiam
3075 2391 3270 2446 dicunt
3315 2408 3434 2447 esse
3474 2392 3752 2458 doctores,
3795 2393 3857 2442 ut.

2213 2486 2546 2540 rationabile
2575 2486 2859 2557 pertineat
2874 2486 2943 2539 ad
2964 2485 3245 2540 rationem
3266 2491 3323 2541 et
3341 2502 3513 2556 opera
3541 2485 3731 2552 bona;
3761 2500 3852 2537 ra-

481 2582 657 2635 ciliati
681 2582 803 2636 estis
828 2583 954 2642 Deo,
981 2594 1100 2633 non
1139 2594 1241 2648 per
1276 2577 1717 2649 philosophiam,
1744 2594 1849 2633 nec
1877 2596 1980 2649 per
2007 2579 2108 2633 ali-
2132 2570 2187 2640 B
2211 2580 2478 2634 tionabile
2503 2596 2635 2634 vero
2663 2580 2732 2633 ad
2759 2579 3176 2634 discretionem.
3201 2581 3267 2634 Et
3284 2579 3429 2634 bene
3452 2579 3589 2633 dicit
3607 2582 3853 2633 rationa-

479 2689 655 2745 quam
693 2672 1045 2727 mundanam
1088 2671 1444 2742 sapientiam,
1476 2688 1590 2725 non
1630 2687 1733 2742 per
1774 2672 2106 2742 potentiam,

481 2784 597 2821 non
625 2783 726 2838 per
752 2766 1003 2821 suasoria
1037 2764 1225 2834 verba,
1273 2764 1371 2819 sed
1406 2780 1507 2834 per
1545 2767 1645 2819 Dei
1687 2766 2110 2819 misericordiam

478 2876 569 2916 vos
598 2861 803 2915 obsecro
842 2875 954 2930 qua
995 2857 1314 2929 regenerati
1344 2857 1476 2912 estis
1518 2856 1578 2911 in
1620 2857 1776 2912 fonte
1820 2858 2105 2929 baptismi.

478 2953 622 3018 Quid
655 2969 787 3008 vero
831 2967 927 3007 eos
971 2952 1244 3018 obsecret,
1276 2950 1461 3022 aperit
1493 2967 1624 3005 cum
1669 2951 1961 3023 subjungit
1989 2969 2001 3005 :
2032 2953 2109 3007 Ur

480 3062 793 3103 EIBIBEATIS
848 3060 1099 3102 conrom
1141 3060 1346 3100 vssrm
1385 3060 1621 3099 HOSTIAM
1660 3061 1947 3100 vrvasrau.
1996 3046 2109 3101 Mos

478 3141 589 3195 fuit
629 3140 760 3195 ﬁliis
798 3139 988 3206 Israel,
1022 3142 1079 3193 et
1105 3138 1197 3192 lex
1226 3137 1610 3208 praecipiebat,
1635 3142 1701 3192 ut
1728 3137 1997 3193 offerrent
2019 3156 2106 3193 sa-

478 3233 755 3288 crificium
780 3234 916 3300 Deo,
941 3231 1163 3299 vitulos,
1195 3229 1416 3296 arietes,
1442 3235 1501 3285 et
1528 3230 1733 3298 hircos,
1758 3247 1955 3302 agnos,
1987 3235 2106 3285 tur-

478 3331 653 3393 tures,
683 3342 780 3380 seu
811 3322 1120 3393 columbas,
1153 3327 1211 3377 et
1234 3326 1440 3377 caetera
1486 3339 1615 3393 quae
1651 3323 1711 3377 in
1750 3324 1875 3395 lege
1906 3325 2105 3395 praeci-

478 3420 801 3493 piebantur.
835 3417 943 3474 Sed
967 3417 1117 3489 quod
1136 3416 1221 3470 illi
1239 3416 1538 3471 carnaliter
1556 3416 1834 3471 faciebant
1858 3417 1916 3471 in
1943 3434 2111 3488 pecu—

479 3513 661 3580 dibus,
677 3511 843 3567 nobis
861 3512 920 3565 in
934 3510 1260 3581 corporibus
1275 3508 1479 3564 nostris
1499 3509 2106 3580 specialiterconvenit.

480 3607 704 3662 Etenim
730 3622 963 3676 corpora
988 3609 1283 3673 nostra,.et
1307 3603 1489 3657 hostia
1512 3607 1645 3658 sunt
1669 3608 1725 3658 et
1754 3604 1892 3659 viva.
1924 3606 2111 3659 Hostia

479 3700 711 3767 scilicet,
742 3700 878 3771 quia
914 3694 1290 3753 mortiﬁcatur
1328 3713 1492 3765 caro;
1523 3697 1664 3768 viva,
1703 3698 1836 3769 quia
1863 3699 2105 3754 viviﬁca-

478 3799 575 3849 tur
599 3793 831 3866 spiritus
859 3792 1175 3848 secundum
1207 3790 1461 3862 ejusdem
1492 3791 1733 3862 apostoli
1760 3797 2109 3863 praeceptum

480 3887 721 3943 dicentis
748 3904 762 3942 :
789 3889 1104 3956 Mortiﬁcate
1140 3885 1376 3940 membra
1420 3889 1597 3940 vestra
1639 3902 1758 3956 qua:
1793 3892 1921 3941 sunt
1951 3904 2112 3958 super

480 3988 701 4038 terram.
743 3981 839 4035 Vel
871 3981 1005 4052 quia
1045 3980 1103 4034 in
1138 3978 1299 4033 bonis
1327 3978 1609 4033 inhabitat
1651 3980 1747 4033 ille
1793 3979 1891 4051 qui
1930 3980 2106 4037 dicit:

481 4079 593 4145 Ego
621 4090 739 4129 sum
764 4076 879 4136 via,
916 4075 1138 4135 veritas,
1164 4077 1214 4127 et
1252 4074 1386 4126 vita.
1417 4073 1482 4125 Et
1517 4072 1587 4125 de
1618 4089 1732 4143 quo
1761 4075 2061 4145 Apostolus
2094 4092 2107 4130 :

480 4169 745 4224 Habitare
770 4167 1037 4224 Christum
1055 4181 1156 4235 per
1172 4165 1330 4233 ﬁdem
1356 4166 1416 4218 in
1444 4165 1692 4220 cordibus
1714 4171 1934 4223 vestris:
1958 4173 2109 4223 vete-

484 4279 577 4317 res
590 4276 837 4331 namque
852 4258 1161 4314 offerebant
1176 4259 1288 4312 Deo
1306 4257 1519 4311 hostias
1538 4259 1819 4329 pecudum
1837 4268 2107 4332 mortuas,

482 4356 581 4411 sed
610 4371 765 4409 nunc
785 4354 904 4425 jam
929 4352 1174 4407 hostiam
1189 4352 1373 4406 vivam
1389 4350 1681 4408 offerimus
1699 4371 1799 4409 nos
1820 4355 2108 4427 metipsos,

485 4448 710 4523 quando
739 4448 869 4503 vitia
901 4450 957 4502 et
994 4452 1223 4518 peccata
1252 4448 1312 4502 in
1338 4466 1439 4503 nos
1465 4449 1890 4518 mortificamus,
1920 4455 1977 4503 ct
2004 4450 2113 4503 vir-

481 4550 630 4600 tutes
652 4542 968 4608 nutrimus;
991 4541 1294 4613 implentes
1313 4543 1452 4598 illud
1472 4543 1624 4614 quod
1643 4543 1792 4597 idem
1815 4544 2110 4613 Apostolus

483 4639 597 4693 ait:
634 4640 699 4694 Ut
722 4639 856 4692 sciat
879 4639 1243 4706 unusquisque
1271 4643 1504 4692 vestrum
1526 4652 1683 4692 suum
1710 4652 1807 4691 vas
1838 4638 2111 4707 possidere

482 4737 541 4788 in
566 4733 986 4800 sanctiﬁcatione
1018 4734 1068 4783 et
1111 4731 1322 4785 honore.
1350 4732 1453 4785 Vas
1488 4730 1547 4784 in
1584 4731 2024 4786 sanctiﬁcatione
2057 4736 2113 4787 et

480 4829 697 4882 honore
716 4824 1091 4896 possidemus,
1115 4823 1346 4894 quando
1366 4824 1425 4879 in
1443 4824 1609 4879 nobis
1623 4824 1759 4879 vitia
1779 4831 2108 4896 mactamUS,

484 4925 541 4978 et
569 4936 671 4992 per
696 4919 845 4973 bona
863 4934 1033 4988 opera
1057 4917 1233 4972 sancti
1257 4918 1557 4987 efﬁcimur,
1580 4918 1821 4974 Domino
1849 4920 2105 4977 dicente:

481 5012 671 5070 Sancti
692 5013 871 5072 estote,
897 5009 1028 5077 quia
1053 5023 1144 5075 ego
1167 5013 1385 5063 sanctus
1414 5023 1533 5062 sum
1558 5010 1815 5063 Dominus
1851 5013 1986 5065 Deus
2020 5028 2105 5066 ve-

480 5112 609 5165 ster.
638 5105 703 5160 Et
727 5102 1017 5159 Psalmista
1044 5118 1057 5155 :
1089 5101 1189 5156 Cor
1214 5104 1501 5156 contritum
1527 5107 1577 5157 et
1601 5103 1948 5159 humiliatum
1974 5109 2112 5163 Deus

480 5218 589 5258 non
625 5200 852 5271 spernit.
887 5195 1044 5250 Multi
1075 5195 1336 5250 videntur
1359 5195 1566 5261 vivere,
1591 5196 1690 5250 sed
1718 5198 1928 5252 mortui
1958 5205 2108 5255 sunt.

2131 3935 2185 4009 C

2207 2674 2310 2727 bile
2346 2674 2657 2742 obsequium
2694 2678 2949 2736 vestrum,
2993 2672 3129 2744 quia
3171 2673 3306 2728 illud
3344 2673 3631 2743 quondam
3680 2672 3845 2726 obse-

2205 2766 2405 2836 quium
2415 2769 2666 2821 vestrum
2684 2783 2800 2820 non
2819 2770 2940 2821 erat
2960 2766 3313 2821 rationabile.
3330 2767 3577 2821 Stultum
3588 2769 3673 2820 est
3696 2766 3853 2818 enim

2207 2862 2272 2913 ut
2288 2859 2412 2913 vivo
2440 2861 2550 2914 Deo
2576 2866 2631 2915 et
2655 2859 2920 2913 invisibili
2950 2865 3176 2914 mortua
3204 2859 3474 2914 cadavera
3513 2859 3851 2914 offerantur.

2208 2952 2365 3006 Sicut
2381 2952 2536 3007 enim
2551 2958 2843 3007 mortuum
2854 2953 2975 3007 vivo
2994 2952 3332 3024 obsequium
3354 2969 3471 3007 non
3496 2958 3755 3023 praestat,
3784 2954 3860 3007 ita

2206 3047 2395 3099 nullus
2420 3046 2732 3100 immortali
2759 3052 2814 3101 et
2834 3047 3171 3117 incorporeo
3198 3047 3313 3101 Deo
3342 3046 3546 3101 vitulos
3574 3063 3677 3102 seu
3697 3048 3853 3101 arie-

2207 3143 2290 3193 tes
2318 3139 2489 3210 digne
2525 3145 2713 3210 potest
2746 3140 2967 3195 olferre.
3000 3142 3072 3196 Er
3118 3156 3309 3195 nomn;
3336 3156 3688 3196 componam
3723 3157 3857 3196 nuc

2209 3248 2449 3300 SECULO,
2479 3248 2576 3287 SED
2606 3248 2978 3289 REFORMAMINI
3008 3251 3059 3289 IN
3087 3250 3352 3290 NOVITATE
3392 3250 3591 3291 SENSUS
3630 3249 3854 3290 VESTRI.

2208 3325 2487 3379 Saeculum
2532 3342 2650 3381 non
2690 3327 2937 3381 ambitus
2966 3327 3087 3381 coeli
3125 3330 3182 3381 et
3209 3333 3398 3397 terrae,
3435 3344 3606 3398 quem
3644 3329 3856 3397 solem,

2207 3419 2425 3485 lunam,
2467 3420 2673 3489 stellas,
2702 3421 2931 3475 arbores
2973 3422 3281 3493 appellant,
3314 3421 3518 3493 quibus
3558 3422 3756 3476 nullus
3800 3438 3859 3475 se

2208 3512 2563 3568 conformare
2609 3516 2810 3584 potest,
2856 3515 2952 3567 sed
2993 3520 3273 3569 amatores
3316 3515 3507 3569 saeculi
3558 3515 3857 3570 dicuntur.

2208 3607 2337 3661 Filii
2361 3612 2540 3661 autem
2562 3609 2718 3676 regni
2736 3607 3014 3676 ejicientur
3039 3611 3097 3662 in
3127 3609 3371 3663 tenebras
3406 3611 3721 3663 exteriores.
3752 3609 3859 3663 Cui

2210 3699 2435 3768 saeculo,
2469 3699 2526 3753 id
2552 3704 2637 3755 est
2660 3700 3007 3755 amatoribus
3042 3700 3253 3768 saeculi,
3285 3700 3473 3755 nullus
3516 3717 3575 3755 se
3623 3702 3857 3756 confor-

2210 3808 2367 3847 mare
2395 3792 2581 3862 debet,
2613 3792 2747 3864 quia
2772 3793 3047 3865 scriptum
3083 3798 3168 3849 est
3197 3810 3210 3849 :
3249 3795 3357 3861 Qui
3387 3797 3621 3862 tetigerit
3656 3799 3858 3866 picem,

2210 3887 2589 3956 inquinabitur
2615 3887 2684 3940 ab
2707 3903 2790 3941 ea.
2821 3887 2907 3942 Sic
2924 3888 3248 3958 quicunque
3277 3903 3334 3942 se
3355 3888 3523 3942 stulto
3542 3889 3669 3960 conj
3678 3906 3859 3945 unxe-

2208 3979 2303 4048 rit,
2332 3980 2838 4035 communicaverit
2868 3980 3133 4051 operibus
3163 3980 3306 4051 ejus.
3351 3980 3482 4036 Cum
3509 3989 3699 4038 sancto
3728 4000 3857 4040 san-

2210 4078 2325 4127 ctus
2347 4076 2479 4138 eris;
2508 4074 2661 4145 quod
2683 4074 2777 4128 ille
2801 4074 2932 4129 facit
2958 4074 3058 4145 qui
3083 4090 3256 4144 opera
3280 4074 3466 4129 carnis
3494 4092 3527 4129 a
3556 4092 3615 4130 se
3658 4079 3855 4148 repel-

2208 4165 2293 4234 lit,
2308 4166 2589 4221 etfructus
2599 4166 2827 4237 spiritus
2839 4172 3126 4238 operatur.
3141 4167 3246 4231 Qui
3260 4183 3392 4223 vero
3406 4167 3860 4226 fornicationum

2208 4259 2579 4330 impudicitia:
2606 4265 2662 4315 et
2686 4260 3063 4315 immunditiaa
3088 4260 3277 4329 servit,
3301 4262 3622 4318 conformat
3636 4281 3697 4318 se
3716 4264 3856 4320 huic

2211 4353 2435 4420 saeculo,
2475 4354 2581 4408 hoc
2614 4359 2697 4408 est
2737 4354 3083 4409 amatoribus
3122 4355 3335 4410 saeculi.
3368 4356 3479 4411 Sed
3520 4373 3628 4412 nos
3659 4360 3855 4428 potius

2209 4446 2508 4501 reformari
2530 4447 2821 4516 debemus,
2850 4464 2964 4502 non
2992 4448 3253 4517 exterius,
3278 4449 3375 4504 sed
3403 4449 3667 4517 interius,
3703 4451 3854 4507 sicut

2211 4539 2347 4594 dicit
2380 4556 2393 4594 :
2426 4544 2494 4595 In
2517 4542 2753 4596 novitate
2786 4557 2967 4597 sensus
3008 4544 3193 4604 vestri,
3234 4542 3464 4612 quando
3502 4543 3858 4614 deponentes

2209 4638 2454 4689 veterem
2497 4633 2790 4690 hominem
2833 4634 3123 4689 induimus
3159 4651 3391 4690 novum.
3422 4636 3502 4691 De
3544 4653 3659 4708 quo
3697 4639 3858 4694 idem

2210 4728 2551 4798 Apostolus:
2583 4730 2644 4786 Si
2678 4730 2912 4784 επιενίον
2955 4730 3106 4784 homo
3150 4734 3328 4785 noster
3369 4733 3767 4802 corrumpitur,
3813 4736 3860 4789 is

2213 4827 2390 4877 tamen
2420 4824 2518 4891 qui
2536 4824 2685 4877 intus
2707 4826 2786 4876 est
2802 4826 3098 4877 renovatur
3118 4823 3185 4878 de
3208 4823 3296 4878 die
3318 4826 3377 4878 in
3395 4824 3556 4880 diem.
3584 4825 3655 4880 Et
3680 4826 3854 4881 alibi:

2207 4918 2560 4972 Renovamini
2583 4917 2782 4986 spiritu
2809 4918 3004 4971 mentis
3041 4921 3250 4973 vestrae.
3287 4918 3440 4973 Tunc
3468 4918 3861 4976 reformamur

2209 5008 2271 5063 in
2304 5007 2549 5065 novitate
2575 5025 2768 5064 sensus
2806 5010 3002 5077 nostri,
3031 5011 3257 5082 quando
3284 5012 3629 5067 mundamus
3652 5030 3764 5068 nos
3790 5014 3861 5068 ab

2211 5101 2367 5156 omni
2393 5102 2825 5173 inquinamento
2849 5103 3035 5159 carnis
3059 5109 3117 5160 et
3144 5104 3397 5176 spiritus.
3425 5105 3585 5169 Quod
3623 5107 3731 5177 qui
3770 5107 3859 5163 fe-

2212 5195 2369 5266 cerit,
2399 5196 2606 5251 dicitur
2630 5196 2714 5251 illi
2750 5214 2784 5252 a
2815 5198 2929 5254 Deo
2968 5215 2982 5253 :
3024 5201 3156 5255 Tota
3187 5199 3425 5269 pulchra
3463 5215 3517 5254 es
3556 5204 3766 5263 amica.
3812 5208 3863 5257 et

483 5292 637 5349 Sicut
664 5288 735 5343 de
753 5286 922 5341 vidua
943 5284 1133 5340 scribit
1150 5283 1353 5379 Paulus
1371 5301 1384 5338 :
1606 5287 1666 5339 in
1683 5285 1891 5341 deliciis
1908 5291 2107 5354 vivens,
2128 5305 2189 5379 D
2209 5292 2427 5345 macula
2453 5292 2571 5345 ulla
2595 5307 2703 5345 non
2725 5297 2805 5347 est
2831 5294 2890 5346 in
2920 5297 2986 5347 te.

481 5387 698 5438 mortua
730 5382 826 5433 est.
857 5377 922 5431 Et
956 5374 1249 5429 Psalmista
1277 5372 1348 5427 de
1378 5373 1588 5428 talibus
1632 5391 1646 5428 :
1695 5378 2026 5432 Descendant
2052 5380 2111 5433 in

479 5478 752 5544 infernum
772 5473 1027 5526 viventes.
1047 5469 1111 5523 Hi
1128 5469 1267 5523 tales
1290 5484 1406 5523 non
1430 5466 1678 5523 offerunt
1693 5471 2021 5542 semetipsos
2036 5475 2115 5527 vi-

479 5586 604 5625 vam
628 5569 859 5621 hostiam
881 5567 1005 5632 Deo,
1024 5564 1303 5633 Sanctam,
1326 5563 1441 5616 Deo
1456 5563 2115 5635 placentem.Cumjdixit

481 5667 751 5726 sanctam,
782 5659 1018 5729 subjecit
1047 5674 1059 5712 :
1092 5660 1196 5712 Deo
1216 5658 1553 5728 placentem;
1581 5656 1715 5727 quia
1740 5658 1904 5711 multi
1926 5658 2113 5714 viden-

478 5760 574 5814 tur
612 5752 943 5811 hominibus
969 5751 1166 5822 sancti,
1200 5752 1297 5806 sed
1326 5753 1457 5804 ante
1485 5750 1668 5804 Deum
1698 5752 1925 5822 reprobi
1950 5758 2108 5823 sunt;

480 5851 546 5904 de
567 5847 775 5922 quibus
801 5845 1073 5919 scriptum
1099 5848 1184 5901 est
1206 5860 1219 5903 :
1243 5844 1383 5901 Sunt
1410 5846 1511 5899 viae
1530 5860 1649 5913 quae
1668 5845 1923 5905 videntur
1942 5848 2109 5903 homi-

2282 5384 2359 5438 Ur
2395 5398 2652 5440 PROBRTIS
2683 5401 2805 5448 om:
2840 5402 2923 5441 srr
2952 5401 3231 5443 VOLUNTAS
3268 5386 3365 5442 Dm
3399 5403 3553 5451 nom,
3582 5404 3648 5444 ετ
3686 5404 3855 5444 BENE-

2214 5493 2446 5534 rucmvs
2482 5495 2545 5534 ET
2584 5495 2874 5536 PERFECTA.
2918 5480 3183 5535 Voluntas
3225 5480 3328 5535 Dei
3370 5497 3499 5551 quae
3528 5482 3618 5551 sit,
3656 5482 3859 5538 nullus

2212 5572 2531 5643 approbare
2557 5578 2758 5644 potest,
2782 5573 2889 5628 nisi
2909 5573 3080 5629 fuerit
3104 5574 3444 5630 reformatus
3463 5575 3525 5629 in
3551 5581 3776 5645 mente,
3803 5584 3855 5631 et

2213 5682 2247 5719 a
2272 5670 2550 5722 vetustate
2577 5667 2706 5723 vitae
2730 5667 3058 5723 mundatus.
3091 5666 3250 5723 Sicut
3274 5668 3427 5723 enim
3448 5668 3649 5740 probat
3676 5670 3855 5724 homo

2212 5758 2422 5831 cibum,
2451 5765 2646 5817 utrum
2672 5761 2880 5817 salsum
2905 5778 2978 5819 an
2999 5761 3273 5818 insulsum
3292 5761 3383 5840 sit,
3406 5761 3571 5827 dulce
3599 5778 3673 5818 an
3704 5780 3857 5820 ama-
