4016 6240
193 342 290 394 813

1434 344 1496 404 ΙΝ
1537 350 1680 405 CAP.
1726 353 1813 405 XII
1845 352 1931 405 Al)
1971 350 2299 405 RUMANOS.

3444 346 3546 403 814

190 464 337 511 rum,
374 448 623 502 calidum
662 467 739 504 an
762 452 1060 523 frigidum,
1100 454 1178 506 ita
1223 454 1403 508 tribus
1449 459 1816 527 qualitatibus
1839 462 2076 542 Arami,
2115 464 2176 511 ut
2222 473 2314 522 ego
2372 458 2601 509 inserar.
2663 456 2802 508 Bene
2847 460 3073 525 prapter
3112 454 3543 509 incredulitatem

192 541 461 609 probatur
479 542 738 597 voluntas
764 545 882 599 Dei.
913 548 1025 599 Aut
1055 546 1207 599 enim
1241 547 1298 600 in
1326 550 1695 619 cogitatione,
1732 553 1812 604 lo-

188 633 432 699 cutione,
476 640 535 688 et
575 652 747 706 opere
794 640 1207 708 approbamur,
1256 646 1357 695 aut
1397 644 1812 713 reprobamur;

189 726 314 795 quia
344 726 501 780 bona
527 732 611 782 est
632 732 892 784 voluntas
924 732 1024 785 Dei
1054 732 1112 786 in
1142 734 1512 803 cogitatione,
1548 736 1815 805 benepla-

186 818 290 871 cita
320 818 379 871 in
412 821 721 889 locutione,
760 825 1013 893 perfecta
1041 825 1097 878 in
1133 828 1491 895 operatione.
1526 830 1585 880 In
1620 828 1814 880 multis

183 910 403 964 videtur
419 914 683 968 voluntas
702 916 984 983 Dcibona,
1007 922 1062 970 et
1082 918 1442 988 beneplacita
1466 924 1521 972 et
1538 920 1812 990 perfecta,

184 1003 279 1057 sed
313 1021 431 1058 non
460 1010 546 1059 est
572 1007 726 1061 bona
754 1026 766 1062 :
793 1011 890 1079 qui
919 1010 1313 1064 demoliuntur
1342 1012 1515 1066 facies
1545 1030 1693 1077 suas,
1717 1013 1813 1083 qui

182 1098 630 1168 eleemosynam,
682 1102 1024 1170 orationem,
1068 1107 1125 1156 et
1159 1105 1354 1158 omnia
1396 1122 1523 1176 quae
1572 1106 1810 1173 faciunt,

183 1207 293 1243 non
324 1196 566 1262 prepter
597 1195 927 1260 Dominum,
963 1197 1061 1249 sed
1095 1201 1331 1267 propter
1368 1199 1591 1253 favores
1625 1200 1809 1253 homi-

182 1300 315 1337 num
344 1285 585 1339 faciunt.
622 1288 787 1351 Quod
814 1291 1119 1359 Apostolus
1146 1290 1394 1345 faciebat
1420 1292 1516 1363 qui
1551 1293 1808 1347 dicebat:

183 1377 239 1431 Si
262 1379 569 1432 hominibus
584 1382 801 1448 placere
821 1383 1028 1445 vellem,
1054 1385 1255 1440 Christi
1278 1400 1464 1439 servus
1489 1402 1595 1439 non
1627 1403 1808 1440 essem.

183 1470 287 1523 Sed
318 1470 377 1523 in
406 1471 517 1524 illis
541 1477 625 1525 est
651 1474 911 1528 voluntas
932 1475 1029 1529 Dei
1059 1476 1234 1546 bona,
1269 1482 1325 1530 et
1350 1478 1735 1550 beneplacens
1756 1483 1812 1532 et

182 1564 451 1633 perfecta,
506 1566 890 1639 quodcunque
935 1568 1171 1623 faciunt.
1216 1569 1373 1625 Sicut
1422 1571 1597 1637 enim,
1654 1573 1809 1626 verbi

182 1656 359 1725 gratia
413 1657 627 1727 dicam,
670 1677 917 1731 granum
980 1661 1145 1716 tritici
1204 1663 1416 1717 cadens
1464 1665 1523 1719 in
1575 1669 1808 1731 terram,

181 1749 355 1819 surgit
373 1750 432 1804 in
462 1751 663 1819 herba,
688 1754 941 1808 elevatur
961 1755 1018 1808 in
1041 1757 1284 1823 calamo,
1309 1757 1534 1811 acuitur
1554 1757 1611 1811 in
1633 1759 1807 1829 spica,

1915 555 2086 619 fracti
2110 557 2255 604 sunt.
2295 552 2372 603 Tu
2394 554 2572 603 autem
2595 550 2700 615 ﬁde
2726 554 2857 602 stas.
2891 550 3017 605 Noli
3042 550 3213 602 altum
3242 546 3419 619 [Cod.,
3448 565 3546 602 au.-

1918 646 2039 713 tem]
2078 660 2286 713 sapere,
2326 645 2420 697 sed
2464 645 2604 696 time.
2654 642 2759 696 Sen
2799 658 3000 697 SAPERE
3046 659 3112 697 AD
3159 658 3542 697 sosmernnu.

1918 738 2226 802 Sobrietas,
2260 740 2321 789 ut
2351 754 2383 787 a
2409 734 2722 803 majoribus
2753 734 3016 800 traditur,
3050 752 3163 787 una
3196 738 3280 788 est
3311 752 3378 787 ex
3409 751 3549 804 qua-

1916 835 2048 884 tuor
2078 830 2378 883 virtutibus
2407 827 2836 898 principalibus,
2870 844 2997 897 qua:
3045 831 3176 880 sunt
3216 828 3543 897 prudentia,

1917 923 2213 989 fortitudo,
2242 920 2645 991 temperantia,
2669 924 2841 990 atque
2862 920 3104 990 justitia.
3138 920 3545 990 Temperantia

1914 1017 2035 1087 ipsa
2093 1020 2178 1069 est
2225 1020 2281 1068 et
2336 1015 2643 1079 sobrietas,
2685 1030 2810 1083 quas
2866 1027 2981 1068 non
3038 1014 3221 1067 solum
3261 1013 3540 1079 exterius,

1916 1113 2149 1181 propter
2178 1109 2319 1163 illud
2343 1124 2355 1161 :
2391 1108 2668 1162 Attendite
2696 1124 2760 1161 ne
2785 1111 3079 1173 graventur
3093 1107 3255 1160 corda
3279 1112 3457 1160 vestra
3486 1109 3546 1159 in

1913 1204 2143 1272 crapula
2178 1207 2227 1255 et
2263 1201 2539 1258 ebrietate,
2564 1198 2661 1252 sed
2692 1199 2930 1252 interius
2958 1198 3226 1252 habenda
3256 1203 3358 1251 est.
3391 1200 3541 1267 Ergo

1915 1313 2110 1368 sapere
2148 1296 2219 1349 ad
2258 1294 2652 1357 sobrietatem,
2690 1296 3006 1363 temperate
3044 1308 3266 1363 sapere.
3295 1291 3456 1345 Unde
3484 1295 3542 1345 et

1915 1391 2067 1443 idem
2098 1389 2276 1442 dicit:
2314 1389 2432 1445 Non
2476 1387 2590 1440 alta
2632 1388 2924 1454 sapientes,
2964 1386 3056 1439 sed
3095 1385 3386 1439 humilibus
3421 1400 3543 1438 con-

1912 1486 2216 1537 sentientes.
2249 1482 2317 1534 Et
2349 1480 2459 1533 alia
2486 1478 2777 1549 Scriptura
2801 1495 2813 1532 :
2846 1479 3066 1533 Altiora
3094 1483 3143 1532 te
3160 1494 3226 1532 ne
3246 1479 3539 1546 quaesieris,

1913 1581 1961 1630 et
1988 1579 2219 1643 fortiora
2250 1579 2299 1628 te
2325 1590 2389 1627 ne
2416 1577 2689 1627 scrutatus
2712 1574 2903 1638 fueris.

1984 1765 2057 1817 Er
2096 1778 2386 1825 L’NICLTIQL'E
2420 1776 2572 1816 SICUT
2620 1761 2766 1813 Dens
2806 1773 3000 1813 Dmsrr
3046 1772 3333 1813 mansurum
3378 1773 3536 1813 rmm.

180 1842 250 1895 sic
278 1844 542 1899 voluntas
568 1846 688 1913 Dei,
724 1851 785 1899 ut
816 1847 948 1901 dixi.
977 1850 1249 1903 Voluntas
1270 1850 1370 1904 Dei
1393 1851 1547 1905 bona
1570 1852 1627 1904 in
1657 1853 1807 1923 cogi-
1828 1850 1884 1921 B
1910 1857 2278 1922 Subauditur,
2306 1855 2385 1908 ita
2407 1855 2607 1925 sapiat.
2642 1855 2709 1906 Et
2730 1856 2884 1906 recte
2914 1851 3067 1915 dicit,
3086 1868 3354 1905 mensura
3380 1851 3535 1916 ﬁdei,

180 1935 409 2004 talione,
452 1939 817 2010 beneplacita
865 1946 950 1995 est
994 1942 1052 1995 in
1102 1943 1408 2009 locutione,
1452 1945 1707 2015 perfecta
1750 1945 1807 1999 in

86 2066 99 2073 -
180 2031 531 2099 operatione.
578 2032 717 2087 Hinc
764 2035 920 2088 enim
964 2035 1233 2107 scriptum
1276 2041 1360 2090 est
1399 2055 1410 2089 :
1456 2040 1623 2095 Corde
1666 2041 1805 2093 enim

177 2123 410 2178 creditur
437 2126 514 2178 ad
525 2127 826 2193 justitiam,
856 2146 945 2183 ore
973 2134 1253 2198 conﬁtetur
1287 2131 1362 2183 ad
1402 2133 1650 2185 salutem.
1686 2132 1802 2185 Ali-

179 2218 289 2269 ter:
310 2219 576 2273 voluntas
597 2220 699 2273 Dei
718 2220 873 2275 bona
893 2226 977 2274 est
992 2222 1049 2275 in
1071 2224 1416 2293 conjugalis,
1440 2223 1804 2295 beneplacita

177 2308 229 2361 in
261 2312 708 2381 continentibus,
744 2317 1001 2385 perfecta
1021 2316 1079 2369 in
1129 2316 1478 2387 virginibus;
1516 2319 1603 2371 vel
1651 2318 1803 2372 bona

178 2402 230 2455 in
260 2420 376 2474 spe,
408 2406 565 2459 bona
595 2408 843 2477 pleniter
873 2408 929 2462 in
958 2410 1091 2473 ﬁde,
1127 2410 1382 2479 perfecta
1408 2411 1467 2463 in
1499 2411 1797 2465 charitate.

177 2495 237 2549 Et
264 2496 393 2551 ideo
425 2499 707 2554 admonet
733 2503 1024 2572 apostolus
1049 2504 1278 2570 Paulus,
1309 2508 1369 2557 ut
1396 2504 1451 2557 in
1484 2505 1644 2558 omni
1672 2509 1801 2558 actu

177 2593 383 2659 nostro,
425 2592 541 2646 sive
578 2594 890 2663 cogitandi,
944 2596 1057 2649 sive
1088 2597 1383 2667 loquendi,
1427 2598 1541 2651 sive
1584 2597 1801 2668 aliquid

175 2683 435 2753 faciendi,
481 2686 620 2740 illud
652 2704 881 2758 semper
922 2692 1043 2743 tota
1088 2690 1408 2744 intentione
1450 2708 1795 2761 quaeramus,

176 2776 306 2845 quid
334 2779 451 2832 Deo
469 2780 745 2850 placitum
777 2782 863 2835 sit.

238 2870 373 2926 DICO
411 2888 541 2927 ENIM
568 2890 669 2929 PER
702 2892 958 2941 GRATIAM,
1003 2893 1121 2939 ρι’λῐ
1158 2894 1293 2933 DATA
1333 2894 1426 2932 EST
1468 2894 1585 2932 MIHI
1634 2893 1796 2933 OMNI-

174 2978 266 3018 BUS
296 2982 386 3027 QUI
415 2981 551 3023 SUNT
580 2985 736 3023 INTER
765 2984 888 3037 VOS,
924 2956 1029 3025 NO‘N
1055 2987 1184 3026 I’LL'S
1215 2987 1417 3027 SAPEHE
1450 2988 1597 3034 QUAM
1630 2987 1798 3026 OPOR-

171 3073 259 3111 TET
288 3074 509 3115 suane.
545 3063 695 3117 More
726 3063 892 3117 solito
926 3065 1230 3135 Apostolus
1267 3083 1372 3136 per
1416 3065 1665 3135 gratiam
1694 3065 1798 3118 sibi

174 3150 355 3205 datam
376 3154 652 3224 loquitur,
682 3174 797 3210 non
826 3156 884 3210 in
912 3159 1181 3213 suasoriis
1208 3160 1476 3214 humana:
1504 3158 1797 3231 sapientiae.

1908 1950 2041 2020 quia
2068 1953 2283 2020 quanto
2304 1948 2430 2017 quis
2446 1947 2621 2000 fidem
2638 1946 2831 2012 habet,
2856 1948 3082 1998 tantum
3101 1944 3303 2014 accipit
3320 1944 3539 1997 donum

1907 2043 2085 2095 sancti
2117 2041 2376 2111 Spiritus.
2410 2040 2534 2093 Non
2563 2042 2843 2108 quantum
2873 2038 2990 2090 vult
3019 2037 3145 2106 quis
3176 2036 3399 2106 accipit,
3432 2052 3537 2088 nec

1909 2153 2053 2188 unus
2086 2135 2304 2195 omnia,
2332 2133 2430 2185 sed
2460 2132 2609 2185 inter
2628 2132 2846 2184 'omnes
2881 2146 2893 2182 :
2929 2130 3049 2182 Alii
3073 2130 3213 2182 enim
3251 2129 3417 2181 datur
3440 2144 3541 2197 per

1905 2229 2169 2298 Spiritum
2183 2244 2352 2280 sermo
2363 2225 2946 2296 sapientiawliisermo
2967 2224 3218 2283 scientize,
3243 2221 3536 2274 secundum

1906 2322 2146 2375 eumdem
2182 2319 2466 2389 Spiritum.
2512 2317 2768 2371 Dividens
2803 2315 3035 2381 singulis
3064 2318 3233 2382 prout
3283 2314 3419 2366 vult.
3470 2314 3539 2365 Et

1906 2414 2112 2467 iterum
2134 2430 2145 2466 :
2182 2414 2476 2479 Unicuique
2504 2411 2669 2463 datur
2689 2412 2745 2461 in
2759 2409 3197 2474 manifestatione
3217 2408 3443 2474 spiritus
3464 2405 3538 2458 ad

1902 2509 2213 2568 utilitatem,
2230 2505 2393 2575 juxta
2413 2502 2709 2574 propriam
2731 2500 2941 2554 scilicet
2953 2499 3535 2570 capacitatem,quan-

1906 2605 2024 2655 tum
2040 2601 2291 2653 humana
2314 2597 2589 2668 fragilitas
2606 2611 2813 2665 capere
2828 2596 3032 2664 potest.
3066 2591 3201 2645 Huic
3216 2591 3400 2644 simile
3415 2594 3502 2644 est
3522 2608 3535 2643 :

1900 2696 2166 2750 Habentes
2206 2694 2523 2746 donationes
2549 2690 2841 2743 secundum
2879 2688 3115 2754 gratiam
3142 2702 3262 2754 quae
3296 2686 3428 2738 data
3463 2690 3540 2739 est

1899 2790 2067 2854 vobis,
2100 2787 2425 2855 differentes.
2464 2784 2622 2838 Sicer
2664 2798 2790 2836 eam
2830 2797 2883 2835 1N
2927 2796 3031 2834 UNO
3080 2793 3324 2833 conpone
3360 2793 3533 2832 MULTA

1900 2898 2120 2937 MEMBRA
2161 2895 2429 2945 HABEMUS,
2476 2893 2645 2931 OMNIA
2684 2890 2859 2929 AUTEM
2909 2887 3125 2928 MEMBRA
3180 2887 3286 2926 NON
3318 2886 3533 2925 EUMDEM

1898 2992 2077 3031 ACTLTM
2105 2990 2330 3039 HABENT,
2365 2989 2450 3026 ITA
2478 2986 2638 3025 MULTI
2667 2984 2816 3023 UNUM
2850 2982 3057 3021 CORPUS
3090 2980 3264 3020 SUMUS
3287 2981 3339 3019 IN
3367 2965 3531 3019 CHRI‘

1902 3068 2266 3139 sro.Physice
2290 3066 2544 3135 loquitur
2570 3063 2862 3133 apostolus
2883 3060 3103 3125 Paulus,
3137 3058 3435 3128 disputans
3458 3044 3529 3111 de

1902 3161 2175 3216 membris
2194 3160 2521 3214 hominum.
2547 3155 2682 3220 Quis
2704 3154 2858 3208 enim
2878 3153 3139 3207 dubitare
3162 3154 3351 3221 potest
3377 3150 3531 3221 quod

174 3245 364 3314 verbis,
397 3265 514 3302 non
545 3266 651 3320 per
678 3251 1121 3322 philosophiam,
1164 3270 1267 3306 nec
1307 3254 1542 3307 inanem
1572 3253 1795 3323 jactan-
1820 3222 1874 3296 Ο
1902 3251 2578 3310 multasuntmembrain
2599 3247 2975 3319 corpore,sed
2991 3262 3105 3298 non
3136 3260 3318 3297 unum
3341 3248 3531 3298 actum

173 3336 323 3405 tiam,
366 3342 468 3394 sed
492 3359 593 3411 per
609 3344 857 3413 gratiam
875 3345 979 3398 sibi
1003 3345 1199 3399 datam
1220 3347 1490 3417 loquitur.
1528 3348 1621 3399 Est
1642 3345 1798 3399 enim

170 3433 340 3486 multa
361 3434 689 3490 differentia
714 3455 817 3508 per
832 3439 1081 3508 gratiam
1100 3440 1383 3517 loquentis
1406 3446 1462 3493 et
1481 3457 1584 3510 per
1597 3441 1793 3493 huma-

172 3539 294 3580 nam
312 3528 677 3598 jactantiam.
710 3532 866 3586 Multi
899 3532 1054 3586 enim
1083 3535 1405 3587 eluculento
1439 3550 1708 3588 sermone
1739 3534 1797 3586 et

168 3623 476 3691 composito
528 3624 841 3694 loquuntur
877 3626 1182 3696 rhetorice,
1214 3628 1313 3681 sed
1345 3628 1633 3682 auditores
1664 3644 1795 3681 suos

169 3730 274 3767 non
316 3716 631 3787 aedificant;
666 3719 963 3773 neminem
998 3720 1152 3774 enim
1185 3722 1259 3775 ad
1285 3722 1793 3793 eompunctionem

166 3814 393 3875 possunt
424 3811 686 3879 incitare,
712 3813 846 3884 quia
877 3814 1032 3885 quod
1059 3815 1243 3869 verbis
1272 3815 1488 3882 dicunt,
1525 3815 1794 3885 operibus

168 3899 480 3959 destruunt.
506 3905 572 3959 Hi
604 3907 745 3959 tales
773 3924 889 3961 non
914 3909 1226 3979 loquuntur
1246 3926 1349 3980 per
1378 3909 1792 3980 gratiam,quae

168 3992 293 4049 data
318 4001 402 4051 est
427 4000 625 4053 Paulo.
657 4001 725 4053 Et
753 4018 782 4054 e
810 4001 1052 4072 regione
1078 4006 1211 4055 sunt
1242 4002 1358 4069 alii,
1389 4003 1487 4073 qui
1520 4018 1634 4055 non
1665 4018 1787 4054 ma-

167 4102 272 4157 gna
292 4092 642 4163 eloquentia,
670 4094 772 4147 sed
802 4095 1138 4165 simpliciter
1162 4099 1386 4149 tantum
1404 4100 1462 4149 et
1493 4096 1788 4165 incompo-

166 4180 263 4235 site
288 4183 624 4256 loquuntur,
655 4191 911 4242 attamen
934 4189 1225 4244 auditores
1251 4206 1383 4244 suos
1403 4194 1459 4244 et
1480 4189 1691 4243 multos
1711 4188 1793 4241 in-

164 4272 411 4333 fidelium
445 4284 853 4335 converterunt
892 4282 1081 4353 potius
1122 4284 1341 4338 bonum
1379 4283 1695 4354 operando.
1722 4283 1791 4335 Et

164 4366 263 4422 hoc
290 4376 373 4424 est
391 4373 552 4443 loqui
572 4391 677 4444 per
696 4376 964 4446 gratiam,
990 4394 1116 4447 quas
1138 4378 1271 4431 data
1298 4381 1383 4431 est
1402 4378 1594 4431 Paulo.
1613 4376 1789 4430 Omni-

166 4459 253 4515 bus
273 4468 368 4533 qui
382 4472 512 4521 sunt
532 4470 672 4522 inter
690 4485 799 4535 vos,
817 4470 1030 4524 scilicet
1043 4471 1411 4542 presbyteris,
1430 4469 1784 4535 diaconibus,

1901 3348 2152 3403 habent?
2185 3347 2329 3409 Quia
2356 3361 2460 3398 nec
2488 3358 2695 3396 manus
2725 3340 3120 3410 loquitur,nec
3149 3353 3212 3391 os
3240 3340 3530 3407 operatur,

1898 3459 2003 3496 nec
2034 3440 2275 3495 audiunt
2308 3454 2495 3503 nares,
2521 3453 2625 3489 nec
2659 3433 2978 3488 odorantur
3004 3446 3219 3496 aures;-
3245 3429 3346 3483 sed
3383 3429 3529 3483 oculi

1896 3536 2112 3599 vident,
2142 3549 2308 3586 aures
2335 3530 2596 3595 audiunt,
2631 3544 2693 3581 os
2722 3526 2995 3596 loquitur,
3026 3540 3195 3577 nares
3218 3522 3531 3577 odorantur
3564 3578 3569 3585 ι

1899 3644 2104 3682 manus
2136 3625 2466 3695 operantur,
2493 3620 2671 3691 pedes
2700 3618 3054 3681 discurrunt;
3106 3620 3307 3669 tamen
3350 3631 3530 3669 unum

1896 3726 1981 3776 est
2009 3736 2233 3790 corpus,
2257 3720 2313 3770 et
2334 3714 2533 3770 omnia
2549 3713 2814 3767 membra
2836 3728 2894 3764 se
2920 3709 3201 3779 indigent.
3231 3710 3353 3762 Non
3374 3707 3526 3761 enim

1888 3819 2116 3887 possunt
2144 3826 2333 3865 manus
2360 3811 2534 3862 dicere
2563 3807 2787 3861 auribus
2815 3824 2830 3858 :
2867 3806 2987 3860 Non
3026 3804 3153 3856 estis
3178 3803 3314 3854 mihi
3352 3815 3525 3854 neces-

1892 3911 2055 3963 sarias
2095 3904 2271 3977 [Cod.,
2316 3900 2667 3971 necessarii];
2706 3914 2800 3952 nec
2839 3912 2997 3951 aures
3038 3895 3321 3949 manibus:
3351 3894 3526 3963 Opera

1893 4007 2072 4056 vestra
2096 4016 2201 4053 non
2227 3998 2551 4063 indigemus.
2577 3992 2691 4047 Sed
2702 3994 2751 4045 si
2776 3991 2909 4060 quid
2932 3990 3152 4059 patitur
3172 4003 3342 4041 unum
3368 4002 3524 4041 mem-

1895 4098 2067 4157 brum,
2109 4094 2513 4161 compatiuntur
2554 4088 2736 4141 omnia
2783 4084 3040 4145 membra,
3096 4082 3322 4136 dicente
3371 4084 3522 4151 Apo-

1894 4190 2065 4243 stolo:
2105 4189 2207 4244 Vos
2241 4188 2367 4239 estis
2390 4197 2582 4252 corpus
2604 4180 2824 4242 Christi,
2848 4183 2899 4233 et
2928 4178 3162 4232 membra
3183 4176 3248 4230 de
3278 4175 3529 4229 membris

1890 4285 2099 4339 vestris.
2133 4280 2245 4336 Sed
2278 4294 2465 4349 neque
2492 4274 2687 4330 omnia
2722 4272 2986 4327 membra
3023 4269 3292 4324 eumdem
3330 4271 3519 4323 actum

1892 4378 2127 4443 habent,
2162 4372 2296 4444 quia
2322 4372 2465 4426 alius
2494 4375 2578 4423 est
2603 4370 2660 4422 in
2706 4365 2955 4422 Ecclesia
2996 4363 3193 4417 oculus
3236 4360 3521 4427 videndo;

1890 4472 2031 4525 alius
2049 4486 2111 4523 os
2133 4467 2229 4538 qui
2249 4470 2399 4520 recte
2419 4463 2692 4534 praedicat
2716 4478 2729 4529 ;
2760 4460 2904 4513 alius
2915 4473 3123 4511 manus
3142 4456 3362 4508 bonum
3383 4470 3519 4523 ope-

164 4558 216 4657 et
248 4560 515 4614 omnibus
541 4561 639 4631 qui
660 4567 794 4616 sunt
822 4563 881 4617 in
911 4564 1168 4618 ecclesia.
1204 4564 1318 4619 Sed
1349 4563 1486 4635 quid
1511 4568 1596 4618 est
1630 4562 1786 4634 quod
1805 4586 1864 4657 D
1887 4564 2089 4629 rando,
2115 4566 2307 4614 tamen
2340 4576 2455 4611 non
2480 4558 2667 4627 potest
2694 4552 2837 4607 alius
2852 4552 2961 4604 alio
2990 4548 3093 4619 [Ita
3116 4548 3267 4616 Cod]
3289 4547 3478 4601 dicere
3505 4566 3517 4602 :

164 4646 306 4715 dicit,
324 4669 434 4707 non
438 4655 567 4723 plus
586 4671 775 4726 sapere
790 4674 953 4727 quam
972 4663 1177 4728 oportet
1191 4675 1381 4728 sapere
1396 4662 1424 4712 ?
1444 4675 1574 4712 cum
1600 4658 1786 4711 nullus

161 4742 396 4810 pleniter
423 4749 622 4803 omnia
640 4751 820 4820 possit
840 4752 1004 4822 scire,
1037 4752 1171 4822 quia
1185 4768 1279 4806 nec
1299 4754 1485 4807 oculus
1505 4752 1665 4813 vidit,
1694 4767 1787 4805 nec

163 4840 301 4893 auris
323 4842 565 4921 audivit,
587 4850 796 4913 quanta
827 4850 876 4900 et
901 4847 1093 4915 qualia
1122 4848 1463 4917 praeparavit
1488 4848 1628 4899 Deus
1656 4844 1782 4898 dili-

160 4934 398 4995 gentibus
417 4951 489 4991 se.
514 4937 581 4989 Et
598 4937 807 4992 iterum
825 4956 837 4993 :
854 4941 1143 4995 Oaltitudo
1166 4941 1486 4993 divitiarum
1502 4940 1787 5008 sapientiae

162 5029 208 5077 et
232 5030 467 5084 scientia
483 5033 614 5085 Dei!
643 5048 809 5101 quam
832 5035 1388 5104 incomprehensibilia
1418 5038 1546 5088 sunt
1566 5032 1786 5101 judicia

162 5116 288 5185 ejus,
308 5129 357 5177 et
370 5126 773 5194 investigabiles
784 5130 886 5182 viae
901 5128 1017 5197 ejus
1035 5131 1053 5183 !
1072 5130 1160 5183 Ea:
1170 5133 1339 5198 parte
1353 5130 1494 5182 enim
1510 5129 1783 5195 cognosci-

162 5227 311 5281 mus“
333 5222 384 5272 et
414 5233 483 5273 ea:
502 5224 665 5289 parte
693 5223 1098 5291 prophetamus.
1136 5224 1206 5276 Et
1240 5223 1331 5275 hic
1371 5221 1548 5275 dicit:
1583 5236 1786 5275 omnes

164 5306 727 5380 schismatici,omnes
742 5315 1098 5386 superbi,qui
1118 5317 1268 5369 male
1285 5316 1355 5370 de
1375 5316 1490 5369 Deo
1505 5314 1781 5380 sentiunt;

165 5414 372 5472 omnes,
392 5406 489 5477 qui
511 5424 579 5461 ea
600 5407 811 5463 docent
831 5426 958 5481 quae
986 5426 1091 5463 nec
1112 5410 1389 5465 Dominus
1412 5426 1516 5463 nec
1539 5407 1785 5480 apostoli

165 5491 491 5569 docuerunt,
547 5501 605 5555 hi
645 5519 848 5557 omnes
892 5505 1020 5575 plus
1063 5504 1294 5575 sapiunt
1335 5520 1511 5574 quam
1558 5504 1787 5573 oportet

166 5603 372 5659 Sapere.
419 5595 615 5648 Potest
644 5595 704 5649 in
738 5597 1009 5652 adversos
1033 5598 1309 5669 superbos
1338 5598 1652 5663 Romanos,
1686 5594 1785 5667 qui

165 5697 216 5735 se
245 5688 587 5746 extollebant
603 5690 874 5746 adversus
901 5692 1131 5761 olivam,
1169 5692 1374 5764 quibus
1404 5691 1563 5746 idem
1598 5689 1738 5744 dicit
1767 5706 1779 5744 :

164 5776 279 5835 Noli
291 5783 517 5850 gloriari
535 5784 794 5841 adversus
806 5801 1020 5853 ramos;
1046 5788 1193 5858 quod
1209 5789 1257 5842 si
1275 5786 1553 5857 gloriaris,
1585 5800 1693 5840 non
1725 5788 1786 5839 tu

166 5873 387 5933 radicem
405 5883 660 5951 portans,
688 5881 785 5936 sed
812 5880 979 5938 radix
1004 5886 1074 5938 te.
1104 5884 1246 5938 Dicit
1266 5896 1388 5951 ergo
1420 5881 1645 5935 :Fracti
1659 5883 1786 5934 sunt

1888 4658 2012 4711 Non
2036 4659 2093 4708 te
2115 4652 2371 4722 indigeo,
2406 4649 2542 4719 quia
2580 4662 2782 4701 omnes
2832 4659 2937 4696 nos
2968 4640 3327 4708 indigemus;
3375 4639 3519 4693 sicut

1888 4748 2230 4823 praedicator
2251 4743 2489 4814 quilibet
2507 4756 2624 4794 non
2644 4740 2833 4809 potest
2856 4735 3045 4789 dicere
3071 4732 3366 4802 subjectis:
3393 4733 3517 4787 Non

1886 4861 1986 4898 vos
2015 4838 2269 4909 indigeo,
2304 4835 2437 4906 quia
2482 4849 2711 4887 necesse
2744 4830 2919 4884 habet
2955 4829 3216 4898 sumptus
3260 4826 3518 4897 accipere

1890 4942 1950 4991 ut
1977 4935 2166 4989 valeat
2204 4929 2447 5000 implere
2483 4925 2737 4980 ofﬁcium
2787 4922 2893 4976 sibi
2932 4921 3327 4976 commissum.
3372 4921 3520 4975 Dicit

1889 5031 2046 5086 enim
2080 5025 2369 5099 apostolus
2395 5020 2601 5077 Paulus
2629 5036 2641 5073 :
2666 5019 2727 5073 Si
2750 5033 2846 5072 nos
2884 5017 3032 5071 vobis
3074 5016 3390 5086 spiritualia
3436 5030 3515 5069 se-

1887 5100 2234 5183 minavimus,
2266 5131 2521 5185 magnum
2542 5118 2619 5168 est
2646 5114 2694 5167 si
2724 5112 2971 5165 carnalia
2995 5115 3176 5164 vestra
3203 5114 3465 5163 metamus
3492 5111 3519 5161 ?

1887 5220 2106 5275 SINGULI
2138 5228 2314 5269 AUTEM
2338 5224 2505 5266 ALTER
2523 5221 2781 5263 ALTERIUS
2809 5219 3048 5268 manem,
3072 5202 3129 5255 id
3156 5204 3259 5268 est,
3280 5216 3388 5271 ego
3412 5200 3517 5253 tibi

1887 5329 2014 5367 sum
2042 5309 2258 5373 oculus,
2286 5305 2381 5358 ille
2408 5301 2551 5357 mihi
2582 5316 2702 5371 pes,
2730 5300 2793 5350 tu
2814 5296 2953 5350 mihi
2987 5311 3195 5349 manus
3227 5310 3240 5348 :
3267 5293 3346 5347 sic
3372 5292 3515 5346 invi-

1888 5398 2013 5462 ceni
2045 5418 2224 5458 onera
2250 5401 2447 5454 nostra
2474 5401 2794 5467 portamus,
2833 5405 3012 5443 unum
3057 5404 3263 5458 corpus
3298 5404 3513 5451 sumus,

1887 5505 1945 5556 et
1984 5500 2130 5554 alter
2162 5494 2395 5549 alterius
2434 5488 2719 5555 membra,
2770 5483 3081 5555 implentes
3119 5480 3304 5537 illud:
3363 5482 3518 5537 Alter

1887 5596 2111 5649 alterius
2140 5605 2306 5645 onera
2326 5590 2565 5657 portate,
2598 5588 2647 5638 et
2672 5582 2747 5634 sic
2774 5576 3140 5647 adimplebitis
3171 5576 3335 5642 legem
3361 5575 3513 5631 Chri-

1883 5692 1972 5746 sti.
1998 5689 2067 5741 Et
2094 5688 2203 5741 hoc
2230 5684 2289 5738 in
2307 5680 2529 5738 Christo
2556 5679 2708 5744 Jesu,
2738 5673 2873 5746 quia
2894 5671 2951 5726 in
2980 5670 3104 5741 ipso
3128 5669 3311 5738 nobis,
3335 5673 3394 5724 et
3412 5684 3515 5740 per

1885 5784 2074 5856 ipsum
2102 5779 2292 5835 omnis
2316 5772 2625 5831 tolerantia
2655 5770 2842 5837 datur,
2886 5768 2943 5822 et
2978 5763 3227 5832 dilectio,
3263 5766 3328 5817 ut
3372 5761 3512 5817 alte-

1885 5879 2111 5932 rutrum
2136 5873 2373 5928 sufferre
2406 5867 2710 5941 possimus.
