4016 6240
2058 576 2289 788 IV.

476 892 690 954 Lectio
724 888 1024 971 Epistolas
1067 889 1240 951 beati
1288 887 1470 971 Pauli
1519 886 1797 971 apostoli
1830 886 1909 947 ad
1940 885 2274 971 Romanos
2320 889 2453 962 (xn,
2491 884 2565 971 (il
2593 904 2607 944 :
2639 883 2926 971 Eratres,
2952 882 3269 971 habentes
3299 878 3723 944 donationem
3750 899 3841 942 se.

1262 962 1892 1047 cundum—gratiam,
1921 984 2066 1046 quae
2096 964 2254 1026 data
2284 972 2377 1026 est
2412 962 2615 1039 vobis,
2657 962 3042 1043 dz'ﬁerentes.

1701 1120 2117 1175 COMMENTUM
2169 1119 2589 1173 LUCULENTII.

543 1240 769 1295 Donum
799 1257 917 1293 non
949 1257 1013 1293 ex
1061 1243 1276 1307 nostro,
1323 1240 1421 1293 sed
1463 1256 1528 1293 ex
1574 1239 1842 1293 donantis
1884 1238 2099 1310 pendet
2120 1245 2323 1323 Atuas
2364 1241 2714 1293 aeternitates.
2755 1239 2857 1302 QUI
2916 1252 3268 1292 exaonmrrn
3328 1252 3381 1289 1N
3446 1247 3835 1289 exnonrsxno.

470 1333 723 1387 arbitrio.
759 1333 873 1387 Sed
906 1333 1249 1387 donationes
1271 1350 1399 1403 quae
1419 1334 1730 1399 donantur,
1765 1349 1908 1403 quas
1934 1332 1991 1385 in
2015 1349 2097 1385 se-

468 1425 774 1495 quentibus
802 1427 1106 1496 Apostolus
1132 1429 1505 1479 enumeratus
1536 1429 1640 1491 est,
1675 1425 1936 1496 superius
1962 1443 2093 1495 per-

467 1518 654 1571 tinent
699 1520 795 1572 ubi
836 1519 1052 1573 dixerat
1085 1536 1097 1572 :
1145 1521 1210 1572 In
1247 1536 1352 1572 uno
1396 1535 1615 1587 corpore
1648 1521 1822 1573 multa
1860 1519 2096 1573 membra

465 1612 718 1665 habemus
738 1630 755 1677 ;
777 1614 834 1663 et
852 1616 1003 1665 recte
1026 1612 1365 1665 donationes
1386 1615 1680 1678 vocantur,
1701 1612 1835 1683 quia
1851 1612 2098 1682 desuper

469 1703 688 1773 dantur~
712 1720 724 1757 :
762 1704 924 1757 Omne
956 1708 1098 1757 enim
1124 1706 1312 1758 datum
1341 1708 1603 1773 optimum
1632 1710 1682 1759 et
1704 1722 1855 1758 omne
1894 1707 2096 1758 donum

462 1800 765 1865 perfectum
790 1797 855 1850 de
884 1813 1099 1851 sursum
1131 1803 1226 1851 est.
1266 1799 1333 1850 Et
1378 1798 1517 1851 illud
1547 1799 1707 1851 Pauli
1738 1816 1749 1852 :
1780 1798 1937 1863 Quid-
1956 1801 2097 1851 enim

464 1890 626 1943 habes
652 1891 795 1958 quod
809 1906 913 1944 non
927 1893 1200 1959 accepisti,
1220 1894 1331 1944 etsi
1355 1893 1629 1960 accepisti,
1664 1893 1797 1960 quid
1818 1893 2093 1958 gloriaris,

466 1986 627 2051 quasi
645 1998 752 2038 non
775 1987 1040 2053 acceperis
1058 1987 1085 2037 ?
1110 1985 1175 2037 Et
1197 1988 1349 2037 recte
1364 1985 1499 2037 dicit
1523 2003 1534 2038 :
1563 2000 1844 2040 SECUNDUM
1860 2001 2093 2040 cauum

464 2091 583 2138 oue
630 2094 766 2131 DATA
814 2093 909 2131 EST
952 2093 1128 2144 voms,
1179 2094 1571 2143 DIFFERENTES;
1624 2078 1758 2148 quia
1813 2082 2093 2149 quantum

462 2169 646 2239 gratia
662 2169 840 2223 sancti
855 2170 1097 2240 Spiritus
1115 2171 1331 2235 tribuit,
1358 2175 1585 2224 tantum
1600 2172 1727 2241 quis
1750 2172 1993 2242 accepit,
2019 2172 2093 2225 si-

462 2263 826 2333 cutsuperius
848 2263 1070 2317 dixerat
1092 2281 1104 2317 :
1129 2268 1427 2333 Unicuique
1438 2268 1578 2318 sicut
1596 2268 1734 2318 Deus
1752 2266 1938 2319 divisit
1956 2282 2098 2319 men-

459 2370 643 2410 suram
671 2358 818 2425 ﬁdei.
850 2358 971 2410 Non
1006 2358 1161 2409 enim
1186 2358 1428 2427 quilibet
1458 2358 1564 2411 hoc
1614 2362 1714 2411 aut
1753 2358 1889 2411 illud
1941 2358 2095 2429 quod

463 2450 580 2503 vult
610 2450 831 2519 accipit,
867 2449 967 2502 sed
989 2450 1173 2519 gratia
1196 2451 1375 2504 sancti
1408 2451 1648 2520 Spiritus
1681 2451 1758 2504 illi
1786 2452 1979 2521 largiri
2009 2451 2091 2505 di-

462 2545 690 2613 gnatur.
724 2544 791 2595 Et
820 2542 968 2595 bene
1000 2542 1350 2607 differentes,
1383 2544 1517 2613 quia
1548 2544 1741 2597 differt
1770 2562 1885 2598 una
1914 2545 2090 2599 dona-

2198 1335 2352 1386 Inter
2391 1333 2596 1386 docere
2646 1334 2703 1384 et
2745 1330 3032 1385 exhortari
3076 1331 3180 1384 hoc
3213 1330 3452 1383 interest
3481 1344 3495 1381 :
3530 1327 3726 1396 major
3757 1330 3846 1377 est

2199 1426 2297 1496 qui
2318 1425 2485 1479 docet
2515 1442 2689 1494 quam
2727 1425 2824 1495 qui
2855 1424 3223 1489 exhortatur;
3255 1423 3464 1476 docere
3498 1437 3613 1473 non
3648 1423 3842 1489 potest

2198 1519 2305 1572 nisi
2338 1519 2409 1572 sit
2436 1518 2653 1585 doctus,
2683 1518 2819 1588 quia
2850 1518 2946 1588 qui
2972 1535 3087 1571 non
3120 1516 3291 1570 fuerit
3337 1514 3650 1584 discipulus
3690 1512 3839 1564 veri-

2198 1612 2349 1678 tatis,
2380 1611 2488 1664 erit
2514 1610 2793 1680 magister
2832 1611 3061 1664 erroris.
3106 1609 3403 1662 Exhortari
3448 1622 3584 1660 vero
3633 1621 3843 1659 omnes

2198 1707 2496 1775 possumus
2521 1704 2695 1758 dante
2722 1706 2862 1770 Deo,
2893 1703 3223 1774 quibonum
3252 1704 3543 1772 operatur,
3577 1703 3636 1753 et
3667 1702 3839 1752 caete-

2197 1815 2291 1852 ros
2322 1798 2395 1851 ad
2423 1796 2819 1867 peragendum
2852 1796 3130 1850 hortatur.
3178 1795 3316 1849 Hinc
3355 1793 3663 1865 Apostolus
3702 1790 3841 1844 dicit

2197 1892 2269 1945 ad
2301 1891 2487 1946 Titum
2513 1909 2525 1945 :
2558 1893 2683 1945 Haec
2715 1892 2927 1959 loquere
2952 1896 3002 1944 et
3030 1891 3331 1944 exhortari).
3366 1889 3435 1941 Et
3465 1887 3746 1941 Dominus
3778 1884 3838 1937 in

2197 1985 2505 2055 Evangelio
2541 2000 2553 2038 :
2578 1985 2666 2038 Sic
2698 1985 2873 2038 luceat
2906 1986 3001 2037 tur
3028 1987 3209 2037 vestra
3240 1998 3419 2037 coram
3446 1980 3756 2034 hominibus
3780 1983 3841 2031 ut

2194 2078 2415 2132 videant
2443 2094 2607 2148 opera
2630 2083 2808 2133 vestra
2848 2079 3005 2139 bona,
3051 2081 3102 2131 et
3151 2078 3451 2145 gloriﬁcent
3492 2078 3714 2130 Patrem
3758 2088 3843 2126 ve-

2196 2178 2368 2226 strum
2393 2175 2490 2241 qui
2518 2173 2577 2225 in
2604 2172 2747 2226 cert-is
2775 2177 2873 2225 est.

2269 2266 2373 2329 QUI
2403 2282 2614 2321 TRIBL‘II‘
2646 2283 2701 2320 IN
2732 2280 3122 2320 SlMPLlClTATE.
3158 2265 3236 2317 De
3260 2260 3735 2332 eleemosynariis
3757 2258 3839 2314 di-

2197 2359 2290 2426 cit,
2322 2358 2417 2430 qui
2462 2360 2765 2429 egentibus
2806 2359 3125 2412 necessaria
3166 2358 3445 2429 praebent.
3490 2356 3737 2425 Propter
3772 2354 3837 2408 il-

2196 2453 2295 2506 lud
2328 2470 2339 2506 :
2374 2453 2505 2506 Cum
2522 2455 2722 2507 videris
2740 2454 2970 2514 nudum,
3000 2455 3149 2521 operi
3176 2468 3315 2513 eum,
3351 2456 3401 2503 et
3429 2465 3646 2503 carnem
3680 2455 3835 2501 tuam

2194 2562 2260 2599 ne
2307 2548 2629 2615 despexeris.
2669 2546 2834 2610 Quod
2861 2546 2957 2616 qui
2983 2545 3138 2611 facit,
3172 2561 3303 2598 cum
3340 2542 3708 2613 simplicitate
3744 2541 3842 2594 de-

460 2635 541 2689 tio
571 2636 641 2688 ab
673 2636 801 2689 alia.
837 2637 954 2704 Ego
988 2636 1141 2688 enim
1172 2637 1357 2690 habeo
1389 2638 1539 2707 quod
1572 2639 1715 2690 alius
1747 2655 1864 2692 non
1898 2638 2090 2700 habet,
2114 2624 2170 2694 B
2194 2638 2290 2692 bet
2319 2641 2527 2705 facere,
2562 2657 2676 2693 non
2710 2656 2841 2693 cum
2880 2639 3135 2709 irrugata
3166 2637 3333 2691 facie.
3385 2638 3629 2690 Hilarem
3678 2634 3839 2688 enim

462 2732 519 2781 et
549 2732 609 2781 tu
642 2729 818 2781 habes
839 2729 994 2797 quod
1017 2746 1125 2798 ego
1154 2746 1341 2794 careo,
1377 2734 1434 2783 et
1457 2731 1547 2783 ille
1574 2731 1718 2784 alius
1752 2732 2091 2801 habetquod

462 2838 566 2875 nec
600 2838 707 2889 ego
741 2838 846 2874 nec
878 2824 936 2874 tu
978 2822 1278 2877 habemus.
1322 2823 1411 2877 Sic
1462 2824 1654 2877 differt
1705 2842 1819 2877 una
1865 2826 1936 2878 ab
1983 2825 2093 2879 alia

460 2915 791 2968 donatione.
825 2915 947 2968 Alii
986 2918 1154 2970 datur
1172 2934 1274 2985 per
1297 2919 1565 2986 Spiritum
1591 2934 1759 2972 sermo
1791 2921 2089 2988 sapientiae,

458 3009 559 3061 alii
593 3024 762 3063 sermo
799 3010 1053 3064 scientia}.
1098 3011 1291 3063 Nullus
1344 3011 1539 3064 omnia
1590 3011 1765 3064 habet
1813 3012 1921 3064 nis‘i
1970 3011 2089 3081 ipse

460 3102 629 3168 solus,
683 3120 853 3172 super
901 3120 1073 3173 quem
1109 3104 1459 3173 septiformis
1497 3105 1740 3175 Spiritus
1790 3105 2090 3175 requievit,

459 3196 549 3249 cui
583 3212 698 3248 non
722 3196 796 3249 ad
827 3213 1157 3249 mensuram
1181 3197 1279 3250 dat
1309 3198 1456 3250 Deus
1482 3198 1777 3268 Spiritum.
1807 3202 2088 3254 Craterum

458 3288 659 3341 ﬁdeles
685 3289 837 3341 inter
867 3306 1070 3342 omnes
1102 3290 1317 3343 habent
1337 3292 1552 3345 omnia.

528 3382 656 3436 SIVE
704 3398 1007 3437 PROPHETIA
1053 3399 1337 3439 SECUNDUM
1369 3402 1639 3440 RATIONEM
1668 3402 1826 3441 FIDEI.
1854 3388 1979 3441 Jam
2013 3387 2092 3440 in-

459 3475 596 3551 cipit
626 3492 967 3529 enumerare
997 3477 1338 3531 donationes
1380 3496 1507 3548 quae
1559 3478 1690 3545 sint,
1743 3480 1928 3550 primo
1966 3482 2090 3535 loco

457 3585 681 3641 ponens
708 3570 1093 3640 prophetiam.
1128 3572 1433 3641 Prophetia
1466 3572 1675 3625 dicitur
1706 3590 1831 3643 quae
1876 3592 1989 3628 non
2032 3574 2089 3627 in

460 3664 727 3734 praesenti
755 3664 997 3731 videtur,
1023 3665 1121 3718 sed
1154 3665 1211 3717 in
1245 3666 1437 3719 futuro
1478 3666 1789 3735 protendit.
1839 3668 1906 3720 Et
1943 3666 2089 3721 bene

461 3756 617 3824 dixit,
647 3759 938 3812 secundum
965 3760 1230 3811 rationem
1255 3759 1401 3826 ﬁdei,
1430 3759 1563 3828 quia
1592 3759 1734 3812 ﬁdes
1766 3759 1918 3813 illam
1966 3777 2092 3831 pro-

458 3850 689 3905 meruit.
720 3852 863 3904 Nam
893 3852 978 3904 lex
1002 3852 1085 3903 vel
1110 3851 1415 3921 prophetia
1442 3853 1759 3906 secundum
1790 3853 1965 3906 fidem
1997 3853 2091 3907 da-

460 3948 571 4009 tur,
608 3944 742 4013 quia
774 3948 1054 4013 quantum
1078 3943 1204 4013 quis
1223 3944 1609 4011 habetfidem,
1634 3949 1859 3999 tantum
1886 3946 2091 4017 accipit

459 4055 493 4091 a
524 4037 789 4100 Domino,
823 4036 1046 4090 Christo
1081 4037 1340 4091 dicente:
1378 4039 1528 4092 Sicut
1553 4041 1856 4101 credidisti,
1890 4044 1987 4108 ﬂat
2020 4044 2089 4095 ti-

462 4132 531 4183 bi.
563 4131 662 4183 Et:
697 4130 757 4183 Si
785 4131 911 4183 bene
942 4130 1238 4185 habueritis
1281 4132 1438 4199 ﬁdem
1480 4137 1541 4184 ut
1583 4149 1817 4198 manum
1860 4136 2091 4203 sinapis,

459 4225 705 4277 diceretis
731 4224 855 4275 huic
880 4226 1076 4277 monti:
1104 4225 1307 4277 Tollere
1329 4230 1379 4277 et
1404 4227 1612 4278 mittere
1642 4228 1699 4278 in
1723 4229 1885 4287 mari,
1919 4228 2096 4280 obedi-

459 4324 539 4373 ret
570 4318 737 4372 vobis.
763 4318 830 4370 Et
856 4318 912 4370 in
933 4319 1120 4371 Veteri
1140 4319 1504 4371 Testamento
1534 4318 1778 4388 legimus
1810 4319 2091 4390 quosdam

458 4430 563 4483 per
593 4412 765 4465 ﬁdem
801 4411 914 4466 Deo
957 4412 1268 4482 placuisse;
1320 4411 1463 4464 sicut
1509 4411 1820 4479 Abraham,
1865 4414 1935 4466 de
1980 4431 2092 4484 quo

459 4508 733 4578 scriptum
765 4509 885 4559 est:
921 4507 1162 4562 Credidit
1188 4505 1470 4558 Abraham
1503 4508 1626 4567 Deo,
1658 4511 1707 4559 et
1733 4512 1985 4575 putatum
2017 4513 2095 4561 est

457 4604 546 4656 illi
582 4602 655 4655 ad
684 4602 982 4669 justitiam.
1029 4598 1142 4651 Sed
1176 4597 1361 4666 magis
1393 4598 1450 4651 in
1483 4599 1659 4653 Novo.
1691 4602 1816 4655 Slva
1849 4618 2088 4656 )llNlSTE-

461 4711 593 4751 RIL‘M
637 4695 809 4765 [Cod.,
849 4691 1249 4763 mysterium];
1295 4709 1349 4747 IN
1383 4708 1764 4749 mmsrnssno.
1806 4695 1884 4747 De
1922 4694 2091 4747 minis

462 4788 591 4842 stris
628 4788 889 4842 Ecclesia:
921 4786 1076 4849 dicit,
1118 4785 1333 4839 scilicet
1352 4785 1705 4853 diaconibus,
1737 4787 2093 4841 subdiaconi-

460 4884 586 4949 bus,
610 4886 667 4936 et
699 4880 918 4935 creteris
946 4879 1261 4945 ordinibus,
1298 4896 1423 4950 quae
1453 4879 1549 4950 qui
1589 4880 1811 4950 accipit,
1846 4881 2093 4934 ﬁdeliter

462 4980 521 5031 et
549 4976 785 5031 sollicite
809 4989 1074 5027 exercere
1094 4972 1286 5037 debet,
1310 4977 1546 5043 propter
1576 4974 1746 5027 illud:
1775 4974 1903 5038 Quis
1926 4980 2092 5043 putas

461 5076 538 5126 est
565 5070 739 5139 ﬁdelis
769 5068 1106 5135 dispensator
1131 5072 1181 5118 et
1198 5067 1464 5134 prudens,
1497 5084 1654 5136 quem
1691 5070 1967 5121 constituit
1993 5071 2093 5123 Do-

458 5168 639 5220 minus
670 5177 802 5216 suus
834 5175 995 5228 super
1033 5160 1308 5226 familiam
1336 5163 1530 5213 suam?
1565 5160 1633 5213 Et
1671 5160 1716 5214 si
1760 5161 1886 5231 quis
1918 5161 2087 5216 mini-

459 5261 621 5324 strat,
650 5259 929 5325 tanquam
961 5270 1028 5307 ex
1058 5253 1264 5307 virtute
1296 5269 1471 5323 quam
1512 5252 1880 5309 administrat
1918 5255 2086 5310 Deus.

2193 2733 2435 2786 datorem
2466 2732 2648 2799 diligit
2679 2735 2850 2793 Deus;
2897 2736 2953 2784 et
2991 2732 3037 2785 si
3068 2732 3310 2784 hilarem
3361 2728 3568 2799 diligit,
3611 2727 3841 2781 tristem

2195 2825 2315 2878 sine
2348 2825 2520 2879 dubio
2553 2825 2692 2879 odit.
2729 2826 2796 2878 Et
2824 2825 2961 2878 alibi
2988 2842 3001 2878 :
3031 2828 3095 2879 In
3123 2827 3270 2878 omni
3306 2825 3431 2877 dato
3473 2823 3706 2876 hilarem
3747 2824 3843 2887 fac

2191 2920 2401 2972 vultum
2434 2924 2605 2972 tuum.
2634 2919 2730 2971 Vel
2764 2936 2893 2971 cum
2916 2918 3281 2988 simplicitate
3306 2916 3459 2983 facit,
3495 2932 3567 2969 ne
3596 2914 3841 2968 laudem

2194 3014 2453 3081 capietur
2482 3012 2552 3065 ab
2574 3011 2928 3065 hominibus.
2963 3013 3030 3065 Et
3055 3015 3291 3081 propter
3320 3009 3494 3063 illud:
3534 3009 3667 3063 Cum
3694 3010 3842 3075 facis

2192 3106 2567 3173 elemosynam,
2592 3109 2797 3159 nesciat
2821 3108 3045 3159 sinistra
3076 3110 3191 3158 tua.
3212 3104 3314 3167 QUI
3354 3118 3569 3158 PRxEl-ZST
3616 3118 3672 3156 Ix
3714 3116 3841 3156 SOL-

2195 3214 2514 3253 LlCITt'DlNE.
2550 3200 2628 3251 De
2658 3199 2744 3251 his
2772 3199 2926 3263 dicit,
2954 3199 3049 3268 qui
3074 3202 3327 3268 praesunt
3352 3197 3410 3249 in
3436 3196 3703 3261 Ecclesia,
3738 3196 3838 3265 qui

2194 3292 2381 3345 locum
2408 3292 2721 3361 magisterii
2746 3291 3055 3362 accipiunt,
3082 3291 3354 3344 admonet
3383 3293 3441 3342 ut
3464 3288 3691 3343 solliciti
3723 3288 3839 3341 sint

2194 3401 2365 3453 supra
2396 3401 2634 3453 gregem
2668 3385 2771 3437 sibi
2806 3384 3202 3450 commissum,
3234 3400 3307 3436 ne
3338 3383 3543 3452 aliquis
3590 3384 3842 3452 propter

2195 3477 2316 3546 ejus
2343 3477 2609 3531 inertiam
2644 3481 2859 3548 pereat,
2895 3482 2951 3531 et
2981 3478 3201 3531 dicatur
3232 3477 3283 3530 ei
3310 3493 3321 3529 :
3356 3477 3690 3543 Sanguinem
3720 3476 3846 3543 ejus

2193 3570 2258 3623 de
2282 3587 2450 3624 manu
2482 3576 2576 3624 tua
2596 3574 2889 3640 requiram.
2921 3571 3073 3634 Quos
3106 3571 3261 3623 idem
3291 3570 3569 3623 admonet
3598 3568 3800 3623 dicens
3826 3586 3840 3621 :

2192 3664 2472 3717 Attendite
2501 3665 2649 3718 vobis
2671 3670 2721 3718 et
2748 3668 2995 3718 universo
3025 3668 3193 3732 gregi.
3223 3664 3289 3717 Et
3328 3664 3540 3716 iterum
3577 3679 3590 3715 :
3630 3664 3847 3717 Pascite

2192 3760 2290 3826 qui
2315 3760 2373 3811 in
2393 3759 2539 3811 vobis
2566 3762 2643 3812 est
2663 3774 2871 3825 gregem
2900 3760 3014 3812 Dei.
3039 3758 3141 3821 QUI
3174 3771 3493 3821 MISERETUR,
3533 3772 3589 3811 IN
3619 3772 3839 3811 Πηληι-

2192 3868 2323 3906 mra
2364 3852 2551 3905 facere
2590 3850 2783 3917 debet,
2830 3851 2992 3921 juxta
3036 3851 3338 3921 praefatam
3383 3850 3698 3904 rationem.
3733 3851 3841 3904 Vel

2193 3944 2289 4014 qui
2322 3944 2598 3998 nescienti
2623 3944 2843 3999 litteras
2870 3944 3092 4011 imbuit,
3138 3961 3265 3997 eum
3305 3943 3598 3997 hilaritate
3639 3945 3837 3998 facere

2196 4037 2385 4103 debet,
2422 4038 2564 4091 sicut
2595 4038 2809 4091 dictum
2858 4042 2981 4091 est:
3027 4040 3093 4091 In
3121 4040 3269 4091 omni
3307 4039 3433 4091 dato
3471 4039 3707 4092 hilarem
3743 4042 3841 4105 fac

2193 4133 2403 4185 vultum
2428 4136 2599 4185 tuum.
2629 4133 2883 4186 DILECTIO
2918 4148 3037 4186 SINE
3059 4147 3435 4186 SIMULATIONE.
3472 4132 3719 4202 Fingere
3742 4148 3840 4185 re-

2194 4223 2505 4295 proborum
2539 4228 2642 4290 est,
2673 4225 2772 4295 qui
2799 4217 3005 4278 timent
3050 4242 3119 4279 ne
3171 4225 3520 4296 puniantur;
3565 4225 3837 4295 diligere,

2194 4317 2463 4383 ﬁliorum,
2496 4321 2552 4371 et
2583 4318 2711 4371 ideo
2740 4320 2894 4372 nulla
2919 4319 3113 4373 tinetio
3140 4319 3311 4372 debet
3337 4335 3458 4371 esse
3482 4318 3539 4371 in
3564 4319 3841 4373 Christia-

2196 4429 2289 4465 no.
2318 4411 2472 4465 Multi
2496 4411 2761 4465 videntur
2788 4412 3025 4482 diligere
3049 4413 3207 4479 foris,
3234 4412 3473 4465 interius
3496 4414 3838 4468 machinam-

2196 4509 2287 4558 tur
2306 4506 2557 4559 malum:
2593 4522 2842 4576 quorum
2877 4510 3075 4577 typum
3099 4506 3241 4560 Joab
3265 4505 3468 4572 tenuit,
3499 4508 3597 4577 qui
3630 4512 3837 4562 tenens

2194 4616 2373 4652 manu
2402 4616 2504 4653 sua
2529 4603 2789 4653 mentum
2811 4601 3057 4665 Amasae,
3087 4600 3282 4653 deﬁxit
3309 4601 3571 4670 gladium
3606 4602 3665 4655 in
3700 4618 3841 4656 ven-

2196 4695 2341 4745 trem
2375 4692 2514 4761 ejus.
2558 4693 2636 4746 De
2690 4692 2897 4747 talibus
2935 4694 3207 4764 scriptum
3248 4698 3335 4748 est
3360 4712 3374 4748 :
3398 4695 3707 4773 Simulator
3746 4712 3841 4751 ore

2193 4786 2393 4855 decipit
2412 4788 2646 4840 amicum
2660 4802 2836 4840 suum.
2868 4788 2935 4841 Et
2964 4788 3265 4842 Psalmista
3290 4805 3301 4842 :
3332 4790 3491 4844 Vana
3520 4791 3692 4843 locuti
3709 4798 3843 4845 sunt

2194 4881 2561 4954 unusquisque
2581 4881 2655 4933 ad
2672 4883 2981 4949 proximum
3010 4896 3187 4935 suum.
3221 4882 3288 4935 Et
3318 4881 3529 4936 iterum
3567 4901 3578 4936 :
3615 4882 3723 4948 Qui
3754 4885 3838 4938 lo-

2192 4978 2437 5042 quuntur
2456 4990 2649 5043 pacem
2682 4990 2801 5028 cum
2821 4977 3072 5044 promimo
3101 4990 3219 5036 suo,
3246 4977 3393 5030 mala
3416 4982 3598 5030 autem
3622 4983 3758 5031 sunt
3781 4982 3840 5031 in

2191 5067 2440 5120 cordibus
2466 5083 2666 5120 eorum.
2699 5067 2811 5121 Sed
2846 5068 2947 5121 viri
2979 5068 3287 5122 Christiani
3313 5069 3642 5135 dilectione,
3691 5070 3848 5126 sicut

2193 5158 2326 5225 dixi,
2358 5177 2472 5214 non
2491 5160 2758 5214 simulata
2786 5161 3000 5215 debent
3030 5178 3173 5229 esse,
3201 5162 3301 5216 sed
3322 5178 3451 5216 cum
3476 5163 3843 5220 exhibitione

2192 5254 2401 5324 operis,
2436 5260 2671 5325 propter
2699 5255 2839 5309 illud
2869 5272 2881 5310 :
2915 5256 3017 5322 Qui
3041 5257 3240 5311 viderit
3263 5260 3493 5324 fratrem
3540 5273 3699 5312 suum
3740 5276 3837 5313 nc-

458 5354 589 5409 vaa
622 5367 713 5414 om
744 5364 915 5403 nocer
948 5364 999 5402 IN
1032 5362 1318 5402 nocrmm.
1353 5347 1433 5399 De
1466 5346 1796 5402 doctoribus
1825 5349 2087 5403 Ecclesiae
2107 5360 2166 5432 D
2190 5349 2487 5401 cessitatem
2504 5351 2822 5418 patientem,
2853 5355 2905 5404 et
2947 5350 3207 5405 clauserit
3242 5353 3447 5405 viscera
3487 5366 3592 5406 sua
3642 5352 3711 5405 ab
3754 5369 3837 5413 eo,

458 5446 614 5513 dicit,
655 5444 751 5515 qui
779 5441 1163 5496 ministerium
1192 5438 1614 5510 praedicationis
1645 5446 1990 5513 acceperunt
2019 5443 2082 5497 fi-

459 5540 616 5596 deles
642 5537 807 5601 servi,
861 5539 918 5588 et
955 5550 1071 5587 non
1117 5533 1479 5588 abscondunt
1526 5535 1682 5605 quod
1720 5540 2081 5606 acceperunt.

457 5633 744 5703 Scriptum
778 5632 863 5682 est
898 5628 1091 5681 enim:
1123 5629 1404 5696 Sapientia
1432 5629 1772 5691 abscondita,
1804 5635 1854 5684 et
1878 5631 2087 5685 thesau-

454 5742 549 5781 rus
595 5725 825 5785 invisus,
857 5737 978 5791 quae
1007 5722 1218 5776 utilitas
1250 5723 1308 5775 in
1342 5724 1587 5792 utrisque
1607 5726 1635 5776 ?
1678 5724 1744 5776 Et
1776 5723 1977 5777 Daniel
2009 5723 2088 5778 di-

456 5820 573 5872 cit:
620 5817 768 5869 [)octi
794 5814 1085 5881 fulgebunt
1126 5819 1187 5868 ut
1223 5815 1480 5884 splendor
1517 5817 1872 5885 ﬁrmamenti;
1912 5818 1962 5870 et
1993 5820 2091 5886 qui

456 5910 527 5963 ad
538 5908 819 5975 justitiam
849 5908 1107 5961 erudiunt
1126 5908 1412 5979 plurimos,
1446 5911 1583 5963 sicut
1614 5910 1779 5964 stellze
1806 5913 1863 5965 in
1890 5926 2082 5983 perpr-

2188 5441 2450 5511 quomodo
2471 5442 2710 5496 charitas
2734 5445 2833 5497 Dei
2856 5448 3039 5499 manet
3064 5447 3124 5498 in
3145 5459 3202 5499 eo
3222 5447 3251 5498 ξ)

2258 5535 2528 5591 Ommres
2607 5553 2829 5604 MALUM,
2904 5553 3264 5593 annunerans
3332 5554 3497 5595 BONO.
3576 5540 3839 5597 0dientes

2186 5632 2410 5692 malum,
2447 5629 2503 5684 id
2536 5633 2621 5683 est
2647 5630 2961 5699 diabolum,
2998 5631 3069 5685 de
3111 5648 3225 5702 quo
3269 5632 3553 5686 Dominus
3593 5633 3734 5689 dicit
3776 5636 3833 5689 in

2186 5722 2496 5793 Evangelio
2531 5740 2542 5777 ε
2577 5725 2757 5779 Malus
2787 5726 2939 5780 homo
2978 5728 3429 5795 superseminavit
3462 5729 3737 5783 zizaniam
3778 5732 3835 5782 in

2187 5817 2361 5871 medio
2398 5820 2584 5880 tritici,
2627 5824 2677 5873 et
2705 5819 2864 5881 abiit,
2892 5824 2943 5874 et
2958 5822 3107 5874 venit
3130 5821 3329 5883 malus,
3363 5825 3414 5875 et
3446 5825 3658 5891 rapuit.
3709 5823 3829 5877 Ad-

2188 5911 2444 5967 haerentes
2473 5910 2625 5975 bono,
2659 5911 2717 5966 id
2757 5916 2841 5967 est
2885 5912 3130 5983 Christo,
3186 5913 3440 5971 dicentes
3488 5931 3623 5971 cum
3669 5915 3829 5972 Psal-
