  <div class='ocr_page' id='page_1' title='image "/cluster/home/n/w/nwhite01/storage/ocr_20150623/72/uva.x000827084/602.png"; bbox 0 0 4016 6240; ppageno 0'>
   <div class='ocr_carea' id='block_1_1' title="bbox 209 325 322 392">
    <p class='ocr_par' dir='ltr' id='par_1_1' title="bbox 209 325 322 392">
     <span class='ocr_line' id='line_1_1' title="bbox 209 325 322 392; baseline 0 0"><span class='ocrx_word' id='word_1_1' title='bbox 209 325 322 392; x_wconf 70' lang='grc'><strong>817</strong></span> 
     </span>
    </p>
   </div>
   <div class='ocr_carea' id='block_1_2' title="bbox 1471 327 2346 396">
    <p class='ocr_par' dir='ltr' id='par_1_2' title="bbox 1471 327 2346 396">
     <span class='ocr_line' id='line_1_2' title="bbox 1471 327 2346 396; baseline 0 -5"><span class='ocrx_word' id='word_1_2' title='bbox 1471 327 1540 392; x_wconf 85' lang='grc' dir='ltr'><strong>ΙΝ</strong></span> <span class='ocrx_word' id='word_1_3' title='bbox 1578 335 1721 396; x_wconf 78' lang='lat' dir='ltr'><strong>CAP.</strong></span> <span class='ocrx_word' id='word_1_4' title='bbox 1759 333 1851 394; x_wconf 81' lang='lat' dir='ltr'><strong>XII</strong></span> <span class='ocrx_word' id='word_1_5' title='bbox 1887 332 1976 394; x_wconf 76' lang='lat' dir='ltr'><strong>AD</strong></span> <span class='ocrx_word' id='word_1_6' title='bbox 2016 327 2346 393; x_wconf 78' lang='lat' dir='ltr'><strong>ROMANOS.</strong></span> 
     </span>
    </p>
   </div>
   <div class='ocr_carea' id='block_1_3' title="bbox 3476 319 3578 400">
    <p class='ocr_par' dir='ltr' id='par_1_3' title="bbox 3476 319 3578 400">
     <span class='ocr_line' id='line_1_3' title="bbox 3476 319 3578 400; baseline 0 0"><span class='ocrx_word' id='word_1_7' title='bbox 3476 319 3578 400; x_wconf 64' lang='lat' dir='ltr'><strong>hii</strong></span> 
     </span>
    </p>
   </div>
   <div class='ocr_carea' id='block_1_4' title="bbox 207 435 3579 528">
    <p class='ocr_par' dir='ltr' id='par_1_4' title="bbox 207 435 3579 528">
     <span class='ocr_line' id='line_1_4' title="bbox 207 435 3579 528; baseline 0.002 -28"><span class='ocrx_word' id='word_1_8' title='bbox 207 441 381 500; x_wconf 83' lang='lat' dir='ltr'><strong>mista</strong></span> <span class='ocrx_word' id='word_1_9' title='bbox 412 458 426 499; x_wconf 90' lang='lat'><strong>:</strong></span> <span class='ocrx_word' id='word_1_10' title='bbox 457 435 599 501; x_wconf 80' lang='lat' dir='ltr'><strong>Mihi</strong></span> <span class='ocrx_word' id='word_1_11' title='bbox 624 441 804 500; x_wconf 84' lang='lat' dir='ltr'><strong>autem</strong></span> <span class='ocrx_word' id='word_1_12' title='bbox 832 437 1108 500; x_wconf 74' lang='lat' dir='ltr'><strong>adhaerere</strong></span> <span class='ocrx_word' id='word_1_13' title='bbox 1142 445 1250 500; x_wconf 90' lang='lat' dir='ltr'><strong>Deo</strong></span> <span class='ocrx_word' id='word_1_14' title='bbox 1274 441 1470 500; x_wconf 87' lang='lat' dir='ltr'><strong>bonum</strong></span> <span class='ocrx_word' id='word_1_15' title='bbox 1495 451 1591 500; x_wconf 87' lang='lat' dir='ltr'><strong>est.</strong></span> <span class='ocrx_word' id='word_1_16' title='bbox 1619 445 1796 501; x_wconf 80' lang='lat' dir='ltr'><strong>Aliter</strong></span> <span class='ocrx_word' id='word_1_17' title='bbox 1827 465 1841 501; x_wconf 89' lang='lat'><strong>:</strong></span> <span class='ocrx_word' id='word_1_18' title='bbox 1867 455 1926 528; x_wconf 78' lang='grc' dir='ltr'><strong>Α</strong></span> <span class='ocrx_word' id='word_1_19' title='bbox 1946 445 2124 514; x_wconf 83' lang='lat' dir='ltr'><strong>detur,</strong></span> <span class='ocrx_word' id='word_1_20' title='bbox 2145 460 2250 500; x_wconf 88' lang='lat' dir='ltr'><strong>non</strong></span> <span class='ocrx_word' id='word_1_21' title='bbox 2275 447 2354 500; x_wconf 87' lang='lat' dir='ltr'><strong>est</strong></span> <span class='ocrx_word' id='word_1_22' title='bbox 2375 458 2513 515; x_wconf 72' lang='lat' dir='ltr'><strong>spes,</strong></span> <span class='ocrx_word' id='word_1_23' title='bbox 2537 439 2634 498; x_wconf 86' lang='lat' dir='ltr'><strong>sed</strong></span> <span class='ocrx_word' id='word_1_24' title='bbox 2659 455 2788 516; x_wconf 81' lang='lat' dir='ltr'><strong>quae</strong></span> <span class='ocrx_word' id='word_1_25' title='bbox 2815 461 2932 500; x_wconf 88' lang='lat' dir='ltr'><strong>non</strong></span> <span class='ocrx_word' id='word_1_26' title='bbox 2955 435 3195 503; x_wconf 86' lang='lat' dir='ltr'><strong>videtur.</strong></span> <span class='ocrx_word' id='word_1_27' title='bbox 3225 439 3287 504; x_wconf 82' lang='lat' dir='ltr'><strong>In</strong></span> <span class='ocrx_word' id='word_1_28' title='bbox 3315 447 3579 506; x_wconf 87' lang='lat' dir='ltr'><strong>omnibus</strong></span> 
     </span>
    </p>
   </div>
   <div class='ocr_carea' id='block_1_5' title="bbox 207 537 1844 608">
    <p class='ocr_par' dir='ltr' id='par_1_5' title="bbox 207 537 1844 608">
     <span class='ocr_line' id='line_1_5' title="bbox 207 537 1844 608; baseline -0.001 -14"><span class='ocrx_word' id='word_1_29' title='bbox 207 538 334 594; x_wconf 88' lang='lat' dir='ltr'><strong>odit</strong></span> <span class='ocrx_word' id='word_1_30' title='bbox 361 538 598 604; x_wconf 86' lang='lat' dir='ltr'><strong>malum,</strong></span> <span class='ocrx_word' id='word_1_31' title='bbox 633 537 694 593; x_wconf 89' lang='lat' dir='ltr'><strong>id</strong></span> <span class='ocrx_word' id='word_1_32' title='bbox 722 544 808 593; x_wconf 91' lang='lat' dir='ltr'><strong>est</strong></span> <span class='ocrx_word' id='word_1_33' title='bbox 831 537 965 592; x_wconf 86' lang='lat' dir='ltr'><strong>vitia</strong></span> <span class='ocrx_word' id='word_1_34' title='bbox 995 541 1051 592; x_wconf 89' lang='lat' dir='ltr'><strong>et</strong></span> <span class='ocrx_word' id='word_1_35' title='bbox 1075 541 1318 608; x_wconf 83' lang='lat' dir='ltr'><strong>peccata.</strong></span> <span class='ocrx_word' id='word_1_36' title='bbox 1346 538 1712 594; x_wconf 82' lang='lat' dir='ltr'><strong>Adheerentes</strong></span> <span class='ocrx_word' id='word_1_37' title='bbox 1742 539 1844 594; x_wconf 85' lang='lat' dir='ltr'><strong>bo-</strong></span> 
     </span>
    </p>
   </div>
   <div class='ocr_carea' id='block_1_6' title="bbox 207 631 1846 703">
    <p class='ocr_par' dir='ltr' id='par_1_6' title="bbox 207 631 1846 703">
     <span class='ocr_line' id='line_1_6' title="bbox 207 631 1846 703; baseline -0.001 -15"><span class='ocrx_word' id='word_1_38' title='bbox 207 649 311 701; x_wconf 90' lang='lat' dir='ltr'><strong>no,</strong></span> <span class='ocrx_word' id='word_1_39' title='bbox 335 632 640 687; x_wconf 79' lang='lat' dir='ltr'><strong>virtutibus</strong></span> <span class='ocrx_word' id='word_1_40' title='bbox 681 631 1088 703; x_wconf 86' lang='lat' dir='ltr'><strong>spiritualibus,</strong></span> <span class='ocrx_word' id='word_1_41' title='bbox 1131 647 1272 701; x_wconf 88' lang='lat' dir='ltr'><strong>quas</strong></span> <span class='ocrx_word' id='word_1_42' title='bbox 1303 637 1605 686; x_wconf 84' lang='lat' dir='ltr'><strong>enumerat</strong></span> <span class='ocrx_word' id='word_1_43' title='bbox 1641 633 1846 687; x_wconf 80' lang='lat' dir='ltr'><strong>Paulus</strong></span> 
     </span>
    </p>
   </div>
   <div class='ocr_carea' id='block_1_7' title="bbox 207 726 1842 796">
    <p class='ocr_par' dir='ltr' id='par_1_7' title="bbox 207 726 1842 796">
     <span class='ocr_line' id='line_1_7' title="bbox 207 726 1842 796; baseline -0.001 -14"><span class='ocrx_word' id='word_1_44' title='bbox 207 727 404 782; x_wconf 90' lang='lat' dir='ltr'><strong>dicens</strong></span> <span class='ocrx_word' id='word_1_45' title='bbox 433 745 446 780; x_wconf 94' lang='lat'><strong>:</strong></span> <span class='ocrx_word' id='word_1_46' title='bbox 480 729 704 782; x_wconf 84' lang='lat' dir='ltr'><strong>Fructus</strong></span> <span class='ocrx_word' id='word_1_47' title='bbox 730 730 804 780; x_wconf 89' lang='lat' dir='ltr'><strong>est</strong></span> <span class='ocrx_word' id='word_1_48' title='bbox 827 727 1075 796; x_wconf 77' lang='lat' dir='ltr'><strong>spiritus,</strong></span> <span class='ocrx_word' id='word_1_49' title='bbox 1109 726 1368 787; x_wconf 87' lang='lat' dir='ltr'><strong>charitas,</strong></span> <span class='ocrx_word' id='word_1_50' title='bbox 1399 727 1684 794; x_wconf 78' lang='lat' dir='ltr'><strong>gaudium,</strong></span> <span class='ocrx_word' id='word_1_51' title='bbox 1707 743 1842 796; x_wconf 58' lang='lat' dir='ltr'><strong>patr,</strong></span> 
     </span>
    </p>
   </div>
   <div class='ocr_carea' id='block_1_8' title="bbox 197 818 1847 892">
    <p class='ocr_par' dir='ltr' id='par_1_8' title="bbox 197 818 1847 892">
     <span class='ocr_line' id='line_1_8' title="bbox 197 818 1847 892; baseline -0.002 -17"><span class='ocrx_word' id='word_1_52' title='bbox 197 823 500 892; x_wconf 84' lang='lat' dir='ltr'><strong>patientia,</strong></span> <span class='ocrx_word' id='word_1_53' title='bbox 545 824 604 874; x_wconf 88' lang='lat' dir='ltr'><strong>et</strong></span> <span class='ocrx_word' id='word_1_54' title='bbox 643 824 848 874; x_wconf 60' lang='lat' dir='ltr'><strong>caetera</strong></span> <span class='ocrx_word' id='word_1_55' title='bbox 877 818 966 873; x_wconf 87' lang='lat' dir='ltr'><strong>his</strong></span> <span class='ocrx_word' id='word_1_56' title='bbox 1006 818 1231 874; x_wconf 85' lang='lat' dir='ltr'><strong>similia.</strong></span> <span class='ocrx_word' id='word_1_57' title='bbox 1287 819 1409 872; x_wconf 89' lang='lat' dir='ltr'><strong>Non</strong></span> <span class='ocrx_word' id='word_1_58' title='bbox 1453 819 1605 874; x_wconf 87' lang='lat' dir='ltr'><strong>edim</strong></span> <span class='ocrx_word' id='word_1_59' title='bbox 1641 818 1847 873; x_wconf 72' lang='lat' dir='ltr'><strong>sufficit</strong></span> 
     </span>
    </p>
   </div>
   <div class='ocr_carea' id='block_1_9' title="bbox 203 911 1844 980">
    <p class='ocr_par' dir='ltr' id='par_1_9' title="bbox 203 911 1844 980">
     <span class='ocr_line' id='line_1_9' title="bbox 203 911 1844 980; baseline -0.001 -12"><span class='ocrx_word' id='word_1_60' title='bbox 203 913 369 969; x_wconf 89' lang='lat' dir='ltr'><strong>odire</strong></span> <span class='ocrx_word' id='word_1_61' title='bbox 395 913 633 980; x_wconf 91' lang='lat' dir='ltr'><strong>malum,</strong></span> <span class='ocrx_word' id='word_1_62' title='bbox 667 912 776 968; x_wconf 92' lang='lat' dir='ltr'><strong>nisi</strong></span> <span class='ocrx_word' id='word_1_63' title='bbox 809 929 839 966; x_wconf 92' lang='lat' dir='ltr'><strong>e</strong></span> <span class='ocrx_word' id='word_1_64' title='bbox 869 911 1150 966; x_wconf 88' lang='lat' dir='ltr'><strong>contrario</strong></span> <span class='ocrx_word' id='word_1_65' title='bbox 1179 911 1538 966; x_wconf 66' lang='lat' dir='ltr'><strong>adhaereatur</strong></span> <span class='ocrx_word' id='word_1_66' title='bbox 1566 912 1736 966; x_wconf 89' lang='lat' dir='ltr'><strong>bono.</strong></span> <span class='ocrx_word' id='word_1_67' title='bbox 1769 912 1844 966; x_wconf 90' lang='lat' dir='ltr'><strong>De</strong></span> 
     </span>
    </p>
   </div>
   <div class='ocr_carea' id='block_1_10' title="bbox 201 1005 1840 1079">
    <p class='ocr_par' dir='ltr' id='par_1_10' title="bbox 201 1005 1840 1079">
     <span class='ocr_line' id='line_1_10' title="bbox 201 1005 1840 1079; baseline -0.001 -18"><span class='ocrx_word' id='word_1_68' title='bbox 201 1024 323 1079; x_wconf 93' lang='lat' dir='ltr'><strong>quo</strong></span> <span class='ocrx_word' id='word_1_69' title='bbox 371 1007 669 1062; x_wconf 87' lang='lat' dir='ltr'><strong>Psalmista</strong></span> <span class='ocrx_word' id='word_1_70' title='bbox 715 1005 885 1060; x_wconf 83' lang='lat' dir='ltr'><strong>dicit:</strong></span> <span class='ocrx_word' id='word_1_71' title='bbox 919 1007 1195 1061; x_wconf 88' lang='lat' dir='ltr'><strong>Declinaa</strong></span> <span class='ocrx_word' id='word_1_72' title='bbox 1239 1006 1383 1060; x_wconf 87' lang='lat' dir='ltr'><strong>malo</strong></span> <span class='ocrx_word' id='word_1_73' title='bbox 1412 1010 1462 1060; x_wconf 88' lang='lat' dir='ltr'><strong>et</strong></span> <span class='ocrx_word' id='word_1_74' title='bbox 1489 1007 1581 1071; x_wconf 90' lang='lat' dir='ltr'><strong>fac</strong></span> <span class='ocrx_word' id='word_1_75' title='bbox 1629 1007 1840 1060; x_wconf 89' lang='lat' dir='ltr'><strong>bonum.</strong></span> 
     </span>
    </p>
   </div>
   <div class='ocr_carea' id='block_1_11' title="bbox 200 1097 1846 1165">
    <p class='ocr_par' dir='ltr' id='par_1_11' title="bbox 200 1097 1846 1165">
     <span class='ocr_line' id='line_1_11' title="bbox 200 1097 1846 1165; baseline -0.003 -9"><span class='ocrx_word' id='word_1_76' title='bbox 200 1104 354 1156; x_wconf 78' lang='lat' dir='ltr'><strong>Ante</strong></span> <span class='ocrx_word' id='word_1_77' title='bbox 377 1105 532 1156; x_wconf 87' lang='lat' dir='ltr'><strong>certe</strong></span> <span class='ocrx_word' id='word_1_78' title='bbox 561 1100 777 1154; x_wconf 91' lang='lat' dir='ltr'><strong>malum</strong></span> <span class='ocrx_word' id='word_1_79' title='bbox 803 1099 960 1153; x_wconf 88' lang='lat' dir='ltr'><strong>odire</strong></span> <span class='ocrx_word' id='word_1_80' title='bbox 989 1099 1262 1153; x_wconf 89' lang='lat' dir='ltr'><strong>debemus</strong></span> <span class='ocrx_word' id='word_1_81' title='bbox 1293 1099 1606 1165; x_wconf 86' lang='lat' dir='ltr'><strong>hominem,</strong></span> <span class='ocrx_word' id='word_1_82' title='bbox 1636 1097 1846 1152; x_wconf 88' lang='lat' dir='ltr'><strong>scilicet</strong></span> 
     </span>
    </p>
   </div>
   <div class='ocr_carea' id='block_1_12' title="bbox 198 1191 1843 1262">
    <p class='ocr_par' dir='ltr' id='par_1_12' title="bbox 198 1191 1843 1262">
     <span class='ocr_line' id='line_1_12' title="bbox 198 1191 1843 1262; baseline -0.003 -13"><span class='ocrx_word' id='word_1_83' title='bbox 198 1211 322 1249; x_wconf 90' lang='lat' dir='ltr'><strong>non</strong></span> <span class='ocrx_word' id='word_1_84' title='bbox 355 1199 618 1248; x_wconf 87' lang='lat' dir='ltr'><strong>naturam</strong></span> <span class='ocrx_word' id='word_1_85' title='bbox 648 1193 790 1262; x_wconf 85' lang='lat' dir='ltr'><strong>ejus,</strong></span> <span class='ocrx_word' id='word_1_86' title='bbox 820 1193 917 1246; x_wconf 90' lang='lat' dir='ltr'><strong>sed</strong></span> <span class='ocrx_word' id='word_1_87' title='bbox 948 1192 1168 1246; x_wconf 82' lang='lat' dir='ltr'><strong>vitium.</strong></span> <span class='ocrx_word' id='word_1_88' title='bbox 1195 1192 1345 1246; x_wconf 88' lang='lat' dir='ltr'><strong>Sicut</strong></span> <span class='ocrx_word' id='word_1_89' title='bbox 1373 1192 1464 1246; x_wconf 89' lang='lat' dir='ltr'><strong>ille</strong></span> <span class='ocrx_word' id='word_1_90' title='bbox 1486 1191 1726 1246; x_wconf 86' lang='lat' dir='ltr'><strong>faciebat</strong></span> <span class='ocrx_word' id='word_1_91' title='bbox 1744 1191 1843 1262; x_wconf 86' lang='lat' dir='ltr'><strong>qui</strong></span> 
     </span>
    </p>
   </div>
   <div class='ocr_carea' id='block_1_13' title="bbox 200 1285 1840 1356">
    <p class='ocr_par' dir='ltr' id='par_1_13' title="bbox 200 1285 1840 1356">
     <span class='ocr_line' id='line_1_13' title="bbox 200 1285 1840 1356; baseline -0.003 -14"><span class='ocrx_word' id='word_1_92' title='bbox 200 1287 474 1342; x_wconf 88' lang='lat' dir='ltr'><strong>dicebat:</strong></span> <span class='ocrx_word' id='word_1_93' title='bbox 516 1290 736 1356; x_wconf 84' lang='lat' dir='ltr'><strong>Iniquos</strong></span> <span class='ocrx_word' id='word_1_94' title='bbox 779 1286 899 1341; x_wconf 88' lang='lat' dir='ltr'><strong>odio</strong></span> <span class='ocrx_word' id='word_1_95' title='bbox 942 1287 1126 1340; x_wconf 90' lang='lat' dir='ltr'><strong>habui.</strong></span> <span class='ocrx_word' id='word_1_96' title='bbox 1165 1286 1471 1340; x_wconf 70' lang='lat' dir='ltr'><strong>Adhaerere</strong></span> <span class='ocrx_word' id='word_1_97' title='bbox 1519 1285 1666 1339; x_wconf 90' lang='lat' dir='ltr'><strong>bono</strong></span> <span class='ocrx_word' id='word_1_98' title='bbox 1708 1301 1840 1356; x_wconf 86' lang='lat' dir='ltr'><strong>pro-</strong></span> 
     </span>
    </p>
   </div>
   <div class='ocr_carea' id='block_1_14' title="bbox 197 1381 1839 1452">
    <p class='ocr_par' dir='ltr' id='par_1_14' title="bbox 197 1381 1839 1452">
     <span class='ocr_line' id='line_1_14' title="bbox 197 1381 1839 1452; baseline -0.002 -16"><span class='ocrx_word' id='word_1_99' title='bbox 197 1387 330 1452; x_wconf 90' lang='lat' dir='ltr'><strong>pter</strong></span> <span class='ocrx_word' id='word_1_100' title='bbox 358 1381 536 1435; x_wconf 88' lang='lat' dir='ltr'><strong>illud:</strong></span> <span class='ocrx_word' id='word_1_101' title='bbox 586 1384 716 1438; x_wconf 84' lang='lat' dir='ltr'><strong>Cum</strong></span> <span class='ocrx_word' id='word_1_102' title='bbox 757 1385 940 1435; x_wconf 86' lang='lat' dir='ltr'><strong>sancto</strong></span> <span class='ocrx_word' id='word_1_103' title='bbox 967 1385 1186 1434; x_wconf 86' lang='lat' dir='ltr'><strong>sanctus</strong></span> <span class='ocrx_word' id='word_1_104' title='bbox 1213 1382 1335 1435; x_wconf 87' lang='lat' dir='ltr'><strong>eris.</strong></span> <span class='ocrx_word' id='word_1_105' title='bbox 1369 1381 1678 1434; x_wconf 78' lang='lat' dir='ltr'><strong>CHARITATE</strong></span> <span class='ocrx_word' id='word_1_106' title='bbox 1711 1395 1839 1433; x_wconf 73' lang='lat' dir='ltr'><strong>FRA-</strong></span> 
     </span>
    </p>
   </div>
   <div class='ocr_carea' id='block_1_15' title="bbox 197 1473 1844 1530">
    <p class='ocr_par' dir='ltr' id='par_1_15' title="bbox 197 1473 1844 1530">
     <span class='ocr_line' id='line_1_15' title="bbox 197 1473 1844 1530; baseline -0.002 0"><span class='ocrx_word' id='word_1_107' title='bbox 197 1491 517 1530; x_wconf 74' lang='lat' dir='ltr'><strong>TERNITATIS</strong></span> <span class='ocrx_word' id='word_1_108' title='bbox 571 1490 792 1530; x_wconf 72' lang='lat' dir='ltr'><strong>mvmeu</strong></span> <span class='ocrx_word' id='word_1_109' title='bbox 848 1490 1175 1528; x_wconf 71' lang='lat' dir='ltr'><strong>DIIJGENTES.</strong></span> <span class='ocrx_word' id='word_1_110' title='bbox 1240 1473 1320 1527; x_wconf 92' lang='lat' dir='ltr'><strong>lbi</strong></span> <span class='ocrx_word' id='word_1_111' title='bbox 1371 1479 1455 1527; x_wconf 85' lang='lat' dir='ltr'><strong>est</strong></span> <span class='ocrx_word' id='word_1_112' title='bbox 1512 1473 1665 1527; x_wconf 88' lang='lat' dir='ltr'><strong>enim</strong></span> <span class='ocrx_word' id='word_1_113' title='bbox 1715 1489 1844 1526; x_wconf 87' lang='lat' dir='ltr'><strong>vera</strong></span> 
     </span>
    </p>
   </div>
   <div class='ocr_carea' id='block_1_16' title="bbox 195 1566 1870 1635">
    <p class='ocr_par' dir='ltr' id='par_1_16' title="bbox 195 1566 1870 1635">
     <span class='ocr_line' id='line_1_16' title="bbox 195 1566 1870 1635; baseline -0.003 -12"><span class='ocrx_word' id='word_1_114' title='bbox 195 1569 546 1635; x_wconf 80' lang='lat' dir='ltr'><strong>fraternitas,</strong></span> <span class='ocrx_word' id='word_1_115' title='bbox 577 1568 672 1622; x_wconf 90' lang='lat' dir='ltr'><strong>ubi</strong></span> <span class='ocrx_word' id='word_1_116' title='bbox 721 1572 805 1622; x_wconf 86' lang='lat' dir='ltr'><strong>est</strong></span> <span class='ocrx_word' id='word_1_117' title='bbox 856 1584 990 1621; x_wconf 90' lang='lat' dir='ltr'><strong>vera</strong></span> <span class='ocrx_word' id='word_1_118' title='bbox 1019 1567 1281 1632; x_wconf 81' lang='lat' dir='ltr'><strong>Charitas,</strong></span> <span class='ocrx_word' id='word_1_119' title='bbox 1334 1570 1391 1620; x_wconf 87' lang='lat' dir='ltr'><strong>et</strong></span> <span class='ocrx_word' id='word_1_120' title='bbox 1419 1566 1547 1620; x_wconf 90' lang='lat' dir='ltr'><strong>ideo</strong></span> <span class='ocrx_word' id='word_1_121' title='bbox 1600 1566 1870 1619; x_wconf 79' lang='lat' dir='ltr'><strong>invicem&#39;</strong></span> 
     </span>
    </p>
   </div>
   <div class='ocr_carea' id='block_1_17' title="bbox 206 1655 1838 1728">
    <p class='ocr_par' dir='ltr' id='par_1_17' title="bbox 206 1655 1838 1728">
     <span class='ocr_line' id='line_1_17' title="bbox 206 1655 1838 1728; baseline -0.004 -17"><span class='ocrx_word' id='word_1_122' title='bbox 206 1656 452 1728; x_wconf 73' lang='lat' dir='ltr'><strong>diligere</strong></span> <span class='ocrx_word' id='word_1_123' title='bbox 485 1657 776 1723; x_wconf 87' lang='lat' dir='ltr'><strong>debemus,</strong></span> <span class='ocrx_word' id='word_1_124' title='bbox 827 1655 1047 1710; x_wconf 87' lang='lat' dir='ltr'><strong>dicente</strong></span> <span class='ocrx_word' id='word_1_125' title='bbox 1091 1655 1364 1709; x_wconf 90' lang='lat' dir='ltr'><strong>Domino:</strong></span> <span class='ocrx_word' id='word_1_126' title='bbox 1409 1658 1471 1710; x_wconf 87' lang='lat' dir='ltr'><strong>In</strong></span> <span class='ocrx_word' id='word_1_127' title='bbox 1512 1657 1606 1708; x_wconf 89' lang='lat' dir='ltr'><strong>hoc</strong></span> <span class='ocrx_word' id='word_1_128' title='bbox 1652 1669 1838 1722; x_wconf 88' lang='lat' dir='ltr'><strong>cogno-</strong></span> 
     </span>
    </p>
   </div>
   <div class='ocr_carea' id='block_1_18' title="bbox 1948 537 3572 612">
    <p class='ocr_par' dir='ltr' id='par_1_18' title="bbox 1948 537 3572 612">
     <span class='ocr_line' id='line_1_18' title="bbox 1948 537 3572 612; baseline 0.004 -20"><span class='ocrx_word' id='word_1_129' title='bbox 1948 538 2104 593; x_wconf 90' lang='lat' dir='ltr'><strong>enim</strong></span> <span class='ocrx_word' id='word_1_130' title='bbox 2128 555 2254 610; x_wconf 66' lang='lat' dir='ltr'><strong>quas</strong></span> <span class='ocrx_word' id='word_1_131' title='bbox 2279 537 2532 609; x_wconf 87' lang='lat' dir='ltr'><strong>patimur</strong></span> <span class='ocrx_word' id='word_1_132' title='bbox 2555 541 2788 610; x_wconf 86' lang='lat' dir='ltr'><strong>propter</strong></span> <span class='ocrx_word' id='word_1_133' title='bbox 2818 556 2977 610; x_wconf 88' lang='lat' dir='ltr'><strong>spem</strong></span> <span class='ocrx_word' id='word_1_134' title='bbox 3003 540 3249 612; x_wconf 86' lang='lat' dir='ltr'><strong>gaudere</strong></span> <span class='ocrx_word' id='word_1_135' title='bbox 3280 541 3572 612; x_wconf 84' lang='lat' dir='ltr'><strong>debemus,</strong></span> 
     </span>
    </p>
   </div>
   <div class='ocr_carea' id='block_1_19' title="bbox 1947 632 3577 703">
    <p class='ocr_par' dir='ltr' id='par_1_19' title="bbox 1947 632 3577 703">
     <span class='ocr_line' id='line_1_19' title="bbox 1947 632 3577 703; baseline 0.004 -17"><span class='ocrx_word' id='word_1_136' title='bbox 1947 634 2216 686; x_wconf 85' lang='lat' dir='ltr'><strong>monente</strong></span> <span class='ocrx_word' id='word_1_137' title='bbox 2242 632 2408 686; x_wconf 85' lang='lat' dir='ltr'><strong>Jacob</strong></span> <span class='ocrx_word' id='word_1_138' title='bbox 2437 632 2691 703; x_wconf 85' lang='lat' dir='ltr'><strong>apostolo</strong></span> <span class='ocrx_word' id='word_1_139' title='bbox 2715 648 2728 686; x_wconf 91' lang='lat'><strong>:</strong></span> <span class='ocrx_word' id='word_1_140' title='bbox 2775 633 2938 690; x_wconf 88' lang='lat' dir='ltr'><strong>Omne</strong></span> <span class='ocrx_word' id='word_1_141' title='bbox 2968 635 3230 703; x_wconf 83' lang='lat' dir='ltr'><strong>gaudium</strong></span> <span class='ocrx_word' id='word_1_142' title='bbox 3272 638 3577 692; x_wconf 70' lang='lat' dir='ltr'><strong>existimate</strong></span> 
     </span>
    </p>
   </div>
   <div class='ocr_carea' id='block_1_20' title="bbox 1943 727 3570 793">
    <p class='ocr_par' dir='ltr' id='par_1_20' title="bbox 1943 727 3570 793">
     <span class='ocr_line' id='line_1_20' title="bbox 1943 727 3570 793; baseline 0.002 -13"><span class='ocrx_word' id='word_1_143' title='bbox 1943 741 2055 787; x_wconf 74' lang='lat' dir='ltr'><strong>vos,</strong></span> <span class='ocrx_word' id='word_1_144' title='bbox 2088 727 2292 793; x_wconf 83' lang='lat' dir='ltr'><strong>fratres</strong></span> <span class='ocrx_word' id='word_1_145' title='bbox 2334 727 2456 787; x_wconf 89' lang='lat' dir='ltr'><strong>mei,</strong></span> <span class='ocrx_word' id='word_1_146' title='bbox 2498 742 2616 780; x_wconf 89' lang='lat' dir='ltr'><strong>cum</strong></span> <span class='ocrx_word' id='word_1_147' title='bbox 2643 728 2701 780; x_wconf 86' lang='lat' dir='ltr'><strong>in</strong></span> <span class='ocrx_word' id='word_1_148' title='bbox 2730 729 2898 780; x_wconf 84' lang='lat' dir='ltr'><strong>variis</strong></span> <span class='ocrx_word' id='word_1_149' title='bbox 2948 729 3335 783; x_wconf 89' lang='lat' dir='ltr'><strong>tentationibus</strong></span> <span class='ocrx_word' id='word_1_150' title='bbox 3365 731 3570 784; x_wconf 88' lang='lat' dir='ltr'><strong>incide-</strong></span> 
     </span>
    </p>
   </div>
   <div class='ocr_carea' id='block_1_21' title="bbox 1944 819 3571 888">
    <p class='ocr_par' dir='ltr' id='par_1_21' title="bbox 1944 819 3571 888">
     <span class='ocr_line' id='line_1_21' title="bbox 1944 819 3571 888; baseline 0.002 -15"><span class='ocrx_word' id='word_1_151' title='bbox 1944 820 2085 873; x_wconf 86' lang='lat' dir='ltr'><strong>ritis.</strong></span> <span class='ocrx_word' id='word_1_152' title='bbox 2131 819 2235 888; x_wconf 85' lang='lat' dir='ltr'><strong>Spe</strong></span> <span class='ocrx_word' id='word_1_153' title='bbox 2263 820 2572 888; x_wconf 84' lang='lat' dir='ltr'><strong>gaudentes,</strong></span> <span class='ocrx_word' id='word_1_154' title='bbox 2605 835 2662 872; x_wconf 78' lang='lat' dir='ltr'><strong>nv</strong></span> <span class='ocrx_word' id='word_1_155' title='bbox 2689 835 3079 874; x_wconf 75' lang='lat' dir='ltr'><strong>TRIBL’LATIONE</strong></span> <span class='ocrx_word' id='word_1_156' title='bbox 3135 837 3444 879; x_wconf 79' lang='lat' dir='ltr'><strong>PATIENTES.</strong></span> <span class='ocrx_word' id='word_1_157' title='bbox 3494 825 3571 878; x_wconf 89' lang='lat' dir='ltr'><strong>De</strong></span> 
     </span>
    </p>
   </div>
   <div class='ocr_carea' id='block_1_22' title="bbox 1947 911 3568 982">
    <p class='ocr_par' dir='ltr' id='par_1_22' title="bbox 1947 911 3568 982">
     <span class='ocr_line' id='line_1_22' title="bbox 1947 911 3568 982; baseline 0.004 -16"><span class='ocrx_word' id='word_1_158' title='bbox 1947 911 2154 982; x_wconf 88' lang='lat' dir='ltr'><strong>gaudio</strong></span> <span class='ocrx_word' id='word_1_159' title='bbox 2180 912 2332 966; x_wconf 91' lang='lat' dir='ltr'><strong>enim</strong></span> <span class='ocrx_word' id='word_1_160' title='bbox 2358 912 2476 982; x_wconf 87' lang='lat' dir='ltr'><strong>spei</strong></span> <span class='ocrx_word' id='word_1_161' title='bbox 2501 913 2702 966; x_wconf 84' lang='lat' dir='ltr'><strong>tolerat</strong></span> <span class='ocrx_word' id='word_1_162' title='bbox 2721 913 3136 982; x_wconf 88' lang='lat' dir='ltr'><strong>tribulationes,</strong></span> <span class='ocrx_word' id='word_1_163' title='bbox 3167 915 3376 970; x_wconf 89' lang='lat' dir='ltr'><strong>scilicet</strong></span> <span class='ocrx_word' id='word_1_164' title='bbox 3389 917 3568 972; x_wconf 90' lang='lat' dir='ltr'><strong>multo</strong></span> 
     </span>
    </p>
   </div>
   <div class='ocr_carea' id='block_1_23' title="bbox 1944 1005 3571 1079">
    <p class='ocr_par' dir='ltr' id='par_1_23' title="bbox 1944 1005 3571 1079">
     <span class='ocr_line' id='line_1_23' title="bbox 1944 1005 3571 1079; baseline 0.004 -20"><span class='ocrx_word' id='word_1_165' title='bbox 1944 1006 2162 1075; x_wconf 84' lang='lat' dir='ltr'><strong>majora</strong></span> <span class='ocrx_word' id='word_1_166' title='bbox 2189 1021 2307 1058; x_wconf 88' lang='lat' dir='ltr'><strong>esse</strong></span> <span class='ocrx_word' id='word_1_167' title='bbox 2336 1021 2462 1076; x_wconf 65' lang='lat' dir='ltr'><strong>quae</strong></span> <span class='ocrx_word' id='word_1_168' title='bbox 2491 1021 2594 1075; x_wconf 93' lang='lat' dir='ltr'><strong>pro</strong></span> <span class='ocrx_word' id='word_1_169' title='bbox 2619 1005 2728 1058; x_wconf 88' lang='lat' dir='ltr'><strong>illis</strong></span> <span class='ocrx_word' id='word_1_170' title='bbox 2759 1006 3036 1076; x_wconf 88' lang='lat' dir='ltr'><strong>promissa</strong></span> <span class='ocrx_word' id='word_1_171' title='bbox 3061 1012 3194 1060; x_wconf 88' lang='lat' dir='ltr'><strong>sunt</strong></span> <span class='ocrx_word' id='word_1_172' title='bbox 3219 1009 3472 1079; x_wconf 69' lang='lat' dir='ltr'><strong>praemia.</strong></span> <span class='ocrx_word' id='word_1_173' title='bbox 3503 1011 3571 1064; x_wconf 87' lang='lat' dir='ltr'><strong>Et</strong></span> 
     </span>
    </p>
   </div>
   <div class='ocr_carea' id='block_1_24' title="bbox 1943 1097 3566 1171">
    <p class='ocr_par' dir='ltr' id='par_1_24' title="bbox 1943 1097 3566 1171">
     <span class='ocr_line' id='line_1_24' title="bbox 1943 1097 3566 1171; baseline 0.002 -19"><span class='ocrx_word' id='word_1_174' title='bbox 1943 1098 2070 1153; x_wconf 90' lang='lat' dir='ltr'><strong>ideo</strong></span> <span class='ocrx_word' id='word_1_175' title='bbox 2094 1098 2155 1152; x_wconf 90' lang='lat' dir='ltr'><strong>in</strong></span> <span class='ocrx_word' id='word_1_176' title='bbox 2181 1097 2447 1153; x_wconf 89' lang='lat' dir='ltr'><strong>omnibus</strong></span> <span class='ocrx_word' id='word_1_177' title='bbox 2490 1098 2950 1152; x_wconf 85' lang='lat' dir='ltr'><strong>tribulationibus</strong></span> <span class='ocrx_word' id='word_1_178' title='bbox 2982 1099 3226 1169; x_wconf 87' lang='lat' dir='ltr'><strong>gaudere</strong></span> <span class='ocrx_word' id='word_1_179' title='bbox 3275 1101 3566 1171; x_wconf 75' lang='lat' dir='ltr'><strong>debemus,</strong></span> 
     </span>
    </p>
   </div>
   <div class='ocr_carea' id='block_1_25' title="bbox 1943 1191 3570 1265">
    <p class='ocr_par' dir='ltr' id='par_1_25' title="bbox 1943 1191 3570 1265">
     <span class='ocr_line' id='line_1_25' title="bbox 1943 1191 3570 1265; baseline 0.003 -20"><span class='ocrx_word' id='word_1_180' title='bbox 1943 1197 2178 1262; x_wconf 88' lang='lat' dir='ltr'><strong>propter</strong></span> <span class='ocrx_word' id='word_1_181' title='bbox 2205 1191 2341 1245; x_wconf 91' lang='lat' dir='ltr'><strong>illud</strong></span> <span class='ocrx_word' id='word_1_182' title='bbox 2373 1208 2387 1245; x_wconf 89' lang='lat'><strong>:</strong></span> <span class='ocrx_word' id='word_1_183' title='bbox 2415 1193 2572 1245; x_wconf 88' lang='lat' dir='ltr'><strong>Beati</strong></span> <span class='ocrx_word' id='word_1_184' title='bbox 2599 1194 2693 1261; x_wconf 89' lang='lat' dir='ltr'><strong>qui</strong></span> <span class='ocrx_word' id='word_1_185' title='bbox 2715 1195 3132 1261; x_wconf 86' lang='lat' dir='ltr'><strong>persecutionem</strong></span> <span class='ocrx_word' id='word_1_186' title='bbox 3141 1196 3431 1262; x_wconf 86' lang='lat' dir='ltr'><strong>patiuntur</strong></span> <span class='ocrx_word' id='word_1_187' title='bbox 3445 1211 3570 1265; x_wconf 88' lang='lat' dir='ltr'><strong>pro-</strong></span> 
     </span>
    </p>
   </div>
   <div class='ocr_carea' id='block_1_26' title="bbox 1941 1284 3570 1358">
    <p class='ocr_par' dir='ltr' id='par_1_26' title="bbox 1941 1284 3570 1358">
     <span class='ocr_line' id='line_1_26' title="bbox 1941 1284 3570 1358; baseline 0.004 -19"><span class='ocrx_word' id='word_1_188' title='bbox 1941 1291 2062 1356; x_wconf 84' lang='lat' dir='ltr'><strong>pter</strong></span> <span class='ocrx_word' id='word_1_189' title='bbox 2094 1285 2391 1354; x_wconf 77' lang='lat' dir='ltr'><strong>justitiam.</strong></span> <span class='ocrx_word' id='word_1_190' title='bbox 2429 1286 2496 1339; x_wconf 88' lang='lat' dir='ltr'><strong>Et</strong></span> <span class='ocrx_word' id='word_1_191' title='bbox 2518 1284 2728 1339; x_wconf 86' lang='lat' dir='ltr'><strong>iterum</strong></span> <span class='ocrx_word' id='word_1_192' title='bbox 2757 1301 2770 1338; x_wconf 90' lang='lat'><strong>:</strong></span> <span class='ocrx_word' id='word_1_193' title='bbox 2805 1287 2865 1340; x_wconf 86' lang='lat' dir='ltr'><strong>Si</strong></span> <span class='ocrx_word' id='word_1_194' title='bbox 2909 1286 3043 1354; x_wconf 86' lang='lat' dir='ltr'><strong>quid</strong></span> <span class='ocrx_word' id='word_1_195' title='bbox 3063 1289 3326 1356; x_wconf 74' lang='lat' dir='ltr'><strong>patimini</strong></span> <span class='ocrx_word' id='word_1_196' title='bbox 3351 1294 3570 1358; x_wconf 83' lang='lat' dir='ltr'><strong>propter</strong></span> 
     </span>
    </p>
   </div>
   <div class='ocr_carea' id='block_1_27' title="bbox 1931 1379 2417 1448">
    <p class='ocr_par' dir='ltr' id='par_1_27' title="bbox 1931 1379 2417 1448">
     <span class='ocr_line' id='line_1_27' title="bbox 1931 1379 2417 1448; baseline -0.002 -15"><span class='ocrx_word' id='word_1_197' title='bbox 1931 1379 2226 1448; x_wconf 84' lang='lat' dir='ltr'><strong>justitiam,</strong></span> <span class='ocrx_word' id='word_1_198' title='bbox 2257 1379 2417 1433; x_wconf 83' lang='lat' dir='ltr'><strong>beati.</strong></span> 
     </span>
    </p>
   </div>
   <div class='ocr_carea' id='block_1_28' title="bbox 2015 1473 3570 1542">
    <p class='ocr_par' dir='ltr' id='par_1_28' title="bbox 2015 1473 3570 1542">
     <span class='ocr_line' id='line_1_28' title="bbox 2015 1473 3570 1542; baseline 0.001 -14"><span class='ocrx_word' id='word_1_199' title='bbox 2015 1473 2281 1528; x_wconf 56' lang='lat' dir='ltr'><strong>One-nom</strong></span> <span class='ocrx_word' id='word_1_200' title='bbox 2331 1488 2642 1528; x_wconf 81' lang='lat' dir='ltr'><strong>INSTANTES.</strong></span> <span class='ocrx_word' id='word_1_201' title='bbox 2698 1473 3014 1528; x_wconf 87' lang='lat' dir='ltr'><strong>Necessaria</strong></span> <span class='ocrx_word' id='word_1_202' title='bbox 3054 1477 3138 1528; x_wconf 90' lang='lat' dir='ltr'><strong>est</strong></span> <span class='ocrx_word' id='word_1_203' title='bbox 3170 1475 3331 1528; x_wconf 82' lang='lat' dir='ltr'><strong>valde</strong></span> <span class='ocrx_word' id='word_1_204' title='bbox 3366 1477 3570 1542; x_wconf 86' lang='lat' dir='ltr'><strong>oratio,</strong></span> 
     </span>
    </p>
   </div>
   <div class='ocr_carea' id='block_1_29' title="bbox 1941 1565 3566 1638">
    <p class='ocr_par' dir='ltr' id='par_1_29' title="bbox 1941 1565 3566 1638">
     <span class='ocr_line' id='line_1_29' title="bbox 1941 1565 3566 1638; baseline 0.002 -18"><span class='ocrx_word' id='word_1_205' title='bbox 1941 1567 2074 1638; x_wconf 89' lang='lat' dir='ltr'><strong>quia</strong></span> <span class='ocrx_word' id='word_1_206' title='bbox 2102 1569 2165 1619; x_wconf 91' lang='lat' dir='ltr'><strong>ut</strong></span> <span class='ocrx_word' id='word_1_207' title='bbox 2191 1565 2477 1620; x_wconf 90' lang='lat' dir='ltr'><strong>tribulatio</strong></span> <span class='ocrx_word' id='word_1_208' title='bbox 2519 1565 2696 1636; x_wconf 84' lang='lat' dir='ltr'><strong>possit</strong></span> <span class='ocrx_word' id='word_1_209' title='bbox 2746 1566 2988 1632; x_wconf 89' lang='lat' dir='ltr'><strong>tolerari,</strong></span> <span class='ocrx_word' id='word_1_210' title='bbox 3018 1567 3279 1636; x_wconf 84' lang='lat' dir='ltr'><strong>precibus</strong></span> <span class='ocrx_word' id='word_1_211' title='bbox 3306 1571 3391 1621; x_wconf 87' lang='lat' dir='ltr'><strong>est</strong></span> <span class='ocrx_word' id='word_1_212' title='bbox 3429 1569 3566 1624; x_wconf 90' lang='lat' dir='ltr'><strong>insi-</strong></span> 
     </span>
    </p>
   </div>
   <div class='ocr_carea' id='block_1_30' title="bbox 1941 1659 3570 1716">
    <p class='ocr_par' dir='ltr' id='par_1_30' title="bbox 1941 1659 3570 1716">
     <span class='ocr_line' id='line_1_30' title="bbox 1941 1659 3570 1716; baseline 0.002 -4"><span class='ocrx_word' id='word_1_213' title='bbox 1941 1659 2222 1714; x_wconf 88' lang='lat' dir='ltr'><strong>stendum.</strong></span> <span class='ocrx_word' id='word_1_214' title='bbox 2269 1661 2499 1713; x_wconf 74' lang='lat' dir='ltr'><strong>Praestat</strong></span> <span class='ocrx_word' id='word_1_215' title='bbox 2542 1659 2698 1712; x_wconf 89' lang='lat' dir='ltr'><strong>enim</strong></span> <span class='ocrx_word' id='word_1_216' title='bbox 2726 1659 2880 1712; x_wconf 87' lang='lat' dir='ltr'><strong>vobis</strong></span> <span class='ocrx_word' id='word_1_217' title='bbox 2923 1659 3195 1713; x_wconf 83' lang='lat' dir='ltr'><strong>auxilium</strong></span> <span class='ocrx_word' id='word_1_218' title='bbox 3235 1660 3295 1714; x_wconf 92' lang='lat' dir='ltr'><strong>in</strong></span> <span class='ocrx_word' id='word_1_219' title='bbox 3325 1661 3570 1716; x_wconf 86' lang='lat' dir='ltr'><strong>adversis</strong></span> 
     </span>
    </p>
   </div>
   <div class='ocr_carea' id='block_1_31' title="bbox 197 1748 3568 1832">
    <p class='ocr_par' dir='ltr' id='par_1_31' title="bbox 197 1748 3568 1832">
     <span class='ocr_line' id='line_1_31' title="bbox 197 1748 3568 1832; baseline -0 -18"><span class='ocrx_word' id='word_1_220' title='bbox 197 1755 346 1804; x_wconf 74' lang='lat' dir='ltr'><strong>scent</strong></span> <span class='ocrx_word' id='word_1_221' title='bbox 371 1765 550 1804; x_wconf 82' lang='lat' dir='ltr'><strong>omnes</strong></span> <span class='ocrx_word' id='word_1_222' title='bbox 579 1751 710 1819; x_wconf 82' lang='lat' dir='ltr'><strong>quia</strong></span> <span class='ocrx_word' id='word_1_223' title='bbox 734 1752 840 1803; x_wconf 87' lang='lat' dir='ltr'><strong>mei</strong></span> <span class='ocrx_word' id='word_1_224' title='bbox 863 1752 989 1804; x_wconf 84' lang='lat' dir='ltr'><strong>estis</strong></span> <span class='ocrx_word' id='word_1_225' title='bbox 1015 1750 1292 1819; x_wconf 75' lang='lat' dir='ltr'><strong>discipuli.</strong></span> <span class='ocrx_word' id='word_1_226' title='bbox 1321 1751 1372 1832; x_wconf 80' lang='lat' dir='ltr'><strong>si</strong></span> <span class='ocrx_word' id='word_1_227' title='bbox 1389 1749 1726 1802; x_wconf 73' lang='lat' dir='ltr'><strong>dilectionem</strong></span> <span class='ocrx_word' id='word_1_228' title='bbox 1751 1748 1922 1832; x_wconf 82' lang='lat' dir='ltr'><strong>ha-__</strong></span> <span class='ocrx_word' id='word_1_229' title='bbox 1943 1757 2124 1811; x_wconf 80' lang='lat' dir='ltr'><strong>oratio</strong></span> <span class='ocrx_word' id='word_1_230' title='bbox 2147 1756 2392 1810; x_wconf 87' lang='lat' dir='ltr'><strong>assidua.</strong></span> <span class='ocrx_word' id='word_1_231' title='bbox 2439 1757 2504 1810; x_wconf 89' lang='lat' dir='ltr'><strong>Et</strong></span> <span class='ocrx_word' id='word_1_232' title='bbox 2545 1757 2668 1811; x_wconf 89' lang='lat' dir='ltr'><strong>ideo</strong></span> <span class='ocrx_word' id='word_1_233' title='bbox 2708 1756 2970 1828; x_wconf 76' lang='lat' dir='ltr'><strong>praecipit</strong></span> <span class='ocrx_word' id='word_1_234' title='bbox 2999 1757 3241 1810; x_wconf 79' lang='lat' dir='ltr'><strong>orationi</strong></span> <span class='ocrx_word' id='word_1_235' title='bbox 3291 1757 3568 1813; x_wconf 74' lang='lat' dir='ltr'><strong>insistere.</strong></span> 
     </span>
    </p>
   </div>
   <div class='ocr_carea' id='block_1_32' title="bbox 202 1827 3573 1920">
    <p class='ocr_par' dir='ltr' id='par_1_32' title="bbox 202 1827 3573 1920">
     <span class='ocr_line' id='line_1_32' title="bbox 202 1827 3573 1920; baseline 0 -23"><span class='ocrx_word' id='word_1_236' title='bbox 202 1844 430 1899; x_wconf 80' lang='lat' dir='ltr'><strong>bueritis</strong></span> <span class='ocrx_word' id='word_1_237' title='bbox 457 1845 534 1898; x_wconf 90' lang='lat' dir='ltr'><strong>ad</strong></span> <span class='ocrx_word' id='word_1_238' title='bbox 557 1845 800 1897; x_wconf 79' lang='lat' dir='ltr'><strong>invicem.</strong></span> <span class='ocrx_word' id='word_1_239' title='bbox 836 1842 1139 1898; x_wconf 82' lang='lat' dir='ltr'><strong>Sciendum</strong></span> <span class='ocrx_word' id='word_1_240' title='bbox 1171 1847 1254 1896; x_wconf 88' lang='lat' dir='ltr'><strong>est</strong></span> <span class='ocrx_word' id='word_1_241' title='bbox 1282 1831 1438 1896; x_wconf 85' lang='lat' dir='ltr'><strong>enim</strong></span> <span class='ocrx_word' id='word_1_242' title='bbox 1475 1841 1606 1912; x_wconf 86' lang='lat' dir='ltr'><strong>quia</strong></span> <span class='ocrx_word' id='word_1_243' title='bbox 1639 1841 1838 1894; x_wconf 86' lang='lat' dir='ltr'><strong>fratres</strong></span> <span class='ocrx_word' id='word_1_244' title='bbox 1857 1827 1922 1899; x_wconf 78' lang='grc' dir='ltr'><strong>Β</strong></span> <span class='ocrx_word' id='word_1_245' title='bbox 1943 1853 2006 1905; x_wconf 67' lang='lat' dir='ltr'><strong>Et</strong></span> <span class='ocrx_word' id='word_1_246' title='bbox 2036 1849 2304 1904; x_wconf 75' lang='lat' dir='ltr'><strong>Dominus</strong></span> <span class='ocrx_word' id='word_1_247' title='bbox 2327 1849 2386 1903; x_wconf 80' lang='lat' dir='ltr'><strong>in</strong></span> <span class='ocrx_word' id='word_1_248' title='bbox 2419 1850 2717 1919; x_wconf 66' lang='lat' dir='ltr'><strong>Evangelii)</strong></span> <span class='ocrx_word' id='word_1_249' title='bbox 2747 1867 2760 1903; x_wconf 73' lang='grc' dir='ltr'><strong>ε</strong></span> <span class='ocrx_word' id='word_1_250' title='bbox 2805 1827 2966 1906; x_wconf 58' lang='lat' dir='ltr'><strong>orate</strong></span> <span class='ocrx_word' id='word_1_251' title='bbox 2999 1867 3064 1904; x_wconf 79' lang='lat' dir='ltr'><strong>ne</strong></span> <span class='ocrx_word' id='word_1_252' title='bbox 3106 1854 3204 1920; x_wconf 79' lang='lat' dir='ltr'><strong>ﬁat</strong></span> <span class='ocrx_word' id='word_1_253' title='bbox 3230 1853 3369 1920; x_wconf 74' lang='lat' dir='ltr'><strong>fuga</strong></span> <span class='ocrx_word' id='word_1_254' title='bbox 3393 1855 3573 1910; x_wconf 75' lang='lat' dir='ltr'><strong>vestra</strong></span> 
     </span>
    </p>
   </div>
   <div class='ocr_carea' id='block_1_33' title="bbox 197 1932 1839 2006">
    <p class='ocr_par' dir='ltr' id='par_1_33' title="bbox 197 1932 1839 2006">
     <span class='ocr_line' id='line_1_33' title="bbox 197 1932 1839 2006; baseline -0.003 -16"><span class='ocrx_word' id='word_1_255' title='bbox 197 1936 419 1990; x_wconf 87' lang='lat' dir='ltr'><strong>uterini</strong></span> <span class='ocrx_word' id='word_1_256' title='bbox 452 1936 510 1990; x_wconf 89' lang='lat' dir='ltr'><strong>in</strong></span> <span class='ocrx_word' id='word_1_257' title='bbox 535 1941 758 1990; x_wconf 87' lang='lat' dir='ltr'><strong>tantum</strong></span> <span class='ocrx_word' id='word_1_258' title='bbox 791 1944 850 1988; x_wconf 74' lang='lat' dir='ltr'><strong>Se</strong></span> <span class='ocrx_word' id='word_1_259' title='bbox 881 1935 1145 2006; x_wconf 87' lang='lat' dir='ltr'><strong>diligunt,</strong></span> <span class='ocrx_word' id='word_1_260' title='bbox 1167 1939 1228 1988; x_wconf 91' lang='lat' dir='ltr'><strong>ut</strong></span> <span class='ocrx_word' id='word_1_261' title='bbox 1256 1951 1402 1987; x_wconf 90' lang='lat' dir='ltr'><strong>unus</strong></span> <span class='ocrx_word' id='word_1_262' title='bbox 1421 1950 1524 2004; x_wconf 91' lang='lat' dir='ltr'><strong>pro</strong></span> <span class='ocrx_word' id='word_1_263' title='bbox 1541 1933 1650 1988; x_wconf 91' lang='lat' dir='ltr'><strong>alio</strong></span> <span class='ocrx_word' id='word_1_264' title='bbox 1672 1932 1839 1986; x_wconf 88' lang='lat' dir='ltr'><strong>morti</strong></span> 
     </span>
    </p>
   </div>
   <div class='ocr_carea' id='block_1_34' title="bbox 198 2027 1838 2098">
    <p class='ocr_par' dir='ltr' id='par_1_34' title="bbox 198 2027 1838 2098">
     <span class='ocr_line' id='line_1_34' title="bbox 198 2027 1838 2098; baseline -0.004 -14"><span class='ocrx_word' id='word_1_265' title='bbox 198 2045 258 2084; x_wconf 87' lang='lat' dir='ltr'><strong>se</strong></span> <span class='ocrx_word' id='word_1_266' title='bbox 289 2029 495 2084; x_wconf 85' lang='lat' dir='ltr'><strong>tradat.</strong></span> <span class='ocrx_word' id='word_1_267' title='bbox 528 2030 593 2083; x_wconf 88' lang='lat' dir='ltr'><strong>Et</strong></span> <span class='ocrx_word' id='word_1_268' title='bbox 625 2029 672 2082; x_wconf 92' lang='lat' dir='ltr'><strong>si</strong></span> <span class='ocrx_word' id='word_1_269' title='bbox 717 2027 801 2082; x_wconf 90' lang='lat' dir='ltr'><strong>illi</strong></span> <span class='ocrx_word' id='word_1_270' title='bbox 828 2033 1050 2082; x_wconf 86' lang='lat' dir='ltr'><strong>tantum</strong></span> <span class='ocrx_word' id='word_1_271' title='bbox 1081 2044 1138 2080; x_wconf 92' lang='lat' dir='ltr'><strong>se</strong></span> <span class='ocrx_word' id='word_1_272' title='bbox 1174 2027 1437 2098; x_wconf 88' lang='lat' dir='ltr'><strong>diligunt,</strong></span> <span class='ocrx_word' id='word_1_273' title='bbox 1472 2030 1686 2097; x_wconf 89' lang='lat' dir='ltr'><strong>quanto</strong></span> <span class='ocrx_word' id='word_1_274' title='bbox 1714 2041 1838 2078; x_wconf 89' lang='lat' dir='ltr'><strong>ma-</strong></span> 
     </span>
    </p>
   </div>
   <div class='ocr_carea' id='block_1_35' title="bbox 200 2119 1836 2194">
    <p class='ocr_par' dir='ltr' id='par_1_35' title="bbox 200 2119 1836 2194">
     <span class='ocr_line' id='line_1_35' title="bbox 200 2119 1836 2194; baseline -0.002 -19"><span class='ocrx_word' id='word_1_275' title='bbox 200 2123 288 2194; x_wconf 85' lang='lat' dir='ltr'><strong>gis</strong></span> <span class='ocrx_word' id='word_1_276' title='bbox 318 2121 643 2193; x_wconf 86' lang='lat' dir='ltr'><strong>spirituales</strong></span> <span class='ocrx_word' id='word_1_277' title='bbox 672 2138 729 2176; x_wconf 91' lang='lat' dir='ltr'><strong>se</strong></span> <span class='ocrx_word' id='word_1_278' title='bbox 761 2121 968 2176; x_wconf 86' lang='lat' dir='ltr'><strong>debent</strong></span> <span class='ocrx_word' id='word_1_279' title='bbox 996 2121 1230 2191; x_wconf 84' lang='lat' dir='ltr'><strong>diligere</strong></span> <span class='ocrx_word' id='word_1_280' title='bbox 1261 2121 1274 2173; x_wconf 89' lang='lat' dir='ltr'><strong>l</strong></span> <span class='ocrx_word' id='word_1_281' title='bbox 1326 2121 1532 2174; x_wconf 90' lang='lat' dir='ltr'><strong>Omnes</strong></span> <span class='ocrx_word' id='word_1_282' title='bbox 1562 2119 1716 2173; x_wconf 89' lang='lat' dir='ltr'><strong>enim</strong></span> <span class='ocrx_word' id='word_1_283' title='bbox 1748 2135 1836 2173; x_wconf 88' lang='lat' dir='ltr'><strong>re-</strong></span> 
     </span>
    </p>
   </div>
   <div class='ocr_carea' id='block_1_36' title="bbox 200 2212 1834 2286">
    <p class='ocr_par' dir='ltr' id='par_1_36' title="bbox 200 2212 1834 2286">
     <span class='ocr_line' id='line_1_36' title="bbox 200 2212 1834 2286; baseline -0.002 -16"><span class='ocrx_word' id='word_1_284' title='bbox 200 2216 427 2286; x_wconf 90' lang='lat' dir='ltr'><strong>dempti</strong></span> <span class='ocrx_word' id='word_1_285' title='bbox 461 2214 519 2269; x_wconf 91' lang='lat' dir='ltr'><strong>in</strong></span> <span class='ocrx_word' id='word_1_286' title='bbox 547 2215 767 2269; x_wconf 76' lang='lat' dir='ltr'><strong>Christo</strong></span> <span class='ocrx_word' id='word_1_287' title='bbox 793 2215 994 2268; x_wconf 86' lang='lat' dir='ltr'><strong>fratres</strong></span> <span class='ocrx_word' id='word_1_288' title='bbox 1025 2231 1241 2280; x_wconf 89' lang='lat' dir='ltr'><strong>sumus,</strong></span> <span class='ocrx_word' id='word_1_289' title='bbox 1285 2213 1524 2268; x_wconf 90' lang='lat' dir='ltr'><strong>Domino</strong></span> <span class='ocrx_word' id='word_1_290' title='bbox 1565 2212 1786 2282; x_wconf 73' lang='lat' dir='ltr'><strong>dicente</strong></span> <span class='ocrx_word' id='word_1_291' title='bbox 1822 2229 1834 2266; x_wconf 93' lang='lat'><strong>:</strong></span> 
     </span>
    </p>
   </div>
   <div class='ocr_carea' id='block_1_37' title="bbox 195 2306 1832 2377">
    <p class='ocr_par' dir='ltr' id='par_1_37' title="bbox 195 2306 1832 2377">
     <span class='ocr_line' id='line_1_37' title="bbox 195 2306 1832 2377; baseline -0.003 -12"><span class='ocrx_word' id='word_1_292' title='bbox 195 2311 392 2365; x_wconf 89' lang='lat' dir='ltr'><strong>Omnes</strong></span> <span class='ocrx_word' id='word_1_293' title='bbox 433 2311 573 2363; x_wconf 87' lang='lat' dir='ltr'><strong>enim</strong></span> <span class='ocrx_word' id='word_1_294' title='bbox 605 2325 694 2363; x_wconf 82' lang='lat' dir='ltr'><strong>vos</strong></span> <span class='ocrx_word' id='word_1_295' title='bbox 739 2311 947 2375; x_wconf 76' lang='lat' dir='ltr'><strong>fratres</strong></span> <span class='ocrx_word' id='word_1_296' title='bbox 988 2310 1134 2362; x_wconf 84' lang='lat' dir='ltr'><strong>estis.</strong></span> <span class='ocrx_word' id='word_1_297' title='bbox 1191 2308 1264 2360; x_wconf 89' lang='lat' dir='ltr'><strong>De</strong></span> <span class='ocrx_word' id='word_1_298' title='bbox 1319 2324 1430 2377; x_wconf 91' lang='lat' dir='ltr'><strong>qua</strong></span> <span class='ocrx_word' id='word_1_299' title='bbox 1475 2306 1832 2360; x_wconf 82' lang='lat' dir='ltr'><strong>fraternitate</strong></span> 
     </span>
    </p>
   </div>
   <div class='ocr_carea' id='block_1_38' title="bbox 198 2400 1834 2471">
    <p class='ocr_par' dir='ltr' id='par_1_38' title="bbox 198 2400 1834 2471">
     <span class='ocr_line' id='line_1_38' title="bbox 198 2400 1834 2471; baseline -0.002 -15"><span class='ocrx_word' id='word_1_300' title='bbox 198 2406 431 2456; x_wconf 88' lang='lat' dir='ltr'><strong>sanctus</strong></span> <span class='ocrx_word' id='word_1_301' title='bbox 461 2401 631 2456; x_wconf 84' lang='lat' dir='ltr'><strong>David</strong></span> <span class='ocrx_word' id='word_1_302' title='bbox 663 2401 798 2455; x_wconf 73' lang='lat' dir='ltr'><strong>dicit</strong></span> <span class='ocrx_word' id='word_1_303' title='bbox 825 2421 838 2456; x_wconf 91' lang='lat'><strong>:</strong></span> <span class='ocrx_word' id='word_1_304' title='bbox 890 2405 1018 2456; x_wconf 83' lang='lat' dir='ltr'><strong>Ecce</strong></span> <span class='ocrx_word' id='word_1_305' title='bbox 1045 2417 1208 2471; x_wconf 88' lang='lat' dir='ltr'><strong>quam</strong></span> <span class='ocrx_word' id='word_1_306' title='bbox 1236 2401 1429 2454; x_wconf 88' lang='lat' dir='ltr'><strong>bonum</strong></span> <span class='ocrx_word' id='word_1_307' title='bbox 1473 2406 1522 2453; x_wconf 90' lang='lat' dir='ltr'><strong>et</strong></span> <span class='ocrx_word' id='word_1_308' title='bbox 1547 2417 1709 2469; x_wconf 86' lang='lat' dir='ltr'><strong>quam</strong></span> <span class='ocrx_word' id='word_1_309' title='bbox 1739 2400 1834 2467; x_wconf 86' lang='lat' dir='ltr'><strong>ju-</strong></span> 
     </span>
    </p>
   </div>
   <div class='ocr_carea' id='block_1_39' title="bbox 196 2495 1836 2562">
    <p class='ocr_par' dir='ltr' id='par_1_39' title="bbox 196 2495 1836 2562">
     <span class='ocr_line' id='line_1_39' title="bbox 196 2495 1836 2562; baseline -0.002 -12"><span class='ocrx_word' id='word_1_310' title='bbox 196 2496 438 2551; x_wconf 86' lang='lat' dir='ltr'><strong>cundum</strong></span> <span class='ocrx_word' id='word_1_311' title='bbox 487 2497 735 2550; x_wconf 85' lang='lat' dir='ltr'><strong>habitare</strong></span> <span class='ocrx_word' id='word_1_312' title='bbox 781 2497 986 2562; x_wconf 82' lang='lat' dir='ltr'><strong>fratres</strong></span> <span class='ocrx_word' id='word_1_313' title='bbox 1018 2498 1075 2548; x_wconf 88' lang='lat' dir='ltr'><strong>in</strong></span> <span class='ocrx_word' id='word_1_314' title='bbox 1103 2511 1269 2548; x_wconf 88' lang='lat' dir='ltr'><strong>unum</strong></span> <span class='ocrx_word' id='word_1_315' title='bbox 1349 2495 1575 2548; x_wconf 67' lang='lat' dir='ltr'><strong>llouone</strong></span> <span class='ocrx_word' id='word_1_316' title='bbox 1624 2509 1836 2548; x_wconf 71' lang='lat' dir='ltr'><strong>[NVICEM</strong></span> 
     </span>
    </p>
   </div>
   <div class='ocr_carea' id='block_1_40' title="bbox 197 2586 1837 2654">
    <p class='ocr_par' dir='ltr' id='par_1_40' title="bbox 197 2586 1837 2654">
     <span class='ocr_line' id='line_1_40' title="bbox 197 2586 1837 2654; baseline -0.002 -11"><span class='ocrx_word' id='word_1_317' title='bbox 197 2603 641 2654; x_wconf 67' lang='lat' dir='ltr'><strong>an&#39;emem&#39;es,</strong></span> <span class='ocrx_word' id='word_1_318' title='bbox 693 2588 752 2642; x_wconf 92' lang='lat' dir='ltr'><strong>id</strong></span> <span class='ocrx_word' id='word_1_319' title='bbox 803 2593 888 2642; x_wconf 87' lang='lat' dir='ltr'><strong>est</strong></span> <span class='ocrx_word' id='word_1_320' title='bbox 932 2588 1369 2642; x_wconf 84' lang='lat' dir='ltr'><strong>antevenientes.</strong></span> <span class='ocrx_word' id='word_1_321' title='bbox 1423 2587 1632 2642; x_wconf 89' lang='lat' dir='ltr'><strong>Omnes</strong></span> <span class='ocrx_word' id='word_1_322' title='bbox 1685 2586 1837 2640; x_wconf 88' lang='lat' dir='ltr'><strong>enim</strong></span> 
     </span>
    </p>
   </div>
   <div class='ocr_carea' id='block_1_41' title="bbox 195 2679 1834 2751">
    <p class='ocr_par' dir='ltr' id='par_1_41' title="bbox 195 2679 1834 2751">
     <span class='ocr_line' id='line_1_41' title="bbox 195 2679 1834 2751; baseline -0.002 -15"><span class='ocrx_word' id='word_1_323' title='bbox 195 2699 302 2736; x_wconf 89' lang='lat' dir='ltr'><strong>nos</strong></span> <span class='ocrx_word' id='word_1_324' title='bbox 337 2681 582 2736; x_wconf 83' lang='lat' dir='ltr'><strong>invicem</strong></span> <span class='ocrx_word' id='word_1_325' title='bbox 607 2681 844 2751; x_wconf 84' lang='lat' dir='ltr'><strong>diligere</strong></span> <span class='ocrx_word' id='word_1_326' title='bbox 870 2681 1142 2735; x_wconf 88' lang='lat' dir='ltr'><strong>debemus</strong></span> <span class='ocrx_word' id='word_1_327' title='bbox 1175 2684 1229 2734; x_wconf 86' lang='lat' dir='ltr'><strong>et</strong></span> <span class='ocrx_word' id='word_1_328' title='bbox 1258 2681 1475 2734; x_wconf 86' lang='lat' dir='ltr'><strong>honore</strong></span> <span class='ocrx_word' id='word_1_329' title='bbox 1502 2679 1834 2750; x_wconf 63' lang='lat' dir='ltr'><strong>praevenire,</strong></span> 
     </span>
    </p>
   </div>
   <div class='ocr_carea' id='block_1_42' title="bbox 194 2774 1839 2847">
    <p class='ocr_par' dir='ltr' id='par_1_42' title="bbox 194 2774 1839 2847">
     <span class='ocr_line' id='line_1_42' title="bbox 194 2774 1839 2847; baseline -0.002 -18"><span class='ocrx_word' id='word_1_330' title='bbox 194 2781 434 2847; x_wconf 84' lang='lat' dir='ltr'><strong>propter</strong></span> <span class='ocrx_word' id='word_1_331' title='bbox 463 2775 604 2828; x_wconf 91' lang='lat' dir='ltr'><strong>illud</strong></span> <span class='ocrx_word' id='word_1_332' title='bbox 637 2793 650 2828; x_wconf 91' lang='lat'><strong>:</strong></span> <span class='ocrx_word' id='word_1_333' title='bbox 706 2774 839 2828; x_wconf 84' lang='lat' dir='ltr'><strong>Cum</strong></span> <span class='ocrx_word' id='word_1_334' title='bbox 875 2779 1092 2828; x_wconf 73' lang='lat' dir='ltr'><strong>vocatus</strong></span> <span class='ocrx_word' id='word_1_335' title='bbox 1120 2776 1293 2840; x_wconf 85' lang='lat' dir='ltr'><strong>fueris</strong></span> <span class='ocrx_word' id='word_1_336' title='bbox 1337 2774 1411 2826; x_wconf 85' lang='lat' dir='ltr'><strong>ad</strong></span> <span class='ocrx_word' id='word_1_337' title='bbox 1459 2777 1700 2842; x_wconf 80' lang='lat' dir='ltr'><strong>nuptias,</strong></span> <span class='ocrx_word' id='word_1_338' title='bbox 1731 2789 1839 2826; x_wconf 88' lang='lat' dir='ltr'><strong>non</strong></span> 
     </span>
    </p>
   </div>
   <div class='ocr_carea' id='block_1_43' title="bbox 197 2865 1839 2938">
    <p class='ocr_par' dir='ltr' id='par_1_43' title="bbox 197 2865 1839 2938">
     <span class='ocr_line' id='line_1_43' title="bbox 197 2865 1839 2938; baseline -0.002 -14"><span class='ocrx_word' id='word_1_339' title='bbox 197 2869 510 2924; x_wconf 82' lang='lat' dir='ltr'><strong>discumbas</strong></span> <span class='ocrx_word' id='word_1_340' title='bbox 537 2870 595 2922; x_wconf 87' lang='lat' dir='ltr'><strong>in</strong></span> <span class='ocrx_word' id='word_1_341' title='bbox 614 2871 865 2938; x_wconf 63' lang='lat' dir='ltr'><strong>prorimo</strong></span> <span class='ocrx_word' id='word_1_342' title='bbox 889 2867 1016 2921; x_wconf 78' lang='lat' dir='ltr'><strong>loco.</strong></span> <span class='ocrx_word' id='word_1_343' title='bbox 1041 2867 1181 2921; x_wconf 79' lang='lat' dir='ltr'><strong>Dicit</strong></span> <span class='ocrx_word' id='word_1_344' title='bbox 1207 2872 1261 2922; x_wconf 87' lang='lat' dir='ltr'><strong>et</strong></span> <span class='ocrx_word' id='word_1_345' title='bbox 1285 2866 1418 2920; x_wconf 86' lang='lat' dir='ltr'><strong>alibi</strong></span> <span class='ocrx_word' id='word_1_346' title='bbox 1451 2866 1601 2920; x_wconf 86' lang='lat' dir='ltr'><strong>idem</strong></span> <span class='ocrx_word' id='word_1_347' title='bbox 1635 2883 1648 2920; x_wconf 89' lang='lat'><strong>:</strong></span> <span class='ocrx_word' id='word_1_348' title='bbox 1682 2865 1839 2920; x_wconf 84' lang='lat' dir='ltr'><strong>Alter</strong></span> 
     </span>
    </p>
   </div>
   <div class='ocr_carea' id='block_1_44' title="bbox 196 2960 1832 3033">
    <p class='ocr_par' dir='ltr' id='par_1_44' title="bbox 196 2960 1832 3033">
     <span class='ocr_line' id='line_1_44' title="bbox 196 2960 1832 3033; baseline -0.004 -15"><span class='ocrx_word' id='word_1_349' title='bbox 196 2965 432 3020; x_wconf 81' lang='lat' dir='ltr'><strong>alterius</strong></span> <span class='ocrx_word' id='word_1_350' title='bbox 455 2979 617 3018; x_wconf 87' lang='lat' dir='ltr'><strong>onera</strong></span> <span class='ocrx_word' id='word_1_351' title='bbox 637 2966 874 3033; x_wconf 84' lang='lat' dir='ltr'><strong>portate,</strong></span> <span class='ocrx_word' id='word_1_352' title='bbox 903 2965 954 3015; x_wconf 89' lang='lat' dir='ltr'><strong>et</strong></span> <span class='ocrx_word' id='word_1_353' title='bbox 977 2963 1054 3015; x_wconf 89' lang='lat' dir='ltr'><strong>sic</strong></span> <span class='ocrx_word' id='word_1_354' title='bbox 1081 2961 1450 3030; x_wconf 85' lang='lat' dir='ltr'><strong>adimplebitis</strong></span> <span class='ocrx_word' id='word_1_355' title='bbox 1488 2961 1653 3030; x_wconf 84' lang='lat' dir='ltr'><strong>legem</strong></span> <span class='ocrx_word' id='word_1_356' title='bbox 1681 2960 1832 3017; x_wconf 85' lang='lat' dir='ltr'><strong>Chri-</strong></span> 
     </span>
    </p>
   </div>
   <div class='ocr_carea' id='block_1_45' title="bbox 194 3052 1838 3126">
    <p class='ocr_par' dir='ltr' id='par_1_45' title="bbox 194 3052 1838 3126">
     <span class='ocr_line' id='line_1_45' title="bbox 194 3052 1838 3126; baseline -0.004 -14"><span class='ocrx_word' id='word_1_357' title='bbox 194 3061 290 3112; x_wconf 87' lang='lat' dir='ltr'><strong>sti.</strong></span> <span class='ocrx_word' id='word_1_358' title='bbox 327 3057 447 3111; x_wconf 80' lang='lat' dir='ltr'><strong>Non</strong></span> <span class='ocrx_word' id='word_1_359' title='bbox 481 3056 632 3110; x_wconf 91' lang='lat' dir='ltr'><strong>enim</strong></span> <span class='ocrx_word' id='word_1_360' title='bbox 661 3055 831 3110; x_wconf 84' lang='lat' dir='ltr'><strong>debes</strong></span> <span class='ocrx_word' id='word_1_361' title='bbox 861 3060 1187 3126; x_wconf 75' lang='lat' dir='ltr'><strong>exspectem</strong></span> <span class='ocrx_word' id='word_1_362' title='bbox 1211 3058 1274 3108; x_wconf 91' lang='lat' dir='ltr'><strong>ut</strong></span> <span class='ocrx_word' id='word_1_363' title='bbox 1303 3053 1428 3125; x_wconf 87' lang='lat' dir='ltr'><strong>quis</strong></span> <span class='ocrx_word' id='word_1_364' title='bbox 1458 3059 1512 3108; x_wconf 90' lang='lat' dir='ltr'><strong>te</strong></span> <span class='ocrx_word' id='word_1_365' title='bbox 1541 3053 1696 3124; x_wconf 88' lang='lat' dir='ltr'><strong>prius</strong></span> <span class='ocrx_word' id='word_1_366' title='bbox 1717 3052 1838 3107; x_wconf 91' lang='lat' dir='ltr'><strong>dili-</strong></span> 
     </span>
    </p>
   </div>
   <div class='ocr_carea' id='block_1_46' title="bbox 198 3146 1910 3262">
    <p class='ocr_par' dir='ltr' id='par_1_46' title="bbox 198 3146 1910 3262">
     <span class='ocr_line' id='line_1_46' title="bbox 198 3146 1910 3262; baseline -0.004 -57"><span class='ocrx_word' id='word_1_367' title='bbox 198 3154 323 3222; x_wconf 89' lang='lat' dir='ltr'><strong>gat,</strong></span> <span class='ocrx_word' id='word_1_368' title='bbox 354 3151 453 3204; x_wconf 89' lang='lat' dir='ltr'><strong>sed</strong></span> <span class='ocrx_word' id='word_1_369' title='bbox 492 3155 554 3204; x_wconf 91' lang='lat' dir='ltr'><strong>tu</strong></span> <span class='ocrx_word' id='word_1_370' title='bbox 603 3149 788 3220; x_wconf 88' lang='lat' dir='ltr'><strong>potius</strong></span> <span class='ocrx_word' id='word_1_371' title='bbox 813 3165 947 3202; x_wconf 88' lang='lat' dir='ltr'><strong>eum</strong></span> <span class='ocrx_word' id='word_1_372' title='bbox 978 3148 1145 3202; x_wconf 87' lang='lat' dir='ltr'><strong>debes</strong></span> <span class='ocrx_word' id='word_1_373' title='bbox 1175 3147 1489 3218; x_wconf 64' lang='lat' dir='ltr'><strong>praevenire</strong></span> <span class='ocrx_word' id='word_1_374' title='bbox 1521 3146 1831 3218; x_wconf 88' lang='lat' dir='ltr'><strong>diligendo,</strong></span> <span class='ocrx_word' id='word_1_375' title='bbox 1855 3186 1910 3262; x_wconf 65' lang='grc' dir='ltr'>Ο</span> 
     </span>
    </p>
   </div>
   <div class='ocr_carea' id='block_1_47' title="bbox 197 3241 1835 3316">
    <p class='ocr_par' dir='ltr' id='par_1_47' title="bbox 197 3241 1835 3316">
     <span class='ocr_line' id='line_1_47' title="bbox 197 3241 1835 3316; baseline -0.004 -18"><span class='ocrx_word' id='word_1_376' title='bbox 197 3245 335 3316; x_wconf 85' lang='lat' dir='ltr'><strong>quia</strong></span> <span class='ocrx_word' id='word_1_377' title='bbox 355 3243 402 3298; x_wconf 92' lang='lat' dir='ltr'><strong>si</strong></span> <span class='ocrx_word' id='word_1_378' title='bbox 431 3249 485 3298; x_wconf 88' lang='lat' dir='ltr'><strong>te</strong></span> <span class='ocrx_word' id='word_1_379' title='bbox 521 3243 664 3296; x_wconf 88' lang='lat' dir='ltr'><strong>alius</strong></span> <span class='ocrx_word' id='word_1_380' title='bbox 689 3243 848 3314; x_wconf 89' lang='lat' dir='ltr'><strong>prior</strong></span> <span class='ocrx_word' id='word_1_381' title='bbox 878 3241 1094 3312; x_wconf 83' lang='lat' dir='ltr'><strong>diligat,</strong></span> <span class='ocrx_word' id='word_1_382' title='bbox 1120 3241 1242 3312; x_wconf 90' lang='lat' dir='ltr'><strong>jam</strong></span> <span class='ocrx_word' id='word_1_383' title='bbox 1275 3258 1388 3294; x_wconf 91' lang='lat' dir='ltr'><strong>non</strong></span> <span class='ocrx_word' id='word_1_384' title='bbox 1419 3245 1537 3294; x_wconf 88' lang='lat' dir='ltr'><strong>tam</strong></span> <span class='ocrx_word' id='word_1_385' title='bbox 1566 3256 1835 3311; x_wconf 88' lang='lat' dir='ltr'><strong>magnam</strong></span> 
     </span>
    </p>
   </div>
   <div class='ocr_carea' id='block_1_48' title="bbox 195 3337 1832 3407">
    <p class='ocr_par' dir='ltr' id='par_1_48' title="bbox 195 3337 1832 3407">
     <span class='ocr_line' id='line_1_48' title="bbox 195 3337 1832 3407; baseline -0.003 -12"><span class='ocrx_word' id='word_1_386' title='bbox 195 3340 380 3395; x_wconf 85' lang='lat' dir='ltr'><strong>habes</strong></span> <span class='ocrx_word' id='word_1_387' title='bbox 410 3339 750 3393; x_wconf 87' lang='lat' dir='ltr'><strong>mercedem.</strong></span> <span class='ocrx_word' id='word_1_388' title='bbox 783 3341 846 3395; x_wconf 89' lang='lat' dir='ltr'><strong>Si</strong></span> <span class='ocrx_word' id='word_1_389' title='bbox 868 3340 1010 3392; x_wconf 86' lang='lat' dir='ltr'><strong>enim</strong></span> <span class='ocrx_word' id='word_1_390' title='bbox 1047 3339 1235 3407; x_wconf 83' lang='lat' dir='ltr'><strong>diligis</strong></span> <span class='ocrx_word' id='word_1_391' title='bbox 1265 3353 1350 3391; x_wconf 89' lang='lat' dir='ltr'><strong>eos</strong></span> <span class='ocrx_word' id='word_1_392' title='bbox 1384 3339 1481 3406; x_wconf 87' lang='lat' dir='ltr'><strong>qui</strong></span> <span class='ocrx_word' id='word_1_393' title='bbox 1505 3343 1552 3391; x_wconf 92' lang='lat' dir='ltr'><strong>te</strong></span> <span class='ocrx_word' id='word_1_394' title='bbox 1575 3337 1832 3404; x_wconf 87' lang='lat' dir='ltr'><strong>diligunt,</strong></span> 
     </span>
    </p>
   </div>
   <div class='ocr_carea' id='block_1_49' title="bbox 194 3431 1837 3506">
    <p class='ocr_par' dir='ltr' id='par_1_49' title="bbox 194 3431 1837 3506">
     <span class='ocr_line' id='line_1_49' title="bbox 194 3431 1837 3506; baseline -0.003 -18"><span class='ocrx_word' id='word_1_395' title='bbox 194 3451 364 3506; x_wconf 88' lang='lat' dir='ltr'><strong>quam</strong></span> <span class='ocrx_word' id='word_1_396' title='bbox 395 3431 685 3487; x_wconf 79' lang='lat' dir='ltr'><strong>mercedem</strong></span> <span class='ocrx_word' id='word_1_397' title='bbox 714 3433 931 3487; x_wconf 83' lang='lat' dir='ltr'><strong>habebis</strong></span> <span class='ocrx_word' id='word_1_398' title='bbox 961 3435 989 3486; x_wconf 81' lang='lat'><em>?</em></span> <span class='ocrx_word' id='word_1_399' title='bbox 1008 3447 1180 3486; x_wconf 85' lang='lat' dir='ltr'><strong>nonne</strong></span> <span class='ocrx_word' id='word_1_400' title='bbox 1206 3433 1404 3485; x_wconf 85' lang='lat' dir='ltr'><strong>ethnici</strong></span> <span class='ocrx_word' id='word_1_401' title='bbox 1426 3433 1520 3485; x_wconf 89' lang='lat' dir='ltr'><strong>hoc</strong></span> <span class='ocrx_word' id='word_1_402' title='bbox 1562 3432 1778 3498; x_wconf 86' lang='lat' dir='ltr'><strong>faciunt</strong></span> <span class='ocrx_word' id='word_1_403' title='bbox 1809 3433 1837 3483; x_wconf 86' lang='lat'><em>?</em></span> 
     </span>
    </p>
   </div>
   <div class='ocr_carea' id='block_1_50' title="bbox 267 3524 1838 3596">
    <p class='ocr_par' dir='ltr' id='par_1_50' title="bbox 267 3524 1838 3596">
     <span class='ocr_line' id='line_1_50' title="bbox 267 3524 1838 3596; baseline -0.003 -14"><span class='ocrx_word' id='word_1_404' title='bbox 267 3528 684 3582; x_wconf 80' lang='lat' dir='ltr'><strong>SOLI.[CITL‘DINE</strong></span> <span class='ocrx_word' id='word_1_405' title='bbox 737 3543 845 3580; x_wconf 79' lang='lat' dir='ltr'><strong>NON</strong></span> <span class='ocrx_word' id='word_1_406' title='bbox 902 3541 1064 3580; x_wconf 70' lang='lat' dir='ltr'><strong>metu.</strong></span> <span class='ocrx_word' id='word_1_407' title='bbox 1124 3525 1394 3596; x_wconf 85' lang='lat' dir='ltr'><strong>Superius</strong></span> <span class='ocrx_word' id='word_1_408' title='bbox 1445 3524 1690 3590; x_wconf 79' lang='lat' dir='ltr'><strong>dixerat,</strong></span> <span class='ocrx_word' id='word_1_409' title='bbox 1741 3526 1838 3593; x_wconf 86' lang='lat' dir='ltr'><strong>qui</strong></span> 
     </span>
    </p>
   </div>
   <div class='ocr_carea' id='block_1_51' title="bbox 185 3618 1830 3694">
    <p class='ocr_par' dir='ltr' id='par_1_51' title="bbox 185 3618 1830 3694">
     <span class='ocr_line' id='line_1_51' title="bbox 185 3618 1830 3694; baseline -0.003 -18"><span class='ocrx_word' id='word_1_410' title='bbox 185 3625 392 3694; x_wconf 66' lang='lat' dir='ltr'><strong>praeest</strong></span> <span class='ocrx_word' id='word_1_411' title='bbox 421 3623 480 3674; x_wconf 91' lang='lat' dir='ltr'><strong>in</strong></span> <span class='ocrx_word' id='word_1_412' title='bbox 498 3620 857 3675; x_wconf 85' lang='lat' dir='ltr'><strong>sollicitudine</strong></span> <span class='ocrx_word' id='word_1_413' title='bbox 883 3637 899 3684; x_wconf 88' lang='lat'><strong><em>;</em></strong></span> <span class='ocrx_word' id='word_1_414' title='bbox 931 3624 985 3673; x_wconf 91' lang='lat' dir='ltr'><strong>et</strong></span> <span class='ocrx_word' id='word_1_415' title='bbox 1014 3619 1126 3687; x_wconf 92' lang='lat' dir='ltr'><strong>hic,</strong></span> <span class='ocrx_word' id='word_1_416' title='bbox 1155 3618 1514 3672; x_wconf 84' lang='lat' dir='ltr'><strong>sollicitudine</strong></span> <span class='ocrx_word' id='word_1_417' title='bbox 1539 3633 1644 3672; x_wconf 88' lang='lat' dir='ltr'><strong>non</strong></span> <span class='ocrx_word' id='word_1_418' title='bbox 1659 3619 1830 3688; x_wconf 81' lang='lat' dir='ltr'><strong>pigri.</strong></span> 
     </span>
    </p>
   </div>
   <div class='ocr_carea' id='block_1_52' title="bbox 193 3709 1834 3788">
    <p class='ocr_par' dir='ltr' id='par_1_52' title="bbox 193 3709 1834 3788">
     <span class='ocr_line' id='line_1_52' title="bbox 193 3709 1834 3788; baseline -0.006 -15"><span class='ocrx_word' id='word_1_419' title='bbox 193 3713 472 3788; x_wconf 88' lang='lat' dir='ltr'><strong>Superius</strong></span> <span class='ocrx_word' id='word_1_420' title='bbox 499 3713 894 3780; x_wconf 88' lang='lat' dir='ltr'><strong>admonuerat,</strong></span> <span class='ocrx_word' id='word_1_421' title='bbox 926 3711 1018 3766; x_wconf 91' lang='lat' dir='ltr'><strong>hic</strong></span> <span class='ocrx_word' id='word_1_422' title='bbox 1039 3729 1236 3766; x_wconf 89' lang='lat' dir='ltr'><strong>omnes</strong></span> <span class='ocrx_word' id='word_1_423' title='bbox 1254 3712 1534 3766; x_wconf 85' lang='lat' dir='ltr'><strong>hortatur.</strong></span> <span class='ocrx_word' id='word_1_424' title='bbox 1560 3711 1662 3766; x_wconf 90' lang='lat' dir='ltr'><strong>Sed</strong></span> <span class='ocrx_word' id='word_1_425' title='bbox 1697 3709 1834 3781; x_wconf 87' lang='lat' dir='ltr'><strong>quid</strong></span> 
     </span>
    </p>
   </div>
   <div class='ocr_carea' id='block_1_53' title="bbox 193 3805 1834 3879">
    <p class='ocr_par' dir='ltr' id='par_1_53' title="bbox 193 3805 1834 3879">
     <span class='ocr_line' id='line_1_53' title="bbox 193 3805 1834 3879; baseline -0.004 -15"><span class='ocrx_word' id='word_1_426' title='bbox 193 3815 282 3864; x_wconf 88' lang='lat' dir='ltr'><strong>est</strong></span> <span class='ocrx_word' id='word_1_427' title='bbox 311 3808 468 3879; x_wconf 89' lang='lat' dir='ltr'><strong>quod</strong></span> <span class='ocrx_word' id='word_1_428' title='bbox 497 3807 632 3861; x_wconf 90' lang='lat' dir='ltr'><strong>dicit</strong></span> <span class='ocrx_word' id='word_1_429' title='bbox 656 3823 669 3860; x_wconf 90' lang='lat'><strong>:</strong></span> <span class='ocrx_word' id='word_1_430' title='bbox 704 3807 1076 3863; x_wconf 87' lang='lat' dir='ltr'><strong>Sollicitudine</strong></span> <span class='ocrx_word' id='word_1_431' title='bbox 1094 3822 1202 3860; x_wconf 88' lang='lat' dir='ltr'><strong>non</strong></span> <span class='ocrx_word' id='word_1_432' title='bbox 1221 3808 1392 3875; x_wconf 83' lang='lat' dir='ltr'><strong>pigri,</strong></span> <span class='ocrx_word' id='word_1_433' title='bbox 1415 3821 1544 3858; x_wconf 90' lang='lat' dir='ltr'><strong>cum</strong></span> <span class='ocrx_word' id='word_1_434' title='bbox 1567 3805 1834 3858; x_wconf 89' lang='lat' dir='ltr'><strong>Dominus</strong></span> 
     </span>
    </p>
   </div>
   <div class='ocr_carea' id='block_1_54' title="bbox 194 3898 1838 3970">
    <p class='ocr_par' dir='ltr' id='par_1_54' title="bbox 194 3898 1838 3970">
     <span class='ocr_line' id='line_1_54' title="bbox 194 3898 1838 3970; baseline -0.003 -13"><span class='ocrx_word' id='word_1_435' title='bbox 194 3902 348 3957; x_wconf 88' lang='lat' dir='ltr'><strong>dicat</strong></span> <span class='ocrx_word' id='word_1_436' title='bbox 369 3921 381 3955; x_wconf 91' lang='lat'><strong>:</strong></span> <span class='ocrx_word' id='word_1_437' title='bbox 409 3902 587 3957; x_wconf 81' lang='lat' dir='ltr'><strong>Nolite</strong></span> <span class='ocrx_word' id='word_1_438' title='bbox 603 3902 827 3955; x_wconf 85' lang='lat' dir='ltr'><strong>solliciti</strong></span> <span class='ocrx_word' id='word_1_439' title='bbox 853 3916 959 3955; x_wconf 89' lang='lat' dir='ltr'><strong>esse</strong></span> <span class='ocrx_word' id='word_1_440' title='bbox 979 3903 1008 3954; x_wconf 82' lang='lat'><strong><em>?</em></strong></span> <span class='ocrx_word' id='word_1_441' title='bbox 1021 3901 1088 3954; x_wconf 88' lang='lat' dir='ltr'><strong>Et</strong></span> <span class='ocrx_word' id='word_1_442' title='bbox 1108 3899 1226 3970; x_wconf 89' lang='lat' dir='ltr'><strong>ipse</strong></span> <span class='ocrx_word' id='word_1_443' title='bbox 1244 3898 1378 3952; x_wconf 88' lang='lat' dir='ltr'><strong>alibi</strong></span> <span class='ocrx_word' id='word_1_444' title='bbox 1401 3915 1414 3952; x_wconf 88' lang='lat'><strong>:</strong></span> <span class='ocrx_word' id='word_1_445' title='bbox 1443 3899 1598 3955; x_wconf 87' lang='lat' dir='ltr'><strong>Nihil</strong></span> <span class='ocrx_word' id='word_1_446' title='bbox 1615 3899 1838 3952; x_wconf 85' lang='lat' dir='ltr'><strong>solliciti</strong></span> 
     </span>
    </p>
   </div>
   <div class='ocr_carea' id='block_1_55' title="bbox 190 3992 1830 4066">
    <p class='ocr_par' dir='ltr' id='par_1_55' title="bbox 190 3992 1830 4066">
     <span class='ocr_line' id='line_1_55' title="bbox 190 3992 1830 4066; baseline -0.004 -15"><span class='ocrx_word' id='word_1_447' title='bbox 190 3998 332 4052; x_wconf 83' lang='lat' dir='ltr'><strong>sitis.</strong></span> <span class='ocrx_word' id='word_1_448' title='bbox 371 3997 429 4048; x_wconf 91' lang='lat' dir='ltr'><strong>In</strong></span> <span class='ocrx_word' id='word_1_449' title='bbox 462 3994 552 4049; x_wconf 89' lang='lat' dir='ltr'><strong>his</strong></span> <span class='ocrx_word' id='word_1_450' title='bbox 579 3994 734 4049; x_wconf 89' lang='lat' dir='ltr'><strong>enim</strong></span> <span class='ocrx_word' id='word_1_451' title='bbox 765 4011 892 4066; x_wconf 73' lang='lat' dir='ltr'><strong>quae</strong></span> <span class='ocrx_word' id='word_1_452' title='bbox 942 3993 1038 4048; x_wconf 90' lang='lat' dir='ltr'><strong>Dei</strong></span> <span class='ocrx_word' id='word_1_453' title='bbox 1065 3999 1216 4062; x_wconf 90' lang='lat' dir='ltr'><strong>sunt,</strong></span> <span class='ocrx_word' id='word_1_454' title='bbox 1247 4009 1374 4063; x_wconf 70' lang='lat' dir='ltr'><strong>quae</strong></span> <span class='ocrx_word' id='word_1_455' title='bbox 1400 3992 1605 4046; x_wconf 64' lang='lat' dir='ltr'><strong>animas</strong></span> <span class='ocrx_word' id='word_1_456' title='bbox 1635 4008 1830 4045; x_wconf 89' lang='lat' dir='ltr'><strong>neces-</strong></span> 
     </span>
    </p>
   </div>
   <div class='ocr_carea' id='block_1_56' title="bbox 193 4085 1828 4159">
    <p class='ocr_par' dir='ltr' id='par_1_56' title="bbox 193 4085 1828 4159">
     <span class='ocr_line' id='line_1_56' title="bbox 193 4085 1828 4159; baseline -0.004 -15"><span class='ocrx_word' id='word_1_457' title='bbox 193 4090 345 4145; x_wconf 87' lang='lat' dir='ltr'><strong>saria</strong></span> <span class='ocrx_word' id='word_1_458' title='bbox 391 4093 542 4158; x_wconf 87' lang='lat' dir='ltr'><strong>sunt,</strong></span> <span class='ocrx_word' id='word_1_459' title='bbox 575 4105 690 4142; x_wconf 90' lang='lat' dir='ltr'><strong>non</strong></span> <span class='ocrx_word' id='word_1_460' title='bbox 737 4087 904 4159; x_wconf 82' lang='lat' dir='ltr'><strong>pigri,</strong></span> <span class='ocrx_word' id='word_1_461' title='bbox 954 4103 1069 4141; x_wconf 90' lang='lat' dir='ltr'><strong>non</strong></span> <span class='ocrx_word' id='word_1_462' title='bbox 1108 4085 1327 4141; x_wconf 86' lang='lat' dir='ltr'><strong>solliciti</strong></span> <span class='ocrx_word' id='word_1_463' title='bbox 1379 4102 1498 4140; x_wconf 90' lang='lat' dir='ltr'><strong>esse</strong></span> <span class='ocrx_word' id='word_1_464' title='bbox 1543 4085 1828 4154; x_wconf 90' lang='lat' dir='ltr'><strong>debemus,</strong></span> 
     </span>
    </p>
   </div>
   <div class='ocr_carea' id='block_1_57' title="bbox 194 4179 1829 4253">
    <p class='ocr_par' dir='ltr' id='par_1_57' title="bbox 194 4179 1829 4253">
     <span class='ocr_line' id='line_1_57' title="bbox 194 4179 1829 4253; baseline -0.003 -16"><span class='ocrx_word' id='word_1_465' title='bbox 194 4183 409 4238; x_wconf 88' lang='lat' dir='ltr'><strong>scilicet</strong></span> <span class='ocrx_word' id='word_1_466' title='bbox 434 4182 492 4236; x_wconf 93' lang='lat' dir='ltr'><strong>in</strong></span> <span class='ocrx_word' id='word_1_467' title='bbox 516 4181 770 4253; x_wconf 89' lang='lat' dir='ltr'><strong>jejuniis,</strong></span> <span class='ocrx_word' id='word_1_468' title='bbox 818 4181 879 4236; x_wconf 90' lang='lat' dir='ltr'><strong>in</strong></span> <span class='ocrx_word' id='word_1_469' title='bbox 913 4180 1139 4252; x_wconf 78' lang='lat' dir='ltr'><strong>vigiliis,</strong></span> <span class='ocrx_word' id='word_1_470' title='bbox 1170 4185 1226 4234; x_wconf 90' lang='lat' dir='ltr'><strong>et</strong></span> <span class='ocrx_word' id='word_1_471' title='bbox 1253 4179 1528 4245; x_wconf 88' lang='lat' dir='ltr'><strong>oratione,</strong></span> <span class='ocrx_word' id='word_1_472' title='bbox 1559 4183 1616 4233; x_wconf 90' lang='lat' dir='ltr'><strong>et</strong></span> <span class='ocrx_word' id='word_1_473' title='bbox 1640 4179 1729 4232; x_wconf 91' lang='lat' dir='ltr'><strong>his</strong></span> <span class='ocrx_word' id='word_1_474' title='bbox 1755 4179 1829 4232; x_wconf 92' lang='lat' dir='ltr'><strong>si-</strong></span> 
     </span>
    </p>
   </div>
   <div class='ocr_carea' id='block_1_58' title="bbox 194 4271 1832 4331">
    <p class='ocr_par' dir='ltr' id='par_1_58' title="bbox 194 4271 1832 4331">
     <span class='ocr_line' id='line_1_58' title="bbox 194 4271 1832 4331; baseline -0.004 0"><span class='ocrx_word' id='word_1_475' title='bbox 194 4277 452 4331; x_wconf 89' lang='lat' dir='ltr'><strong>milibus.</strong></span> <span class='ocrx_word' id='word_1_476' title='bbox 502 4276 784 4330; x_wconf 70' lang='lat' dir='ltr'><strong>Caeterum</strong></span> <span class='ocrx_word' id='word_1_477' title='bbox 814 4275 881 4329; x_wconf 92' lang='lat' dir='ltr'><strong>de</strong></span> <span class='ocrx_word' id='word_1_478' title='bbox 910 4273 1248 4328; x_wconf 87' lang='lat' dir='ltr'><strong>transitoriis</strong></span> <span class='ocrx_word' id='word_1_479' title='bbox 1278 4274 1579 4327; x_wconf 90' lang='lat' dir='ltr'><strong>etcaducis</strong></span> <span class='ocrx_word' id='word_1_480' title='bbox 1611 4271 1832 4326; x_wconf 89' lang='lat' dir='ltr'><strong>solliciti</strong></span> 
     </span>
    </p>
   </div>
   <div class='ocr_carea' id='block_1_59' title="bbox 193 4366 1832 4434">
    <p class='ocr_par' dir='ltr' id='par_1_59' title="bbox 193 4366 1832 4434">
     <span class='ocr_line' id='line_1_59' title="bbox 193 4366 1832 4434; baseline -0.004 -9"><span class='ocrx_word' id='word_1_481' title='bbox 193 4386 320 4425; x_wconf 87' lang='lat' dir='ltr'><strong>esse</strong></span> <span class='ocrx_word' id='word_1_482' title='bbox 355 4386 469 4423; x_wconf 90' lang='lat' dir='ltr'><strong>non</strong></span> <span class='ocrx_word' id='word_1_483' title='bbox 495 4369 790 4424; x_wconf 78' lang='lat' dir='ltr'><strong>debemus.</strong></span> <span class='ocrx_word' id='word_1_484' title='bbox 823 4368 1037 4423; x_wconf 81' lang='lat' dir='ltr'><strong>SPmrU</strong></span> <span class='ocrx_word' id='word_1_485' title='bbox 1070 4383 1409 4434; x_wconf 67' lang='lat' dir='ltr'><strong>navemus;</strong></span> <span class='ocrx_word' id='word_1_486' title='bbox 1438 4366 1494 4420; x_wconf 90' lang='lat' dir='ltr'><strong>id</strong></span> <span class='ocrx_word' id='word_1_487' title='bbox 1540 4370 1624 4420; x_wconf 90' lang='lat' dir='ltr'><strong>est</strong></span> <span class='ocrx_word' id='word_1_488' title='bbox 1643 4366 1832 4420; x_wconf 90' lang='lat' dir='ltr'><strong>calen-</strong></span> 
     </span>
    </p>
   </div>
   <div class='ocr_carea' id='block_1_60' title="bbox 193 4459 1837 4534">
    <p class='ocr_par' dir='ltr' id='par_1_60' title="bbox 193 4459 1837 4534">
     <span class='ocr_line' id='line_1_60' title="bbox 193 4459 1837 4534; baseline -0.003 -17"><span class='ocrx_word' id='word_1_489' title='bbox 193 4468 304 4530; x_wconf 89' lang='lat' dir='ltr'><strong>tes,</strong></span> <span class='ocrx_word' id='word_1_490' title='bbox 337 4467 572 4534; x_wconf 87' lang='lat' dir='ltr'><strong>propter</strong></span> <span class='ocrx_word' id='word_1_491' title='bbox 597 4461 735 4516; x_wconf 87' lang='lat' dir='ltr'><strong>illud</strong></span> <span class='ocrx_word' id='word_1_492' title='bbox 760 4478 772 4516; x_wconf 90' lang='lat'><strong>:</strong></span> <span class='ocrx_word' id='word_1_493' title='bbox 810 4464 1028 4516; x_wconf 84' lang='lat' dir='ltr'><strong>Utinam</strong></span> <span class='ocrx_word' id='word_1_494' title='bbox 1053 4461 1296 4531; x_wconf 88' lang='lat' dir='ltr'><strong>frigidus</strong></span> <span class='ocrx_word' id='word_1_495' title='bbox 1321 4475 1454 4514; x_wconf 88' lang='lat' dir='ltr'><strong>esses</strong></span> <span class='ocrx_word' id='word_1_496' title='bbox 1476 4463 1575 4514; x_wconf 90' lang='lat' dir='ltr'><strong>aut</strong></span> <span class='ocrx_word' id='word_1_497' title='bbox 1597 4459 1837 4514; x_wconf 87' lang='lat' dir='ltr'><strong>calidus!</strong></span> 
     </span>
    </p>
   </div>
   <div class='ocr_carea' id='block_1_61' title="bbox 1940 1943 3570 2013">
    <p class='ocr_par' dir='ltr' id='par_1_61' title="bbox 1940 1943 3570 2013">
     <span class='ocr_line' id='line_1_61' title="bbox 1940 1943 3570 2013; baseline 0.001 -15"><span class='ocrx_word' id='word_1_498' title='bbox 1940 1946 2106 1998; x_wconf 90' lang='lat' dir='ltr'><strong>hieme</strong></span> <span class='ocrx_word' id='word_1_499' title='bbox 2120 1944 2204 1997; x_wconf 81' lang='lat' dir='ltr'><strong>vel</strong></span> <span class='ocrx_word' id='word_1_500' title='bbox 2221 1943 2462 1997; x_wconf 84' lang='lat' dir='ltr'><strong>sabbato.</strong></span> <span class='ocrx_word' id='word_1_501' title='bbox 2489 1943 2554 1995; x_wconf 84' lang='lat' dir='ltr'><strong>Et</strong></span> <span class='ocrx_word' id='word_1_502' title='bbox 2586 1944 2782 1996; x_wconf 87' lang='lat' dir='ltr'><strong>Petrus</strong></span> <span class='ocrx_word' id='word_1_503' title='bbox 2805 1960 2818 1996; x_wconf 91' lang='lat'><strong>:</strong></span> <span class='ocrx_word' id='word_1_504' title='bbox 2867 1946 3105 2012; x_wconf 85' lang='lat' dir='ltr'><strong>Vigilate</strong></span> <span class='ocrx_word' id='word_1_505' title='bbox 3129 1947 3314 2013; x_wconf 87' lang='lat' dir='ltr'><strong>itaque</strong></span> <span class='ocrx_word' id='word_1_506' title='bbox 3339 1949 3570 2007; x_wconf 85' lang='lat' dir='ltr'><strong>orantes,</strong></span> 
     </span>
    </p>
   </div>
   <div class='ocr_carea' id='block_1_62' title="bbox 1939 2036 3572 2105">
    <p class='ocr_par' dir='ltr' id='par_1_62' title="bbox 1939 2036 3572 2105">
     <span class='ocr_line' id='line_1_62' title="bbox 1939 2036 3572 2105; baseline 0.001 -14"><span class='ocrx_word' id='word_1_507' title='bbox 1939 2040 2085 2091; x_wconf 89' lang='lat' dir='ltr'><strong>omni</strong></span> <span class='ocrx_word' id='word_1_508' title='bbox 2113 2041 2362 2105; x_wconf 88' lang='lat' dir='ltr'><strong>tempore.</strong></span> <span class='ocrx_word' id='word_1_509' title='bbox 2392 2036 2830 2090; x_wconf 77' lang='lat' dir='ltr'><strong>NECESSITATIBL’S</strong></span> <span class='ocrx_word' id='word_1_510' title='bbox 2859 2051 3172 2091; x_wconf 57' lang='lat' dir='ltr'><strong>sucronem</strong></span> <span class='ocrx_word' id='word_1_511' title='bbox 3198 2053 3572 2092; x_wconf 73' lang='lat' dir='ltr'><strong>COMMUNICAN-</strong></span> 
     </span>
    </p>
   </div>
   <div class='ocr_carea' id='block_1_63' title="bbox 1938 2128 3570 2199">
    <p class='ocr_par' dir='ltr' id='par_1_63' title="bbox 1938 2128 3570 2199">
     <span class='ocr_line' id='line_1_63' title="bbox 1938 2128 3570 2199; baseline 0.001 -16"><span class='ocrx_word' id='word_1_512' title='bbox 1938 2147 2048 2184; x_wconf 71' lang='lat' dir='ltr'><strong>res.</strong></span> <span class='ocrx_word' id='word_1_513' title='bbox 2091 2129 2394 2199; x_wconf 88' lang='lat' dir='ltr'><strong>Dupliciter</strong></span> <span class='ocrx_word' id='word_1_514' title='bbox 2434 2128 2669 2198; x_wconf 88' lang='lat' dir='ltr'><strong>intelligi</strong></span> <span class='ocrx_word' id='word_1_515' title='bbox 2699 2133 2897 2198; x_wconf 89' lang='lat' dir='ltr'><strong>potest,</strong></span> <span class='ocrx_word' id='word_1_516' title='bbox 2930 2129 3140 2183; x_wconf 85' lang='lat' dir='ltr'><strong>scilicet</strong></span> <span class='ocrx_word' id='word_1_517' title='bbox 3175 2133 3235 2183; x_wconf 91' lang='lat' dir='ltr'><strong>ut</strong></span> <span class='ocrx_word' id='word_1_518' title='bbox 3270 2131 3448 2184; x_wconf 81' lang='lat' dir='ltr'><strong>sancti</strong></span> <span class='ocrx_word' id='word_1_519' title='bbox 3475 2131 3570 2184; x_wconf 87' lang='lat' dir='ltr'><strong>tri-</strong></span> 
     </span>
    </p>
   </div>
   <div class='ocr_carea' id='block_1_64' title="bbox 1938 2221 3572 2293">
    <p class='ocr_par' dir='ltr' id='par_1_64' title="bbox 1938 2221 3572 2293">
     <span class='ocr_line' id='line_1_64' title="bbox 1938 2221 3572 2293; baseline 0 -17"><span class='ocrx_word' id='word_1_520' title='bbox 1938 2223 2228 2290; x_wconf 88' lang='lat' dir='ltr'><strong>bulantur,</strong></span> <span class='ocrx_word' id='word_1_521' title='bbox 2271 2221 2347 2275; x_wconf 88' lang='lat' dir='ltr'><strong>sic</strong></span> <span class='ocrx_word' id='word_1_522' title='bbox 2382 2238 2514 2274; x_wconf 89' lang='lat' dir='ltr'><strong>cum</strong></span> <span class='ocrx_word' id='word_1_523' title='bbox 2561 2221 2672 2274; x_wconf 90' lang='lat' dir='ltr'><strong>illis</strong></span> <span class='ocrx_word' id='word_1_524' title='bbox 2719 2222 3185 2287; x_wconf 87' lang='lat' dir='ltr'><strong>contribulemur,</strong></span> <span class='ocrx_word' id='word_1_525' title='bbox 3234 2228 3466 2293; x_wconf 87' lang='lat' dir='ltr'><strong>propter</strong></span> <span class='ocrx_word' id='word_1_526' title='bbox 3513 2223 3572 2276; x_wconf 93' lang='lat' dir='ltr'><strong>il-</strong></span> 
     </span>
    </p>
   </div>
   <div class='ocr_carea' id='block_1_65' title="bbox 1939 2316 3564 2384">
    <p class='ocr_par' dir='ltr' id='par_1_65' title="bbox 1939 2316 3564 2384">
     <span class='ocr_line' id='line_1_65' title="bbox 1939 2316 3564 2384; baseline 0.001 -15"><span class='ocrx_word' id='word_1_527' title='bbox 1939 2316 2074 2370; x_wconf 91' lang='lat' dir='ltr'><strong>lud:</strong></span> <span class='ocrx_word' id='word_1_528' title='bbox 2103 2318 2164 2373; x_wconf 83' lang='lat' dir='ltr'><strong>Si</strong></span> <span class='ocrx_word' id='word_1_529' title='bbox 2183 2317 2447 2382; x_wconf 87' lang='lat' dir='ltr'><strong>fuerimus</strong></span> <span class='ocrx_word' id='word_1_530' title='bbox 2492 2317 2621 2369; x_wconf 88' lang='lat' dir='ltr'><strong>socii</strong></span> <span class='ocrx_word' id='word_1_531' title='bbox 2661 2317 3000 2384; x_wconf 86' lang='lat' dir='ltr'><strong>passionum,</strong></span> <span class='ocrx_word' id='word_1_532' title='bbox 3047 2317 3211 2369; x_wconf 87' lang='lat' dir='ltr'><strong>simul</strong></span> <span class='ocrx_word' id='word_1_533' title='bbox 3237 2321 3286 2370; x_wconf 88' lang='lat' dir='ltr'><strong>et</strong></span> <span class='ocrx_word' id='word_1_534' title='bbox 3327 2332 3564 2371; x_wconf 87' lang='lat' dir='ltr'><strong>resurre-</strong></span> 
     </span>
    </p>
   </div>
   <div class='ocr_carea' id='block_1_66' title="bbox 1939 2407 3568 2480">
    <p class='ocr_par' dir='ltr' id='par_1_66' title="bbox 1939 2407 3568 2480">
     <span class='ocr_line' id='line_1_66' title="bbox 1939 2407 3568 2480; baseline 0 -17"><span class='ocrx_word' id='word_1_535' title='bbox 1939 2412 2129 2464; x_wconf 87' lang='lat' dir='ltr'><strong>ctionis</strong></span> <span class='ocrx_word' id='word_1_536' title='bbox 2159 2412 2374 2464; x_wconf 86' lang='lat' dir='ltr'><strong>erimus.</strong></span> <span class='ocrx_word' id='word_1_537' title='bbox 2421 2410 2488 2462; x_wconf 90' lang='lat' dir='ltr'><strong>Et</strong></span> <span class='ocrx_word' id='word_1_538' title='bbox 2515 2407 2655 2462; x_wconf 90' lang='lat' dir='ltr'><strong>illud</strong></span> <span class='ocrx_word' id='word_1_539' title='bbox 2688 2425 2701 2462; x_wconf 89' lang='lat'><strong>:</strong></span> <span class='ocrx_word' id='word_1_540' title='bbox 2749 2411 2979 2464; x_wconf 87' lang='lat' dir='ltr'><strong>Scientes</strong></span> <span class='ocrx_word' id='word_1_541' title='bbox 3005 2411 3244 2463; x_wconf 89' lang='lat' dir='ltr'><strong>eamdem</strong></span> <span class='ocrx_word' id='word_1_542' title='bbox 3269 2412 3568 2480; x_wconf 86' lang='lat' dir='ltr'><strong>passionem</strong></span> 
     </span>
    </p>
   </div>
   <div class='ocr_carea' id='block_1_67' title="bbox 1938 2503 3570 2573">
    <p class='ocr_par' dir='ltr' id='par_1_67' title="bbox 1938 2503 3570 2573">
     <span class='ocr_line' id='line_1_67' title="bbox 1938 2503 3570 2573; baseline 0.001 -16"><span class='ocrx_word' id='word_1_543' title='bbox 1938 2507 2007 2566; x_wconf 89' lang='lat' dir='ltr'><strong>ei,</strong></span> <span class='ocrx_word' id='word_1_544' title='bbox 2034 2520 2152 2573; x_wconf 72' lang='lat' dir='ltr'><strong>quae</strong></span> <span class='ocrx_word' id='word_1_545' title='bbox 2181 2506 2236 2556; x_wconf 89' lang='lat' dir='ltr'><strong>in</strong></span> <span class='ocrx_word' id='word_1_546' title='bbox 2261 2503 2460 2556; x_wconf 91' lang='lat' dir='ltr'><strong>mundo</strong></span> <span class='ocrx_word' id='word_1_547' title='bbox 2477 2506 2576 2564; x_wconf 90' lang='lat' dir='ltr'><strong>est,</strong></span> <span class='ocrx_word' id='word_1_548' title='bbox 2607 2517 2745 2555; x_wconf 70' lang='lat' dir='ltr'><strong>vera:</strong></span> <span class='ocrx_word' id='word_1_549' title='bbox 2767 2503 3115 2567; x_wconf 83' lang='lat' dir='ltr'><strong>fraternitati</strong></span> <span class='ocrx_word' id='word_1_550' title='bbox 3139 2505 3276 2571; x_wconf 82' lang='lat' dir='ltr'><strong>ﬁeri.</strong></span> <span class='ocrx_word' id='word_1_551' title='bbox 3304 2504 3399 2557; x_wconf 87' lang='lat' dir='ltr'><strong>Vel</strong></span> <span class='ocrx_word' id='word_1_552' title='bbox 3422 2509 3570 2558; x_wconf 87' lang='lat' dir='ltr'><strong>certe</strong></span> 
     </span>
    </p>
   </div>
   <div class='ocr_carea' id='block_1_68' title="bbox 1938 2595 3573 2670">
    <p class='ocr_par' dir='ltr' id='par_1_68' title="bbox 1938 2595 3573 2670">
     <span class='ocr_line' id='line_1_68' title="bbox 1938 2595 3573 2670; baseline 0.001 -20"><span class='ocrx_word' id='word_1_553' title='bbox 1938 2597 2008 2650; x_wconf 92' lang='lat' dir='ltr'><strong>ad</strong></span> <span class='ocrx_word' id='word_1_554' title='bbox 2041 2597 2209 2670; x_wconf 81' lang='lat' dir='ltr'><strong>ﬁdem</strong></span> <span class='ocrx_word' id='word_1_555' title='bbox 2237 2596 2546 2662; x_wconf 86' lang='lat' dir='ltr'><strong>venientes,</strong></span> <span class='ocrx_word' id='word_1_556' title='bbox 2575 2595 2832 2648; x_wconf 84' lang='lat' dir='ltr'><strong>inﬁdeles</strong></span> <span class='ocrx_word' id='word_1_557' title='bbox 2861 2611 3064 2649; x_wconf 91' lang='lat' dir='ltr'><strong>eorum</strong></span> <span class='ocrx_word' id='word_1_558' title='bbox 3096 2596 3466 2650; x_wconf 85' lang='lat' dir='ltr'><strong>substantiam</strong></span> <span class='ocrx_word' id='word_1_559' title='bbox 3492 2597 3573 2652; x_wconf 87' lang='lat' dir='ltr'><strong>di-</strong></span> 
     </span>
    </p>
   </div>
   <div class='ocr_carea' id='block_1_69' title="bbox 1938 2687 3572 2760">
    <p class='ocr_par' dir='ltr' id='par_1_69' title="bbox 1938 2687 3572 2760">
     <span class='ocr_line' id='line_1_69' title="bbox 1938 2687 3572 2760; baseline 0 -18"><span class='ocrx_word' id='word_1_560' title='bbox 1938 2688 2242 2760; x_wconf 88' lang='lat' dir='ltr'><strong>ripiebant,</strong></span> <span class='ocrx_word' id='word_1_561' title='bbox 2295 2705 2438 2759; x_wconf 91' lang='lat' dir='ltr'><strong>quos</strong></span> <span class='ocrx_word' id='word_1_562' title='bbox 2491 2687 2640 2742; x_wconf 87' lang='lat' dir='ltr'><strong>idem</strong></span> <span class='ocrx_word' id='word_1_563' title='bbox 2686 2689 2984 2758; x_wconf 88' lang='lat' dir='ltr'><strong>Apostolus</strong></span> <span class='ocrx_word' id='word_1_564' title='bbox 3037 2689 3272 2742; x_wconf 88' lang='lat' dir='ltr'><strong>laudat:</strong></span> <span class='ocrx_word' id='word_1_565' title='bbox 3327 2692 3468 2744; x_wconf 89' lang='lat' dir='ltr'><strong>Nam</strong></span> <span class='ocrx_word' id='word_1_566' title='bbox 3521 2695 3572 2744; x_wconf 89' lang='lat' dir='ltr'><strong>et</strong></span> 
     </span>
    </p>
   </div>
   <div class='ocr_carea' id='block_1_70' title="bbox 1935 2782 3569 2851">
    <p class='ocr_par' dir='ltr' id='par_1_70' title="bbox 1935 2782 3569 2851">
     <span class='ocr_line' id='line_1_70' title="bbox 1935 2782 3569 2851; baseline 0 -15"><span class='ocrx_word' id='word_1_567' title='bbox 1935 2785 2104 2836; x_wconf 81' lang='lat' dir='ltr'><strong>vincti</strong></span> <span class='ocrx_word' id='word_1_568' title='bbox 2130 2785 2398 2851; x_wconf 83' lang='lat' dir='ltr'><strong>compassi</strong></span> <span class='ocrx_word' id='word_1_569' title='bbox 2423 2784 2566 2844; x_wconf 84' lang='lat' dir='ltr'><strong>estis,</strong></span> <span class='ocrx_word' id='word_1_570' title='bbox 2595 2787 2646 2834; x_wconf 88' lang='lat' dir='ltr'><strong>et</strong></span> <span class='ocrx_word' id='word_1_571' title='bbox 2669 2784 2925 2850; x_wconf 82' lang='lat' dir='ltr'><strong>rapinam</strong></span> <span class='ocrx_word' id='word_1_572' title='bbox 2971 2782 3229 2835; x_wconf 88' lang='lat' dir='ltr'><strong>bonorum</strong></span> <span class='ocrx_word' id='word_1_573' title='bbox 3272 2786 3569 2836; x_wconf 77' lang='lat' dir='ltr'><strong>vestrorum</strong></span> 
     </span>
    </p>
   </div>
   <div class='ocr_carea' id='block_1_71' title="bbox 1937 2874 3572 2945">
    <p class='ocr_par' dir='ltr' id='par_1_71' title="bbox 1937 2874 3572 2945">
     <span class='ocr_line' id='line_1_71' title="bbox 1937 2874 3572 2945; baseline -0.001 -15"><span class='ocrx_word' id='word_1_574' title='bbox 1937 2892 2055 2930; x_wconf 88' lang='lat' dir='ltr'><strong>cum</strong></span> <span class='ocrx_word' id='word_1_575' title='bbox 2097 2875 2298 2944; x_wconf 87' lang='lat' dir='ltr'><strong>gaudio</strong></span> <span class='ocrx_word' id='word_1_576' title='bbox 2339 2877 2663 2944; x_wconf 84' lang='lat' dir='ltr'><strong>suscepistis.</strong></span> <span class='ocrx_word' id='word_1_577' title='bbox 2711 2874 2985 2928; x_wconf 87' lang='lat' dir='ltr'><strong>Hortahat</strong></span> <span class='ocrx_word' id='word_1_578' title='bbox 3009 2901 3034 2929; x_wconf 83' lang='lat' dir='ltr'><strong>a</strong></span> <span class='ocrx_word' id='word_1_579' title='bbox 3063 2879 3294 2928; x_wconf 58' lang='lat' dir='ltr'><strong>caeteros</strong></span> <span class='ocrx_word' id='word_1_580' title='bbox 3343 2877 3572 2945; x_wconf 87' lang='lat' dir='ltr'><strong>Aposto-</strong></span> 
     </span>
    </p>
   </div>
   <div class='ocr_carea' id='block_1_72' title="bbox 1935 2966 3569 3036">
    <p class='ocr_par' dir='ltr' id='par_1_72' title="bbox 1935 2966 3569 3036">
     <span class='ocr_line' id='line_1_72' title="bbox 1935 2966 3569 3036; baseline 0 -14"><span class='ocrx_word' id='word_1_581' title='bbox 1935 2968 2023 3022; x_wconf 91' lang='lat' dir='ltr'><strong>lus</strong></span> <span class='ocrx_word' id='word_1_582' title='bbox 2052 2985 2065 3022; x_wconf 89' lang='lat'><strong>:</strong></span> <span class='ocrx_word' id='word_1_583' title='bbox 2095 2968 2474 3024; x_wconf 86' lang='lat' dir='ltr'><strong>Recordamini</strong></span> <span class='ocrx_word' id='word_1_584' title='bbox 2497 2970 2737 3034; x_wconf 81' lang='lat' dir='ltr'><strong>fratrum</strong></span> <span class='ocrx_word' id='word_1_585' title='bbox 2769 2967 2944 3036; x_wconf 87' lang='lat' dir='ltr'><strong>[Cod.,</strong></span> <span class='ocrx_word' id='word_1_586' title='bbox 2979 2966 3265 3036; x_wconf 80' lang='lat' dir='ltr'><strong>fratribus]</strong></span> <span class='ocrx_word' id='word_1_587' title='bbox 3293 2969 3390 3036; x_wconf 86' lang='lat' dir='ltr'><strong>qui</strong></span> <span class='ocrx_word' id='word_1_588' title='bbox 3412 2973 3569 3022; x_wconf 85' lang='lat' dir='ltr'><strong>erant</strong></span> 
     </span>
    </p>
   </div>
   <div class='ocr_carea' id='block_1_73' title="bbox 1936 3060 3605 3128">
    <p class='ocr_par' dir='ltr' id='par_1_73' title="bbox 1936 3060 3605 3128">
     <span class='ocr_line' id='line_1_73' title="bbox 1936 3060 3605 3128; baseline 0.001 -14"><span class='ocrx_word' id='word_1_589' title='bbox 1936 3065 1994 3115; x_wconf 91' lang='lat' dir='ltr'><strong>in</strong></span> <span class='ocrx_word' id='word_1_590' title='bbox 2015 3063 2329 3116; x_wconf 85' lang='lat' dir='ltr'><strong>Jerusalem.</strong></span> <span class='ocrx_word' id='word_1_591' title='bbox 2363 3061 2518 3114; x_wconf 90' lang='lat' dir='ltr'><strong>Sicut</strong></span> <span class='ocrx_word' id='word_1_592' title='bbox 2548 3065 2702 3128; x_wconf 88' lang='lat' dir='ltr'><strong>tunc,</strong></span> <span class='ocrx_word' id='word_1_593' title='bbox 2732 3060 2809 3113; x_wconf 83' lang='lat' dir='ltr'><strong>ita</strong></span> <span class='ocrx_word' id='word_1_594' title='bbox 2837 3066 2894 3114; x_wconf 90' lang='lat' dir='ltr'><strong>et</strong></span> <span class='ocrx_word' id='word_1_595' title='bbox 2937 3077 3109 3128; x_wconf 90' lang='lat' dir='ltr'><strong>nunc,</strong></span> <span class='ocrx_word' id='word_1_596' title='bbox 3143 3061 3567 3116; x_wconf 80' lang='lat' dir='ltr'><strong>necessitatibus</strong></span> <span class='ocrx_word' id='word_1_597' title='bbox 3603 3068 3605 3070; x_wconf 78' lang='grc'><em>’</em></span> 
     </span>
    </p>
   </div>
   <div class='ocr_carea' id='block_1_74' title="bbox 1935 3152 3564 3225">
    <p class='ocr_par' dir='ltr' id='par_1_74' title="bbox 1935 3152 3564 3225">
     <span class='ocr_line' id='line_1_74' title="bbox 1935 3152 3564 3225; baseline -0.001 -17"><span class='ocrx_word' id='word_1_598' title='bbox 1935 3158 2259 3210; x_wconf 86' lang='lat' dir='ltr'><strong>sanctorum</strong></span> <span class='ocrx_word' id='word_1_599' title='bbox 2289 3153 2852 3222; x_wconf 80' lang='lat' dir='ltr'><strong>communicandum;</strong></span> <span class='ocrx_word' id='word_1_600' title='bbox 2885 3152 2990 3206; x_wconf 92' lang='lat' dir='ltr'><strong>hoc</strong></span> <span class='ocrx_word' id='word_1_601' title='bbox 3020 3159 3104 3207; x_wconf 89' lang='lat' dir='ltr'><strong>est</strong></span> <span class='ocrx_word' id='word_1_602' title='bbox 3133 3153 3190 3206; x_wconf 91' lang='lat' dir='ltr'><strong>in</strong></span> <span class='ocrx_word' id='word_1_603' title='bbox 3216 3153 3360 3223; x_wconf 87' lang='lat' dir='ltr'><strong>cibo,</strong></span> <span class='ocrx_word' id='word_1_604' title='bbox 3384 3159 3439 3207; x_wconf 89' lang='lat' dir='ltr'><strong>et</strong></span> <span class='ocrx_word' id='word_1_605' title='bbox 3463 3171 3564 3225; x_wconf 90' lang='lat' dir='ltr'><strong>po-</strong></span> 
     </span>
    </p>
   </div>
   <div class='ocr_carea' id='block_1_75' title="bbox 1937 3246 3561 3318">
    <p class='ocr_par' dir='ltr' id='par_1_75' title="bbox 1937 3246 3561 3318">
     <span class='ocr_line' id='line_1_75' title="bbox 1937 3246 3561 3318; baseline 0 -16"><span class='ocrx_word' id='word_1_606' title='bbox 1937 3255 2018 3315; x_wconf 90' lang='lat' dir='ltr'><strong>tu,</strong></span> <span class='ocrx_word' id='word_1_607' title='bbox 2049 3253 2106 3303; x_wconf 92' lang='lat' dir='ltr'><strong>et</strong></span> <span class='ocrx_word' id='word_1_608' title='bbox 2125 3247 2477 3315; x_wconf 85' lang='lat' dir='ltr'><strong>vestimento,</strong></span> <span class='ocrx_word' id='word_1_609' title='bbox 2512 3253 2568 3302; x_wconf 89' lang='lat' dir='ltr'><strong>et</strong></span> <span class='ocrx_word' id='word_1_610' title='bbox 2591 3247 2648 3300; x_wconf 90' lang='lat' dir='ltr'><strong>in</strong></span> <span class='ocrx_word' id='word_1_611' title='bbox 2679 3246 2948 3302; x_wconf 85' lang='lat' dir='ltr'><strong>omnibus</strong></span> <span class='ocrx_word' id='word_1_612' title='bbox 2977 3263 3106 3317; x_wconf 78' lang='lat' dir='ltr'><strong>quae</strong></span> <span class='ocrx_word' id='word_1_613' title='bbox 3125 3246 3345 3318; x_wconf 83' lang='lat' dir='ltr'><strong>indiget</strong></span> <span class='ocrx_word' id='word_1_614' title='bbox 3369 3247 3561 3302; x_wconf 87' lang='lat' dir='ltr'><strong>frater.</strong></span> 
     </span>
    </p>
   </div>
   <div class='ocr_carea' id='block_1_76' title="bbox 1936 3340 3564 3410">
    <p class='ocr_par' dir='ltr' id='par_1_76' title="bbox 1936 3340 3564 3410">
     <span class='ocr_line' id='line_1_76' title="bbox 1936 3340 3564 3410; baseline -0.001 -14"><span class='ocrx_word' id='word_1_615' title='bbox 1936 3344 2041 3410; x_wconf 84' lang='lat' dir='ltr'><strong>Qui</strong></span> <span class='ocrx_word' id='word_1_616' title='bbox 2065 3344 2204 3396; x_wconf 85' lang='lat' dir='ltr'><strong>enim</strong></span> <span class='ocrx_word' id='word_1_617' title='bbox 2233 3342 2482 3395; x_wconf 77' lang='lat' dir='ltr'><strong>habuerit</strong></span> <span class='ocrx_word' id='word_1_618' title='bbox 2506 3342 2866 3396; x_wconf 89' lang='lat' dir='ltr'><strong>substantiam</strong></span> <span class='ocrx_word' id='word_1_619' title='bbox 2893 3340 3106 3402; x_wconf 84' lang='lat' dir='ltr'><strong>mundi,</strong></span> <span class='ocrx_word' id='word_1_620' title='bbox 3132 3346 3183 3394; x_wconf 91' lang='lat' dir='ltr'><strong>et</strong></span> <span class='ocrx_word' id='word_1_621' title='bbox 3219 3341 3416 3394; x_wconf 81' lang='lat' dir='ltr'><strong>viderit</strong></span> <span class='ocrx_word' id='word_1_622' title='bbox 3438 3343 3564 3408; x_wconf 86' lang='lat' dir='ltr'><strong>fra-</strong></span> 
     </span>
    </p>
   </div>
   <div class='ocr_carea' id='block_1_77' title="bbox 1935 3435 3567 3504">
    <p class='ocr_par' dir='ltr' id='par_1_77' title="bbox 1935 3435 3567 3504">
     <span class='ocr_line' id='line_1_77' title="bbox 1935 3435 3567 3504; baseline -0.001 -14"><span class='ocrx_word' id='word_1_623' title='bbox 1935 3442 2068 3490; x_wconf 83' lang='lat' dir='ltr'><strong>trem</strong></span> <span class='ocrx_word' id='word_1_624' title='bbox 2091 3451 2248 3489; x_wconf 88' lang='lat' dir='ltr'><strong>suum</strong></span> <span class='ocrx_word' id='word_1_625' title='bbox 2269 3438 2636 3489; x_wconf 86' lang='lat' dir='ltr'><strong>necessitatem</strong></span> <span class='ocrx_word' id='word_1_626' title='bbox 2659 3437 2978 3504; x_wconf 84' lang='lat' dir='ltr'><strong>patientem,</strong></span> <span class='ocrx_word' id='word_1_627' title='bbox 3006 3439 3056 3488; x_wconf 87' lang='lat' dir='ltr'><strong>et</strong></span> <span class='ocrx_word' id='word_1_628' title='bbox 3084 3435 3341 3488; x_wconf 87' lang='lat' dir='ltr'><strong>clauserit</strong></span> <span class='ocrx_word' id='word_1_629' title='bbox 3363 3437 3567 3488; x_wconf 81' lang='lat' dir='ltr'><strong>viscera</strong></span> 
     </span>
    </p>
   </div>
   <div class='ocr_carea' id='block_1_78' title="bbox 1933 3528 3562 3597">
    <p class='ocr_par' dir='ltr' id='par_1_78' title="bbox 1933 3528 3562 3597">
     <span class='ocr_line' id='line_1_78' title="bbox 1933 3528 3562 3597; baseline -0.002 -14"><span class='ocrx_word' id='word_1_630' title='bbox 1933 3545 2032 3583; x_wconf 92' lang='lat' dir='ltr'><strong>sua</strong></span> <span class='ocrx_word' id='word_1_631' title='bbox 2058 3529 2127 3582; x_wconf 91' lang='lat' dir='ltr'><strong>ab</strong></span> <span class='ocrx_word' id='word_1_632' title='bbox 2153 3543 2230 3590; x_wconf 87' lang='lat' dir='ltr'><strong>eo,</strong></span> <span class='ocrx_word' id='word_1_633' title='bbox 2259 3528 2518 3597; x_wconf 89' lang='lat' dir='ltr'><strong>quomodo</strong></span> <span class='ocrx_word' id='word_1_634' title='bbox 2545 3528 2784 3580; x_wconf 77' lang='lat' dir='ltr'><strong>Charitas</strong></span> <span class='ocrx_word' id='word_1_635' title='bbox 2816 3528 2912 3581; x_wconf 84' lang='lat' dir='ltr'><strong>Dei</strong></span> <span class='ocrx_word' id='word_1_636' title='bbox 2939 3531 3120 3580; x_wconf 88' lang='lat' dir='ltr'><strong>manet</strong></span> <span class='ocrx_word' id='word_1_637' title='bbox 3147 3529 3207 3579; x_wconf 87' lang='lat' dir='ltr'><strong>in</strong></span> <span class='ocrx_word' id='word_1_638' title='bbox 3237 3542 3293 3580; x_wconf 89' lang='lat' dir='ltr'><strong>eo</strong></span> <span class='ocrx_word' id='word_1_639' title='bbox 3323 3530 3351 3580; x_wconf 87' lang='lat'><strong><em>?</em></strong></span> <span class='ocrx_word' id='word_1_640' title='bbox 3377 3528 3562 3580; x_wconf 68' lang='lat' dir='ltr'><strong>Hosn-</strong></span> 
     </span>
    </p>
   </div>
   <div class='ocr_carea' id='block_1_79' title="bbox 1933 3618 3561 3690">
    <p class='ocr_par' dir='ltr' id='par_1_79' title="bbox 1933 3618 3561 3690">
     <span class='ocr_line' id='line_1_79' title="bbox 1933 3618 3561 3690; baseline -0.001 -15"><span class='ocrx_word' id='word_1_641' title='bbox 1933 3637 2227 3676; x_wconf 78' lang='lat' dir='ltr'><strong>TALITATEM</strong></span> <span class='ocrx_word' id='word_1_642' title='bbox 2256 3636 2569 3674; x_wconf 67' lang='lat' dir='ltr'><strong>sacremus.</strong></span> <span class='ocrx_word' id='word_1_643' title='bbox 2625 3620 2824 3689; x_wconf 87' lang='lat' dir='ltr'><strong>Magna</strong></span> <span class='ocrx_word' id='word_1_644' title='bbox 2863 3618 3040 3672; x_wconf 87' lang='lat' dir='ltr'><strong>virtus</strong></span> <span class='ocrx_word' id='word_1_645' title='bbox 3071 3622 3154 3671; x_wconf 85' lang='lat' dir='ltr'><strong>est</strong></span> <span class='ocrx_word' id='word_1_646' title='bbox 3191 3619 3561 3690; x_wconf 88' lang='lat' dir='ltr'><strong>hospitalitas.</strong></span> 
     </span>
    </p>
   </div>
   <div class='ocr_carea' id='block_1_80' title="bbox 1933 3712 3565 3784">
    <p class='ocr_par' dir='ltr' id='par_1_80' title="bbox 1933 3712 3565 3784">
     <span class='ocr_line' id='line_1_80' title="bbox 1933 3712 3565 3784; baseline -0.002 -15"><span class='ocrx_word' id='word_1_647' title='bbox 1933 3717 2041 3769; x_wconf 87' lang='lat' dir='ltr'><strong>Per</strong></span> <span class='ocrx_word' id='word_1_648' title='bbox 2068 3715 2212 3768; x_wconf 90' lang='lat' dir='ltr'><strong>hanc</strong></span> <span class='ocrx_word' id='word_1_649' title='bbox 2256 3713 2488 3784; x_wconf 89' lang='lat' dir='ltr'><strong>quidam</strong></span> <span class='ocrx_word' id='word_1_650' title='bbox 2530 3713 2866 3783; x_wconf 88' lang='lat' dir='ltr'><strong>placuerunt</strong></span> <span class='ocrx_word' id='word_1_651' title='bbox 2907 3712 3038 3779; x_wconf 89' lang='lat' dir='ltr'><strong>Deo,</strong></span> <span class='ocrx_word' id='word_1_652' title='bbox 3073 3713 3288 3782; x_wconf 84' lang='lat' dir='ltr'><strong>angelis</strong></span> <span class='ocrx_word' id='word_1_653' title='bbox 3316 3713 3565 3784; x_wconf 90' lang='lat' dir='ltr'><strong>hospitio</strong></span> 
     </span>
    </p>
   </div>
   <div class='ocr_carea' id='block_1_81' title="bbox 1932 3804 3562 3880">
    <p class='ocr_par' dir='ltr' id='par_1_81' title="bbox 1932 3804 3562 3880">
     <span class='ocr_line' id='line_1_81' title="bbox 1932 3804 3562 3880; baseline -0.002 -16"><span class='ocrx_word' id='word_1_654' title='bbox 1932 3807 2174 3880; x_wconf 86' lang='lat' dir='ltr'><strong>receptis</strong></span> <span class='ocrx_word' id='word_1_655' title='bbox 2201 3824 2217 3875; x_wconf 86' lang='lat'><strong>;</strong></span> <span class='ocrx_word' id='word_1_656' title='bbox 2247 3807 2390 3860; x_wconf 87' lang='lat' dir='ltr'><strong>sicut</strong></span> <span class='ocrx_word' id='word_1_657' title='bbox 2431 3805 2721 3860; x_wconf 85' lang='lat' dir='ltr'><strong>Abraham</strong></span> <span class='ocrx_word' id='word_1_658' title='bbox 2751 3804 2836 3858; x_wconf 89' lang='lat' dir='ltr'><strong>vel</strong></span> <span class='ocrx_word' id='word_1_659' title='bbox 2867 3805 3026 3873; x_wconf 87' lang='lat' dir='ltr'><strong>Loth,</strong></span> <span class='ocrx_word' id='word_1_660' title='bbox 3062 3805 3160 3875; x_wconf 89' lang='lat' dir='ltr'><strong>qui</strong></span> <span class='ocrx_word' id='word_1_661' title='bbox 3187 3810 3418 3877; x_wconf 85' lang='lat' dir='ltr'><strong>propter</strong></span> <span class='ocrx_word' id='word_1_662' title='bbox 3454 3807 3562 3861; x_wconf 91' lang='lat' dir='ltr'><strong>ho-</strong></span> 
     </span>
    </p>
   </div>
   <div class='ocr_carea' id='block_1_82' title="bbox 1934 3898 3563 3974">
    <p class='ocr_par' dir='ltr' id='par_1_82' title="bbox 1934 3898 3563 3974">
     <span class='ocr_line' id='line_1_82' title="bbox 1934 3898 3563 3974; baseline -0.001 -18"><span class='ocrx_word' id='word_1_663' title='bbox 1934 3901 2302 3974; x_wconf 88' lang='lat' dir='ltr'><strong>spitalitatem</strong></span> <span class='ocrx_word' id='word_1_664' title='bbox 2320 3899 2388 3954; x_wconf 91' lang='lat' dir='ltr'><strong>de</strong></span> <span class='ocrx_word' id='word_1_665' title='bbox 2405 3899 2645 3954; x_wconf 86' lang='lat' dir='ltr'><strong>Sodoma</strong></span> <span class='ocrx_word' id='word_1_666' title='bbox 2658 3898 2889 3952; x_wconf 89' lang='lat' dir='ltr'><strong>liberari</strong></span> <span class='ocrx_word' id='word_1_667' title='bbox 2920 3903 3273 3952; x_wconf 88' lang='lat' dir='ltr'><strong>meruerunt.</strong></span> <span class='ocrx_word' id='word_1_668' title='bbox 3298 3899 3563 3970; x_wconf 87' lang='lat' dir='ltr'><strong>Legimus</strong></span> 
     </span>
    </p>
   </div>
   <div class='ocr_carea' id='block_1_83' title="bbox 1933 3991 3638 4066">
    <p class='ocr_par' dir='ltr' id='par_1_83' title="bbox 1933 3991 3638 4066">
     <span class='ocr_line' id='line_1_83' title="bbox 1933 3991 3638 4066; baseline 0 -17"><span class='ocrx_word' id='word_1_669' title='bbox 1933 3995 2089 4050; x_wconf 88' lang='lat' dir='ltr'><strong>enim</strong></span> <span class='ocrx_word' id='word_1_670' title='bbox 2121 3993 2274 4066; x_wconf 91' lang='lat' dir='ltr'><strong>quod</strong></span> <span class='ocrx_word' id='word_1_671' title='bbox 2326 4009 2440 4048; x_wconf 93' lang='lat' dir='ltr'><strong>non</strong></span> <span class='ocrx_word' id='word_1_672' title='bbox 2485 3993 2667 4046; x_wconf 90' lang='lat' dir='ltr'><strong>solum</strong></span> <span class='ocrx_word' id='word_1_673' title='bbox 2721 3993 3012 4046; x_wconf 85' lang='lat' dir='ltr'><strong>venientes</strong></span> <span class='ocrx_word' id='word_1_674' title='bbox 3049 3991 3410 4064; x_wconf 86' lang='lat' dir='ltr'><strong>suscipiebat,</strong></span> <span class='ocrx_word' id='word_1_675' title='bbox 3467 3993 3563 4049; x_wconf 87' lang='lat' dir='ltr'><strong>sed</strong></span> <span class='ocrx_word' id='word_1_676' title='bbox 3629 4048 3638 4054; x_wconf 92' lang='lat'><em>_</em></span> 
     </span>
    </p>
   </div>
   <div class='ocr_carea' id='block_1_84' title="bbox 1934 4085 3565 4158">
    <p class='ocr_par' dir='ltr' id='par_1_84' title="bbox 1934 4085 3565 4158">
     <span class='ocr_line' id='line_1_84' title="bbox 1934 4085 3565 4158; baseline -0.001 -16"><span class='ocrx_word' id='word_1_677' title='bbox 1934 4089 2192 4143; x_wconf 89' lang='lat' dir='ltr'><strong>trahebat</strong></span> <span class='ocrx_word' id='word_1_678' title='bbox 2214 4106 2231 4157; x_wconf 86' lang='lat'><strong>;</strong></span> <span class='ocrx_word' id='word_1_679' title='bbox 2278 4087 2430 4142; x_wconf 90' lang='lat' dir='ltr'><strong>unde</strong></span> <span class='ocrx_word' id='word_1_680' title='bbox 2455 4089 2512 4142; x_wconf 89' lang='lat' dir='ltr'><strong>et</strong></span> <span class='ocrx_word' id='word_1_681' title='bbox 2533 4086 2769 4157; x_wconf 88' lang='lat' dir='ltr'><strong>angelos</strong></span> <span class='ocrx_word' id='word_1_682' title='bbox 2794 4086 2854 4140; x_wconf 90' lang='lat' dir='ltr'><strong>in</strong></span> <span class='ocrx_word' id='word_1_683' title='bbox 2881 4103 2980 4140; x_wconf 92' lang='lat' dir='ltr'><strong>suo</strong></span> <span class='ocrx_word' id='word_1_684' title='bbox 3009 4085 3254 4156; x_wconf 90' lang='lat' dir='ltr'><strong>hospitio</strong></span> <span class='ocrx_word' id='word_1_685' title='bbox 3278 4086 3565 4158; x_wconf 86' lang='lat' dir='ltr'><strong>suscipere</strong></span> 
     </span>
    </p>
   </div>
   <div class='ocr_carea' id='block_1_85' title="bbox 1935 4178 3564 4259">
    <p class='ocr_par' dir='ltr' id='par_1_85' title="bbox 1935 4178 3564 4259">
     <span class='ocr_line' id='line_1_85' title="bbox 1935 4178 3564 4259; baseline -0.001 -23"><span class='ocrx_word' id='word_1_686' title='bbox 1935 4182 2160 4236; x_wconf 89' lang='lat' dir='ltr'><strong>meruit.</strong></span> <span class='ocrx_word' id='word_1_687' title='bbox 2195 4180 2292 4234; x_wconf 86' lang='lat' dir='ltr'><strong>Hic</strong></span> <span class='ocrx_word' id='word_1_688' title='bbox 2324 4180 2490 4235; x_wconf 88' lang='lat' dir='ltr'><strong>datur</strong></span> <span class='ocrx_word' id='word_1_689' title='bbox 2510 4179 2780 4250; x_wconf 89' lang='lat' dir='ltr'><strong>intelligi,</strong></span> <span class='ocrx_word' id='word_1_690' title='bbox 2808 4178 2942 4250; x_wconf 86' lang='lat' dir='ltr'><strong>quia</strong></span> <span class='ocrx_word' id='word_1_691' title='bbox 2967 4179 3216 4259; x_wconf 76' lang='lat' dir='ltr'><strong>hospites</strong></span> <span class='ocrx_word' id='word_1_692' title='bbox 3239 4195 3355 4233; x_wconf 92' lang='lat' dir='ltr'><strong>non</strong></span> <span class='ocrx_word' id='word_1_693' title='bbox 3379 4181 3564 4235; x_wconf 86' lang='lat' dir='ltr'><strong>solum</strong></span> 
     </span>
    </p>
   </div>
   <div class='ocr_carea' id='block_1_86' title="bbox 1933 4273 3562 4344">
    <p class='ocr_par' dir='ltr' id='par_1_86' title="bbox 1933 4273 3562 4344">
     <span class='ocr_line' id='line_1_86' title="bbox 1933 4273 3562 4344; baseline 0 -15"><span class='ocrx_word' id='word_1_694' title='bbox 1933 4274 2226 4341; x_wconf 86' lang='lat' dir='ltr'><strong>invitandi,</strong></span> <span class='ocrx_word' id='word_1_695' title='bbox 2243 4291 2447 4328; x_wconf 89' lang='lat' dir='ltr'><strong>verum</strong></span> <span class='ocrx_word' id='word_1_696' title='bbox 2475 4273 2645 4329; x_wconf 88' lang='lat' dir='ltr'><strong>etiam</strong></span> <span class='ocrx_word' id='word_1_697' title='bbox 2665 4273 2927 4328; x_wconf 86' lang='lat' dir='ltr'><strong>trahendi</strong></span> <span class='ocrx_word' id='word_1_698' title='bbox 2942 4277 3092 4328; x_wconf 90' lang='lat' dir='ltr'><strong>sunt.</strong></span> <span class='ocrx_word' id='word_1_699' title='bbox 3113 4275 3265 4328; x_wconf 89' lang='lat' dir='ltr'><strong>Inter</strong></span> <span class='ocrx_word' id='word_1_700' title='bbox 3280 4274 3562 4344; x_wconf 88' lang='lat' dir='ltr'><strong>suscipere</strong></span> 
     </span>
    </p>
   </div>
   <div class='ocr_carea' id='block_1_87' title="bbox 1933 4366 3565 4440">
    <p class='ocr_par' dir='ltr' id='par_1_87' title="bbox 1933 4366 3565 4440">
     <span class='ocr_line' id='line_1_87' title="bbox 1933 4366 3565 4440; baseline -0.001 -18"><span class='ocrx_word' id='word_1_701' title='bbox 1933 4367 2215 4440; x_wconf 81' lang='lat' dir='ltr'><strong>hospitem</strong></span> <span class='ocrx_word' id='word_1_702' title='bbox 2241 4370 2298 4422; x_wconf 91' lang='lat' dir='ltr'><strong>et</strong></span> <span class='ocrx_word' id='word_1_703' title='bbox 2343 4366 2785 4438; x_wconf 89' lang='lat' dir='ltr'><strong>hospitalitatem</strong></span> <span class='ocrx_word' id='word_1_704' title='bbox 2831 4366 3051 4432; x_wconf 86' lang='lat' dir='ltr'><strong>sectari,</strong></span> <span class='ocrx_word' id='word_1_705' title='bbox 3079 4366 3257 4420; x_wconf 88' lang='lat' dir='ltr'><strong>multa</strong></span> <span class='ocrx_word' id='word_1_706' title='bbox 3299 4366 3565 4420; x_wconf 86' lang='lat' dir='ltr'><strong>distantia</strong></span> 
     </span>
    </p>
   </div>
   <div class='ocr_carea' id='block_1_88' title="bbox 1934 4458 3562 4530">
    <p class='ocr_par' dir='ltr' id='par_1_88' title="bbox 1934 4458 3562 4530">
     <span class='ocr_line' id='line_1_88' title="bbox 1934 4458 3562 4530; baseline -0.001 -14"><span class='ocrx_word' id='word_1_707' title='bbox 1934 4467 2036 4516; x_wconf 88' lang='lat' dir='ltr'><strong>est.</strong></span> <span class='ocrx_word' id='word_1_708' title='bbox 2068 4460 2224 4515; x_wconf 86' lang='lat' dir='ltr'><strong>Multi</strong></span> <span class='ocrx_word' id='word_1_709' title='bbox 2275 4460 2523 4530; x_wconf 89' lang='lat' dir='ltr'><strong>hospites</strong></span> <span class='ocrx_word' id='word_1_710' title='bbox 2551 4460 2621 4513; x_wconf 92' lang='lat' dir='ltr'><strong>ad</strong></span> <span class='ocrx_word' id='word_1_711' title='bbox 2661 4476 2718 4514; x_wconf 90' lang='lat' dir='ltr'><strong>se</strong></span> <span class='ocrx_word' id='word_1_712' title='bbox 2749 4459 3037 4514; x_wconf 85' lang='lat' dir='ltr'><strong>venientes</strong></span> <span class='ocrx_word' id='word_1_713' title='bbox 3080 4458 3413 4528; x_wconf 88' lang='lat' dir='ltr'><strong>suscipiunt,</strong></span> <span class='ocrx_word' id='word_1_714' title='bbox 3467 4461 3562 4514; x_wconf 89' lang='lat' dir='ltr'><strong>sed</strong></span> 
     </span>
    </p>
   </div>
   <div class='ocr_carea' id='block_1_89' title="bbox 193 4551 3560 4632">
    <p class='ocr_par' dir='ltr' id='par_1_89' title="bbox 193 4551 3560 4632">
     <span class='ocr_line' id='line_1_89' title="bbox 193 4551 3560 4632; baseline -0.002 -20"><span class='ocrx_word' id='word_1_715' title='bbox 193 4557 292 4612; x_wconf 87' lang='lat' dir='ltr'><strong>sed</strong></span> <span class='ocrx_word' id='word_1_716' title='bbox 321 4559 452 4626; x_wconf 86' lang='lat' dir='ltr'><strong>quia</strong></span> <span class='ocrx_word' id='word_1_717' title='bbox 493 4557 708 4626; x_wconf 87' lang='lat' dir='ltr'><strong>tepidus</strong></span> <span class='ocrx_word' id='word_1_718' title='bbox 735 4571 807 4619; x_wconf 88' lang='lat' dir='ltr'><strong>es,</strong></span> <span class='ocrx_word' id='word_1_719' title='bbox 859 4557 1114 4626; x_wconf 85' lang='lat' dir='ltr'><strong>incipiam</strong></span> <span class='ocrx_word' id='word_1_720' title='bbox 1143 4559 1190 4608; x_wconf 90' lang='lat' dir='ltr'><strong>te</strong></span> <span class='ocrx_word' id='word_1_721' title='bbox 1215 4569 1448 4608; x_wconf 79' lang='lat' dir='ltr'><strong>evomere</strong></span> <span class='ocrx_word' id='word_1_722' title='bbox 1472 4569 1539 4608; x_wconf 68' lang='lat' dir='ltr'><strong>em</strong></span> <span class='ocrx_word' id='word_1_723' title='bbox 1563 4569 1651 4608; x_wconf 88' lang='lat' dir='ltr'><strong>ore</strong></span> <span class='ocrx_word' id='word_1_724' title='bbox 1697 4569 1829 4608; x_wconf 89' lang='lat' dir='ltr'><strong>meo.</strong></span> <span class='ocrx_word' id='word_1_725' title='bbox 1851 4559 1911 4632; x_wconf 77' lang='grc' dir='ltr'><strong>Ι)</strong></span> <span class='ocrx_word' id='word_1_726' title='bbox 1935 4571 2048 4609; x_wconf 91' lang='lat' dir='ltr'><strong>non</strong></span> <span class='ocrx_word' id='word_1_727' title='bbox 2072 4557 2157 4608; x_wconf 89' lang='lat' dir='ltr'><strong>est</strong></span> <span class='ocrx_word' id='word_1_728' title='bbox 2181 4553 2287 4607; x_wconf 89' lang='lat' dir='ltr'><strong>hoc</strong></span> <span class='ocrx_word' id='word_1_729' title='bbox 2328 4553 2772 4624; x_wconf 87' lang='lat' dir='ltr'><strong>hospitalitatem</strong></span> <span class='ocrx_word' id='word_1_730' title='bbox 2798 4551 3017 4607; x_wconf 85' lang='lat' dir='ltr'><strong>sectari.</strong></span> <span class='ocrx_word' id='word_1_731' title='bbox 3053 4551 3163 4607; x_wconf 94' lang='lat' dir='ltr'><strong>Sed</strong></span> <span class='ocrx_word' id='word_1_732' title='bbox 3191 4551 3290 4623; x_wconf 91' lang='lat' dir='ltr'><strong>qui</strong></span> <span class='ocrx_word' id='word_1_733' title='bbox 3315 4551 3560 4606; x_wconf 89' lang='lat' dir='ltr'><strong>circum-</strong></span> 
     </span>
    </p>
   </div>
   <div class='ocr_carea' id='block_1_90' title="bbox 191 4647 1831 4720">
    <p class='ocr_par' dir='ltr' id='par_1_90' title="bbox 191 4647 1831 4720">
     <span class='ocr_line' id='line_1_90' title="bbox 191 4647 1831 4720; baseline -0.002 -16"><span class='ocrx_word' id='word_1_734' title='bbox 191 4652 255 4704; x_wconf 89' lang='lat' dir='ltr'><strong>ln</strong></span> <span class='ocrx_word' id='word_1_735' title='bbox 280 4649 489 4720; x_wconf 85' lang='lat' dir='ltr'><strong>tepidis</strong></span> <span class='ocrx_word' id='word_1_736' title='bbox 520 4649 675 4702; x_wconf 88' lang='lat' dir='ltr'><strong>enim</strong></span> <span class='ocrx_word' id='word_1_737' title='bbox 702 4652 1010 4704; x_wconf 90' lang='lat' dir='ltr'><strong>nauseatur</strong></span> <span class='ocrx_word' id='word_1_738' title='bbox 1033 4647 1329 4718; x_wconf 92' lang='lat' dir='ltr'><strong>Dominus,</strong></span> <span class='ocrx_word' id='word_1_739' title='bbox 1361 4647 1420 4701; x_wconf 91' lang='lat' dir='ltr'><strong>in</strong></span> <span class='ocrx_word' id='word_1_740' title='bbox 1447 4647 1667 4718; x_wconf 86' lang='lat' dir='ltr'><strong>frigidis</strong></span> <span class='ocrx_word' id='word_1_741' title='bbox 1687 4647 1831 4717; x_wconf 90' lang='lat' dir='ltr'><strong>inju-</strong></span> 
     </span>
    </p>
   </div>
   <div class='ocr_carea' id='block_1_91' title="bbox 189 4736 1828 4814">
    <p class='ocr_par' dir='ltr' id='par_1_91' title="bbox 189 4736 1828 4814">
     <span class='ocr_line' id='line_1_91' title="bbox 189 4736 1828 4814; baseline -0.004 -16"><span class='ocrx_word' id='word_1_742' title='bbox 189 4743 340 4798; x_wconf 85' lang='lat' dir='ltr'><strong>riam</strong></span> <span class='ocrx_word' id='word_1_743' title='bbox 391 4742 628 4814; x_wconf 88' lang='lat' dir='ltr'><strong>patitur,</strong></span> <span class='ocrx_word' id='word_1_744' title='bbox 675 4742 734 4796; x_wconf 90' lang='lat' dir='ltr'><strong>in</strong></span> <span class='ocrx_word' id='word_1_745' title='bbox 781 4742 1126 4797; x_wconf 87' lang='lat' dir='ltr'><strong>ferventibus</strong></span> <span class='ocrx_word' id='word_1_746' title='bbox 1157 4741 1453 4796; x_wconf 88' lang='lat' dir='ltr'><strong>inhabitat.</strong></span> <span class='ocrx_word' id='word_1_747' title='bbox 1481 4736 1649 4795; x_wconf 71' lang='lat' dir='ltr'><strong>Iudas</strong></span> <span class='ocrx_word' id='word_1_748' title='bbox 1674 4739 1828 4794; x_wconf 91' lang='lat' dir='ltr'><strong>enim</strong></span> 
     </span>
    </p>
   </div>
   <div class='ocr_carea' id='block_1_92' title="bbox 189 4833 1830 4910">
    <p class='ocr_par' dir='ltr' id='par_1_92' title="bbox 189 4833 1830 4910">
     <span class='ocr_line' id='line_1_92' title="bbox 189 4833 1830 4910; baseline -0.004 -18"><span class='ocrx_word' id='word_1_749' title='bbox 189 4837 329 4910; x_wconf 88' lang='lat' dir='ltr'><strong>quia</strong></span> <span class='ocrx_word' id='word_1_750' title='bbox 378 4835 604 4907; x_wconf 89' lang='lat' dir='ltr'><strong>tepidus</strong></span> <span class='ocrx_word' id='word_1_751' title='bbox 648 4841 788 4903; x_wconf 90' lang='lat' dir='ltr'><strong>erat,</strong></span> <span class='ocrx_word' id='word_1_752' title='bbox 819 4836 1070 4892; x_wconf 89' lang='lat' dir='ltr'><strong>evomuit</strong></span> <span class='ocrx_word' id='word_1_753' title='bbox 1104 4853 1238 4891; x_wconf 90' lang='lat' dir='ltr'><strong>eum</strong></span> <span class='ocrx_word' id='word_1_754' title='bbox 1270 4836 1436 4889; x_wconf 89' lang='lat' dir='ltr'><strong>Deus.</strong></span> <span class='ocrx_word' id='word_1_755' title='bbox 1488 4835 1641 4890; x_wconf 90' lang='lat' dir='ltr'><strong>Sicut</strong></span> <span class='ocrx_word' id='word_1_756' title='bbox 1675 4833 1830 4887; x_wconf 91' lang='lat' dir='ltr'><strong>enim</strong></span> 
     </span>
    </p>
   </div>
   <div class='ocr_carea' id='block_1_93' title="bbox 189 4926 1830 5002">
    <p class='ocr_par' dir='ltr' id='par_1_93' title="bbox 189 4926 1830 5002">
     <span class='ocr_line' id='line_1_93' title="bbox 189 4926 1830 5002; baseline -0.003 -17"><span class='ocrx_word' id='word_1_757' title='bbox 189 4946 478 4986; x_wconf 75' lang='lat' dir='ltr'><strong>succensae</strong></span> <span class='ocrx_word' id='word_1_758' title='bbox 509 4930 634 4985; x_wconf 83' lang='lat' dir='ltr'><strong>ollae</strong></span> <span class='ocrx_word' id='word_1_759' title='bbox 673 4946 790 4985; x_wconf 91' lang='lat' dir='ltr'><strong>non</strong></span> <span class='ocrx_word' id='word_1_760' title='bbox 844 4929 1308 5002; x_wconf 88' lang='lat' dir='ltr'><strong>apprOpinquant</strong></span> <span class='ocrx_word' id='word_1_761' title='bbox 1350 4945 1580 4996; x_wconf 63' lang='lat' dir='ltr'><strong>muscae,</strong></span> <span class='ocrx_word' id='word_1_762' title='bbox 1623 4926 1830 4998; x_wconf 63' lang='lat' dir='ltr'><strong>tepida:</strong></span> 
     </span>
    </p>
   </div>
   <div class='ocr_carea' id='block_1_94' title="bbox 189 5020 1830 5095">
    <p class='ocr_par' dir='ltr' id='par_1_94' title="bbox 189 5020 1830 5095">
     <span class='ocr_line' id='line_1_94' title="bbox 189 5020 1830 5095; baseline -0.002 -18"><span class='ocrx_word' id='word_1_763' title='bbox 189 5040 327 5080; x_wconf 87' lang='lat' dir='ltr'><strong>vero</strong></span> <span class='ocrx_word' id='word_1_764' title='bbox 387 5023 828 5095; x_wconf 88' lang='lat' dir='ltr'><strong>superinsedunt</strong></span> <span class='ocrx_word' id='word_1_765' title='bbox 883 5024 984 5092; x_wconf 83' lang='lat' dir='ltr'><strong>(Ita</strong></span> <span class='ocrx_word' id='word_1_766' title='bbox 1041 5023 1176 5092; x_wconf 90' lang='lat' dir='ltr'><strong>cod.)</strong></span> <span class='ocrx_word' id='word_1_767' title='bbox 1199 5064 1214 5086; x_wconf 92' lang='lat'><strong>,</strong></span> <span class='ocrx_word' id='word_1_768' title='bbox 1263 5021 1343 5076; x_wconf 90' lang='lat' dir='ltr'><strong>sic</strong></span> <span class='ocrx_word' id='word_1_769' title='bbox 1396 5020 1494 5092; x_wconf 90' lang='lat' dir='ltr'><strong>qui</strong></span> <span class='ocrx_word' id='word_1_770' title='bbox 1551 5021 1830 5076; x_wconf 88' lang='lat' dir='ltr'><strong>ferventes</strong></span> 
     </span>
    </p>
   </div>
   <div class='ocr_carea' id='block_1_95' title="bbox 189 5115 1864 5189">
    <p class='ocr_par' dir='ltr' id='par_1_95' title="bbox 189 5115 1864 5189">
     <span class='ocr_line' id='line_1_95' title="bbox 189 5115 1864 5189; baseline -0.005 -16"><span class='ocrx_word' id='word_1_771' title='bbox 189 5121 326 5173; x_wconf 91' lang='lat' dir='ltr'><strong>sunt</strong></span> <span class='ocrx_word' id='word_1_772' title='bbox 357 5117 417 5171; x_wconf 91' lang='lat' dir='ltr'><strong>in</strong></span> <span class='ocrx_word' id='word_1_773' title='bbox 441 5117 542 5172; x_wconf 91' lang='lat' dir='ltr'><strong>illo</strong></span> <span class='ocrx_word' id='word_1_774' title='bbox 572 5117 726 5189; x_wconf 11' lang='lat' dir='ltr'><strong>ignve,</strong></span> <span class='ocrx_word' id='word_1_775' title='bbox 761 5117 829 5172; x_wconf 90' lang='lat' dir='ltr'><strong>de</strong></span> <span class='ocrx_word' id='word_1_776' title='bbox 857 5133 971 5188; x_wconf 88' lang='lat' dir='ltr'><strong>quo</strong></span> <span class='ocrx_word' id='word_1_777' title='bbox 1000 5115 1268 5170; x_wconf 90' lang='lat' dir='ltr'><strong>Dominus</strong></span> <span class='ocrx_word' id='word_1_778' title='bbox 1297 5115 1435 5170; x_wconf 90' lang='lat' dir='ltr'><strong>dicit</strong></span> <span class='ocrx_word' id='word_1_779' title='bbox 1459 5131 1472 5168; x_wconf 91' lang='lat'><strong>:</strong></span> <span class='ocrx_word' id='word_1_780' title='bbox 1503 5117 1680 5184; x_wconf 88' lang='lat' dir='ltr'><strong>Ignem</strong></span> <span class='ocrx_word' id='word_1_781' title='bbox 1710 5115 1832 5168; x_wconf 80' lang='lat' dir='ltr'><strong>veni</strong></span> <span class='ocrx_word' id='word_1_782' title='bbox 1861 5177 1864 5180; x_wconf 94' lang='grc' dir='ltr'><strong> </strong></span> 
     </span>
    </p>
   </div>
   <div class='ocr_carea' id='block_1_96' title="bbox 189 5207 1832 5280">
    <p class='ocr_par' dir='ltr' id='par_1_96' title="bbox 189 5207 1832 5280">
     <span class='ocr_line' id='line_1_96' title="bbox 189 5207 1832 5280; baseline -0.005 -13"><span class='ocrx_word' id='word_1_783' title='bbox 189 5215 408 5267; x_wconf 85' lang='lat' dir='ltr'><strong>mittere</strong></span> <span class='ocrx_word' id='word_1_784' title='bbox 456 5213 515 5264; x_wconf 90' lang='lat' dir='ltr'><strong>in</strong></span> <span class='ocrx_word' id='word_1_785' title='bbox 563 5215 782 5278; x_wconf 87' lang='lat' dir='ltr'><strong>terram,</strong></span> <span class='ocrx_word' id='word_1_786' title='bbox 811 5215 862 5265; x_wconf 91' lang='lat' dir='ltr'><strong>et</strong></span> <span class='ocrx_word' id='word_1_787' title='bbox 897 5210 1031 5280; x_wconf 88' lang='lat' dir='ltr'><strong>quid</strong></span> <span class='ocrx_word' id='word_1_788' title='bbox 1059 5210 1178 5264; x_wconf 80' lang='lat' dir='ltr'><strong>volo</strong></span> <span class='ocrx_word' id='word_1_789' title='bbox 1218 5211 1326 5264; x_wconf 85' lang='lat' dir='ltr'><strong>nisi</strong></span> <span class='ocrx_word' id='word_1_790' title='bbox 1355 5213 1418 5262; x_wconf 88' lang='lat' dir='ltr'><strong>ut</strong></span> <span class='ocrx_word' id='word_1_791' title='bbox 1457 5207 1783 5262; x_wconf 87' lang='lat' dir='ltr'><strong>accendatur</strong></span> <span class='ocrx_word' id='word_1_792' title='bbox 1803 5207 1832 5259; x_wconf 80' lang='lat'><strong><em>?</em></strong></span> 
     </span>
    </p>
   </div>
   <div class='ocr_carea' id='block_1_97' title="bbox 187 5299 1826 5376">
    <p class='ocr_par' dir='ltr' id='par_1_97' title="bbox 187 5299 1826 5376">
     <span class='ocr_line' id='line_1_97' title="bbox 187 5299 1826 5376; baseline -0.004 -17"><span class='ocrx_word' id='word_1_793' title='bbox 187 5306 306 5360; x_wconf 86' lang='lat' dir='ltr'><strong>illis</strong></span> <span class='ocrx_word' id='word_1_794' title='bbox 355 5304 814 5376; x_wconf 86' lang='lat' dir='ltr'><strong>appropinquare</strong></span> <span class='ocrx_word' id='word_1_795' title='bbox 863 5320 978 5358; x_wconf 92' lang='lat' dir='ltr'><strong>non</strong></span> <span class='ocrx_word' id='word_1_796' title='bbox 1025 5303 1238 5358; x_wconf 90' lang='lat' dir='ltr'><strong>audent</strong></span> <span class='ocrx_word' id='word_1_797' title='bbox 1290 5301 1526 5373; x_wconf 83' lang='lat' dir='ltr'><strong>maligni</strong></span> <span class='ocrx_word' id='word_1_798' title='bbox 1577 5299 1826 5371; x_wconf 85' lang='lat' dir='ltr'><strong>spiritus,</strong></span> 
     </span>
    </p>
   </div>
   <div class='ocr_carea' id='block_1_98' title="bbox 189 5396 1831 5471">
    <p class='ocr_par' dir='ltr' id='par_1_98' title="bbox 189 5396 1831 5471">
     <span class='ocr_line' id='line_1_98' title="bbox 189 5396 1831 5471; baseline -0.005 -17"><span class='ocrx_word' id='word_1_799' title='bbox 189 5398 452 5471; x_wconf 88' lang='lat' dir='ltr'><strong>tepidum</strong></span> <span class='ocrx_word' id='word_1_800' title='bbox 479 5414 613 5453; x_wconf 90' lang='lat' dir='ltr'><strong>vero</strong></span> <span class='ocrx_word' id='word_1_801' title='bbox 643 5397 911 5452; x_wconf 89' lang='lat' dir='ltr'><strong>illudunt.</strong></span> <span class='ocrx_word' id='word_1_802' title='bbox 950 5399 1016 5453; x_wconf 90' lang='lat' dir='ltr'><strong>Et</strong></span> <span class='ocrx_word' id='word_1_803' title='bbox 1047 5397 1174 5451; x_wconf 91' lang='lat' dir='ltr'><strong>ideo</strong></span> <span class='ocrx_word' id='word_1_804' title='bbox 1221 5396 1282 5450; x_wconf 90' lang='lat' dir='ltr'><strong>in</strong></span> <span class='ocrx_word' id='word_1_805' title='bbox 1313 5396 1463 5450; x_wconf 89' lang='lat' dir='ltr'><strong>bono</strong></span> <span class='ocrx_word' id='word_1_806' title='bbox 1514 5409 1684 5466; x_wconf 90' lang='lat' dir='ltr'><strong>opere</strong></span> <span class='ocrx_word' id='word_1_807' title='bbox 1718 5409 1831 5446; x_wconf 90' lang='lat' dir='ltr'><strong>non</strong></span> 
     </span>
    </p>
   </div>
   <div class='ocr_carea' id='block_1_99' title="bbox 191 5489 1828 5564">
    <p class='ocr_par' dir='ltr' id='par_1_99' title="bbox 191 5489 1828 5564">
     <span class='ocr_line' id='line_1_99' title="bbox 191 5489 1828 5564; baseline -0.004 -17"><span class='ocrx_word' id='word_1_808' title='bbox 191 5491 397 5564; x_wconf 83' lang='lat' dir='ltr'><strong>tepidi,</strong></span> <span class='ocrx_word' id='word_1_809' title='bbox 457 5493 552 5546; x_wconf 91' lang='lat' dir='ltr'><strong>sed</strong></span> <span class='ocrx_word' id='word_1_810' title='bbox 604 5492 886 5546; x_wconf 86' lang='lat' dir='ltr'><strong>ferventes</strong></span> <span class='ocrx_word' id='word_1_811' title='bbox 936 5506 1054 5545; x_wconf 89' lang='lat' dir='ltr'><strong>esse</strong></span> <span class='ocrx_word' id='word_1_812' title='bbox 1087 5490 1378 5544; x_wconf 90' lang='lat' dir='ltr'><strong>debemus.</strong></span> <span class='ocrx_word' id='word_1_813' title='bbox 1435 5489 1650 5543; x_wconf 70' lang='lat' dir='ltr'><strong>Domuo</strong></span> <span class='ocrx_word' id='word_1_814' title='bbox 1705 5502 1828 5541; x_wconf 73' lang='lat' dir='ltr'><strong>ssn-</strong></span> 
     </span>
    </p>
   </div>
   <div class='ocr_carea' id='block_1_100' title="bbox 193 5581 1827 5664">
    <p class='ocr_par' dir='ltr' id='par_1_100' title="bbox 193 5581 1827 5664">
     <span class='ocr_line' id='line_1_100' title="bbox 193 5581 1827 5664; baseline -0.002 -25"><span class='ocrx_word' id='word_1_815' title='bbox 193 5601 444 5656; x_wconf 67' lang='lat' dir='ltr'><strong>vmsres,</strong></span> <span class='ocrx_word' id='word_1_816' title='bbox 477 5585 534 5640; x_wconf 92' lang='lat' dir='ltr'><strong>id</strong></span> <span class='ocrx_word' id='word_1_817' title='bbox 565 5591 648 5640; x_wconf 91' lang='lat' dir='ltr'><strong>est</strong></span> <span class='ocrx_word' id='word_1_818' title='bbox 677 5586 800 5657; x_wconf 87' lang='lat' dir='ltr'><strong>ejus</strong></span> <span class='ocrx_word' id='word_1_819' title='bbox 841 5584 1134 5664; x_wconf 70' lang='lat' dir='ltr'><strong>praeceptis</strong></span> <span class='ocrx_word' id='word_1_820' title='bbox 1176 5581 1520 5638; x_wconf 62' lang='lat' dir='ltr'><strong>obedibntes.</strong></span> <span class='ocrx_word' id='word_1_821' title='bbox 1553 5582 1652 5636; x_wconf 74' lang='lat' dir='ltr'><strong>Spe</strong></span> <span class='ocrx_word' id='word_1_822' title='bbox 1692 5597 1827 5636; x_wconf 82' lang='lat' dir='ltr'><strong>GAU-</strong></span> 
     </span>
    </p>
   </div>
   <div class='ocr_carea' id='block_1_101' title="bbox 193 5673 1829 5750">
    <p class='ocr_par' dir='ltr' id='par_1_101' title="bbox 193 5673 1829 5750">
     <span class='ocr_line' id='line_1_101' title="bbox 193 5673 1829 5750; baseline -0.004 -16"><span class='ocrx_word' id='word_1_823' title='bbox 193 5696 414 5736; x_wconf 68' lang='lat' dir='ltr'><strong>DENTES.</strong></span> <span class='ocrx_word' id='word_1_824' title='bbox 451 5679 560 5750; x_wconf 89' lang='lat' dir='ltr'><strong>Spe</strong></span> <span class='ocrx_word' id='word_1_825' title='bbox 601 5679 813 5750; x_wconf 88' lang='lat' dir='ltr'><strong>gaudet</strong></span> <span class='ocrx_word' id='word_1_826' title='bbox 839 5678 936 5749; x_wconf 90' lang='lat' dir='ltr'><strong>qui</strong></span> <span class='ocrx_word' id='word_1_827' title='bbox 985 5694 1098 5732; x_wconf 91' lang='lat' dir='ltr'><strong>non</strong></span> <span class='ocrx_word' id='word_1_828' title='bbox 1141 5675 1366 5748; x_wconf 88' lang='lat' dir='ltr'><strong>respicit</strong></span> <span class='ocrx_word' id='word_1_829' title='bbox 1395 5693 1460 5730; x_wconf 89' lang='lat' dir='ltr'><strong>ea</strong></span> <span class='ocrx_word' id='word_1_830' title='bbox 1485 5693 1614 5747; x_wconf 64' lang='lat' dir='ltr'><strong>qua:</strong></span> <span class='ocrx_word' id='word_1_831' title='bbox 1660 5673 1829 5739; x_wconf 90' lang='lat' dir='ltr'><strong>videt,</strong></span> 
     </span>
    </p>
   </div>
   <div class='ocr_carea' id='block_1_102' title="bbox 195 5770 1830 5844">
    <p class='ocr_par' dir='ltr' id='par_1_102' title="bbox 195 5770 1830 5844">
     <span class='ocr_line' id='line_1_102' title="bbox 195 5770 1830 5844; baseline -0.004 -18"><span class='ocrx_word' id='word_1_832' title='bbox 195 5774 293 5829; x_wconf 85' lang='lat' dir='ltr'><strong>sed</strong></span> <span class='ocrx_word' id='word_1_833' title='bbox 331 5773 592 5828; x_wconf 89' lang='lat' dir='ltr'><strong>futurum</strong></span> <span class='ocrx_word' id='word_1_834' title='bbox 623 5774 915 5842; x_wconf 82' lang='lat' dir='ltr'><strong>exspectat</strong></span> <span class='ocrx_word' id='word_1_835' title='bbox 943 5771 1233 5844; x_wconf 90' lang='lat' dir='ltr'><strong>gaudium.</strong></span> <span class='ocrx_word' id='word_1_836' title='bbox 1262 5771 1391 5840; x_wconf 87' lang='lat' dir='ltr'><strong>Spes</strong></span> <span class='ocrx_word' id='word_1_837' title='bbox 1421 5773 1561 5823; x_wconf 86' lang='lat' dir='ltr'><strong>enim</strong></span> <span class='ocrx_word' id='word_1_838' title='bbox 1601 5783 1720 5838; x_wconf 68' lang='lat' dir='ltr'><strong>qua:</strong></span> <span class='ocrx_word' id='word_1_839' title='bbox 1747 5770 1830 5821; x_wconf 79' lang='lat' dir='ltr'><strong>vi-</strong></span> 
     </span>
    </p>
   </div>
   <div class='ocr_carea' id='block_1_103' title="bbox 268 5889 1831 5969">
    <p class='ocr_par' dir='ltr' id='par_1_103' title="bbox 268 5889 1831 5969">
     <span class='ocr_line' id='line_1_103' title="bbox 268 5889 1831 5969; baseline -0.007 -18"><span class='ocrx_word' id='word_1_840' title='bbox 268 5895 292 5924; x_wconf 83' lang='lat'>&#39;</span> <span class='ocrx_word' id='word_1_841' title='bbox 319 5895 402 5951; x_wconf 86' lang='lat' dir='ltr'><strong>Ita</strong></span> <span class='ocrx_word' id='word_1_842' title='bbox 456 5892 628 5950; x_wconf 84' lang='lat' dir='ltr'><strong>etiam</strong></span> <span class='ocrx_word' id='word_1_843' title='bbox 683 5891 875 5952; x_wconf 87' lang='lat' dir='ltr'><strong>Cicero</strong></span> <span class='ocrx_word' id='word_1_844' title='bbox 916 5909 1026 5969; x_wconf 87' lang='lat' dir='ltr'><strong>pro</strong></span> <span class='ocrx_word' id='word_1_845' title='bbox 1072 5891 1274 5950; x_wconf 84' lang='lat' dir='ltr'><strong>Archia</strong></span> <span class='ocrx_word' id='word_1_846' title='bbox 1316 5891 1488 5950; x_wconf 79' lang='lat' dir='ltr'><strong>Class.</strong></span> <span class='ocrx_word' id='word_1_847' title='bbox 1534 5891 1648 5960; x_wconf 80' lang='lat' dir='ltr'><strong>AA,</strong></span> <span class='ocrx_word' id='word_1_848' title='bbox 1687 5891 1728 5943; x_wconf 89' lang='lat' dir='ltr'><strong>t.</strong></span> <span class='ocrx_word' id='word_1_849' title='bbox 1765 5889 1831 5955; x_wconf 91' lang='lat' dir='ltr'><strong>ll,</strong></span> 
     </span>
    </p>
   </div>
   <div class='ocr_carea' id='block_1_104' title="bbox 1931 4645 3562 4716">
    <p class='ocr_par' dir='ltr' id='par_1_104' title="bbox 1931 4645 3562 4716">
     <span class='ocr_line' id='line_1_104' title="bbox 1931 4645 3562 4716; baseline -0.002 -13"><span class='ocrx_word' id='word_1_850' title='bbox 1931 4651 2070 4703; x_wconf 91' lang='lat' dir='ltr'><strong>eunt</strong></span> <span class='ocrx_word' id='word_1_851' title='bbox 2109 4645 2260 4699; x_wconf 88' lang='lat' dir='ltr'><strong>vicos</strong></span> <span class='ocrx_word' id='word_1_852' title='bbox 2289 4649 2346 4699; x_wconf 90' lang='lat' dir='ltr'><strong>et</strong></span> <span class='ocrx_word' id='word_1_853' title='bbox 2378 4647 2609 4716; x_wconf 85' lang='lat' dir='ltr'><strong>plateas.</strong></span> <span class='ocrx_word' id='word_1_854' title='bbox 2643 4645 2845 4700; x_wconf 86' lang='lat' dir='ltr'><strong>invitos</strong></span> <span class='ocrx_word' id='word_1_855' title='bbox 2883 4645 3170 4701; x_wconf 88' lang='lat' dir='ltr'><strong>trahentes</strong></span> <span class='ocrx_word' id='word_1_856' title='bbox 3215 4645 3462 4716; x_wconf 88' lang='lat' dir='ltr'><strong>hospites</strong></span> <span class='ocrx_word' id='word_1_857' title='bbox 3491 4647 3562 4700; x_wconf 90' lang='lat' dir='ltr'><strong>ad</strong></span> 
     </span>
    </p>
   </div>
   <div class='ocr_carea' id='block_1_105' title="bbox 1931 4738 3559 4810">
    <p class='ocr_par' dir='ltr' id='par_1_105' title="bbox 1931 4738 3559 4810">
     <span class='ocr_line' id='line_1_105' title="bbox 1931 4738 3559 4810; baseline -0.001 -15"><span class='ocrx_word' id='word_1_858' title='bbox 1931 4742 2164 4796; x_wconf 90' lang='lat' dir='ltr'><strong>domum</strong></span> <span class='ocrx_word' id='word_1_859' title='bbox 2193 4755 2372 4805; x_wconf 87' lang='lat' dir='ltr'><strong>suam,</strong></span> <span class='ocrx_word' id='word_1_860' title='bbox 2402 4738 2494 4793; x_wconf 87' lang='lat' dir='ltr'><strong>isti</strong></span> <span class='ocrx_word' id='word_1_861' title='bbox 2522 4744 2656 4794; x_wconf 91' lang='lat' dir='ltr'><strong>sunt</strong></span> <span class='ocrx_word' id='word_1_862' title='bbox 2681 4744 2978 4794; x_wconf 88' lang='lat' dir='ltr'><strong>sectatores</strong></span> <span class='ocrx_word' id='word_1_863' title='bbox 3012 4738 3426 4810; x_wconf 84' lang='lat' dir='ltr'><strong>hospitalitatis.</strong></span> <span class='ocrx_word' id='word_1_864' title='bbox 3455 4740 3559 4794; x_wconf 87' lang='lat' dir='ltr'><strong>Ha-</strong></span> 
     </span>
    </p>
   </div>
   <div class='ocr_carea' id='block_1_106' title="bbox 1929 4831 3562 4904">
    <p class='ocr_par' dir='ltr' id='par_1_106' title="bbox 1929 4831 3562 4904">
     <span class='ocr_line' id='line_1_106' title="bbox 1929 4831 3562 4904; baseline 0.001 -16"><span class='ocrx_word' id='word_1_865' title='bbox 1929 4835 2128 4890; x_wconf 89' lang='lat' dir='ltr'><strong>bemus</strong></span> <span class='ocrx_word' id='word_1_866' title='bbox 2155 4832 2310 4887; x_wconf 85' lang='lat' dir='ltr'><strong>enim</strong></span> <span class='ocrx_word' id='word_1_867' title='bbox 2357 4832 2632 4903; x_wconf 86' lang='lat' dir='ltr'><strong>scriptum</strong></span> <span class='ocrx_word' id='word_1_868' title='bbox 2677 4833 2833 4904; x_wconf 91' lang='lat' dir='ltr'><strong>quod</strong></span> <span class='ocrx_word' id='word_1_869' title='bbox 2876 4833 2988 4887; x_wconf 90' lang='lat' dir='ltr'><strong>duo</strong></span> <span class='ocrx_word' id='word_1_870' title='bbox 3032 4831 3291 4904; x_wconf 89' lang='lat' dir='ltr'><strong>discipuli</strong></span> <span class='ocrx_word' id='word_1_871' title='bbox 3341 4833 3562 4889; x_wconf 89' lang='lat' dir='ltr'><strong>Domini</strong></span> 
     </span>
    </p>
   </div>
   <div class='ocr_carea' id='block_1_107' title="bbox 1931 4925 3560 4999">
    <p class='ocr_par' dir='ltr' id='par_1_107' title="bbox 1931 4925 3560 4999">
     <span class='ocr_line' id='line_1_107' title="bbox 1931 4925 3560 4999; baseline 0 -17"><span class='ocrx_word' id='word_1_872' title='bbox 1931 4944 2061 4982; x_wconf 90' lang='lat' dir='ltr'><strong>eum</strong></span> <span class='ocrx_word' id='word_1_873' title='bbox 2092 4926 2164 4980; x_wconf 89' lang='lat' dir='ltr'><strong>ad</strong></span> <span class='ocrx_word' id='word_1_874' title='bbox 2191 4925 2501 4996; x_wconf 88' lang='lat' dir='ltr'><strong>hospitium</strong></span> <span class='ocrx_word' id='word_1_875' title='bbox 2550 4929 2839 4997; x_wconf 88' lang='lat' dir='ltr'><strong>cogentes,</strong></span> <span class='ocrx_word' id='word_1_876' title='bbox 2869 4926 2929 4981; x_wconf 90' lang='lat' dir='ltr'><strong>in</strong></span> <span class='ocrx_word' id='word_1_877' title='bbox 2958 4925 3228 4981; x_wconf 88' lang='lat' dir='ltr'><strong>fractione</strong></span> <span class='ocrx_word' id='word_1_878' title='bbox 3271 4927 3434 4999; x_wconf 88' lang='lat' dir='ltr'><strong>panis</strong></span> <span class='ocrx_word' id='word_1_879' title='bbox 3463 4945 3560 4982; x_wconf 89' lang='lat' dir='ltr'><strong>co-</strong></span> 
     </span>
    </p>
   </div>
   <div class='ocr_carea' id='block_1_108' title="bbox 1933 5021 3560 5093">
    <p class='ocr_par' dir='ltr' id='par_1_108' title="bbox 1933 5021 3560 5093">
     <span class='ocr_line' id='line_1_108' title="bbox 1933 5021 3560 5093; baseline -0.001 -17"><span class='ocrx_word' id='word_1_880' title='bbox 1933 5037 2201 5093; x_wconf 82' lang='lat' dir='ltr'><strong>gnoscere</strong></span> <span class='ocrx_word' id='word_1_881' title='bbox 2249 5023 2600 5085; x_wconf 89' lang='lat' dir='ltr'><strong>meruerunt,</strong></span> <span class='ocrx_word' id='word_1_882' title='bbox 2630 5035 2802 5090; x_wconf 90' lang='lat' dir='ltr'><strong>quem</strong></span> <span class='ocrx_word' id='word_1_883' title='bbox 2829 5037 2933 5091; x_wconf 87' lang='lat' dir='ltr'><strong>per</strong></span> <span class='ocrx_word' id='word_1_884' title='bbox 2958 5024 3143 5075; x_wconf 90' lang='lat' dir='ltr'><strong>totum</strong></span> <span class='ocrx_word' id='word_1_885' title='bbox 3191 5021 3436 5091; x_wconf 88' lang='lat' dir='ltr'><strong>spatium</strong></span> <span class='ocrx_word' id='word_1_886' title='bbox 3467 5021 3560 5074; x_wconf 88' lang='lat' dir='ltr'><strong>iti-</strong></span> 
     </span>
    </p>
   </div>
   <div class='ocr_carea' id='block_1_109' title="bbox 1929 5111 3563 5185">
    <p class='ocr_par' dir='ltr' id='par_1_109' title="bbox 1929 5111 3563 5185">
     <span class='ocr_line' id='line_1_109' title="bbox 1929 5111 3563 5185; baseline -0.002 -13"><span class='ocrx_word' id='word_1_887' title='bbox 1929 5115 2083 5172; x_wconf 90' lang='lat' dir='ltr'><strong>neris</strong></span> <span class='ocrx_word' id='word_1_888' title='bbox 2136 5132 2249 5169; x_wconf 89' lang='lat' dir='ltr'><strong>non</strong></span> <span class='ocrx_word' id='word_1_889' title='bbox 2297 5117 2693 5185; x_wconf 88' lang='lat' dir='ltr'><strong>cognoverant.</strong></span> <span class='ocrx_word' id='word_1_890' title='bbox 2743 5111 3024 5184; x_wconf 86' lang='lat' dir='ltr'><strong>Scriptum</strong></span> <span class='ocrx_word' id='word_1_891' title='bbox 3075 5119 3158 5168; x_wconf 88' lang='lat' dir='ltr'><strong>est</strong></span> <span class='ocrx_word' id='word_1_892' title='bbox 3199 5114 3391 5168; x_wconf 88' lang='lat' dir='ltr'><strong>enim:</strong></span> <span class='ocrx_word' id='word_1_893' title='bbox 3443 5117 3563 5170; x_wconf 92' lang='lat' dir='ltr'><strong>Non</strong></span> 
     </span>
    </p>
   </div>
   <div class='ocr_carea' id='block_1_110' title="bbox 1929 5195 3566 5277">
    <p class='ocr_par' dir='ltr' id='par_1_110' title="bbox 1929 5195 3566 5277">
     <span class='ocr_line' id='line_1_110' title="bbox 1929 5195 3566 5277; baseline -0.001 -13"><span class='ocrx_word' id='word_1_894' title='bbox 1929 5195 2206 5264; x_wconf 81' lang='lat' dir='ltr'><strong>auditores</strong></span> <span class='ocrx_word' id='word_1_895' title='bbox 2240 5209 2369 5277; x_wconf 87' lang='lat' dir='ltr'><strong>legis</strong></span> <span class='ocrx_word' id='word_1_896' title='bbox 2387 5207 2530 5276; x_wconf 87' lang='lat' dir='ltr'><strong>justi</strong></span> <span class='ocrx_word' id='word_1_897' title='bbox 2553 5211 2681 5261; x_wconf 89' lang='lat' dir='ltr'><strong>sunt</strong></span> <span class='ocrx_word' id='word_1_898' title='bbox 2725 5207 2875 5276; x_wconf 88' lang='lat' dir='ltr'><strong>apud</strong></span> <span class='ocrx_word' id='word_1_899' title='bbox 2912 5210 3096 5269; x_wconf 87' lang='lat' dir='ltr'><strong>Deum,</strong></span> <span class='ocrx_word' id='word_1_900' title='bbox 3122 5207 3217 5261; x_wconf 89' lang='lat' dir='ltr'><strong>sed</strong></span> <span class='ocrx_word' id='word_1_901' title='bbox 3258 5211 3308 5261; x_wconf 91' lang='lat' dir='ltr'><strong>et</strong></span> <span class='ocrx_word' id='word_1_902' title='bbox 3334 5209 3566 5274; x_wconf 83' lang='lat' dir='ltr'><strong>factores</strong></span> 
     </span>
    </p>
   </div>
   <div class='ocr_carea' id='block_1_111' title="bbox 1932 5297 3558 5372">
    <p class='ocr_par' dir='ltr' id='par_1_111' title="bbox 1932 5297 3558 5372">
     <span class='ocr_line' id='line_1_111' title="bbox 1932 5297 3558 5372; baseline -0.001 -16"><span class='ocrx_word' id='word_1_903' title='bbox 1932 5305 2062 5372; x_wconf 88' lang='lat' dir='ltr'><strong>legis</strong></span> <span class='ocrx_word' id='word_1_904' title='bbox 2103 5301 2566 5371; x_wconf 80' lang='lat' dir='ltr'><strong>justiﬁcabuntur.</strong></span> <span class='ocrx_word' id='word_1_905' title='bbox 2610 5300 2748 5354; x_wconf 83' lang='lat' dir='ltr'><strong>Hinc</strong></span> <span class='ocrx_word' id='word_1_906' title='bbox 2789 5298 3062 5353; x_wconf 89' lang='lat' dir='ltr'><strong>Dominus</strong></span> <span class='ocrx_word' id='word_1_907' title='bbox 3107 5298 3165 5352; x_wconf 93' lang='lat' dir='ltr'><strong>in</strong></span> <span class='ocrx_word' id='word_1_908' title='bbox 3216 5297 3328 5354; x_wconf 88' lang='lat' dir='ltr'><strong>ﬁne</strong></span> <span class='ocrx_word' id='word_1_909' title='bbox 3366 5299 3558 5354; x_wconf 89' lang='lat' dir='ltr'><strong>dicet:</strong></span> 
     </span>
    </p>
   </div>
   <div class='ocr_carea' id='block_1_112' title="bbox 1931 5396 2808 5467">
    <p class='ocr_par' dir='ltr' id='par_1_112' title="bbox 1931 5396 2808 5467">
     <span class='ocr_line' id='line_1_112' title="bbox 1931 5396 2808 5467; baseline -0.005 -15"><span class='ocrx_word' id='word_1_910' title='bbox 1931 5399 2132 5467; x_wconf 89' lang='lat' dir='ltr'><strong>Hospes</strong></span> <span class='ocrx_word' id='word_1_911' title='bbox 2157 5397 2266 5464; x_wconf 86' lang='lat' dir='ltr'><strong>fui,</strong></span> <span class='ocrx_word' id='word_1_912' title='bbox 2300 5399 2349 5450; x_wconf 88' lang='lat' dir='ltr'><strong>et</strong></span> <span class='ocrx_word' id='word_1_913' title='bbox 2375 5396 2680 5466; x_wconf 87' lang='lat' dir='ltr'><strong>suscepistis</strong></span> <span class='ocrx_word' id='word_1_914' title='bbox 2707 5409 2808 5448; x_wconf 90' lang='lat' dir='ltr'><strong>me.</strong></span> 
     </span>
    </p>
   </div>
   <div class='ocr_carea' id='block_1_113' title="bbox 2006 5491 3560 5554">
    <p class='ocr_par' dir='ltr' id='par_1_113' title="bbox 2006 5491 3560 5554">
     <span class='ocr_line' id='line_1_113' title="bbox 2006 5491 3560 5554; baseline -0.001 -11"><span class='ocrx_word' id='word_1_915' title='bbox 2006 5491 2331 5546; x_wconf 74' lang='grc' dir='ltr'><strong>ΒεΝΕοιειτΕ</strong></span> <span class='ocrx_word' id='word_1_916' title='bbox 2383 5503 2836 5551; x_wconf 71' lang='lat' dir='ltr'><strong>PERSEQUENTIBUS</strong></span> <span class='ocrx_word' id='word_1_917' title='bbox 2865 5503 2983 5554; x_wconf 75' lang='grc' dir='ltr'><strong>γοε,</strong></span> <span class='ocrx_word' id='word_1_918' title='bbox 3017 5503 3329 5542; x_wconf 75' lang='lat' dir='ltr'><strong>BENEDICITE</strong></span> <span class='ocrx_word' id='word_1_919' title='bbox 3363 5504 3425 5542; x_wconf 85' lang='lat' dir='ltr'><strong>ET</strong></span> <span class='ocrx_word' id='word_1_920' title='bbox 3461 5503 3560 5541; x_wconf 85' lang='lat' dir='ltr'><strong>NO-</strong></span> 
     </span>
    </p>
   </div>
   <div class='ocr_carea' id='block_1_114' title="bbox 1932 5579 3558 5655">
    <p class='ocr_par' dir='ltr' id='par_1_114' title="bbox 1932 5579 3558 5655">
     <span class='ocr_line' id='line_1_114' title="bbox 1932 5579 3558 5655; baseline -0.003 -17"><span class='ocrx_word' id='word_1_921' title='bbox 1932 5601 2051 5639; x_wconf 81' lang='lat' dir='ltr'><strong>LITE</strong></span> <span class='ocrx_word' id='word_1_922' title='bbox 2080 5600 2437 5639; x_wconf 63' lang='lat' dir='ltr'><strong>mammonae.</strong></span> <span class='ocrx_word' id='word_1_923' title='bbox 2480 5585 2665 5655; x_wconf 89' lang='lat' dir='ltr'><strong>Ipsum</strong></span> <span class='ocrx_word' id='word_1_924' title='bbox 2693 5588 2778 5637; x_wconf 88' lang='lat' dir='ltr'><strong>est</strong></span> <span class='ocrx_word' id='word_1_925' title='bbox 2801 5581 2952 5654; x_wconf 91' lang='lat' dir='ltr'><strong>quod</strong></span> <span class='ocrx_word' id='word_1_926' title='bbox 2980 5586 3037 5635; x_wconf 88' lang='lat' dir='ltr'><strong>et</strong></span> <span class='ocrx_word' id='word_1_927' title='bbox 3067 5580 3340 5635; x_wconf 89' lang='lat' dir='ltr'><strong>Dominus</strong></span> <span class='ocrx_word' id='word_1_928' title='bbox 3381 5579 3520 5634; x_wconf 90' lang='lat' dir='ltr'><strong>dicit</strong></span> <span class='ocrx_word' id='word_1_929' title='bbox 3546 5598 3558 5632; x_wconf 90' lang='lat'><strong>:</strong></span> 
     </span>
    </p>
   </div>
   <div class='ocr_carea' id='block_1_115' title="bbox 1934 5673 3563 5749">
    <p class='ocr_par' dir='ltr' id='par_1_115' title="bbox 1934 5673 3563 5749">
     <span class='ocr_line' id='line_1_115' title="bbox 1934 5673 3563 5749; baseline -0.005 -16"><span class='ocrx_word' id='word_1_930' title='bbox 1934 5677 2095 5733; x_wconf 89' lang='lat' dir='ltr'><strong>Orate</strong></span> <span class='ocrx_word' id='word_1_931' title='bbox 2117 5695 2217 5746; x_wconf 82' lang='lat' dir='ltr'><strong>pro</strong></span> <span class='ocrx_word' id='word_1_932' title='bbox 2243 5678 2682 5749; x_wconf 87' lang='lat' dir='ltr'><strong>persequentibus</strong></span> <span class='ocrx_word' id='word_1_933' title='bbox 2720 5681 2771 5731; x_wconf 91' lang='lat' dir='ltr'><strong>et</strong></span> <span class='ocrx_word' id='word_1_934' title='bbox 2813 5675 3266 5730; x_wconf 88' lang='lat' dir='ltr'><strong>calumniantibus</strong></span> <span class='ocrx_word' id='word_1_935' title='bbox 3302 5689 3411 5728; x_wconf 82' lang='lat' dir='ltr'><strong>vos.</strong></span> <span class='ocrx_word' id='word_1_936' title='bbox 3453 5673 3563 5726; x_wconf 89' lang='lat' dir='ltr'><strong>Hoc</strong></span> 
     </span>
    </p>
   </div>
   <div class='ocr_carea' id='block_1_116' title="bbox 1934 5764 3562 5846">
    <p class='ocr_par' dir='ltr' id='par_1_116' title="bbox 1934 5764 3562 5846">
     <span class='ocr_line' id='line_1_116' title="bbox 1934 5764 3562 5846; baseline -0.002 -24"><span class='ocrx_word' id='word_1_937' title='bbox 1934 5769 2087 5824; x_wconf 88' lang='lat' dir='ltr'><strong>enim</strong></span> <span class='ocrx_word' id='word_1_938' title='bbox 2113 5776 2169 5824; x_wconf 91' lang='lat' dir='ltr'><strong>et</strong></span> <span class='ocrx_word' id='word_1_939' title='bbox 2194 5771 2311 5842; x_wconf 89' lang='lat' dir='ltr'><strong>ipse</strong></span> <span class='ocrx_word' id='word_1_940' title='bbox 2337 5771 2492 5844; x_wconf 86' lang='lat' dir='ltr'><strong>prior</strong></span> <span class='ocrx_word' id='word_1_941' title='bbox 2513 5771 2662 5837; x_wconf 89' lang='lat' dir='ltr'><strong>fecit,</strong></span> <span class='ocrx_word' id='word_1_942' title='bbox 2697 5770 2925 5846; x_wconf 89' lang='lat' dir='ltr'><strong>quando</strong></span> <span class='ocrx_word' id='word_1_943' title='bbox 2967 5770 3026 5824; x_wconf 91' lang='lat' dir='ltr'><strong>in</strong></span> <span class='ocrx_word' id='word_1_944' title='bbox 3055 5783 3219 5824; x_wconf 88' lang='lat' dir='ltr'><strong>cruce</strong></span> <span class='ocrx_word' id='word_1_945' title='bbox 3247 5781 3352 5841; x_wconf 88' lang='lat' dir='ltr'><strong>pro</strong></span> <span class='ocrx_word' id='word_1_946' title='bbox 3381 5764 3562 5820; x_wconf 84' lang='lat' dir='ltr'><strong>cruci-</strong></span> 
     </span>
    </p>
   </div>
   <div class='ocr_carea' id='block_1_117' title="bbox 1935 5889 2219 5963">
    <p class='ocr_par' dir='ltr' id='par_1_117' title="bbox 1935 5889 2219 5963">
     <span class='ocr_line' id='line_1_117' title="bbox 1935 5889 2219 5963; baseline 0.014 -19"><span class='ocrx_word' id='word_1_947' title='bbox 1935 5904 2070 5963; x_wconf 83' lang='lat' dir='ltr'><strong>pag.</strong></span> <span class='ocrx_word' id='word_1_948' title='bbox 2093 5889 2219 5948; x_wconf 80' lang='grc'><strong>248.</strong></span> 
     </span>
    </p>
   </div>
  </div>
