4016 6240
429 381 537 442 819

1931 363 2331 423 LUCULENTII

3702 361 3809 421 820

433 487 740 565 ﬁgentibus
764 506 822 545 se
859 485 1077 562 rogavit
1101 489 1348 553 Patrem,
1378 482 1569 539 dicens
1598 495 1612 534 :
1645 480 1828 542 Pater,
1853 479 2063 546 ignosce
2085 485 2143 558 Α
2163 474 2375 531 talibus
2397 469 2654 530 ﬂendum
2675 477 2779 543 est,
2804 471 2939 545 quia
2964 471 3238 546 scriptum
3259 473 3344 529 est
3371 487 3386 528 :
3417 472 3576 532 Beati
3598 476 3696 545 qui
3721 475 3807 529 lu-

431 589 570 649 illis,
598 603 704 641 non
734 589 873 641 enim
898 587 1074 639 sciunt
1100 581 1235 651 quid
1257 581 1494 647 faciunt.
1542 573 1698 629 Sicut
1725 577 1781 628 et
1817 589 1923 626 nos
1949 571 2062 625 ini-

433 680 598 736 micis
609 679 814 734 nostris
828 679 1045 732 bonum
1068 674 1255 746 potius
1269 687 1445 743 quam
1473 668 1687 722 malum
1715 652 1951 721 reddere
1973 665 2066 718 de-

431 774 659 840 bemus,
683 776 916 843 propter
943 768 1086 823 illud
1119 765 1270 837 quod
1296 767 1494 818 monet
1519 764 1716 816 Petrus
1749 777 1763 813 :
1792 763 1910 818 Non
1937 759 2063 814 red-

435 869 618 923 dentes
667 867 870 920 malum
909 878 1012 932 pro
1049 862 1212 922 malo,
1245 873 1337 912 nec
1383 856 1728 911 maledictum
1750 870 1853 924 pro
1893 853 2062 907 male-

438 962 600 1022 dicto,
649 959 742 1012 sed
771 974 796 1010 e
825 956 1092 1010 cont-rario
1143 951 1521 1006 benedicentes.
1575 947 1730 1004 Multi
1789 950 1921 1000 sunt
1969 944 2064 1015 qui

434 1069 556 1109 non
584 1051 948 1116 maledicunt,
983 1047 1082 1100 sed
1113 1063 1142 1100 e
1167 1045 1400 1115 regione
1426 1042 1791 1098 benedicunt.
1839 1039 1932 1096 Isti
1953 1040 2063 1094 im-

435 1147 598 1218 plent
619 1142 856 1214 apostoli
887 1140 1040 1194 Pauli
1071 1143 1421 1210 prmceptum
1452 1156 1466 1192 :
1505 1138 1761 1192 Gsunnnn
1789 1151 1896 1189 cum
1927 1151 2064 1189 GAU-

436 1253 714 1304 DENTIBUS,
763 1250 928 1290 FLERE
972 1249 1076 1288 CUM
1119 1245 1429 1286 FLENTIBL‘S.
1472 1229 1776 1282 Evidenter
1823 1243 2062 1298 percun-

437 1330 707 1386 ctandum
737 1333 821 1383 est:
851 1344 982 1382 cum
1010 1326 1215 1398 quibus
1260 1322 1648 1394 gaudendum,
1691 1337 1820 1374 cum
1860 1319 2067 1390 quibus

437 1425 511 1480 sit
535 1422 946 1478 ﬂendum.Non
963 1423 1046 1474 est
1069 1417 1432 1490 gaudendum
1455 1432 1586 1470 cum
1600 1414 1689 1468 his
1702 1413 1800 1484 qui
1817 1414 2067 1484 gaudent

435 1518 499 1573 in
525 1516 898 1589 acquisitione
928 1530 1119 1568 rerum
1141 1510 1564 1582 temporalium,
1597 1507 1656 1562 in
1679 1507 1840 1578 copia
1860 1507 1984 1560 auri
2013 1511 2070 1561 et

437 1610 679 1680 argenti,
713 1614 769 1664 et
795 1609 855 1662 in
885 1610 1181 1662 venustate
1210 1603 1541 1670 mulierum,
1575 1601 1633 1655 in
1674 1599 2067 1672 procreatione

435 1703 707 1769 ﬁliorum,
737 1701 833 1772 qui
859 1701 1128 1754 laetantur
1170 1714 1302 1752 cum
1333 1696 1481 1750 male
1514 1694 1768 1763 fecerint,
1800 1698 1855 1747 et
1881 1693 2065 1747 exsul-

435 1799 565 1853 tant
581 1795 640 1848 in
670 1795 839 1848 rebus
864 1791 1138 1864 pessimis.
1163 1791 1304 1845 Cum
1325 1789 1412 1843 his
1439 1787 1644 1842 talibus
1675 1803 1791 1840 non
1820 1793 1904 1840 est
1925 1803 2089 1856 gau-,

2165 574 2310 639 gent,
2336 571 2593 639 quoniam
2631 570 2742 639 ipsi
2783 569 3225 624 consolabuntur.
3272 569 3466 626 Melius
3507 573 3587 623 est
3621 571 3702 623 ire
3726 569 3806 623 ad

2165 665 2381 718 domum
2409 665 2601 725 luctus,
2630 678 2792 732 quam
2818 663 2892 716 ad
2917 663 3134 716 domum
3159 663 3374 732 gaudii,
3399 664 3635 718 convivii
3652 663 3805 717 eaml-

2167 759 2333 811 tantis
2369 755 2546 827 [Cod.,
2579 756 2684 810 cibi
2710 754 2922 826 tantis].

2241 851 2459 905 lmesuu
2485 865 2705 904 mvrcau
2737 864 3074 904 SENTIENTES.
3108 849 3237 903 Hinc
3279 849 3564 904 sententia
3592 849 3653 904 in
3701 867 3803 904 su-

2166 944 2395 1015 perﬁcie
2425 942 2722 997 obscurior
2739 941 2962 996 videtur
2982 941 3200 997 caneris
3221 960 3238 1011 ;
3267 945 3521 998 attamen
3549 943 3806 1014 idipsum

2167 1038 2408 1092 invicem
2459 1037 2666 1092 sentire
2706 1035 2998 1105 debemus,
3039 1036 3191 1107 quod
3230 1037 3451 1091 variare
3479 1053 3598 1092 non
3643 1037 3803 1105 licet,

2166 1130 2377 1185 scilicet
2407 1129 2555 1199 quod
2593 1129 2766 1183 sentis
2801 1129 2872 1183 de
2915 1130 3101 1196 Patre,
3139 1129 3248 1184 hoc
3275 1129 3346 1184 de
3389 1129 3548 1199 Filio,
3590 1131 3702 1184 hoc
3729 1130 3807 1186 de

2167 1223 2376 1294 Spiritu
2417 1226 2631 1277 sancto.
2664 1222 2817 1277 Sicut
2857 1223 3030 1276 habes
3059 1223 3119 1276 in
3148 1223 3410 1292 psalmo:
3461 1225 3527 1278 In
3563 1240 3702 1294 pace
3744 1226 3808 1278 in

2167 1319 2425 1387 idipsum,
2453 1317 2788 1370 obdormiam
2812 1321 2862 1370 et
2885 1318 3231 1386 requiescam.
3280 1317 3471 1371 Potest
3506 1317 3673 1371 aliter
3711 1317 3805 1371 in-

2169 1411 2370 1481 telligi,
2393 1411 2545 1480 quod
2568 1409 2701 1464 dicit
2731 1409 2999 1480 idipsum,
3029 1408 3240 1463 scilicet
3262 1415 3331 1464 ut
3354 1409 3657 1464 unanimes
3682 1425 3809 1464 una

2167 1504 2454 1558 voluntate
2485 1503 2680 1568 simus,
2714 1502 2858 1557 sicut
2882 1503 2952 1556 de
2979 1502 3269 1573 primitiva
3297 1503 3540 1557 Ecclesia
3566 1503 3625 1557 in
3657 1503 3808 1558 Acti-

2168 1598 2274 1651 bus
2305 1597 2683 1668 apostolorum
2720 1615 2733 1650 :
2769 1599 2904 1650 Erat
2927 1597 3038 1650 illis
3061 1613 3150 1651 cor
3173 1613 3342 1651 unum
3376 1602 3426 1652 et
3455 1599 3642 1652 anima
3665 1613 3803 1652 una.

2174 1694 2238 1746 Ut
2262 1692 2541 1745 unanimes
2564 1705 2668 1744 uno
2695 1705 2784 1744 ore
2809 1691 3161 1758 honoriﬁcetis
3187 1695 3352 1746 Deum
3380 1695 3432 1746 et
3455 1695 3674 1747 Patrem
3703 1694 3808 1746 Do-

2169 1787 2302 1838 mini
2325 1787 2497 1838 nostri
2520 1787 2641 1839 Jesu
2664 1783 2884 1838 Christi.
2924 1785 3015 1838 Vel
3043 1789 3192 1839 certe
3235 1785 3303 1839 de
3344 1784 3807 1839 tribulationibus

435 1853 940 1958 dendum,quiade
959 1884 1047 1938 his
1079 1885 1349 1954 scriptum
1377 1885 1460 1936 est
1491 1898 1503 1935 :
1541 1884 1634 1937 Vae
1651 1881 1906 1949 vobisqui
1927 1853 2069 1934 ride-
2089 1853 2144 1924 B
2169 1877 2406 1948 intelligi
2431 1881 2615 1949 potest
2641 1878 2701 1930 iu
2728 1877 3120 1947 compatiendo
3145 1878 3382 1946 caeteris,
3417 1879 3562 1933 sicut
3580 1895 3757 1950 supra
3785 1897 3798 1932 :

437 1985 508 2038 tis
531 1997 671 2036 nunc
698 1983 718 2036 !
755 1983 888 2050 quia
913 1979 1164 2047 lugebitis
1195 1981 1245 2030 et
1281 1977 1494 2044 ﬂebitis.
1525 1974 1637 2028 Sed
1666 1989 1798 2027 cum
1845 1973 1956 2028 illis
1982 1977 2068 2028 est

440 2074 804 2148 gaudendum
832 2071 929 2143 qui
959 2071 1212 2141 gaudent
1239 2085 1344 2139 pro
1371 2085 1468 2139 spe
1496 2066 1625 2121 vitae
1663 2071 1915 2136 aeternae,
1940 2066 2063 2136 qui-

435 2169 542 2223 bus
571 2167 705 2221 dicit
743 2164 1016 2219 Dominus
1050 2181 1062 2218 :
1120 2163 1378 2222 Gaudete,
1431 2163 1560 2230 quia
1601 2163 1825 2214 nomina
1881 2165 2068 2214 vestra

432 2265 636 2332 scripta
658 2264 786 2314 sunt
812 2262 869 2312 in
889 2259 1034 2312 cazlo.
1065 2257 1160 2310 Vel
1187 2272 1317 2310 cum
1344 2255 1423 2310 eis
1448 2254 1544 2325 qui
1567 2254 1624 2308 in
1651 2253 2065 2324 persecutioni-

434 2357 542 2410 bus
565 2353 734 2426 positi
763 2353 1028 2423 gaudent,
1060 2353 1320 2405 tenentes
1337 2347 1578 2420 apostoli
1601 2347 1789 2402 Jacobi
1819 2363 2068 2418 praecep-

435 2455 559 2504 tum
585 2447 682 2518 qui
712 2446 881 2500 dicit:
917 2447 1080 2501 Omne
1105 2444 1367 2512 gaudium
1387 2444 1690 2496 existimate
1717 2456 1829 2503 vos,
1860 2442 2066 2507 fratres

434 2545 558 2607 mei,
583 2558 701 2595 cum
719 2543 774 2593 in
786 2541 954 2593 rariis
981 2538 1364 2592 tentationibus
1388 2536 1702 2589 ineideritis.
1721 2533 1944 2588 Talibus
1966 2534 2068 2588 Do-

435 2635 627 2689 minus
657 2633 825 2687 dicit:
854 2636 1053 2688 Iterum
1075 2631 1261 2684 videbo
1290 2645 1401 2692 vos,
1443 2633 1494 2682 et
1535 2628 1792 2697 gaudebit
1835 2643 1924 2682 cor
1949 2643 2063 2682 ves-

436 2735 599 2783 trum.
634 2726 910 2782 Flendum
931 2741 1160 2796 quoque
1187 2741 1304 2790 non
1333 2739 1464 2777 cum
1494 2721 1606 2775 illis
1640 2725 1723 2774 est
1749 2720 1848 2792 qui
1875 2720 2068 2774 dolent

433 2823 493 2876 in
549 2821 852 2874 amissione
879 2836 1096 2888 rerum,
1129 2818 1185 2870 in
1233 2821 1412 2870 morte
1440 2819 1764 2886 parentum,
1794 2814 1890 2868 sed
1937 2830 2066 2867 cum

437 2915 548 2969 illis
576 2914 712 2968 ﬂere
755 2913 1046 2981 debemus,
1097 2911 1196 2982 qui
1225 2908 1458 2981 propria
1489 2912 1718 2980 peccata
1747 2907 2062 2978 deplorant,

436 3008 686 3064 conversi
717 3007 790 3061 ad
810 3006 1001 3074 fidem,
1031 3005 1187 3076 quod
1215 3002 1478 3075 nequiter
1499 3007 1743 3073 egerunt
1770 3001 2064 3067 deﬂentes,

435 3103 580 3157 sicut
603 3101 696 3156 ille
743 3099 988 3154 faciebat
1010 3099 1108 3170 qui
1144 3097 1401 3152 dicebat:
1457 3099 1569 3165 Ego
1589 3099 1730 3150 enim
1754 3111 1871 3150 sum
1901 3097 2062 3149 mini-

2169 1971 2414 2028 Gaudere
2440 1987 2560 2026 cum
2586 1971 2962 2040 gaudentibus,
2985 1973 3108 2038 ﬂere
3133 1987 3252 2026 cum
3272 1973 3521 2040 ﬂentibus
3549 1991 3566 2026 :
3594 1974 3647 2028 si
3669 1973 3808 2042 quid

2161 2067 2378 2134 patitur
2405 2080 2573 2119 unum
2607 2065 2921 2126 membrum,
2970 2067 3374 2135 compatiuntur
3415 2068 3596 2120 omnia
3641 2083 3808 2121 mem-

2169 2158 2303 2211 bra:
2335 2163 2386 2212 et
2411 2161 2460 2212 si
2481 2160 2746 2225 fuerimus
2764 2160 2896 2213 socii
2911 2160 3202 2228 passionis,
3229 2160 3462 2213 simulet
3486 2161 3806 2214 consolatio-

2165 2253 2252 2303 nis
2296 2254 2514 2306 erimus.
2569 2253 2688 2306 Nou
2735 2268 2869 2306 ALTA
2899 2267 3200 2318 smames,
3237 2269 3332 2306 san
3362 2269 3588 2310 HUMILIA
3621 2270 3803 2308 nesei-

2167 2359 2408 2398 cmures.
2442 2345 2585 2408 Quia
2609 2345 2852 2414 superbis
2875 2348 3014 2399 Deus
3040 2347 3261 2407 resistit,
3289 2347 3582 2401 humilibus
3614 2353 3801 2401 autem

2167 2437 2265 2490 dat
2292 2440 2550 2506 gratiam.
2582 2439 2646 2491 Et
2686 2437 2822 2491 alibi
2849 2439 3123 2510 scriptum
3159 2444 3242 2493 est
3284 2456 3297 2493 :
3330 2440 3461 2510 quia
3487 2441 3657 2494 radis:
3696 2457 3807 2495 om-

2167 2533 2316 2584 nium
2339 2532 2603 2585 malorum
2628 2548 2678 2586 es
2691 2533 2963 2602 superbia.
2994 2533 3060 2586 Et
3084 2531 3377 2586 Psalmista
3399 2549 3413 2586 :
3436 2534 3569 2588 Alta
3591 2550 3627 2587 a
3651 2535 3808 2602 longe

2167 2627 2426 2692 agnoscit,
2443 2623 2500 2678 id
2529 2625 2967 2695 estsuperbiam.
2998 2625 3066 2678 Et
3091 2625 3220 2680 ideo
3244 2625 3410 2696 juxta
3438 2627 3680 2698 apostoli
3703 2629 3806 2681 Pe-

2167 2716 2237 2770 tri
2262 2718 2943 2788 pra*ceptum,humiliari
2972 2735 3075 2772 nos
3103 2718 3374 2773 debemus
3403 2719 3464 2773 in
3491 2725 3808 2792 conspectu

2167 2811 2284 2864 Dei.
2308 2811 2578 2864 Dominus
2601 2805 2762 2865 enim
2793 2811 2871 2865 sic
2901 2813 2981 2866 ait
3009 2831 3026 2866 :
3055 2814 3229 2882 Super
3256 2829 3411 2882 quem
3451 2817 3807 2884 requiescam,

2166 2906 2278 2958 nisi
2319 2920 2480 2973 super
2521 2906 2775 2959 humilem
2819 2913 2868 2959 et
2905 2909 3164 2976 quietum,
3195 2913 3246 2961 et
3285 2911 3592 2961 trementem
3639 2908 3810 2962 verba

2165 3018 2283 3056 mea
2305 3005 2332 3056 ?
2347 3003 2412 3056 Et
2441 3019 2454 3056 :
2485 3005 2680 3058 Discite
2703 3020 2737 3057 a
2757 3021 2838 3058 me
2851 3007 2982 3074 quia
3012 3008 3284 3059 mitissum
3309 3010 3358 3060 et
3384 3006 3604 3060 humilis
3623 3007 3808 3060 corde.

2167 3095 2444 3168 Superbia
2472 3096 2540 3151 de
2558 3097 2777 3168 angelis
2795 3098 3082 3153 daemones
3101 3099 3232 3153 fecit
3251 3097 3546 3154 humilitas
3575 3115 3714 3154 vero
3737 3100 3808 3154 de

433 3212 548 3250 mus
579 3195 964 3264 apostolorum,
1011 3194 1108 3260 qui
1131 3208 1235 3245 non
1263 3206 1380 3244 sum
1409 3191 1604 3258 dignus
1628 3191 1811 3243 vocari
1857 3193 2065 3259 aposto—
2083 3219 2138 3294 C
2168 3188 2494 3244 hominibus
2522 3191 2775 3262 angelos.

437 3291 540 3350 lus,
569 3290 823 3357 quoniam
845 3289 1154 3356 persecutus
1181 3300 1298 3338 sum
1333 3285 1626 3338 Ecclesiam
1662 3285 1776 3337 Dei.
1808 3285 1950 3338 Cum
1975 3283 2063 3338 his

1835 3517 1876 3549 Ι

2058 3555 2195 3676 V.

436 3759 652 3822 Lectio
684 3756 990 3838 Epistolas
1030 3755 1204 3820 beati
1255 3756 1436 3820 Pauli
1484 3758 1763 3840 apostoli
1805 3758 1887 3820 ad
1919 3756 2282 3898 (Illomano?
2316 3759 2454 3837 (xu,
2505 3760 2602 3838 16)
2649 3779 2662 3819 :
2705 3759 2986 3836 Fratres,
3031 3759 3227 3821 nolite
3273 3778 3404 3822 esse
3447 3761 3814 3843 prudentes

1781 3856 1914 3898 anu
2007 3855 2226 3898 vosme
2257 3856 2448 3898 ipsos.

1781 3855 1963 3919 apud
2007 3855 2448 3920 vosmetipsos.

1681 3971 2097 4028 COMMENTUM
2143 3972 2564 4027 LUCULENTII.

505 4079 793 4150 Superiori
819 4079 1067 4149 capitulo
1105 4079 1324 4134 dixerat
1354 4096 1367 4134 :
1396 4083 1516 4138 Non
1547 4081 1664 4134 alta
1692 4082 1976 4149 sapientes,
2008 4079 2065 4132 id
2168 4078 2268 4147 dit,
2289 4079 2436 4133 ﬁlius
2457 4084 2541 4134 est
2569 4080 2705 4134 Adae
2725 4098 2739 4147 ;
2757 4080 2856 4151 qui
2872 4080 3085 4134 bonum
3111 4097 3215 4150 pro
3235 4081 3568 4148 bono,ﬁlius
3593 4089 3680 4138 est
3708 4085 3814 4139 ho-

435 4178 522 4228 est
569 4172 836 4243 superba.
869 4173 1068 4228 Subdit
1100 4191 1112 4227 :
1162 4175 1362 4228 Nou'rr.
1408 4189 1529 4228 esse
1577 4190 1883 4228 rumpemus
1926 4188 2064 4227 APUD
2167 4171 2374 4240 minis;
2409 4173 2506 4242 qui
2534 4173 2748 4227 malum
2776 4191 2878 4244 pro
2907 4173 3083 4239 bono,
3114 4173 3263 4228 ﬁlius
3279 4179 3360 4229 est
3376 4175 3620 4231 diaboli:
3656 4179 3814 4234 sicut

433 4283 801 4322 vosueripsos.
835 4268 979 4320 Duas
1027 4266 1292 4321 novimus
1331 4268 1684 4338 prudentias,
1715 4267 1808 4322 Dei
1839 4270 1896 4321 et
1939 4266 2063 4320 dia-
2165 4265 2344 4319 Judmi
2361 4266 2566 4336 quibus
2583 4266 2858 4321 Dominus
2879 4267 3225 4322 multabona
3247 4284 3424 4340 opera
3438 4271 3686 4326 ostendit
3701 4289 3814 4342 pro

432 4361 575 4429 boli,
617 4359 802 4415 carnis
831 4365 888 4414 et
914 4360 1164 4430 spiritus.
1195 4362 1271 4415 De
1299 4361 1600 4430 prudentia
1629 4360 1722 4414 Dei
1761 4361 1914 4414 idem
1943 4359 2063 4431 ipse
2165 4359 2370 4429 quibus
2401 4359 2727 4414 occiderunt
2756 4377 2910 4415 eum.
2935 4362 3000 4414 Et
3027 4360 3151 4414 ideo
3171 4360 3272 4414 lilii
3299 4361 3506 4416 diaboli
3531 4366 3812 4435 appellati

432 4455 566 4510 dicit
589 4473 603 4508 :
634 4457 812 4510 Estote
825 4455 1124 4523 prudentes
1151 4457 1292 4508 sicut
1329 4460 1618 4522 serpentes.
1660 4455 1732 4507 De
1763 4453 2066 4524 prudentia
2083 4479 2144 4555 D
2167 4457 2320 4520 sunt,
2349 4452 2589 4506 Domino
2612 4453 2692 4506 eis
2711 4453 2962 4507 dicente:
2991 4457 3092 4509 Vos
3113 4469 3179 4508 em
3202 4459 3361 4524 patre
3380 4456 3590 4510 diaboli
3614 4467 3638 4494 ³
3656 4461 3810 4514 estis.

431 4548 616 4602 carnis
647 4548 796 4602 idem
826 4548 1113 4618 apostolus
1159 4545 1333 4600 dicit:
1381 4547 1680 4600 Prudentia
1717 4549 1898 4601 carnis
1925 4545 2130 4601 morsw
2165 4545 2270 4609 Qui
2300 4561 2431 4599 vero
2487 4545 2735 4600 reddidit
2769 4546 2987 4600 bonum
3040 4565 3142 4617 pro
3169 4548 3343 4617 malo,
3385 4549 3533 4603 illius
3571 4555 3656 4605 est
3681 4553 3811 4618 Dei,
3915 4574 3922 4580 ·

429 4649 507 4697 est
531 4662 547 4707 ;
579 4646 636 4695 et
667 4658 682 4694 :
721 4644 814 4698 Vae
845 4644 940 4710 qui
961 4645 1226 4711 sapientes
1257 4642 1380 4694 estis
1405 4643 1462 4693 in
1486 4641 1652 4694 oculis
1676 4643 1886 4703 vestris,
1905 4646 1954 4694 et
1974 4657 2063 4694 co-
2167 4638 2264 4710 qui
2289 4656 2391 4709 pro
2419 4639 2622 4693 Judaeis
2650 4639 3115 4710 cruciﬁgentibus
3145 4642 3320 4697 oravit
3348 4642 3542 4698 dicens
3575 4663 3587 4698 :
3619 4646 3820 4709 Pater,

429 4752 550 4790 ram
575 4736 961 4806 nobismetipsis
980 4735 1274 4804 prudentes
1304 4735 1324 4787 !
1349 4735 1415 4788 Et
1439 4734 1756 4788 notandum
1787 4733 1919 4805 quia
1949 4751 2065 4788 non
2168 4735 2376 4801 ignosce
2401 4733 2536 4795 illis,
2567 4736 2698 4802 quia
2724 4737 2966 4788 nesciunt
2992 4735 3138 4804 quod
3161 4737 3398 4802 faciunt.
3433 4737 3823 4794 Pnovmau'rns

429 4829 574 4884 dixit
624 4834 870 4899 tantum,
899 4831 1066 4884 nolite
1113 4845 1220 4883 esse
1244 4829 1572 4898 prudentes;
1604 4828 1701 4882 sed
1741 4845 1873 4882 cum
1904 4828 2062 4882 omni

431 4923 845 4990 additamento,
887 4925 1037 4992 apud
1084 4924 1448 4992 vosmetipsos.
1504 4922 1664 4993 Apud
1697 4921 2064 4990 semetipsum

427 5017 680 5088 prudens
695 5023 780 5071 est
806 5017 894 5070 ille
921 5016 1017 5086 qui
1047 5016 1234 5069 ulcisci
1253 5031 1311 5070 se
1329 5015 1448 5069 vult
1476 5015 1544 5069 de
1565 5014 1796 5070 inimico
1813 5030 1940 5078 suo,
1963 5014 2064 5084 qui

429 5111 787 5166 malediceuti
817 5126 874 5164 se
889 5108 1258 5173 remaledicit,
1275 5109 1690 5180 percutientem
1713 5124 1772 5161 se
1793 5107 2060 5179 percutit.

427 5206 523 5260 llic
551 5205 677 5260 talis
701 5203 853 5282 apud
881 5203 1251 5274 semetipsum
1273 5203 1524 5273 prudens
1545 5208 1646 5257 est.
1678 5202 1719 5255 N
1727 5218 1788 5255 os
1807 5201 2058 5272 pruden-

425 5299 564 5352 tiam
614 5297 822 5352 anima:
852 5300 1042 5352 tenere
1071 5296 1362 5362 debemus,
1391 5300 1455 5350 ut
1481 5295 1761 5366 possimus
1798 5293 2061 5349 resistere

427 5393 574 5445 malo
595 5410 608 5456 ;
637 5391 998 5462 prudentiam
1021 5390 1206 5444 carnis
1221 5406 1607 5461 nequaquam,
1627 5393 1685 5442 ut
1702 5405 1805 5443 nos
1822 5389 2058 5442 ulcisca-

425 5487 960 5541 mur..\’u1.LmALuu
980 5500 1079 5540 PRO
1097 5501 1240 5538 MALO
1257 5482 1784 5538 neonanres.Nullus
1800 5485 2062 5536 nostrum

422 5580 638 5633 malum
660 5597 763 5650 pro
779 5579 931 5634 malo
953 5579 1186 5634 reddere
1201 5578 1474 5634 debemus
1497 5574 1732 5647 [debet],
1756 5575 1852 5628 sed
1873 5574 2062 5646 potius

422 5689 526 5742 pro
563 5674 714 5727 malo
735 5674 980 5727 bonum:
1011 5676 1242 5743 propter
1258 5671 1431 5726 illud:
1456 5672 1617 5726 Orate
1634 5684 1736 5737 pro
1745 5683 2063 5738 persequen-

424 5767 562 5822 tibus
587 5771 638 5821 et
653 5767 1114 5821 calumniantibus
1130 5781 1240 5820 vos.
1263 5764 1367 5828 Qui
1394 5765 1612 5818 malum
1633 5778 1738 5832 pro
1765 5763 1919 5816 malo
1939 5762 2059 5816 red-

2167 4841 2305 4880 BONA
2337 4841 2445 4879 NON
2472 4842 2681 4880 TANTUM
2729 4843 2902 4881 CORAM
2945 4827 3078 4896 ΠΕΟ,
3109 4843 3205 4883 SED
3239 4844 3402 4884 ΕΤΙΔΗ
3435 4846 3612 4886 COBAI
3643 4848 3819 4886 OMNI-

2166 4935 2264 4974 m's
2292 4935 2612 4974 noummus.
2643 4919 2702 4974 ld
2729 4923 2815 4973 est
2839 4919 3110 4976 facientes
3135 4923 3307 4992 bona,
3329 4923 3692 4980 ostendentes
3713 4925 3824 4981 bo-

2166 5029 2329 5079 num,
2372 5016 2672 5084 operantes
2701 5013 2942 5084 bonum,
2970 5031 3086 5068 non
3109 5020 3174 5070 ut
3199 5016 3270 5070 ab
3313 5016 3644 5073 hominibus
3675 5021 3816 5075 lau-

2167 5107 2264 5161 des
2292 5106 2626 5177 captcmini,
2652 5112 2890 5179 propter
2918 5107 3059 5164 illud
3089 5125 3102 5163 :
3131 5110 3410 5166 Attendite
3435 5127 3500 5166 ne
3518 5115 3818 5182 justitiam

2164 5204 2398 5254 vestram
2449 5202 2672 5267 faciatis
2723 5217 2899 5256 coram
2954 5203 3276 5264 hominibus,
3307 5209 3368 5260 ut
3407 5206 3710 5262 videamini
3737 5211 3818 5264 ab

2166 5296 2239 5348 eis
2267 5313 2282 5359 ;
2315 5294 2413 5348 sed
2459 5298 2690 5365 propter
2740 5295 3119 5350 intentionem
3159 5295 3289 5351 vita:
3331 5304 3583 5368 atteram,
3613 5302 3701 5356 vel
3741 5309 3817 5357 ut

2164 5387 2378 5442 caeteris
2415 5386 2630 5442 bonum
2676 5390 2996 5460 exemplum
3026 5390 3410 5462 ostendamus,
3443 5393 3684 5449 Domino
3711 5397 3812 5450 di-

2164 5485 2324 5535 cente
2356 5498 2370 5536 :
2399 5483 2485 5538 Sic
2515 5483 2687 5537 luceat
2717 5484 2814 5537 tua:
2839 5490 3016 5538 vestra
3055 5500 3234 5540 coram
3277 5487 3601 5549 hominibus,
3634 5495 3694 5543 ut
3721 5493 3813 5544 ri-

2163 5575 2327 5630 deant
2355 5591 2518 5646 Opera
2543 5581 2717 5631 vestra
2752 5578 2911 5638 bona,
2939 5583 2990 5633 et
3015 5579 3309 5649 gloriﬁcent
3334 5581 3551 5636 Patrem
3569 5587 3814 5638 vestrum

2163 5672 2262 5738 qui
2302 5672 2359 5723 in
2401 5672 2544 5726 castis
2583 5676 2678 5725 est.
2710 5672 2773 5726 Et
2816 5671 2958 5726 illud
2987 5672 3282 5744 Apostoli:
3332 5677 3814 5733 Conversationem

2161 5767 2390 5817 vestram
2411 5767 2552 5820 inter
2581 5770 2758 5835 gentes
2779 5767 3028 5822 habentes
3048 5767 3255 5832 bonam,
3285 5775 3345 5823 ut
3373 5769 3430 5826 in
3460 5785 3519 5825 eo
3546 5772 3694 5844 quod
3719 5772 3813 5826 de-

496 5917 515 5941 “
547 5911 621 5963 De
649 5915 803 5981 patre
835 5910 1040 5965 diaboli
1075 5911 1348 5965 videndus
1378 5915 1462 5966 est
1490 5909 1724 5965 Photius
1745 5909 1804 5966 in
1831 5907 2336 5985 Amphilochianis.
