4016 6240
189 374 280 431 821

1401 382 1467 439 IN
1521 385 1665 440 CAP.
1708 384 1825 439 Xlll
1862 384 1951 440 AD
1998 385 2328 441 ROMANUS.

3437 378 3541 444 822

186 488 421 539 tractant
443 483 508 540 de
531 484 680 541 vobis
704 491 968 558 tanquam
998 489 1066 544 de
1089 490 1548 558 male/actoribus,
1576 509 1643 549 ea:
1661 494 1811 548 bonis
1832 504 1892 577 Α
1910 493 2054 547 mola
2076 495 2325 548 asinaria
2348 495 2408 547 in
2435 493 2570 548 collo
2611 492 2744 563 eius,
2777 500 2828 551 et
2853 497 3201 568 demergatur
3218 496 3277 553 in
3300 500 3538 569 profun-

185 579 426 649 operibus
449 594 539 634 vos
558 581 975 646 considerantes,
1004 584 1299 654 gloriﬁcent
1323 589 1609 641 Dominum
1636 589 1697 641 in
1724 587 1811 641 die

184 674 525 729 visitattbnis.
565 673 842 730 Omnibus
872 675 1201 731 hominibus
1230 678 1382 747 dicit,
1412 679 1640 748 Iudaeis,
1671 681 1807 734 Bar-

187 764 332 819 baris
357 770 416 820 et
455 765 695 837 Scythis,
729 768 957 839 Griecis,
988 770 1223 840 Latinis,
1258 774 1314 825 et
1341 772 1606 828 omnibus
1630 774 1811 828 omni-

186 874 276 922 no,
316 857 533 913 bonum
569 862 898 931 exemplum
944 862 1240 919 ostendere
1279 864 1586 931 debemus;
1632 882 1812 921 coram

188 954 307 1014 Deo,
334 957 398 1006 ut
419 952 502 1008 illi
523 954 886 1027 placeamus;
917 971 1095 1012 coram
1115 958 1436 1022 hominibus,
1468 965 1533 1014 ut
1560 975 1666 1015 nos

186 1047 396 1101 tentur.

253 1139 308 1194 Si
332 1155 473 1196 F181“
500 1158 709 1212 POTES'I‘,
741 1160 883 1205 QUOD
911 1161 973 1199 EX
1000 1160 1154 1200 νοεῖς
1176 1161 1291 1213 EST,
1317 1164 1425 1201 CUM
1451 1163 1684 1203 οκκιευε
1716 1165 1810 1203 BO-

187 1249 402 1289 iuzvuws
435 1252 609 1291 PACEI
642 1253 933 1292 assumas.
961 1240 1247 1302 Quantum
1272 1240 1330 1293 in
1358 1240 1522 1295 nobis
1548 1245 1650 1309 est,
1678 1259 1808 1297 cum

182 1327 440 1382 omnibus
454 1329 796 1401 hominibus
819 1348 1023 1402 pacem
1052 1332 1261 1387 habere
1308 1333 1598 1401 debemus,
1636 1340 1691 1389 et
1718 1336 1804 1390 di-

182 1435 301 1476 cere
345 1437 480 1477 cum
534 1423 871 1478 Psalmista:
915 1428 1045 1483 Cum
1088 1427 1171 1481 his
1217 1429 1315 1497 qui
1356 1428 1585 1483 oderunt
1618 1445 1808 1499 pacem

181 1530 323 1570 eram
362 1519 646 1586 paciﬁcus.
694 1518 800 1572 Sed
850 1519 970 1573 hmo
1015 1520 1268 1574 humana
1308 1520 1588 1593 fragilitas
1623 1522 1808 1578 dicere

181 1608 348 1665 solet:
380 1610 678 1675 Quomodo
704 1628 900 1682 pacem
944 1612 1151 1668 habere
1193 1630 1423 1685 possum
1452 1631 1583 1670 cum
1607 1632 1675 1671 eo
1708 1617 1809 1687 qui

183 1718 269 1758 me
315 1705 700 1775 persequitur,
740 1706 837 1777 qui
883 1705 1025 1761 mihi
1063 1722 1153 1761 res
1181 1723 1335 1762 meas
1384 1708 1571 1763 aufert
1598 1710 1626 1763 ?
1660 1710 1805 1765 Audi

182 1798 443 1851 eumdem
475 1800 793 1870 apostolum
821 1799 1103 1855 dicentem
1138 1818 1150 1855 :
1184 1803 1407 1857 Dilectio
1435 1805 1673 1872 proa'imi
1695 1820 1809 1859 ma-

1909 585 2040 640 dum
2053 589 2241 641 maris.
2272 586 2421 658 Ergo
2450 584 2529 641 illi
2558 586 2694 642 ultio
2720 590 3068 646 reservanda
3088 594 3192 658 est,
3211 591 3311 662 qui
3337 592 3417 648 ita
3440 608 3541 648 no-

1910 678 1989 733 vit
2012 678 2204 733 ulcisci
2231 679 2467 750 injurias
2497 685 2840 736 sanctorum.

1982 772 2084 827 Sen
2131 788 2178 828 SI
2223 788 2500 829 ssumnmr
2549 791 2790 830 mmcus
2817 792 2976 843 ruas,
3024 793 3147 832 cm
3190 793 3372 834 ILLUI.
3415 778 3538 835 Non

1909 864 2117 919 sutlicit
2150 865 2315 920 alicui
2348 867 2565 921 malum
2597 884 2699 938 pro
2736 870 2882 923 malo
2908 886 3026 924 non
3076 870 3336 940 reddere,
3364 870 3474 926 nisi
3504 888 3539 927 e

1909 958 2193 1012 contrario
2240 975 2355 1012 non
2388 959 2605 1015 dederit
2628 962 2713 1015 vel
2740 962 3003 1017 tribuerit
3031 979 3099 1016 ea
3122 979 3250 1034 quae
3279 963 3536 1035 indiget;

1908 1054 2145 1122 propter
2164 1051 2302 1107 illud
2326 1068 2340 1105 :
2372 1054 2476 1120 Qui
2497 1054 2747 1109 habuerit
2769 1056 3127 1110 substantiam
3153 1057 3362 1119 mundi,
3392 1062 3444 1113 et
3458 1059 3541 1113 ui-

1907 1145 2052 1199 derit
2068 1147 2300 1211 fratrem
2326 1161 2484 1200 suum
2510 1162 2710 1202 necesse
2739 1149 2953 1211 habere,
2979 1154 3030 1203 et
3056 1150 3307 1205 clauserit
3332 1151 3538 1206 viscera

1906 1254 2007 1295 sua
2048 1240 2120 1293 ab
2161 1254 2239 1300 eo,
2286 1240 2545 1308 quomodo
2586 1242 2828 1295 charitas
2858 1244 2956 1297 Dei
3000 1246 3182 1297 manet
3217 1245 3276 1297 in
3317 1245 3425 1298 eo?
3469 1244 3536 1298 Et

1909 1332 2226 1402 specialiter
2255 1332 2423 1386 verbo
2464 1333 2880 1403 praedicationis
2932 1335 3319 1406 unusquisque
3370 1341 3540 1406 prout

1908 1426 2055 1480 valet
2102 1425 2428 1496 proximum
2473 1425 2660 1481 cibare
2715 1426 2902 1483 debet.
2952 1429 3061 1482 Hoc
3110 1444 3241 1484 eum
3292 1444 3534 1496 “creas,

1910 1535 2183 1574 CARBONES
2206 1536 2347 1574 lGNlS
2374 1536 2648 1575 CONGERES
2674 1537 2841 1574 SUPER
2868 1537 3035 1576 CAPUT
3060 1537 3203 1576 ειυς.
3227 1521 3371 1577 Sunt
3396 1538 3537 1578 non-

1908 1612 2050 1667 nulli
2079 1612 2178 1683 qui
2202 1628 2269 1666 ea
2293 1612 2609 1667 intentione
2635 1612 2821 1667 aibant
2849 1612 3104 1667 inimicos
3129 1630 3278 1680 suos,
3321 1618 3386 1668 ut
3409 1631 3534 1669 car-

1908 1706 2084 1760 bones
2116 1704 2287 1777 ignis,
2315 1706 2421 1759 hoc
2448 1709 2532 1759 est
2556 1722 2767 1776 poenas,
2794 1704 2905 1760 illis
2930 1706 3215 1776 ingemat.
3245 1706 3351 1770 Qui
3378 1708 3537 1763 enim

1908 1799 2098 1854 taliter
2123 1798 2270 1853 cibat
2294 1800 2381 1854 vel
2408 1802 2569 1869 potat
2594 1798 2897 1853 inimicum
2923 1815 3113 1865 suum,
3146 1815 3261 1854 non
3288 1815 3422 1854 eum
3448 1799 3535 1854 di-

183 1891 288 1944 lum
306 1907 411 1945 non
443 1867 719 1962 operatur.
749 1895 1052 1964 Caeterum,
1085 1893 1132 1949 si
1156 1894 1286 1966 quis
1312 1867 1587 1965 paganus,
1616 1896 1661 1951 si
1681 1885 1809 1969 quis
1830 1867 1886 1939 B
1909 1893 2037 1963 ligit
2054 1892 2199 1946 sicut
2221 1909 2299 1946 se.
2327 1867 2436 1947 Sed
2463 1908 2579 1946 non
2606 1892 2794 1946 taliter
2823 1892 3010 1946 cibare
3034 1893 3121 1947 vel
3150 1896 3345 1963 potare
3374 1892 3540 1949 debe-

184 1984 592 2055 schismaticus,
626 1986 671 2041 si
715 1986 842 2057 quis
869 1987 1189 2056 haereticus,
1221 1988 1290 2043 de
1314 1988 1403 2041 via
1431 1988 1683 2044 veritatis
1709 1992 1807 2046 de-

104 2138 109 2143 ,
181 2079 330 2133 viare
351 2079 494 2149 vult,
516 2096 716 2151 pacem
742 2097 873 2135 cum
903 2080 982 2135 eis
1001 2081 1215 2137 habere
1242 2098 1356 2136 non
1385 2099 1682 2153 possumus
1706 2100 1810 2139 nec

184 2170 473 2226 debemus.
495 2173 605 2228 Sed
624 2174 825 2228 melius
842 2178 925 2228 est
945 2176 1273 2245 permittere
1288 2176 1616 2230 scandalum
1630 2177 1807 2245 nasci,

183 2281 349 2336 quam
398 2271 465 2321 ut
508 2267 713 2320 veritas
757 2268 963 2322 Christi
1004 2268 1377 2339 relinquatur.
1422 2270 1701 2324 Caeterum
1749 2270 1808 2323 in

184 2358 286 2412 illis
330 2364 599 2414 naturam
654 2360 916 2431 diligere,
954 2361 1154 2416 vitium
1181 2362 1339 2417 odire
1366 2362 1662 2417 debemus.
1694 2364 1807 2418 Nos

184 2468 529 2507 VOSIE‘I'IPSOS
556 2470 949 2521 permanans,
980 2470 1304 2524 cusmssuu,
1332 2455 1387 2509 id
1427 2460 1509 2509 est
1534 2456 1807 2510 ulciscen-

183 2550 282 2599 tes.
324 2547 524 2600 Nullus
567 2548 724 2602 enim
778 2553 1035 2602 nostrum
1084 2549 1453 2619 semetipsum
1507 2549 1811 2604 defendere

184 2638 362 2706 debet,
386 2643 623 2711 propter
647 2641 786 2695 illud
810 2658 823 2695 :
855 2644 916 2698 Si
940 2645 1061 2711 quis
1086 2648 1135 2697 te
1156 2645 1479 2711 percusserit
1504 2645 1562 2696 in
1587 2643 1812 2697 demtera

184 2734 429 2796 mamilla,
450 2735 633 2803 praebe
665 2736 713 2787 ei
732 2739 783 2789 et
803 2735 1054 2789 alteram.
1076 2737 1176 2790 Et:
1208 2737 1369 2792 Orate
1381 2751 1484 2805 pro
1495 2750 1812 2805 persequen-

186 2826 321 2879 tibus
363 2832 414 2881 et
461 2829 920 2883 calumniantibus
957 2845 1068 2883 vos.
1120 2829 1349 2883 Duobus
1379 2828 1592 2883 etenim
1622 2829 1809 2883 modis

186 2935 361 2975 Locuu
385 2936 491 2975 ius:
517 2920 651 2975 dum
671 2921 961 2989 debemus,
989 2922 1201 2977 scilicet
1218 2928 1316 2976 aut
1339 2938 1454 2976 non
1473 2922 1808 2990 resistendo,

186 3017 278 3067 aut
306 3018 457 3069 certe
483 3014 777 3085 fugiendo.
829 3017 1041 3070 Locum
1068 3015 1166 3069 iraa
1211 3015 1344 3071 dare
1374 3015 1647 3071 debemus
1694 3031 1812 3071 non

187 3106 512 3175 resistendo,
534 3125 649 3163 non
671 3108 1139 3177 remaledicendo,
1157 3125 1271 3163 non
1289 3109 1680 3180 repugnando,
1697 3126 1813 3164 non

188 3197 529 3267 reluctando,
538 3199 703 3269 juxta
726 3198 1026 3269 praefatum
1045 3197 1459 3253 testimonium.
1478 3199 1685 3253 Locum
1712 3199 1811 3253 ira:
1833 3232 1887 3306 C

193 3284 310 3306 .I__._
350 3286 610 3306 J_L__-UA
659 3287 708 3306 οη
733 3288 845 3306 _,'_-
868 3286 891 3306 ,ἱ
915 3304 924 3306 _
982 3287 1116 3306 _!,,,L
1151 3292 1194 3306 ,Α
1224 3286 1267 3306 εκ
1291 3303 1332 3306 κ-
1362 3287 1556 3306 ΠΑ,--2Α
1591 3304 1625 3306 ᾼμ
1655 3288 1697 3306 ρ.
1720 3288 1778 3306 Αἰ

188 3284 316 3341 dare
342 3286 615 3341 debemus
657 3286 954 3358 fugiendo,
976 3287 1121 3341 sicut
1141 3292 1198 3342 et
1223 3286 1340 3358 ipse
1362 3287 1634 3342 Dominus
1652 3288 1809 3357 fecit,

186 3379 277 3449 qui
305 3379 583 3451 fugiendo
614 3397 683 3436 ex
713 3383 954 3452 Egypto
999 3381 1286 3435 declinare
1329 3380 1529 3436 voluit.
1577 3383 1643 3435 Et
1678 3380 1812 3435 alibi

188 3489 310 3527 cum
326 3474 577 3545 lapidare
590 3490 722 3529 eum
734 3475 960 3541 vellent,
978 3474 1271 3529 abscondit
1286 3491 1343 3529 se
1359 3475 1545 3541 abeis,
1562 3475 1809 3545 quando,

189 3565 325 3621 sicut
362 3567 505 3622 dicit
545 3568 935 3639 Evangelium,
970 3569 1209 3623 tulerunt
1236 3569 1445 3639 lapides
1493 3573 1554 3623 ut
1570 3569 1815 3637 jacerent

187 3662 243 3713 in
288 3676 426 3724 eum,
456 3664 606 3717 Iesus
633 3667 815 3717 autem
835 3662 1112 3717 abscondit
1138 3678 1192 3718 se
1217 3667 1268 3717 et
1299 3664 1467 3716 exivit
1491 3662 1557 3716 de
1596 3662 1811 3732 templo.

190 3748 252 3802 Et
273 3750 341 3805 de
385 3767 455 3805 eo
484 3751 756 3821 scriptum
786 3756 868 3806 est
909 3752 1041 3823 quia
1067 3755 1225 3822 capit
1260 3754 1409 3807 Iesus
1431 3753 1612 3818 facere
1638 3756 1688 3805 et
1714 3751 1811 3804 do-

190 3857 314 3897 cere.
358 3844 551 3898 Melius
588 3849 672 3899 est
706 3844 859 3899 enim
903 3844 1175 3915 fugiendo
1224 3846 1411 3899 locum
1457 3844 1611 3910 dare,
1641 3859 1814 3914 quam

190 3937 422 4007 superbe
461 3938 746 3993 manendo
770 3938 1017 3993 residere
1054 3937 1170 4010 [pro
1198 3937 1499 4009 resistere].
1530 3939 1659 3992 MIHI
1686 3952 1811 3991 vm-

190 4044 395 4100 mcrsu,
447 4047 550 4087 aco
581 4047 906 4101 RETBIBUAI,
956 4047 1090 4087 οιειτ
1129 4032 1396 4087 Doumns.
1445 4031 1533 4086 Sic
1581 4047 1639 4086 se
1679 4030 1817 4085 dicit

190 4122 461 4180 Dominus
508 4124 777 4195 injuriam
816 4131 1142 4179 sanctorum
1194 4125 1611 4180 vindicaturum
1655 4122 1814 4195 quasi

189 4233 365 4272 suam.
396 4220 463 4273 Et
488 4218 616 4274 ideo
644 4219 834 4274 nullus
854 4223 1113 4274 nostrum
1130 4217 1380 4290 seipsum
1407 4218 1689 4272 vindicare
1718 4217 1813 4272 de-

190 4309 298 4380 bet,
329 4312 463 4383 quia
506 4312 783 4367 habemus
812 4312 1060 4367 ultorem
1085 4313 1262 4367 Deum
1291 4313 1388 4384 qui
1414 4317 1635 4366 nostras
1662 4311 1809 4381 inju-

190 4403 295 4458 rias
322 4406 486 4476 quasi
524 4422 653 4459 suas
680 4406 1061 4460 vindicaturus
1081 4410 1182 4460 est.
1215 4406 1322 4469 Qui
1352 4422 1453 4477 per
1478 4405 1815 4477 prophetam

190 4496 318 4553 dicit
348 4517 361 4553 :
392 4500 501 4566 Qui
529 4502 704 4567 tangit
728 4515 840 4562 vos,
867 4502 1029 4569 quasi
1050 4501 1147 4569 qui
1174 4502 1354 4569 tangit
1376 4500 1651 4570 pupillam
1678 4499 1817 4553 oculi

191 4594 308 4646 mei.
341 4593 409 4647 Et
438 4593 500 4646 in
531 4593 833 4665 Evangelia
862 4609 876 4647 :
929 4594 1034 4660 Qui
1074 4594 1531 4648 scandalizath
1555 4609 1722 4647 unum
1749 4608 1818 4647 ea:

191 4684 269 4739 his
288 4687 528 4757 pusillis,
558 4690 655 4758 qui
676 4689 734 4743 in
761 4704 843 4743 me
871 4687 1114 4751 credunt,
1142 4691 1347 4759 oportet
1374 4692 1434 4743 ut
1457 4687 1819 4757 suspendatur

1910 2002 2039 2040 mus
2064 1985 2359 2039 inimicum
2384 1990 2666 2053 nostrum,
2699 1985 2795 2039 sed
2827 1984 3014 2055 potius
3051 1989 3117 2039 ut
3142 2002 3275 2039 eum
3300 2002 3538 2040 conver-

1912 2078 2095 2128 tamus
2120 2074 2191 2129 ad
2222 2090 2342 2128 nos.
2380 2075 2449 2128 Ut
2473 2073 2571 2144 qui
2590 2078 2721 2127 ante
2751 2089 2853 2127 nos
2881 2089 3077 2128 exosos
3104 2074 3367 2143 habebat,
3395 2074 3540 2130 inci-

1910 2168 2028 2239 piat
2053 2167 2310 2237 diligere.
2338 2166 2443 2231 Qui
2470 2166 2663 2221 taliter
2682 2166 2868 2237 diligit
2895 2165 3195 2221 inimicum
3219 2183 3407 2233 suum,
3425 2183 3540 2221 car-

1910 2262 2091 2316 bones
2116 2260 2267 2330 ignis
2290 2259 2371 2313 illi
2409 2263 2681 2329 congeret
2705 2275 2877 2329 super
2902 2263 3092 2330 caput,
3128 2260 3236 2313 hoc
3266 2264 3353 2315 est
3382 2277 3537 2315 amo-

1911 2371 2030 2409 rem
2057 2353 2369 2408 charitatis.
2413 2352 2697 2407 Carbones
2731 2352 2885 2406 enim
2912 2352 3144 2421 mortui,
3175 2353 3222 2407 si
3252 2354 3375 2408 vivo
3400 2370 3536 2409 con-

1904 2448 2241 2519 junguntur,
2293 2446 2475 2500 solent
2520 2445 2774 2500 accendi.
2816 2445 2903 2499 Sic
2932 2451 2990 2500 et
3034 2445 3081 2499 is
3110 2446 3209 2516 qui
3254 2451 3385 2501 ante
3438 2463 3541 2502 nos

1911 2557 2109 2596 exosos
2134 2539 2397 2605 habebat,
2425 2539 2471 2591 si
2498 2538 2706 2593 viderit
2730 2554 2789 2592 se
2817 2538 2979 2609 diligi
3001 2554 3035 2591 a
3059 2538 3239 2605 nobis,
3262 2539 3461 2610 incipit
3486 2546 3543 2596 et

1911 2634 2029 2705 ipse
2082 2633 2318 2703 diligere
2352 2648 2472 2686 nos.
2515 2632 2804 2701 Scriptum
2833 2631 2989 2685 enim
3016 2636 3101 2685 est
3129 2648 3143 2685 :
3194 2634 3325 2689 Cum
3359 2637 3541 2688 sancto

1906 2712 2124 2782 sanctus
2152 2729 2275 2781 eris.
2319 2724 2387 2779 Hi
2413 2728 2548 2779 sunt
2572 2724 2843 2778 carbones
2886 2724 2955 2778 de
2985 2724 3193 2794 quibus
3222 2724 3357 2779 dicit
3407 2742 3538 2795 pro-

1911 2821 2082 2891 pheta
2110 2838 2123 2874 :
2156 2820 2334 2875 Habes
2376 2818 2630 2872 carbones
2656 2819 2819 2886 ignis,
2852 2817 2975 2870 sede
2999 2818 3272 2886 superbos,
3301 2818 3362 2871 hi
3386 2823 3544 2873 erant

1913 2914 2015 2969 tibi
2037 2916 2097 2968 in
2121 2913 2477 2981 adjutorium.
2507 2911 2688 2981 Caput
2712 2925 2845 2964 vero
2873 2908 3014 2963 illud
3033 2909 3353 2981 intelligere
3377 2910 3546 2967 debe-

1910 3023 2059 3075 mus,
2091 3006 2160 3061 de
2189 3021 2303 3077 quo
2328 3003 2602 3059 Dominus
2627 3004 2687 3057 in
2737 3002 3078 3073 Evangelio:
3126 3006 3320 3059 Levate
3358 3007 3543 3073 capita

1910 3105 2110 3162 vestra,
2138 3101 2393 3170 quoniam
2414 3097 2876 3168 appropinquabit
2901 3096 3196 3167 redemptio
3213 3102 3391 3151 vestra
3408 3097 3541 3151 Nou

1912 3209 2053 3247 vum
2081 3209 2114 3247 Α
2156 3208 2318 3261 uno,
2357 3207 2452 3245 san
2478 3206 2637 3245 vmce
2664 3206 2717 3243 1N
2743 3205 2887 3244 nouo
2925 3205 3133 3244 IALUI.
3178 3191 3307 3247 Noli
3336 3192 3481 3244 vinci
3505 3208 3542 3246 a

1910 3288 2075 3349 malo,
2106 3286 2164 3340 id
2195 3290 2280 3340 est
2303 3285 2374 3339 ab
2413 3300 2480 3339 eo
2514 3284 2612 3355 qui
2640 3289 2696 3338 te
2724 3282 3085 3353 persequitur
3109 3288 3167 3338 et
3197 3284 3318 3338 odit
3347 3300 3361 3339 :
3414 3284 3461 3339 si
3486 3291 3541 3341 te

1911 3380 2155 3435 similem
2179 3378 2285 3433 sibi
2311 3378 2528 3445 fecerit,
2550 3378 2727 3432 victus
2757 3392 2816 3431 es
2840 3376 2912 3430 ab
2942 3392 3029 3431 eo.
3056 3377 3162 3433 Sed
3186 3380 3337 3433 vince
3362 3381 3418 3433 in
3443 3380 3535 3435 bo-

1910 3491 1979 3529 no
2004 3474 2229 3535 malum,
2273 3471 2329 3527 id
2355 3476 2439 3526 est
2462 3472 2523 3525 in
2550 3469 2825 3541 patientia
2868 3468 3026 3524 vince
3068 3470 3191 3541 ejus
3231 3472 3529 3528 malitiam.

1912 3568 2121 3622 Aliter:
2154 3567 2281 3623 Noli
2304 3567 2451 3619 vinci
2477 3581 2512 3618 a
2534 3566 2699 3627 malo,
2724 3564 2780 3617 id
2807 3566 2892 3617 est
2913 3580 2947 3616 a
2973 3562 3212 3632 diabolo,
3243 3565 3315 3619 de
3341 3582 3454 3636 quo
3480 3566 3540 3621 in

1914 3659 2217 3731 Evangelio
2243 3658 2519 3728 scriptum
2542 3662 2644 3723 est,
2673 3656 2824 3727 quod
2849 3658 3028 3710 malus
3050 3658 3201 3712 homo
3223 3662 3539 3727 super-semi-

1912 3756 2066 3809 navit
2088 3754 2356 3808 zizaniam
2380 3754 2437 3805 in
2459 3750 2633 3806 medio
2654 3752 2823 3804 tritici
2846 3753 2897 3804 et
2917 3750 3074 3804 abiit.
3103 3750 3172 3803 Et
3217 3749 3355 3805 illud
3387 3768 3400 3806 :
3430 3754 3541 3807 Aut

1912 3849 2078 3915 facite
2105 3847 2349 3901 arborem
2374 3845 2580 3899 malum
2605 3848 2656 3897 et
2680 3846 2891 3910 fructus
2917 3843 3033 3911 ejus
3058 3844 3265 3909 malos;
3318 3860 3432 3914 quo
3460 3845 3542 3900 in-

1915 3940 2186 4011 telligitur
2213 3937 2465 3993 diabolus
2493 3942 2549 3991 et
2575 3936 2724 3990 mala
2749 3936 2871 4006 ejus
2896 3952 3087 4008 opera.
3138 3938 3325 3991 Bonus
3350 3942 3542 3994 autem

1915 4034 2206 4090 Christus:
2230 4031 2379 4086 unde
2404 4030 2608 4085 dicitur
2634 4047 2647 4084 :
2673 4032 2785 4086 Aut
2807 4032 2975 4097 facite
3002 4031 3246 4086 arborem
3275 4031 3468 4101 bonam
3493 4038 3545 4088 et

1911 4132 2121 4196 fructus
2165 4126 2275 4195 ejus
2326 4127 2502 4180 bonos.
2537 4125 2612 4178 De
2642 4140 2755 4195 quo
2785 4123 2845 4178 in
2894 4124 3110 4195 psalmo
3139 4141 3153 4179 :
3198 4127 3340 4181 Mihi
3365 4130 3544 4182 autem

1915 4222 2189 4276 adhzrere
2231 4223 2335 4275 Deo
2382 4220 2574 4273 bonum
2612 4223 2711 4274 est.
2739 4221 2802 4274 In
2848 4219 2979 4273 bono
3029 4221 3180 4273 vince
3207 4220 3431 4288 malum,
3486 4221 3545 4276 in

1914 4315 2134 4371 Christo
2159 4313 2471 4368 diabolum.
2514 4315 2626 4367 Aut
2651 4314 2802 4366 certe
2828 4313 2942 4366 noli
2959 4315 3105 4367 vinci
3130 4329 3165 4367 a
3188 4315 3355 4378 malo,
3380 4314 3438 4369 id
3461 4319 3545 4370 est

1920 4425 1956 4464 a
1978 4412 2225 4480 peccato,
2256 4406 2326 4461 ab
2346 4422 2517 4477 opere
2545 4405 2747 4460 carnis.
2773 4406 2880 4462 Sed
2901 4408 3048 4461 vince
3073 4407 3130 4459 in
3160 4406 3291 4461 bono
3317 4408 3544 4472 malum,

1919 4503 1975 4557 id
2001 4504 2085 4555 est
2102 4500 2162 4555 in
2186 4501 2376 4554 fructu
2390 4499 2641 4570 spiritus.
2663 4500 2740 4552 De
2766 4514 2878 4568 quo
2898 4498 3049 4551 idem
3064 4498 3353 4567 apostolus
3373 4498 3542 4554 dicit:

1918 4599 2139 4652 Fructus
2160 4597 2342 4648 autem
2361 4594 2586 4661 spiritus
2604 4596 2700 4645 est.
2730 4592 2891 4647 Vince
2915 4591 3140 4653 malum,
3163 4589 3221 4646 id
3246 4595 3331 4647 est
3352 4606 3548 4663 pecca-

1920 4688 2062 4750 tum,
2096 4679 2485 4737 mortiﬁcando
2515 4695 2689 4751 opera
2717 4678 2920 4734 carnis.

1780 5014 1978 5137 VI.

194 5211 405 5279 Lectio
435 5215 739 5299 Epistolas
760 5217 934 5281 beati
951 5216 1133 5282 Pauli
1165 5214 1443 5299 apostoli
1465 5215 1911 5306 adliomanos
1936 5215 2191 5306 (x1353)
2222 5211 2556 5306 :ﬂFratres,
2583 5208 3212 5291 neminiquidquam
3242 5209 3548 5288 debeatis,

1435 5297 1568 5359 nisi
1591 5304 1664 5358 ut
1694 5296 1969 5358 invicem
1999 5293 2315 5374 diligatis.

1298 5422 1827 5488 COMMENTUM
1894 5425 2444 5485 LUCULENTII.

265 5539 532 5611 Superius
554 5542 928 5597 admonuerat
944 5540 1240 5613 Apostolus
1252 5542 1539 5595 Romanos
1559 5538 1820 5593 onmibus
1841 5550 1900 5623 D
1924 5553 2146 5593 nasus.
2176 5536 2289 5590 Hoc
2314 5534 2503 5605 ipsum
2535 5534 2592 5587 et
2620 5528 2895 5585 Dominus
2922 5529 3107 5584 facere
3136 5530 3397 5602 praecipit
3422 5547 3553 5586 cum

198 5631 448 5687 debitum
465 5635 806 5706 persolvere,
821 5634 1012 5690 dicens
1031 5651 1046 5689 :
1064 5635 1291 5691 Reddite
1300 5634 1547 5690 omnibus
1560 5633 1819 5694 debitum,

200 5729 283 5779 cui
319 5728 580 5783 tributum
610 5729 894 5791 tributum,
923 5732 1014 5783 cui
1052 5730 1300 5783 honorem
1329 5730 1598 5789 honorem,
1630 5729 1717 5782 cui
1747 5728 1820 5779 ti-

1925 5632 2061 5688 dicit
2088 5648 2102 5685 :
2134 5630 2358 5687 Reddite
2386 5643 2505 5699 qua:
2526 5630 2651 5682 sunt
2680 5626 2906 5683 Cesaris
2935 5625 3154 5686 Caesari,
3192 5627 3242 5679 et
3279 5640 3401 5694 quae
3434 5630 3562 5681 sunt

1926 5728 2021 5781 Dei
2048 5729 2172 5780 Deo.
2223 5725 2318 5779 Est
2344 5722 2499 5778 enim
2526 5719 2780 5775 debitum
2809 5717 2959 5790 quod
2990 5716 3068 5771 ita
3104 5718 3425 5787 persolvere
3454 5718 3556 5774 de-

200 5834 392 5875 morem
408 5825 669 5885 timorem,
691 5824 782 5877 cui
798 5824 1464 5894 vectigalvectigal;nunc
1477 5820 1825 5875 subinfertet
1925 5819 2127 5873 bemus
2159 5835 2172 5872 :
2202 5818 2259 5871 id
2289 5821 2373 5872 est
2397 5816 2444 5870 si
2472 5814 2676 5886 aliquis
2705 5829 2807 5867 nos
2834 5813 2977 5867 laesit
3001 5811 3090 5867 vel
3116 5810 3422 5883 injuriatus
3450 5817 3554 5879 est,

204 5910 364 5969 dicit:
398 5916 599 5973 Naxum
646 5933 924 5980 omooosu
952 5932 1223 5985 passurus,
1259 5932 1360 5974 ms:
1394 5931 1460 5971 υτ
1489 5928 1709 5973 mvxcsu
1740 5928 1823 5967 m-

1929 5913 2036 5969 hoc
2052 5911 2305 5969 debitum
2329 5909 2670 5985 persolvere,
2692 5912 2758 5963 ut
2774 5906 2927 5964 ultra
2951 5906 3168 5964 malum
3190 5923 3296 5983 pro
3310 5907 3417 5964 hoc
3442 5925 3557 5969 non
