4016 6240
437 353 541 423 823

1936 356 2336 414 LUCULENTll

3714 342 3819 403 824

400 540 407 549 ,
434 462 897 544 respondeamus.
925 464 994 525 Ut
1047 466 1222 522 libere
1252 465 1560 522 audeamus
1601 465 1787 521 dicere
1839 466 1899 521 in
1943 484 2061 521 ora-
2082 478 2142 550 Α
2163 466 2320 521 dunt.
2354 464 2472 519 Non
2500 477 2708 519 musca
2736 475 3103 517 resrinosuuu
3137 473 3325 516 orces:
3362 452 3629 513 similiter
3653 452 3823 511 intel.

433 567 589 623 tione
610 564 902 620 Dominica
918 580 931 617 :
950 565 1165 618 Dimitte
1193 562 1345 615 nobis
1374 562 1554 615 debita
1581 566 1789 623 nostra,
1812 563 1951 616 sicut
1972 578 2071 617 nos

434 661 757 717 dimittimus
802 657 1130 712 debitoribus
1179 658 1398 709 nostris.
1427 655 1586 718 Quod
1612 654 1705 707 ille
1738 671 1931 709 servus
1976 656 2062 710 fa-

438 769 565 809 cere
589 753 790 821 noluit,
819 750 908 804 cui
934 767 967 802 a
1004 748 1234 803 domino
1260 748 1488 802 dimissa
1527 752 1659 801 sunt
1700 748 1896 802 decem
1945 749 2067 803 mil-

435 846 514 904 lia
536 847 766 914 talenta,
796 849 851 898 et
882 844 1002 913 ipse
1030 858 1302 895 conservo
1330 846 1562 895 centum
1600 841 1861 895 denarios
1888 842 2073 896 noluit

438 940 744 995 dimittere.
796 940 888 991 Est
936 935 1090 990 aliud
1142 936 1425 1003 debitum,
1474 934 1687 989 scilicet
1742 940 2067 1005 peccatum,

436 1033 591 1105 quod
620 1032 697 1085 ita
726 1030 1042 1101 persolvere
1073 1029 1368 1094 debemus,
1400 1042 1460 1081 ut
1498 1028 1645 1083 ultra
1690 1028 1762 1082 ad
1786 1028 1926 1083 illud
1955 1045 2071 1083 non

438 1126 754 1182 redeamus.
812 1124 886 1177 De
921 1140 1032 1193 quo
1063 1122 1173 1175 alio
1201 1122 1323 1175 loco
1378 1122 1528 1175 idem
1562 1121 1851 1192 apostolus
1884 1122 2022 1176 dicit
2054 1140 2066 1176 :

436 1219 713 1275 Debitores
739 1233 924 1271 sumus
949 1232 1053 1270 non
1079 1218 1251 1276 carni,
1276 1221 1335 1269 ut
1354 1216 1649 1269 secundum
1680 1232 1897 1269 carnem
1924 1218 2071 1269 viva-

438 1327 577 1367 mus.
627 1312 693 1365 Et
723 1313 808 1363 est
832 1310 1108 1376 debitum,
1140 1309 1290 1380 quod
1316 1309 1392 1361 ita
1437 1308 1653 1361 solvere
1688 1309 1978 1379 debemus,
2008 1315 2071 1363 ut

439 1420 669 1476 semper
691 1409 984 1458 teneamus
1010 1421 1026 1471 ;
1062 1403 1140 1456 ita
1168 1407 1382 1470 tenere,
1415 1406 1480 1455 ut
1500 1402 1784 1455 solvamus
1810 1418 2064 1473 semper:

442 1498 656 1553 scilicet
682 1497 942 1564 Charitas,
966 1513 1137 1567 quam
1168 1511 1395 1565 semper
1423 1494 1635 1548 solvere
1663 1500 1719 1549 et
1742 1512 1967 1565 semper
1994 1499 2071 1549 te-

433 1607 573 1648 nere
603 1591 895 1645 debemus.
939 1592 1049 1643 Hoc
1080 1594 1162 1644 est
1180 1590 1331 1659 quod
1358 1589 1512 1653 dicit,
1542 1590 1745 1641 nemini
1770 1590 2069 1657 quidquam

438 1686 700 1746 debeatis,
727 1686 835 1738 nisi
862 1689 923 1737 ut
950 1686 1174 1737 invicem
1206 1683 1471 1751 diligatis.
1520 1682 1658 1745 Quia
1697 1698 1991 1752 nunquam
2036 1700 2068 1735 a

438 1778 735 1835 dilectione
764 1777 1008 1848 proximi
1035 1792 1249 1831 cessare
1272 1776 1562 1842 debemus,
1585 1776 1797 1829 scilicet
1822 1777 2070 1830 esurien~

2171 559 2470 629 ligendum
2512 563 2614 625 est,
2642 556 2776 627 quia
2804 555 2903 627 qui
2946 555 3183 609 fratrem
3224 552 3413 624 diligit
3442 552 3588 606 sicut
3614 554 3820 605 semet-

2172 653 2376 723 ipsum,
2399 655 2595 705 contra
2615 666 2747 704 eum
2762 650 2971 703 falsum
2999 648 3390 703 testimonium
3410 645 3673 717 proferre
3696 659 3814 698 non

2170 749 2355 817 potest
2385 763 2400 814 ;
2431 747 2665 816 propter
2707 743 2844 797 illud
2871 742 3024 813 quod
3053 741 3327 811 scriptum
3352 744 3437 794 est
3461 756 3474 794 :
3506 740 3701 794 Falsus
3725 743 3804 792 te-

2172 843 2269 894 stis
2300 856 2407 893 non
2433 841 2537 893 erit
2558 840 2882 907 impunitus.
2915 835 3069 890 Sicut
3107 850 3211 888 nec
3251 834 3331 888 illi
3361 834 3475 888 duo
3501 848 3668 887 senes
3698 831 3820 885 fue-

2172 937 2324 1001 runt,
2357 932 2455 1003 qui
2482 936 2678 986 contra
2699 931 3016 985 Susannam
3042 928 3247 982 falsum
3269 927 3540 981 dixerunt
3566 925 3822 979 testimo-

2172 1026 2354 1080 nium.
2390 1027 2456 1081 Et
2482 1026 2541 1079 in
2568 1024 2827 1096 passione
2858 1021 3079 1077 Domini
3097 1026 3151 1075 et
3182 1021 3242 1074 in
3262 1020 3415 1075 beati
3432 1018 3716 1090 Stephani
3742 1018 3821 1071 le-

2173 1120 2361 1190 gimus
2390 1119 2553 1172 falsos
2584 1122 2750 1173 testes
2778 1116 3043 1181 adfuisse,
3078 1131 3325 1186 quorum
3350 1114 3544 1169 nullus
3568 1112 3821 1183 impuni-

2171 1217 2262 1268 tus
2291 1229 2409 1268 esse
2434 1212 2638 1282 potuit.

2242 1307 2358 1360 Non
2386 1321 2733 1360 concumscas
2750 1321 2857 1361 nan
2878 1320 3095 1359 Paoxim
3119 1319 3227 1357 τοι.
3257 1302 3409 1357 Sicut
3440 1300 3707 1372 superius
3736 1300 3823 1355 di-

2171 1400 2373 1467 ximus,
2392 1398 2474 1453 ita
2504 1398 2941 1469 intelligendum
2965 1402 3068 1452 est.
3091 1397 3196 1451 Sed
3224 1400 3309 1450 est
3330 1396 3473 1449 alter
3491 1395 3816 1465 proximus,

2168 1492 2425 1547 videlicet
2479 1492 2749 1545 Dominus
2798 1492 2957 1545 Jesus
3007 1489 3283 1556 Christus,
3337 1488 3436 1559 qui
3479 1504 3614 1541 eum
3663 1490 3815 1542 esset

2172 1587 2316 1641 Deus
2345 1590 2554 1652 noster,
2590 1584 2882 1655 proximus
2912 1582 3036 1638 fieri
3066 1583 3329 1652 dignatus
3378 1586 3482 1649 est,
3516 1580 3661 1635 sicut
3694 1581 3813 1651 ipse

2169 1681 2226 1733 in
2254 1680 2515 1749 parabola
2541 1678 2788 1732 hominis
2818 1678 2916 1748 qui
2945 1676 3328 1730 descendebat
3358 1691 3391 1727 a
3418 1674 3735 1728 Jerusalem
3754 1674 3815 1728 in

2167 1773 2408 1837 Jericho,
2439 1776 2495 1826 et
2512 1771 2708 1825 incidit
2730 1771 2788 1824 in
2817 1771 3085 1838 latrones,
3118 1769 3272 1823 dicit.
3300 1771 3443 1823 Cum
3469 1769 3625 1822 enim
3645 1768 3815 1821 dixis-

436 1872 482 1926 ti
526 1872 738 1940 cibum,
769 1870 982 1925 sitienti
1030 1874 1251 1941 potum,
1296 1869 1507 1939 algenti
1556 1868 1982 1937 vestimentum,
2016 1847 2145 1923 etB
2171 1871 2252 1920 set
2293 1867 2443 1936 quod
2473 1866 2731 1921 sacerdos
2768 1869 2824 1919 et
2847 1864 3032 1933 levita,
3064 1863 3177 1917 viso
3218 1863 3410 1917 saucio
3459 1862 3810 1932 pertransis-

438 1971 643 2020 cmtera
670 1981 798 2036 quae
840 1964 1092 2034 indigere
1120 1964 1392 2029 videmus,
1424 1962 1812 2030 exhibeamus,
1847 1966 1902 2015 et
1931 1978 2071 2015 sem-

434 2075 541 2129 per
580 2060 760 2113 Deum
788 2062 903 2111 toto
930 2058 1094 2111 corde
1124 2057 1381 2126 diligere,
1411 2055 1735 2125 proximum
1761 2056 1908 2109 sicut
1938 2072 2067 2109 nos-

436 2152 730 2223 metipsos.
763 2152 829 2205 Et
854 2152 960 2204 hoc
1005 2150 1410 2217 indeﬁcienter,
1462 2153 1695 2219 propter
1737 2149 1918 2203 illud:
1970 2150 2072 2215 Qui

430 2248 858 2316 perseveraverit
911 2260 1076 2313 usque
1110 2248 1165 2297 in
1208 2247 1385 2310 ﬁnem,
1416 2244 1499 2295 hic
1541 2243 1723 2295 salvus
1755 2245 1873 2296 erit.
1931 2243 2070 2295 Hinc

435 2338 590 2393 idem
639 2339 931 2408 apostolus
980 2337 1113 2391 dicit
1146 2354 1158 2390 :
1194 2338 1349 2391 Alter
1380 2336 1605 2389 alterius
1636 2351 1801 2389 onera
1830 2341 2064 2404 portate.

440 2433 509 2487 Et
562 2432 837 2485 Dominus
887 2431 1007 2500 ipse
1039 2447 1051 2483 :
1108 2430 1432 2484 Mandatum
1464 2444 1659 2482 novum
1698 2429 1766 2481 do
1807 2429 1979 2490 vobis,
2010 2435 2071 2484 ut

437 2527 684 2593 diligatis
726 2526 970 2577 invicem.
1001 2524 1104 2586 QUI
1146 2539 1275 2576 ENin
1314 2538 1510 2576 DlLlGlT
1546 2538 1845 2589 raoxmun,
1895 2538 2066 2576 LEGEM

442 2634 715 2673 IHPLEVIT.

512 2710 744 2764 Dilectio
772 2714 826 2762 et
852 2709 911 2762 in
938 2708 1121 2761 Veteri
1149 2709 1503 2761 Testamento
1533 2712 1589 2762 et
1626 2709 1684 2762 in
1720 2710 1870 2763 Novo
1919 2710 2065 2763 obti-

434 2807 535 2858 net
559 2803 960 2873 principatum.
998 2804 1058 2855 ln
1086 2802 1269 2855 Veteri
1298 2801 1571 2855 habemus
1598 2802 1907 2872 scriptum:
1938 2805 2068 2858 Dili-

433 2914 524 2966 ges
560 2899 843 2951 Dominum
893 2899 1057 2949 Deum
1090 2900 1243 2948 tuum
1272 2912 1339 2949 ea:
1366 2901 1469 2949 toto
1516 2897 1671 2949 corde
1718 2901 1828 2959 tuo,
1860 2915 1927 2951 ea:
1958 2903 2067 2951 tota

432 2994 619 3045 anima
646 2996 761 3052 tua,
781 2994 832 3043 et
844 2992 1156 3059 proximum
1178 2995 1329 3043 tuum
1356 2992 1494 3043 sicut
1520 2994 1568 3043 te
1596 2993 1792 3059 ipsum.
1827 2993 1885 3043 ln
1914 2992 2066 3044 Novo

433 3084 705 3139 Dominus
740 3084 1093 3153 recapitulat,
1128 3100 1259 3136 cum
1287 3083 1426 3152 legis
1459 3083 1639 3153 perito
1666 3083 2063 3154 interroganti,

434 3179 587 3249 quod
616 3182 761 3231 esset
790 3176 1103 3229 maximum
1146 3177 1403 3229 omnium
1435 3182 1490 3229 et
1520 3176 1774 3245 primum
1830 3179 2061 3231 manda-

433 3276 577 3336 tum,
610 3270 881 3324 Dominus
910 3270 1024 3323 ait:
1076 3271 1274 3335 Diliges
1305 3272 1587 3322 Dominum
1616 3274 1781 3324 Deum
1816 3276 1964 3324 tamn
2003 3287 2068 3324 ea:

434 3369 541 3418 toto
571 3364 728 3417 corde
759 3369 869 3424 tuo,
912 3368 960 3415 et
986 3379 1051 3416 ezr
1073 3367 1180 3415 tota
1210 3365 1395 3415 anima
1438 3368 1550 3424 tua,
1582 3369 1630 3416 et
1657 3381 1721 3416 ese
1764 3369 1873 3417 tota
1899 3371 2068 3418 mente

436 3463 552 3512 tua.
588 3460 699 3512 Hoc
731 3462 809 3510 est
832 3459 1131 3509 mawimum
1159 3461 1209 3509 et
1231 3459 1474 3524 primum
1502 3457 1841 3511 mandatum.
1873 3460 2068 3513 Secun-

434 3553 564 3606 dum
602 3555 783 3605 autem
811 3552 985 3604 simile
1012 3554 1089 3602 est
1118 3551 1244 3602 huic
1276 3569 1291 3603 :
1339 3552 1533 3617 diliges
1570 3554 1875 3620 promimum
1915 3557 2067 3605 tuum

431 3648 573 3700 sicut
602 3652 650 3699 te
704 3648 900 3714 ipsum.
934 3643 1262 3698 Proximum
1302 3645 1407 3697 hoc
1442 3644 1499 3697 in
1532 3646 1648 3697 loco
1682 3662 1795 3698 non
1827 3662 2063 3699 consan-

435 3739 709 3810 guineum
742 3742 959 3793 tantum
994 3737 1310 3807 intelligere
1352 3737 1641 3805 debemus,
1696 3739 1793 3792 sed
1839 3756 2065 3793 omnem

431 3833 747 3886 hominem.
772 3832 829 3886 Si
859 3831 1184 3902 proximum
1217 3831 1706 3901 consanguineum
1730 3837 1951 3886 tantum
1980 3836 2063 3888 vel

430 3925 1151 3997 propinquumintelligere
1181 3925 1446 3990 volueris,
1477 3925 1698 3979 videtur
1720 3926 1817 3978 tibi
1847 3927 1964 3980 dari
1993 3927 2061 3980 li-

430 4020 615 4078 centia
640 4018 850 4071 utalios
880 4017 1370 4087 odiisinsequaris,
1398 4034 1527 4071 cum
1555 4018 1667 4071 tuis
1694 4024 1913 4073 tantum
1938 4021 2065 4074 cha-

428 4112 653 4165 ritatem
677 4116 892 4164 tenere.
924 4111 1036 4162 Sed
1062 4111 1265 4164 melius
1286 4117 1369 4163 est
1392 4116 1451 4163 ut
1466 4112 1809 4180 proximum,
1834 4131 2062 4168 omnem

429 4203 721 4257 hominem
752 4204 1073 4273 intelligas:
1106 4220 1278 4274 quem
1305 4204 1402 4273 qui
1445 4204 1586 4257 sicut
1629 4222 1685 4258 se
1714 4206 1919 4275 diligit,
1954 4207 2060 4261 im-

428 4298 549 4369 plet
574 4297 759 4367 legem
781 4296 1010 4362 Christi,
1032 4297 1129 4366 qui
1156 4296 1288 4350 dicit
1314 4315 1325 4349 :
1351 4299 1412 4351 In
1434 4298 1528 4350 hoc
1555 4304 2061 4366 cognoscentomnes

428 4394 556 4460 quia
584 4394 688 4445 mei
713 4394 837 4444 estis
868 4391 1145 4460 discipuli.
1180 4392 1229 4442 si
1268 4390 1603 4444 dilectionem
1650 4392 1947 4446 habueritis
1974 4396 2057 4446 in-

424 4488 608 4539 vicem.
636 4486 700 4538 Et
732 4485 836 4537 hoc
863 4484 1197 4538 mandatum
1226 4484 1502 4537 habemus
1529 4502 1560 4538 a
1593 4485 1722 4552 Deo,
1755 4486 1939 4556 utqui
1970 4487 2057 4539 di—

2172 1965 2313 2026 sent,
2364 1965 2419 2015 et
2466 1959 2685 2013 miserti
2734 1975 2851 2013 non
2894 1962 3045 2023 sunt,
3098 1956 3491 2011 Samaritanus
3532 1956 3815 2010 transiens

2171 2054 2433 2107 misertus
2457 2058 2539 2107 est
2570 2072 2583 2107 :
2618 2052 2807 2107 statim
2835 2051 3135 2106 subintulit
3163 2068 3177 2105 :
3226 2052 3357 2117 Quis
3398 2052 3589 2103 horum
3645 2052 3812 2103 trium

2169 2149 2382 2201 videtur
2432 2148 2531 2200 tibi
2555 2150 2836 2216 promimus
2880 2148 3050 2212 fuisse
3079 2146 3167 2198 illi
3195 2146 3292 2213 qui
3332 2144 3525 2197 incidit
3554 2146 3615 2197 in
3648 2144 3813 2196 latro-

2170 2257 2259 2294 nes
2286 2244 2314 2294 Σ)
2350 2242 2423 2295 At
2452 2242 2541 2293 ille
2581 2241 2767 2295 dixit:
2802 2240 2907 2305 Qui
2947 2241 3080 2304 fecit
3128 2238 3549 2291 misericordiam
3589 2239 3647 2290 in
3692 2237 3805 2290 illo.

2169 2335 2327 2388 Hunc
2354 2334 2486 2388 dicit
2513 2334 2863 2403 proximum,
2893 2332 2990 2402 qui
3019 2331 3203 2400 diligit
3236 2347 3465 2384 omnem
3513 2330 3724 2400 legem,
3755 2336 3813 2384 et.

2169 2428 2432 2481 universa
2485 2427 2750 2481 mandata
2781 2426 2839 2479 in
2880 2426 3001 2494 ejus
3036 2442 3227 2479 amore
3258 2424 3521 2495 complet.
3567 2425 3644 2477 De
3692 2440 3808 2493 quo

2170 2526 2443 2596 scriptum
2470 2528 2554 2579 est
2588 2541 2600 2578 :
2634 2526 2784 2579 Finis
2814 2525 2944 2592 legis
2987 2525 3249 2580 Christus.
3286 2523 3473 2592 Neque
3501 2522 3617 2575 ullo
3644 2527 3807 2591 pacto

2169 2619 2291 2672 fieri
2320 2624 2516 2689 potest,
2551 2623 2614 2671 ut
2642 2635 2705 2671 ex
2732 2620 2849 2671 toto
2890 2616 3055 2670 corde
3082 2616 3322 2687 totisque
3350 2616 3653 2668 visceribus
3691 2616 3810 2667 suis

2170 2712 2297 2782 quis
2322 2712 2560 2783 diligens
2587 2711 2896 2779 Christum,
2924 2711 3093 2765 faciat
3120 2709 3335 2780 aliquid
3355 2709 3506 2779 quod
3531 2725 3651 2763 non
3679 2709 3805 2779 pla-

2169 2810 2290 2860 ceat
2330 2806 2572 2859 Christo.
2618 2806 2737 2858 Non
2767 2804 2922 2858 enim
2959 2804 3239 2858 adulterat
3274 2802 3508 2856 verbum
3560 2802 3730 2867 illius,
3760 2802 3807 2854 si

2168 2900 2437 2953 veraciter
2463 2916 2593 2952 eum
2630 2899 2815 2968 diligit
2843 2915 2856 2963 ;
2885 2899 3028 2951 sicut
3070 2914 3173 2951 nec
3223 2896 3511 2966 apostolus
3539 2895 3805 2961 faciebat,

2168 2994 2265 3064 qui
2313 2992 2534 3047 dicebat
2563 3009 2576 3046 :
2603 2994 2721 3048 Non
2767 3008 2950 3045 sumus
2996 2992 3366 3045 adulterantes
3418 2990 3637 3043 verbum
3681 2992 3803 3054 Dei,

2167 3088 2261 3140 sed
2286 3089 2421 3140 sicut
2447 3103 2514 3140 ea:
2554 3090 2656 3140 Deo
2698 3102 2873 3139 coram
2902 3089 3005 3139 Deo
3036 3088 3095 3137 in
3140 3084 3348 3139 Christo
3392 3085 3683 3151 loquimur.
3740 3083 3806 3136 Et

2169 3180 2442 3250 propheta
2466 3180 2526 3233 in
2550 3180 2767 3249 psalmo
2800 3179 3131 3232 :Perdidisti
3155 3192 3333 3231 omnes
3376 3180 3473 3246 qui
3516 3178 3803 3243 fomican-

2170 3278 2260 3326 tur
2285 3274 2377 3327 abs
2408 3279 2473 3327 te.
2505 3274 2603 3326 llic
2630 3273 2754 3326 talis
2780 3288 2893 3325 non
2916 3272 3099 3325 solum
3118 3287 3233 3324 non
3246 3270 3543 3338 adulterat,
3574 3269 3669 3323 sed
3701 3286 3805 3322 nec

2169 3366 2469 3420 mulierem
2520 3366 2747 3436 reSpicit
2792 3366 2863 3420 ad
2907 3365 3440 3435 concupiscendum,
3489 3363 3586 3417 sed
3618 3363 3807 3432 magis

2167 3460 2301 3513 dicit
2348 3476 2475 3512 cum
2524 3460 2812 3512 Psalmista
2841 3476 2853 3511 :
2887 3460 3072 3514 Sitic‘it
3116 3460 3301 3511 anima
3352 3473 3467 3510 mea
3516 3457 3591 3510 ad
3637 3459 3807 3510 Deum

2166 3557 2371 3618 fontem
2402 3556 2583 3605 cirum
2616 3572 2631 3617 ;
2661 3554 2879 3621 quando
2904 3554 3117 3604 veniam
3164 3557 3211 3603 et
3259 3551 3530 3619 apparebo
3557 3555 3685 3604 ante
3709 3553 3802 3616 fa-

2167 3649 2298 3700 ciem
2351 3650 2452 3700 Deo
2476 3650 2503 3699 ἱ)
2533 3647 2653 3699 Non
2698 3647 2881 3699 solum
2926 3650 3120 3697 autem
3170 3659 3283 3696 non
3310 3643 3531 3708 occidit,
3564 3644 3660 3697 sed
3700 3660 3808 3698 nec

2169 3740 2425 3793 irascitur
2454 3758 2470 3807 ;
2506 3744 2739 3809 propter
2776 3738 2950 3792 illud:
2989 3740 3169 3792 Omnis
3216 3739 3312 3805 qui
3338 3740 3597 3790 irascitur
3632 3740 3810 3803 fratri

2165 3849 2279 3895 suo,
2307 3849 2428 3887 reus
2455 3836 2557 3886 erit
2566 3833 2800 3901 judicio.
2832 3832 2935 3887 Sed
2963 3847 3149 3901 neque
3180 3832 3400 3883 furatur
3428 3830 3597 3883 verba
3626 3831 3802 3898 illius,

2167 3926 2309 3979 sicut
2362 3926 2440 3979 illi
2494 3926 2773 3979 faciebant
2817 3926 2885 3979 de
2912 3925 3118 3996 quibus
3170 3924 3260 3978 ille
3307 3923 3477 3977 dicit:
3531 3926 3806 3994 Quotquot

2165 4025 2422 4073 venerunt
2451 4026 2577 4073 ante
2609 4022 2903 4086 megfures
2940 4021 3167 4085 fuerunt
3197 4022 3250 4071 et
3290 4018 3544 4072 latrones.
3606 4020 3803 4088 Neque

2164 4113 2368 4167 falsum
2390 4112 2774 4167 testimonium
2797 4113 2950 4179 dicit,
2979 4112 3158 4165 sciens
3184 4112 3370 4181 ipsum
3406 4128 3579 4182 quem
3610 4112 3801 4183 diligit

2164 4206 2299 4259 falso
2351 4207 2676 4259 testimonio
2720 4206 3030 4277 proditum.
3077 4205 3174 4257 Vel
3206 4221 3321 4258 non
3353 4221 3485 4257 eum
3516 4204 3800 4259 minorem

2164 4299 2311 4353 Patri
2336 4299 2486 4367 facit,
2505 4299 2647 4352 sicut
2670 4298 2886 4365 Ariani,
2913 4298 3008 4368 qui
3032 4298 3229 4352 dicunt
3251 4298 3475 4351 Patrem
3500 4298 3800 4368 majorem,

2163 4393 2365 4447 Filium
2379 4393 2678 4461 minorem,
2695 4391 2965 4463 Spiritum
2986 4408 3115 4445 vero
3128 4396 3384 4445 sanctum
3412 4392 3799 4461 permitterem

2162 4486 2357 4540 dicunt
2384 4486 2662 4557 falsiloqui
2694 4492 2750 4540 et
2780 4486 3120 4540 seductores.
3172 4487 3243 4539 Er
3272 4502 3316 4537 Si
3345 4501 3485 4545 ouon
3515 4502 3605 4538 esr
3638 4502 3799 4541 ALICD

424 4577 550 4648 ligit
578 4579 899 4645 Dominum,
942 4578 1139 4649 diligat
1184 4581 1239 4631 et
1276 4577 1513 4631 fratrem
1559 4595 1745 4632 suum.
1797 4580 1916 4633 Nam
1957 4582 2460 4653 NONDMANDATIIM
2508 4598 2562 4634 IN
2615 4597 2713 4634 HOC
2749 4596 2916 4633 verum
2961 4595 3354 4633 msrauaarrn.
3399 4579 3542 4633 Sunt
3566 4579 3798 4649 quidem

428 4688 806 4726 ADULTERABIS.
824 4671 930 4735 Qui
950 4672 1029 4725 ita
1050 4671 1239 4741 diligit
1260 4671 1583 4741 proximum
1606 4672 1821 4726 sicutse
1848 4673 2056 4743 ipsum,

423 4764 482 4817 id
510 4769 592 4817 est
619 4782 845 4818 onmem
873 4765 1188 4832 hominem,
1230 4764 1550 4817 adulterare
1580 4782 1693 4818 non
1727 4770 1905 4835 potest
1925 4784 2061 4821 uxo-

422 4874 567 4925 rem,
602 4858 735 4928 quia
761 4875 862 4911 nec
894 4858 1012 4929 ipse
1041 4860 1159 4913 vult
1188 4863 1246 4911 ut
1266 4858 1407 4912 alius
1437 4875 1671 4913 uxorem
1698 4859 1818 4929 ejus
1846 4860 2060 4915 adulte-

421 4955 526 5019 ret,
587 4950 827 5004 maxime
864 4969 994 5005 cum
1019 4953 1315 5023 Apostolus
1360 4951 1542 5005 dicat:
1602 4955 1969 5008 Fcrnicatores
2009 4960 2058 5009 et

420 5046 696 5099 adulteros
725 5046 997 5114 judicabit
1042 5050 1193 5100 Deus.
1240 5046 1342 5099 Et:
1400 5048 1589 5115 Fugite
1616 5048 2055 5113 fornicationem,

420 5141 549 5206 quia
596 5155 747 5193 omne
773 5144 1071 5209 peccatum,
1117 5139 1470 5209 quodcunque
1498 5141 1637 5206 facit
1676 5141 1849 5210 homo,
1903 5150 2059 5196 ea'tra

416 5246 607 5301 corpus
642 5238 766 5295 est;
824 5236 920 5301 qui
966 5239 1145 5287 autem
1187 5234 1517 5298 fornicatur,
1568 5236 1623 5287 in
1659 5250 1851 5303 corpus
1898 5250 2055 5289 suum

408 5331 614 5393 peccat.
646 5327 767 5380 Non
797 5342 1035 5380 occwes.
1070 5327 1135 5378 Et
1181 5326 1444 5379 facillime
1478 5331 1629 5396 patet
1684 5328 1817 5398 quia
1863 5330 2053 5382 nullus

415 5419 748 5487 proximum
801 5436 964 5473 suum
1011 5418 1263 5473 occidere
1290 5424 1494 5490 potest,
1528 5420 1572 5472 si
1601 5420 1787 5491 diligit
1815 5438 1945 5474 eum
1974 5422 2051 5475 si-

413 5516 507 5564 cut
533 5528 613 5576 se,
638 5512 769 5582 quia
796 5512 912 5582 ipse
938 5527 1057 5565 non
1086 5512 1205 5565 vult
1236 5513 1307 5566 ab
1329 5512 1517 5582 aliquo
1546 5513 1727 5567 occidi
1760 5529 1837 5579 se,
1870 5514 2050 5567 sciens

413 5605 685 5674 scriptum
719 5621 731 5656 :
764 5605 947 5658 Omnis
974 5607 1070 5674 qui
1107 5607 1357 5659 occiderit
1380 5606 1586 5673 gladio,
1614 5607 1800 5673 gladio
1824 5607 2046 5675 peribit,

412 5696 495 5746 vel
543 5696 638 5748 Dei
664 5698 750 5749 vel
786 5697 1053 5752 hominis.
1102 5700 1223 5753 Non
1256 5716 1563 5754 FURABERIS.
1621 5700 1685 5752 Et
1714 5699 1857 5752 sicut
1888 5717 2048 5770 supe-

414 5784 525 5836 rius
552 5786 819 5853 diximus,
852 5790 1040 5843 nullus
1068 5791 1225 5845 fratri
1257 5809 1358 5845 suo
1390 5794 1631 5859 furatur,
1662 5792 1706 5844 si
1734 5807 1865 5844 eum
1905 5793 2047 5848 sicut

413 5883 468 5923 se
491 5873 667 5935 dilizit
690 5895 704 5944 ;
739 5880 918 5935 sciens
943 5882 1237 5953 scriptum,
1263 5886 1391 5955 quia
1417 5887 1570 5951 fures
1601 5885 1674 5938 ad
1696 5900 1910 5956 poenam
1940 5903 2035 5940 ca-

2161 4674 2267 4727 alia
2314 4674 2579 4728 mandata
2630 4675 2717 4726 vel
2763 4689 2891 4743 quia
2940 4672 3201 4744 superius
3236 4677 3367 4726 sunt
3406 4672 3574 4741 dicta,
3610 4674 3698 4727 vel
3742 4674 3803 4727 in

2160 4767 2363 4821 tabulis
2384 4768 2617 4838 lapideis
2648 4767 2883 4837 sculpta,
2920 4766 3016 4820 sed
3050 4765 3105 4819 in
3129 4766 3237 4819 hoc
3266 4765 3433 4819 verbo
3461 4766 3795 4820 instauran-

2161 4868 2273 4928 tur,
2313 4861 2521 4915 scilicct
2570 4860 2628 4914 in
2666 4859 2968 4913 dilectione
3018 4859 3111 4912 Dei
3154 4865 3209 4912 et
3256 4859 3524 4930 proximi,
3554 4859 3802 4914 Domino

2160 4956 2420 5010 dicente:
2470 4958 2533 5010 In
2579 4940 2673 5008 his.
2712 4954 2919 5012 duobus
2963 4952 3244 5006 mandatis
3294 4957 3405 5005 tota
3461 4954 3546 5006 lea!
3590 4955 3800 5021 pendet

2159 5055 2209 5103 et
2230 5050 2507 5119 propheta:
2535 5067 2550 5100 :
2592 5047 2815 5101 DlLlGES
2845 5062 3122 5100 Paoxmun
3157 5062 3302 5100 ruun
3332 5062 3480 5100 SICUT
3505 5062 3567 5099 TE
3602 5062 3796 5101 IPSDM.

2161 5144 2226 5197 Et
2247 5146 2382 5195 nota
2408 5142 2543 5212 quia
2567 5141 2626 5194 in
2670 5139 2971 5194 dilectione
3006 5139 3105 5192 Dei
3133 5138 3537 5210 aequalitatem,
3560 5139 3621 5193 in
3656 5158 3792 5210 pro-

2158 5236 2296 5289 ximi
2323 5252 2453 5289 vero
2484 5234 2785 5289 dilectione
2821 5233 3205 5303 quantitatem
3250 5249 3380 5286 cum
3409 5233 3547 5286 dixit
3585 5250 3599 5286 :
3656 5236 3801 5289 sicut

2158 5336 2207 5383 te
2231 5332 2427 5407 ipsum.
2449 5328 2682 5381 Dilectio
2714 5336 2905 5403 autem
2928 5326 3027 5381 Dei
3051 5327 3201 5380 nulla
3231 5343 3494 5380 mensura
3526 5329 3803 5382 constrin-

2158 5424 2329 5494 gitur.
2379 5424 2631 5476 DiLacrio
2674 5437 2889 5475 vnoxnn
2944 5437 3130 5475 MALUM
3188 5437 3296 5475 non
3329 5435 3632 5476 orenarnn.
3688 5423 3795 5477 Ve-

2155 5534 2281 5571 rum
2313 5522 2415 5584 est,
2447 5516 2580 5587 quia
2605 5531 2902 5585 nunquam
2934 5514 2991 5567 in
3028 5513 3353 5584 proximum
3381 5531 3547 5568 suum
3577 5516 3794 5570 malum

2154 5615 2440 5681 operatur,
2476 5610 2609 5680 quia
2638 5609 2712 5662 ita
2742 5607 2904 5661 illum
2933 5606 3119 5677 diligit
3150 5611 3311 5661 utse.
3340 5608 3435 5661 Vel
3462 5608 3562 5678 qui
3597 5610 3793 5663 Chris-

2152 5704 2273 5753 tum
2302 5699 2487 5770 diligit
2529 5704 2591 5752 ut
2622 5712 2700 5768 se,
2734 5698 2947 5752 malum
2976 5713 3091 5751 non
3128 5701 3415 5767 operatur,
3462 5696 3519 5751 id
3546 5702 3630 5751 est
3666 5715 3793 5768 pec-

2150 5798 2337 5846 catum
2387 5809 2503 5846 non
2555 5793 2727 5858 facit,
2779 5791 2912 5863 quia
2971 5790 3153 5845 omnis
3205 5790 3305 5860 qui
3364 5793 3533 5845 natus
3582 5797 3667 5845 est
3721 5808 3791 5846 ex

2146 5886 2279 5959 Deo,
2308 5903 2422 5941 non
2466 5889 2681 5960 peccat.
2731 5884 3023 5944 Plenitudo
3056 5899 3192 5955 ergo
3222 5883 3363 5959 legis
3398 5888 3483 5941 est
3532 5884 3784 5955 dilectio,
