4016 6240
121 380 232 438 825

1149 381 1217 438 IN
1254 379 1399 438 CAP.
1443 383 1461 437 Ι
1500 381 1842 438 ΕΡῙΞΤΟΙΑΕ
1881 383 1899 436 l
1938 380 2026 437 AD
2063 374 2485 441 CORINTHIOS.

3397 378 3498 440 826

113 489 258 562 quia
286 483 481 545 omnia
512 488 781 545 mandata
825 490 893 545 de
921 490 1195 545 charitate
1230 490 1566 562 procedunt,
1595 495 1653 546 et
1689 490 1761 546 ad
1781 506 1841 580 Α
1861 490 2079 545 duobus
2117 492 2414 563 pmceptis
2441 490 2637 547 omnia
2686 489 2986 548 concludi?
3031 491 3085 548 Si
3117 488 3272 547 enim
3306 493 3498 548 omnia

116 582 311 655 ipsam
342 600 521 655 usque
552 584 919 654 perveniunt;
952 585 1073 640 sine
1100 601 1214 655 qua
1236 585 1474 640 virtutes
1499 584 1633 639 vitia
1671 601 1757 639 re~

110 681 423 749 putantur.
458 680 524 732 Et
551 678 661 732 hoc
701 682 784 732 est
810 678 960 749 quod
997 678 1132 734 dicit
1158 679 1430 733 Dominus
1468 694 1572 749 per
1614 695 1749 749 pro~

109 771 359 841 phetam
391 789 402 826 :
439 772 673 827 Verbum
686 772 984 826 breviatum
1007 774 1176 839 faciet
1204 776 1461 827 Dominus
1481 787 1644 842 super
1657 776 1759 826 ter-

107 880 256 919 ram.
308 865 456 929 Quid
507 864 658 918 enim
699 864 830 935 plus
873 865 1041 919 breve
1084 869 1270 936 potest
1308 881 1448 935 esse,
1489 881 1663 937 quam
1702 865 1761 921 in

1862 585 2192 656 perquirere
2218 602 2332 639 non
2360 586 2527 652 vales,
2558 589 2685 641 tene
2714 586 2822 641 ista
2841 587 2974 654 duo,
3003 591 3060 640 et
3086 586 3281 640 omnia
3301 586 3499 658 imple-

1857 678 1951 745 sti,
1992 678 2269 750 quidquid
2311 682 2484 750 patet,
2521 678 2799 751 quidquid
2833 680 2969 734 latet
3004 679 3064 734 in
3098 678 3304 735 divinis
3348 680 3493 735 Scri~

1860 771 2064 842 pturis.

1682 1102 1939 1225 VII.

104 1289 338 1355 Lectio
380 1290 685 1374 Epistolas
731 1292 754 1356 Ι
800 1294 973 1357 beati
1018 1293 1200 1358 Pauli
1240 1295 1517 1378 apostoli
1558 1295 1638 1358 ad
1679 1294 2049 1378 Corinthios
2086 1296 2152 1375 (1,
2214 1295 2273 1373 4)
2318 1312 2331 1356 :
2385 1295 2672 1370 Fratres,
2713 1297 2969 1376 gratias
3003 1313 3130 1376 ago
3169 1296 3302 1359 Deo
3344 1314 3487 1360 meo

1417 1394 1669 1458 semper
1688 1394 1817 1458 pro
1849 1375 2052 1451 vobis,
2085 1379 2205 1437 etc.

1365 1511 1779 1565 COMMENTUM
1818 1509 2238 1565 LUCULENTII.

182 1603 466 1658 Corinthii
490 1610 623 1659 sunt
663 1606 859 1660 Achaei
899 1623 912 1659 :
952 1607 1013 1661 hi
1044 1608 1329 1677 praedicati
1358 1624 1389 1661 a
1417 1609 1587 1661 Paulo
1615 1624 1749 1678 apo-
1774 1626 1830 1697 B
1854 1607 2059 1661 Christi
2084 1606 2388 1660 adventum
2414 1607 2501 1660 vel
2518 1608 2884 1681 prophetavit
2910 1607 2996 1662 vel
3035 1607 3298 1662 ostendit.
3334 1609 3489 1663 Unde

105 1698 277 1765 stolo,
308 1702 436 1769 post
462 1698 584 1769 ejus
615 1699 1013 1755 discessionem
1054 1701 1207 1755 illius
1245 1702 1561 1755 doctrinam
1589 1702 1751 1755 dese-

99 1796 301 1845 rentes
324 1792 541 1846 seducti
567 1797 698 1846 sunt
716 1810 749 1846 a
778 1793 927 1847 falsis
965 1795 1279 1865 prophetis.
1314 1796 1427 1849 Hoc
1454 1796 1753 1866 Apostolus

104 1886 353 1955 cupiens
395 1885 705 1939 reformare
761 1887 958 1941 scribit
1013 1888 1121 1941 illis
1165 1888 1426 1959 epistolas
1480 1887 1638 1942 duas.
1690 1891 1752 1942 In

99 1978 295 2048 prima
316 1979 508 2033 laudat
536 1997 630 2033 eos
654 1980 712 2033 in
742 1980 944 2051 capite,
976 1981 1212 2035 inferius
1256 1982 1415 2036 valde
1451 1982 1752 2052 reprehen-

99 2072 192 2125 dit
220 2088 382 2126 more
402 2072 570 2143 periti
597 2074 802 2128 medici
830 2074 1019 2129 dicens
1042 2092 1055 2129 :
1082 2076 1160 2128 sic
1182 2075 1334 2129 enim
1354 2076 1568 2146 peritus
1595 2076 1751 2146 prius

94 2166 293 2236 tangit
319 2183 519 2221 carnes
538 2184 699 2221 sanas
718 2173 782 2223 ut
801 2169 1095 2239 perveniat
1117 2169 1187 2223 ad
1210 2169 1462 2239 putridas
1487 2186 1499 2223 :
1526 2168 1570 2221 si
1591 2169 1746 2223 enim

98 2259 268 2329 prius
294 2259 550 2314 inﬁrmas
590 2266 867 2332 tangeret,
900 2262 1133 2316 forsitan
1172 2279 1325 2333 aeger
1354 2263 1474 2333 ejus
1514 2262 1744 2317 medici-

100 2368 243 2406 nam
272 2359 589 2424 respueret.
621 2354 709 2408 Sic
732 2356 1032 2425 Apostolus
1062 2355 1218 2426 prius
1246 2356 1433 2427 tetigit
1465 2357 1571 2409 hoc
1596 2357 1747 2427 quod

98 2463 316 2501 sanum
371 2451 491 2501 erat
532 2448 593 2501 in
638 2449 963 2517 Corinthiis,
1010 2465 1141 2503 cum
1178 2450 1341 2504 laude
1399 2450 1683 2504 inchoavit
1728 2467 1742 2504 :

96 2541 374 2607 Furens,
410 2556 632 2595 GRATIAS
672 2557 777 2595 aco
819 2543 930 2597 Deo
970 2559 1077 2596 meo
1109 2558 1319 2599 seuseu
1357 2559 1456 2596 pao
1496 2559 1647 2597 VOBIS
1689 2559 1747 2598 IN

96 2650 305 2688 GRATIA
350 2635 468 2703 DEI,
497 2651 617 2695 oua:
654 2652 792 2689 DATA
831 2652 927 2690 EST
968 2652 1121 2690 voms
1152 2653 1207 2691 ιω
1231 2637 1461 2690 Cnnlsro
1488 2638 1636 2691 Jasu.
1663 2637 1746 2691 Ad

94 2727 337 2795 putrida
367 2727 625 2798 pervenit
645 2744 777 2781 cuin
802 2728 879 2783 ait
907 2745 919 2782 :
953 2730 1272 2784 Audiantur
1301 2732 1441 2783 inter
1463 2745 1555 2783 vos
1574 2732 1747 2796 fomi-

97 2825 333 2874 catores.
384 2820 439 2874 Si
475 2821 628 2875 enim
681 2822 740 2874 in
788 2823 972 2891 primo
1015 2822 1196 2892 capite
1240 2823 1741 2893 redarguerentur,

96 2913 345 2967 forsitan
385 2930 498 2967 non
540 2915 858 2985 reciperent
900 2916 1021 2985 ejus
1064 2915 1403 2970 doctrinam.
1438 2916 1530 2969 Ait
1553 2932 1691 2986 ergo
1723 2932 1736 2969 ι

1855 1706 1911 1754 et
1944 1701 2064 1771 ipse
2090 1700 2398 1754 Dominus:
2423 1702 2551 1755 Ideo
2588 1703 2759 1754 omnis
2803 1702 2980 1756 scriba
3028 1702 3215 1755 doctus
3239 1704 3299 1755 in
3326 1717 3489 1769 regno

1853 1795 2105 1848 caelorum
2132 1795 2323 1849 similis
2351 1800 2427 1848 est
2462 1795 2667 1847 homini
2697 1795 3121 1863 patrifamilias,
3156 1797 3253 1863 qui
3275 1797 3490 1865 profert

1853 1888 1919 1941 de
1954 1889 2205 1941 thesauro
2237 1903 2333 1941 suo
2360 1904 2497 1941 nova
2536 1892 2588 1941 et
2623 1892 2822 1941 vetera.
2866 1890 3249 1957 Conﬁrmatum
3282 1893 3377 1950 est,
3406 1888 3489 1942 in-

1851 1981 1992 2051 quit,
2044 1983 2101 2034 in
2134 1982 2302 2043 vobis,
2340 1980 2394 2034 id
2442 1984 2525 2034 est
2564 1996 2653 2033 me
2699 1981 3078 2050 praedicante;
3123 1997 3225 2035 nec
3274 1997 3485 2035 novum

1852 2074 2004 2128 enim
2037 2074 2158 2127 sine
2186 2074 2390 2142 Veteri,
2422 2090 2523 2127 nec
2563 2075 2732 2128 Vetus
2762 2074 2881 2127 sine
2910 2075 3098 2141 Novo;
3133 2074 3229 2128 sed
3260 2078 3482 2128 utrum-

1850 2184 1961 2239 que
1987 2184 2080 2221 eos
2111 2167 2320 2236 docuit,
2348 2166 2494 2221 sicut
2522 2167 2654 2221 alibi
2693 2167 2825 2221 dicit
2860 2183 2873 2220 :
2915 2168 3148 2221 Tradidi
3178 2170 3320 2221 enim
3336 2169 3485 2222 vobis

1848 2263 1907 2314 in
1932 2263 2130 2331 primis
2155 2261 2300 2330 quod
2319 2265 2368 2314 et
2395 2264 2575 2329 accepi
2591 2279 2608 2326 ;
2624 2263 2703 2314 ita
2728 2266 2787 2314 ut
2809 2261 2949 2315 nihil
2964 2261 3111 2314 vobis
3135 2261 3272 2315 desit
3289 2263 3345 2313 in
3368 2262 3486 2315 ulla

1848 2357 2051 2424 gratia.
2086 2354 2223 2407 Huic
2250 2353 2571 2425 simile_est,
2605 2354 2755 2425 quod
2783 2353 2861 2407 ait
2886 2353 3187 2408 Salomon:
3209 2357 3485 2410 Venerunt

1846 2449 1982 2502 mihi
2005 2449 2188 2502 omnia
2216 2448 2355 2500 bona
2375 2450 2589 2516 pariter
2616 2464 2733 2501 eum
2754 2448 2872 2501 illa.
2906 2448 3375 2503 Exsrscrmrmus
3396 2463 3485 2503 RE-

1846 2556 2188 2620 vsmrlonsn
2205 2542 2409 2597 DOMINI
2434 2556 2626 2596 NOSTRI
2647 2542 2775 2596 JESU
2795 2544 3039 2596 CHRISTI.
3073 2541 3165 2595 Ille
3195 2541 3295 2611 qui
3332 2541 3485 2596 dives

1847 2639 1930 2688 est
1954 2635 2011 2688 in
2038 2635 2195 2688 omni
2227 2635 2394 2689 verbo
2425 2639 2480 2689 et
2506 2635 2565 2688 in
2590 2634 2747 2689 omni
2774 2635 3024 2703 scientia,
3054 2634 3197 2688 nihil
3218 2635 3267 2688 ei
3288 2639 3480 2701 restat,
3504 2654 3515 2667 ε

1844 2728 1953 2782 nisi
1988 2734 2051 2783 ut
2090 2732 2373 2799 exspectet
2415 2728 2817 2783 revelationem
2856 2727 3101 2795 Domini,
3135 2728 3278 2782 sicut
3297 2728 3484 2782 Domi-

1845 2839 1952 2876 nus
1981 2822 2059 2876 ait
2091 2841 2103 2876 :
2135 2826 2315 2877 Estote
2335 2824 2549 2892 parati,
2577 2823 2777 2877 similes
2799 2823 3103 2876 hominibus
3126 2824 3483 2890 exspectanti-

1847 2916 1942 2969 bus
1968 2917 2246 2970 dominum
2266 2932 2423 2970 suum
2443 2916 2663 2985 quando
2681 2920 2989 2970 revertatur
3007 2933 3040 2969 a
3064 2918 3292 2985 nuptiis.
3322 2914 3482 2978 Quod

98 3009 332 3063 Gratias
371 3023 472 3076 ago
512 3011 616 3062 Deo
646 3024 756 3063 meo
788 3024 994 3078 semper
1024 3026 1129 3078 pro
1164 3010 1331 3063 vobis.
1360 3012 1436 3062 Ac
1471 3010 1517 3062 si
1544 3009 1695 3063 dicat
1726 2994 1817 3067 :C
1842 3008 2143 3079 dupliciter
2178 3008 2418 3079 intelligi
2453 3012 2654 3079 potest,
2686 3013 2741 3062 et
2776 3007 3107 3079 specialiter,
3142 3013 3198 3062 et
3239 3024 3477 3077 genera-

98 3101 330 3154 Gratias
371 3101 601 3171 quidem
642 3118 749 3171 ago
786 3102 916 3169 Deo,
949 3102 1048 3171 qui
1087 3103 1257 3158 habet
1296 3102 1588 3156 scientiam
1623 3118 1739 3156 ma-

100 3199 253 3248 trem
294 3194 599 3263 virtutum;
645 3195 741 3249 sed
777 3196 901 3248 volo
940 3211 1033 3248 vos
1074 3196 1213 3249 scire
1243 3212 1369 3265 quae
1396 3196 1496 3249 illa
1516 3196 1587 3249 sit
1616 3212 1744 3249 vera

100 3287 362 3355 scientia,
395 3288 495 3341 ubi
538 3304 723 3342 mores
758 3306 886 3342 cum
920 3289 1035 3342 vita
1063 3289 1438 3353 concordant;
1472 3305 1585 3343 non
1613 3306 1742 3360 quae

99 3380 285 3449 inﬂat,
320 3381 418 3435 sed
448 3397 575 3451 quae
602 3381 860 3436 aediﬁcat.
894 3382 1138 3437 Scientia
1167 3382 1319 3436 enim
1347 3381 1528 3450 inﬂat,
1556 3382 1740 3436 chari-
1770 3452 1779 3461 ί

98 3481 185 3529 tas
221 3481 418 3529 autem
461 3475 718 3535 aediﬁcat.
767 3476 908 3539 Qum
955 3492 1011 3530 IN
1061 3492 1293 3531 OMNIBUS
1342 3492 1550 3531 omnes
1593 3491 1744 3531 FACT]

100 3585 253 3623 ESTIS
299 3586 358 3625 ΙΝ
408 3584 544 3637 ILLO,
590 3586 643 3623 1N
689 3585 821 3625 OMNI
856 3586 1047 3638 VERBO,
1091 3587 1153 3625 ΕΤ
1203 3587 1258 3624 ΙΝ
1300 3587 1433 3625 ΟΜΝΙ
1479 3585 1738 3624 SCIENTIA.

96 3662 365 3718 Ostendit
388 3662 447 3716 in
475 3662 629 3717 omni
655 3663 803 3718 bono
830 3680 923 3717 eos
940 3664 1160 3732 ditatos,
1185 3664 1457 3735 quoniam
1484 3664 1551 3716 ad
1570 3664 1740 3718 ﬁdem

97 3757 312 3813 Christi
344 3762 652 3823 venerunt;
695 3757 906 3812 scilicet
935 3758 992 3811 in
1038 3758 1303 3811 omnibus
1330 3757 1652 3826 virtutibus,
1682 3758 1741 3810 in

100 3852 265 3904 omni
292 3850 492 3918 verbo,
535 3856 592 3906 et
628 3851 686 3905 in
717 3852 873 3905 omni
913 3851 1163 3919 scientia,
1194 3851 1253 3904 in
1280 3856 1522 3921 utroque
1551 3852 1737 3905 Testa-

100 3948 325 4011 mento,
358 3944 538 3999 Veteri
570 3950 626 3999 et
646 3946 817 3999 Novo.
852 3947 914 4000 In
944 3945 1101 3999 omni
1128 3944 1299 3998 verbo
1324 3944 1477 4013 dicit,
1509 3944 1565 3998 in
1591 3944 1737 4015 lege,

100 4037 162 4091 in
188 4037 445 4105 scientia,
499 4038 554 4091 in
596 4038 915 4109 Evangelio.
960 4038 1052 4092 Ille
1099 4037 1255 4092 enim
1297 4036 1449 4091 dives
1494 4037 1555 4090 in
1585 4037 1739 4090 omni

98 4132 299 4201 verbo,
331 4136 388 4185 et
414 4131 474 4185 in
500 4132 657 4185 omni
688 4132 938 4200 scientia,
969 4132 1065 4203 qui
1093 4148 1289 4185 omnes
1316 4146 1462 4202 pene
1488 4131 1738 4200 Scriptu-

98 4243 192 4280 ras
216 4226 369 4279 valet
398 4225 632 4291 discere,
664 4231 720 4279 et
748 4226 887 4280 alios
928 4226 1171 4280 erudire.
1216 4214 1312 4280 llle
1357 4227 1441 4278 est
1470 4224 1741 4277 veraciter

93 4320 328 4389 sapiens
358 4318 415 4372 in
442 4319 599 4372 omni
627 4320 797 4373 verbo
824 4324 880 4372 et
908 4318 969 4372 in
995 4319 1149 4371 omni
1196 4318 1446 4387 scientia,
1495 4318 1594 4389 qui
1634 4318 1739 4372 hoc

95 4412 250 4483 quod
272 4411 415 4482 legit
445 4416 499 4465 et
524 4412 805 4483 intelligit,
833 4412 956 4465 aliis
985 4410 1280 4480 praedicat;
1313 4411 1360 4465 si
1385 4410 1547 4482 prius
1572 4427 1739 4482 opere

93 4506 321 4576 implet,
351 4521 423 4559 ne
453 4504 574 4559 aliis
613 4505 927 4575 praadicans
968 4504 1087 4574 ipse
1138 4504 1410 4575 reprobus
1440 4504 1731 4559 efﬁciatur.

92 4598 369 4653 Nonnulli
419 4603 551 4652 sunt
593 4598 793 4653 divites
834 4599 892 4652 in
937 4597 1091 4651 omni
1136 4597 1326 4665 verbo,
1371 4598 1469 4652 sed
1520 4614 1636 4652 non
1681 4597 1739 4651 in

93 4693 257 4746 omni
284 4682 552 4760 scientia;
587 4692 730 4746 sicut
753 4692 934 4746 Juin
962 4695 1193 4762 putant,
1221 4690 1318 4761 qui
1346 4694 1561 4744 tantum
1590 4691 1737 4745 litte-

94 4803 221 4840 ram
269 4786 417 4857 legis
466 4786 806 4854 custodiunt,
857 4785 1223 4857 Evangelium
1259 4801 1391 4838 vero
1440 4790 1735 4855 respuunt.

95 4880 240 4934 Sunt
264 4878 360 4933 alii
389 4878 586 4933 divites
616 4878 673 4932 in
722 4878 977 4945 scientia,
1028 4880 1124 4933 sed
1175 4895 1287 4932 non
1332 4877 1391 4931 in
1418 4877 1605 4943 verbo,
1640 4878 1736 4949 qui

98 4972 473 5044 Evangelium
500 4977 795 5043 respuunt,
814 4973 958 5026 sicut
984 4971 1297 5027 Manichzei.
1316 4972 1376 5024 In
1401 4970 1555 5024 omni
1569 4971 1737 5025 verbo

95 5067 232 5121 dicit
260 5067 321 5120 in
351 5065 666 5136 superﬁcie,
687 5066 744 5121 in
772 5066 1025 5134 scientia,
1049 5066 1105 5119 in
1129 5065 1415 5120 intellectu
1434 5064 1733 5135 spirituali.

93 5161 160 5215 Et
199 5161 313 5214 hoc
350 5160 584 5214 forsitan
611 5161 738 5215 ideo
778 5160 931 5225 dicit,
973 5160 1105 5230 quia
1144 5164 1304 5213 erant
1346 5158 1402 5211 in
1429 5158 1737 5213 Corinthiis

92 5255 191 5326 qui
243 5258 554 5325 utrumque
595 5256 1021 5308 Testamentum
1053 5252 1305 5322 recipere
1342 5251 1626 5306 nolebant.
1673 5254 1737 5307 Et

88 5349 219 5402 ideo
246 5348 392 5402 sicut
428 5347 697 5417 magister
739 5346 1099 5418 imperfectos
1125 5345 1427 5416 discipulos
1456 5344 1733 5400 laudendo

89 5442 162 5496 ad
202 5441 443 5496 meliora
486 5446 771 5512 provocat.
811 5440 898 5496 Sic
940 5440 1093 5495 enim
1142 5442 1198 5494 et
1236 5439 1305 5493 ad
1346 5439 1564 5493 Galatas
1606 5439 1685 5493 ait
1718 5456 1729 5492 :

98 5538 203 5589 Vos
238 5537 336 5606 qui
380 5536 695 5604 spirituales
722 5537 865 5598 estis,
904 5534 1221 5603 hujusmodi
1244 5534 1496 5591 instruite
1534 5535 1593 5587 in
1627 5535 1733 5602 spi-

90 5632 205 5684 ritu
252 5631 516 5684 lenitatis.

164 5724 327 5778 SICUT
374 5738 736 5778 rasrmomou
800 5724 1018 5777 (Inmer
1073 5735 1454 5775 communem
1524 5736 1613 5774 asr
1678 5736 1728 5772 lN

92 5834 261 5886 VOBIS,
308 5833 396 5872 [TA
435 5832 504 5872 UT
544 5831 693 5871 NIHIL
729 5832 879 5871 VOBIS
918 5832 1064 5869 DESlT
1105 5830 1156 5868 IN
1198 5828 1331 5867 σιω
1370 5828 1582 5868 GRATIA.
1626 5814 1729 5866 Te-

91 5914 155 5967 sti
167 5912 426 5969 monium
445 5910 650 5967 Christi
661 5915 967 5982 utrumque
980 5908 1111 5964 dicit
1124 5909 1563 5973 Testamentum,
1580 5907 1730 5978 quod

1758 4366 1818 4437 D

1841 3102 1992 3157 liter.
2037 3101 2366 3172 Specialiter
2407 3101 2631 3173 quando
2672 3102 3119 3172 uniuscujusque
3157 3101 3347 3155 anima
3374 3101 3481 3155 viri

1844 3196 2079 3265 perfecti
2116 3214 2149 3249 a
2186 3212 2419 3267 corpore
2461 3195 2757 3265 egrediens
2795 3196 3005 3266 migrat
3042 3196 3115 3249 ad
3154 3195 3476 3263 Dominum,

1844 3290 1970 3360 ipso
1992 3289 2210 3344 dicente
2241 3306 2253 3344 :
2291 3291 2443 3350 Volo,
2476 3291 2657 3351 Pater,
2690 3294 2749 3343 ut
2794 3290 2887 3343 ubi
2923 3306 3015 3359 ego
3050 3305 3188 3352 sum,
3228 3290 3306 3342 ibi
3330 3292 3401 3343 sit
3430 3294 3481 3343 et

1843 3385 2087 3443 minister
2106 3399 2270 3437 meus.
2296 3383 2649 3438 Generaliter
2667 3399 2798 3437 vero
2824 3383 2884 3436 in
2906 3383 2995 3438 die
3008 3383 3231 3453 judicii,
3255 3382 3482 3454 quando

1844 3492 2020 3531 omnes
2060 3478 2357 3531 astabimus
2400 3481 2524 3531 ante
2569 3477 2817 3530 tribunal
2856 3479 2973 3531 Dei.
3012 3477 3169 3531 Unde
3213 3481 3268 3530 et
3302 3476 3433 3529 alibi
3465 3492 3478 3529 :

1844 3572 2019 3628 Nolite
2040 3576 2166 3624 ante
2196 3575 2403 3639 tempus
2418 3571 2698 3639 judicare,
2721 3570 3075 3639 quoadusque
3098 3572 3283 3624 veniat
3302 3572 3483 3624 Domi-

1843 3679 1965 3717 nus.
2010 3663 2404 3733 Unusquisque
2443 3663 2596 3716 enim
2642 3662 2823 3716 ﬁdelis
2864 3663 2942 3717 sic
2989 3663 3174 3716 vivere
3202 3662 3386 3730 debet,
3415 3666 3481 3716 ut

1842 3756 2016 3827 possit
2051 3760 2377 3827 exspectare
2422 3755 2823 3810 revelationem
2854 3755 3112 3824 Domini;
3152 3754 3363 3809 scilicet
3388 3772 3481 3809 cu-

1840 3850 1959 3921 piat
1987 3850 2226 3912 dissolvi,
2254 3855 2305 3904 et
2335 3865 2443 3904 esse
2482 3866 2600 3904 eum
2642 3850 2871 3911 Christo,
2904 3853 3140 3920 propter
3163 3848 3298 3902 illud
3325 3848 3479 3919 quod

1842 3946 2118 4000 Dominus
2145 3944 2281 3999 dicit
2308 3962 2320 3999 :
2349 3948 2501 4000 Beati
2524 3947 2668 4000 servi
2686 3945 2792 4006 illi,
2824 3960 2953 4014 quos
2983 3960 3104 3998 eum
3139 3946 3341 3998 venerit
3371 3946 3476 3998 Do-

1841 4042 2018 4093 minus
2047 4041 2309 4093 invenerit
2336 4040 2642 4106 vigilantes.

1915 4132 2018 4195 QUI
2050 4148 2416 4187 CONFIRMAVIT
2450 4147 2552 4187 VOS
2592 4148 2766 4195 [ISQUE
2795 4150 2847 4188 ΙΝ
2888 4149 3049 4188 FINEM
3082 4148 3202 4189 SINE
3235 4148 3479 4189 ClllMlNE.

1841 4226 2185 4296 Exspectant
2213 4225 2365 4280 enim
2402 4226 2584 4280 sancti
2616 4226 3028 4281 revelationem
3061 4226 3315 4295 Domini,
3344 4225 3479 4296 quia

1842 4335 1995 4373 nunc
2024 4322 2141 4373 vita
2172 4322 2369 4374 nostra
2412 4321 2730 4375 abscondita
2753 4337 2874 4375 eum
2902 4321 3110 4376 Christo
3136 4324 3195 4374 in
3221 4323 3343 4376 Deo.
3378 4320 3481 4372 Re-

1839 4412 2123 4467 velabitur
2151 4429 2308 4482 vero,
2338 4414 2472 4484 quia
2502 4431 2622 4468 cum
2652 4415 2896 4469 Christus
2916 4416 3235 4485 apparuerit
3258 4416 3372 4467 vita
3397 4428 3481 4467 ve-

1840 4511 1976 4569 stra,
2011 4511 2136 4561 tunc
2161 4511 2213 4561 et
2235 4523 2328 4561 vos
2354 4508 2688 4577 apparebitis
2711 4523 2831 4561 eum
2860 4510 2975 4577 ipso
3002 4509 3059 4560 in
3087 4507 3280 4575 gloria.
3320 4506 3479 4560 Nunc

1842 4598 1997 4652 enim
2022 4600 2128 4667 ﬁlii
2152 4601 2246 4653 Dei
2272 4614 2478 4661 sumus,
2510 4603 2561 4653 et
2586 4600 2825 4653 nondum
2851 4604 3080 4668 apparet
3103 4597 3247 4667 quod
3257 4599 3476 4651 erimus.

1841 4690 2202 4745 Revelabitur
2219 4707 2349 4745 vero
2382 4691 2537 4761 quod
2566 4696 2979 4762 exspectamus,
3010 4690 3144 4761 quia
3163 4706 3281 4743 eum
3307 4705 3478 4759 appa-

1840 4786 2036 4848 ruerit,
2066 4784 2267 4837 similes
2294 4786 2343 4838 ei
2371 4786 2587 4847 erimus,
2633 4788 2691 4838 et
2720 4785 3018 4839 videbimus
3049 4800 3167 4838 eum
3196 4785 3358 4839 sicuti
3380 4789 3474 4838 est.

1839 4878 1945 4943 Qui
1971 4882 2022 4933 et
2047 4879 2400 4946 conﬁrmavit,
2433 4880 2528 4946 qui
2556 4878 2620 4932 de
2647 4879 2878 4933 tenebris
2916 4894 3006 4934 vos
3035 4880 3246 4934 vocavit
3275 4880 3333 4931 in
3370 4878 3474 4933 ad-

1838 4972 2086 5026 mirabile
2118 4972 2295 5026 lumen
2325 4986 2502 5026 suum.
2532 4971 2878 5027 llluminavit
2904 4972 3061 5027 enim
3091 4974 3174 5027 his
3199 4974 3295 5042 qui
3319 4975 3376 5026 in
3407 4976 3480 5027 te—

1838 5066 2041 5127 nebris,
2066 5070 2115 5119 et
2143 5068 2197 5119 in
2222 5065 2415 5119 umbra
2444 5067 2630 5119 mortis
2654 5069 2839 5120 erant.
2872 5067 2940 5120 Et
2966 5066 3074 5121 hoc
3100 5070 3183 5120 est
3211 5066 3368 5136 quod
3397 5065 3478 5119 di-

1838 5157 1932 5221 cit,
1952 5161 2048 5227 qui
2077 5162 2127 5211 et
2147 5158 2481 5226 conﬁrmavit
2502 5173 2614 5211 vos.
2644 5161 2818 5227 Usque
2845 5161 2904 5213 in
2931 5164 3095 5228 ﬁnem
3107 5159 3263 5225 dicit,
3288 5158 3346 5213 id
3367 5162 3471 5223 est,

1836 5254 2106 5317 mortem,
2140 5251 2225 5304 vel
2258 5250 2313 5303 iu
2343 5250 2497 5304 diem
2521 5250 2743 5321 judicii.
2769 5253 2838 5305 Et
2863 5255 3004 5307 nota
3023 5252 3157 5323 quia
3190 5268 3305 5306 non
3338 5250 3474 5305 dicit

1838 5344 1957 5397 sine
1992 5347 2247 5415 peccato,
2284 5344 2384 5398 sed
2413 5347 2526 5398 sine
2555 5346 2793 5398 crimine.
2826 5345 2939 5398 Nec
2965 5344 3286 5399 contrarius
3316 5343 3470 5397 vide-

1835 5445 1929 5495 tur
1972 5442 2180 5496 Joanni
2220 5443 2317 5513 qui
2358 5442 2538 5498 dicit:
2585 5444 2645 5499 Si
2685 5442 2985 5497 disserimus
3031 5445 3162 5512 quia
3194 5446 3474 5511 peccatum

1833 5552 1939 5591 non
1963 5537 2238 5599 habemus,
2264 5552 2357 5591 nos
2384 5540 2530 5607 ipsos
2571 5538 2896 5600 seducimus,
2929 5541 2979 5591 et
3007 5538 3205 5591 veritas
3234 5539 3290 5590 in
3320 5536 3472 5591 nobis

1834 5644 1940 5683 non
1967 5634 2064 5684 est.
2096 5630 2264 5684 Aliud
2293 5634 2377 5685 est
2395 5634 2714 5701 peccatum,
2745 5630 2899 5685 aliud
2927 5634 3011 5684 est
3037 5630 3472 5684 crimen.Dante

1832 5722 1952 5778 Deo
1979 5723 2100 5777 sine
2134 5724 2375 5779 crimine
2399 5728 2588 5796 potest
2613 5742 2733 5780 esse
2761 5726 2956 5792 homo,
2993 5722 3203 5778 scilicet
3226 5724 3349 5777 sine
3380 5739 3467 5776 sa-

1834 5816 2090 5887 crilegio,
2121 5818 2242 5872 sine
2272 5818 2579 5888 adulterio,
2615 5820 2735 5874 sine
2768 5820 2942 5885 furto,
2988 5819 3072 5873 vel
3114 5816 3321 5887 majori
3362 5815 3467 5868 cri-

1833 5909 2018 5975 mine;
2051 5911 2170 5965 sine
2210 5916 2447 5984 peccato
2478 5930 2611 5968 vero
2637 5914 2844 5970 nullus.
2871 5914 3014 5982 Quia
3038 5928 3155 5971 non
3187 5914 3271 5968 est
3296 5910 3469 5965 homo
