4016 6240
512 366 613 423 827

2006 366 2405 424 LUCULENTII

3800 370 3912 426 828

509 476 913 547 superterram
942 471 1039 544 qui
1068 474 1204 531 facit
1221 473 1463 541 bonum,
1486 476 1676 530 etnon
1697 477 1912 547 peccet.
1931 477 2146 531 Inmul-
2169 492 2227 565 Α
2249 478 2308 530 et
2331 474 2457 545 piis,
2491 474 2697 545 quibus
2730 474 2953 530 dicetur
2979 492 3013 530 a
3043 473 3289 533 Domino
3322 491 3334 532 :
3374 478 3583 540 Venite,
3634 478 3916 534 benedicti

510 572 580 624 tis
602 567 757 621 enim
777 568 1099 638 offendimus
1130 585 1327 623 omnes.
1356 569 1424 622 Et
1448 568 1578 622 ideo
1615 585 1732 623 non
1754 568 1834 623 ait
1859 568 1981 623 sine
2012 585 2141 640 pec-

511 666 659 728 cato,
683 661 784 716 sed
802 664 917 717 sine
937 664 1177 716 crimine.
1202 664 1261 716 IN
1294 678 1382 717 om
1406 678 1687 718 ADVENTUS
1719 663 1925 719 Dorum
1953 677 2146 718 NOSTRI

508 758 639 812 JESU
670 756 915 823 CHRISTI,
949 756 1037 809 vel
1077 755 1133 809 in
1175 754 1330 809 diem
1367 755 1592 825 mortis,
1631 755 1863 827 quando
1904 755 1978 811 ad
2017 771 2147 810 suos

511 849 706 904 venire
735 848 1024 919 dignatur.
1053 848 1214 903 Unde
1242 851 1299 902 et
1323 849 1464 904 dicit
1490 865 1503 903 :
1536 850 1623 906 Sic
1644 863 1763 904 eum
1790 850 1908 903 volo
1936 864 2150 903 manere

511 944 677 999 donec
701 944 932 996 veniam.
954 942 1053 995 Vel
1084 942 1144 995 in
1172 942 1327 996 diem
1351 941 1574 1013 judicii,
1605 942 1839 1014 quando
1889 948 2148 997 venturus

514 1041 593 1092 est
607 1036 864 1105 judicare
890 1038 1038 1089 vivos
1061 1040 1114 1089 et
1139 1040 1397 1090 mortuos.
1428 1036 1580 1090 Bene
1614 1035 1821 1090 dicitur
1844 1038 1902 1090 in
1927 1036 2016 1090 die
2040 1036 2143 1089 ad—

511 1134 701 1184 ventus
726 1131 942 1184 Domini
962 1131 1134 1183 nostri
1156 1132 1277 1184 Jesu
1297 1129 1517 1184 Christi.
1548 1129 1707 1184 Unde
1731 1131 1789 1182 et
1813 1129 2109 1201 Matthzeus
2134 1145 2146 1183 :

515 1222 645 1277 Cum
670 1222 867 1277 sederit
890 1238 989 1276 rea:
1013 1226 1071 1277 in
1094 1223 1227 1276 solio
1254 1225 1409 1289 regni
1424 1225 1531 1286 sui,
1564 1228 1613 1277 et
1643 1224 1859 1292 caperit
1874 1222 2147 1290 judicare.

516 1316 654 1379 Quae
685 1314 805 1370 dies
838 1333 1037 1371 amara
1066 1317 1177 1370 erit
1202 1315 1447 1387 injustis,
1471 1316 1686 1370 blanda
1715 1319 1774 1370 et
1803 1315 1960 1369 mitis
1978 1314 2149 1387 justis

2247 571 2429 625 Patris
2445 571 2569 631 mei,
2595 571 2859 639 percipite
2878 585 3123 639 regnum,
3155 571 3299 640 quod
3339 572 3489 626 vobis
3519 577 3791 643 paratum
3824 578 3912 628 est

2247 664 2316 718 ab
2340 665 2546 731 origine
2568 663 2779 717 mundi.
2810 662 3088 733 Reprobis
3114 666 3310 718 autem
3334 681 3349 718 :
3376 668 3472 727 Ite,
3500 666 3803 729 maledicti,
3835 669 3900 720 in

2246 758 2421 823 ignem
2439 759 2714 817 aeternum,
2729 756 2982 823 quivobis
2994 761 3231 826 paratus
3252 762 3348 812 est.
3372 756 3559 821 Quem
3581 757 3744 812 diem
3762 774 3897 829 pro-

2246 849 2424 921 pheta
2446 848 2801 919 prospiciens
2830 848 2967 903 dicit
2998 866 3011 903 :
3039 851 3160 904 Dies
3185 852 3284 904 ira:
3302 851 3417 906 dies
3433 851 3556 913 illa,
3584 851 3705 906 dies
3731 853 3907 906 tribu-

2250 943 2466 997 lationis
2489 946 2540 997 et
2564 943 2851 1011 angustia,
2882 942 2995 997 dies
3020 943 3351 998 calamitatis
3398 948 3450 999 et
3486 945 3744 1007 miseria,
3786 946 3907 1001 dies

2249 1036 2457 1090 nebula
2487 1040 2537 1089 et
2573 1035 2827 1101 turbinis,
2850 1036 2966 1089 dies
2994 1037 3152 1090 nubis
3179 1042 3229 1091 et
3254 1038 3544 1106 clangor-is.
3576 1038 3660 1091 De
3692 1054 3812 1109 qua
3845 1041 3909 1091 et

2250 1128 2393 1183 alius
2426 1128 2710 1199 propheta
2742 1144 2755 1181 :
2784 1129 2982 1184 Beatus
3002 1131 3099 1198 qui
3124 1130 3383 1199 intelligit
3405 1146 3569 1200 super
3596 1146 3829 1199 egenum
3853 1137 3909 1185 et

2246 1237 2563 1293 pauperem,
2588 1224 2647 1275 in
2673 1221 2760 1276 die
2784 1221 2928 1276 malo
2959 1222 3208 1277 liberabit
3234 1238 3355 1278 eum
3381 1226 3658 1279 Dominus.

2053 1651 2377 1774 VIII.

572 1841 786 1907 Lectio
819 1843 1124 1928 Epistolas
1139 1843 1543 1928 _beat_i_Pauli
1567 1844 1844 1928 apostoli
1877 1843 1959 1928 ad
1987 1842 2303 1928 Ephesios
2333 1843 2445 1923 (III,
2482 1843 2579 1921 13)
2615 1864 2629 1904 :
2664 1843 2951 1928 fratres,
2983 1842 3241 1928 obsecro
3271 1859 3383 1904 vos
3411 1859 3493 1905 ne
3523 1840 3843 1920 deﬁciatis

1126 1924 1194 1986 in
1228 1922 1758 1986 tribulationibus
1784 1924 1946 1988 meis
1961 1922 2086 2007 pro
2116 1922 2319 2000 vobis,
2349 1922 2497 2005 quae
2526 1929 2621 1985 est
2640 1922 2859 2004 gloria
2887 1930 3127 1999 vestra,
3160 1926 3280 1984 etc.

1808 2058 2154 2114 EXPOSITIO
2191 2056 2611 2113 LUCULENTII.

589 2166 830 2221 Videbat
878 2167 1087 2220 Paulus
1141 2168 1434 2237 apostolus
1483 2165 1872 2221 consummari
1929 2181 2156 2220 cursum
2178 2178 2234 2250 B
2258 2167 2452 2236 patres
2480 2162 2849 2218 nominamus
2878 2162 3234 2234 patriarchas
3272 2165 3330 2216 et
3368 2162 3684 2233 prophetas
3729 2163 3812 2216 sic
3848 2166 3910 2216 et

522 2257 694 2331 [Cod.,
733 2259 852 2329 cor]
884 2276 1072 2328 suum,
1105 2262 1161 2313 et
1192 2259 1500 2315 simulacra
1523 2259 1767 2313 deorum
1800 2259 1873 2314 ad
1904 2259 2149 2313 nihilum

517 2352 725 2422 redigi,
760 2352 1078 2422 principem
1104 2352 1305 2406 mundi
1336 2354 1490 2407 foras
1520 2352 1743 2422 projici,
1778 2352 2060 2422 pullulare
2086 2352 2151 2404 ﬁ-

520 2445 652 2499 dem
679 2445 1061 2512 credentium,
1086 2444 1355 2500 aadiﬁcari
1372 2445 1682 2500 Ecclesiam
1707 2448 1764 2499 et
1789 2460 2063 2512 crescere,
2094 2459 2153 2499 se

519 2542 716 2591 autem
748 2538 1020 2592 atrociter
1039 2539 1303 2609 persequi
1326 2543 1562 2610 propter
1582 2538 1915 2594 instantiam
1942 2538 2155 2592 laboris

519 2634 579 2683 et
605 2630 1027 2700 praedicationis
1048 2632 1265 2701 accepti
1288 2632 1463 2687 ofﬁcii
1483 2632 1556 2685 ad
1578 2632 2024 2687 construendam
2054 2632 2155 2686 Ec-

519 2723 775 2778 clesiam.
806 2724 1141 2795 Discipulos,
1178 2741 1321 2796 quos
1346 2729 1480 2779 ante
1510 2726 1923 2796 prtedicaverat
1946 2726 2152 2791 verbis,

519 2816 697 2871 voluit
728 2817 1011 2872 instruere
1041 2818 1337 2889 exemplis,
1372 2834 1503 2873 cum
1528 2819 1645 2873 ait:
1680 2820 1932 2874 Ossecno
1958 2835 2062 2874 vos
2092 2835 2157 2874 NE

524 2926 825 2966 DEPlClATIS
874 2928 928 2966 1N
979 2928 1463 2968 TRIBULATIONIBL’S
1510 2928 1671 2980 MEIS;
1722 2929 1787 2967 ac
1843 2914 1885 2967 si
1955 2912 2152 2966 dicat:

519 3005 724 3059 Totum
752 3005 908 3076 quod
939 3006 1147 3077 patior,
1176 3023 1291 3077 quo
1323 3009 1532 3074 arctor,
1576 3022 1690 3077 quo
1732 3006 1993 3074 tribulor,
2026 3023 2156 3061 mea

520 3097 814 3153 tribulatio
845 3103 1033 3154 vestra
1055 3104 1141 3153 est
1171 3100 1461 3170 gloriatio,
1495 3100 1631 3171 quia
1648 3104 1787 3155 tunc
1818 3100 1875 3154 in
1902 3100 2016 3154 ﬁde
2039 3100 2156 3154 diso

521 3191 695 3263 cipuli
721 3192 1059 3260 solidantur,
1093 3210 1225 3247 cum
1255 3198 1492 3264 propter
1520 3210 1619 3249 eos
1646 3194 1921 3267 magister
1944 3194 2159 3264 patitur

521 3288 579 3339 et
601 3285 981 3355 angustiatur.
1013 3287 1208 3340 Potest
1239 3290 1297 3341 et
1321 3286 1487 3341 aliter
1520 3286 1763 3358 intelligi
1789 3286 1942 3358 quod
1974 3286 2112 3341 dicit
2141 3303 2155 3342 :

520 3378 742 3433 Obsecro
768 3393 938 3433 vosne
958 3379 1218 3449 deﬁciatis
1237 3383 1294 3434 in
1316 3382 1757 3435 tribulationibus
1785 3384 1914 3436 meis
1932 3396 2037 3451 pro
2062 3396 2157 3435 von

523 3473 630 3537 bis;
656 3488 721 3526 ac
751 3472 795 3525 si
824 3471 1046 3527 dicatur
1077 3490 1089 3527 :
1125 3474 1280 3529 Sicut
1311 3491 1420 3545 ego
1451 3475 1604 3529 inter
1633 3477 1913 3545 procellas
1954 3475 2156 3528 mundi

518 3565 682 3619 istius
702 3567 760 3620 et
776 3567 1206 3636 persecutiones
1225 3585 1342 3622 non
1364 3569 1569 3637 titubo,
1604 3569 1683 3623 ita
1702 3573 1760 3623 et
1777 3586 1875 3623 vos
1895 3568 2157 3640 apposita
2176 3547 2232 3621 C

518 3659 814 3731 supplicia,
845 3661 891 3714 si
922 3662 1247 3733 contigerit,
1277 3679 1381 3733 pro
1430 3663 1639 3718 Christi
1677 3664 1913 3717 nomine
1952 3663 2154 3718 formi-

518 3754 656 3809 dare
690 3753 886 3808 nolite.
920 3755 1071 3809 Bene
1104 3755 1257 3824 dicit,
1293 3772 1414 3819 eum
1448 3772 1543 3812 EST
1575 3773 1774 3812 CLORIA
1799 3772 2022 3813 VESTRA.
2055 3757 2156 3811 Cui

489 3919 493 3924 λ
519 3847 705 3901 simile
735 3850 847 3903 est:
873 3848 932 3903 Si
954 3849 1093 3920 quid
1120 3849 1384 3919 patimini
1418 3854 1654 3922 propter
1671 3850 2155 3922 justitiam,beati

518 3941 694 3995 eritis.
718 3942 895 3997 HUJUS
915 3959 1001 3997 REI
1035 3959 1227 3999 cum
1259 3961 1459 4001 FLECTO
1495 3961 1669 4001 GENUA
1702 3960 1805 3999 ΜΕΑ
1836 3962 1905 3999 AD
1948 3960 2156 4000 ruam

515 4038 719 4091 Domm
748 4051 939 4090 NOSTRI
965 4037 1096 4092 JESU
1125 4039 1369 4093 CHRISTI.
1399 4040 1467 4093 Et
1514 4039 1606 4093 hic
1651 4038 1919 4093 convenit
1958 4054 2157 4092 sensus

518 4128 831 4199 superioris
848 4145 1052 4197 causaa,
1083 4131 1235 4202 quod
1257 4134 1562 4203 Apostolus
1577 4135 1746 4203 rogat
1757 4149 1862 4202 pro
1874 4131 2154 4202 Ephesiis,

521 4237 593 4275 ne
623 4222 896 4276 deﬁciant
916 4223 973 4276 in
998 4224 1480 4293 tribulationibus,
1513 4242 1644 4279 cum
1668 4225 1806 4279 dicit
1829 4243 1841 4279 :
1874 4227 2055 4294 Hujus
2078 4229 2159 4281 rei

516 4318 701 4386 gratia
724 4318 874 4384 flecto
905 4333 1079 4386 genua
1102 4335 1217 4373 mea
1246 4320 1322 4374 ad
1346 4321 1563 4373 Patrem
1601 4321 1814 4374 Domini
1839 4322 2012 4374 nostri
2032 4322 2158 4374 Jesu

517 4410 734 4464 Christi.
783 4410 939 4464 Sicut
983 4412 1139 4466 enim
1182 4416 1315 4466 sunt
1340 4429 1533 4483 genua
1559 4411 1854 4466 exterioris
1882 4412 2153 4479 hominis,

516 4503 595 4557 sic
640 4507 771 4558 sunt
809 4508 865 4557 et
905 4505 1212 4561 interioris.
1255 4507 1386 4560 Tale
1414 4505 1552 4576 quid
1583 4510 1641 4560 et
1664 4506 1738 4560 ad
1762 4507 2155 4577 Philippenses

516 4597 675 4651 idem
705 4600 998 4668 apostolus
1048 4600 1166 4655 ait:
1210 4603 1277 4657 Ut
1318 4602 1378 4653 in
1410 4602 1621 4654 nomine
1663 4602 1789 4655 Jesu
1828 4616 1977 4655 omne
2016 4617 2156 4669 genu

505 4694 768 4764 ﬂectatur
805 4693 1116 4757 caelestium,
1152 4695 1489 4748 terrestrium
1517 4698 1581 4751 et.
1601 4696 1960 4763 infernarum.
1990 4694 2154 4759 Quod

518 4783 714 4854 utique
746 4802 862 4840 non
892 4786 966 4840 ad
997 4787 1181 4842 solam
1212 4786 1467 4858 corporis
1498 4788 1750 4858 pertinet
1770 4788 2156 4858 genuculatio-

517 4892 675 4931 nem.
700 4878 858 4933 Multi
879 4879 1035 4939 enim
1047 4881 1315 4935 videntur
1332 4884 1523 4937 erecta
1544 4881 1761 4936 cervice
1784 4898 1969 4949 orare,
2000 4880 2153 4952 apud
2171 4919 2232 4992 D

516 4972 700 5026 Deum
721 4989 857 5028 vero
882 4972 1180 5028 humiliter
1194 4975 1410 5046 poplite
1421 4974 1749 5029 ﬂectuntur.
1772 4976 1841 5028 Et
1861 4992 1891 5029 e
1913 4974 2153 5046 regione

516 5067 780 5121 nonnulli
801 5067 1017 5138 prolixe
1031 5069 1283 5137 orantes,
1306 5068 1587 5140 poplitem
1610 5068 1798 5139 ﬁgunt
1817 5072 1952 5123 ante
1974 5068 2154 5123 homi-

516 5178 619 5214 nes
636 5161 949 5228 humiliter,
975 5161 1128 5232 apud
1142 5163 1328 5216 Deum
1349 5166 1601 5217 erectam
1623 5163 1901 5217 cervicem
1915 5163 2149 5217 habent.

513 5255 724 5308 Paulus
742 5271 875 5309 vero
897 5272 1014 5309 non
1032 5258 1259 5310 tantum
1276 5273 1431 5327 genu
1450 5256 1620 5327 ﬂexo,
1644 5260 1927 5328 quantum
1946 5256 2153 5311 aﬁ‘ectu

514 5348 748 5415 mentis,
789 5349 991 5404 orabat
1019 5367 1150 5405 cum
1196 5351 1416 5405 diceret
1445 5368 1457 5406 :
1489 5352 1671 5421 Hujus
1696 5354 1776 5407 rei
1798 5354 1982 5421 gratia
2004 5354 2154 5420 ﬂecto

514 5458 691 5512 genua
717 5459 838 5498 mea
872 5445 947 5499 ad
978 5446 1195 5500 Patrem
1232 5447 1448 5499 Domini
1473 5448 1646 5500 nostri
1678 5449 1804 5501 Jesu
1832 5447 2053 5509 Christi,
2087 5460 2154 5499 ex

516 5552 624 5599 QUO
652 5552 820 5592 OINIS
852 5554 1177 5594 PATERNITAS
1211 5556 1263 5593 IN
1296 5554 1475 5594 COELIS
1604 5557 1656 5594 IN
1698 5556 1871 5594 ΤΕΒΗΛ
1917 5554 2151 5594 NOMINA-

514 5645 637 5684 run.
663 5631 1331 5687 Paternitatis'honorem
1348 5632 1487 5686 dicit
1513 5633 1803 5703 apostolus
1822 5633 2029 5686 Paulus
2050 5648 2155 5687 no~

516 5722 727 5776 minari
759 5723 817 5777 in
839 5724 991 5779 caelis
1008 5730 1066 5779 et
1095 5726 1151 5779 in
1170 5729 1343 5780 terra.
1378 5728 1438 5779 In
1466 5726 1638 5791 oculis,
1669 5724 1955 5779 scilicetin
1983 5742 2159 5796 ange-

518 5815 637 5869 licis
661 5817 1058 5886 potestatibus,
1087 5820 1222 5889 quia
1254 5820 1398 5872 sicut
1446 5835 1549 5873 nos
1600 5818 1659 5872 in
1704 5818 1872 5872 terris
1924 5821 2159 5890 propter

518 5908 922 5977 reverentiam,
951 5912 1338 5967 venerationis
1365 5928 1555 5981 causa,
1587 5912 1905 5967 anteriores
1932 5916 2157 5968 nostros

2259 2257 2555 2329 digniores
2578 2259 2891 2328 potestates
2909 2256 2966 2309 in
2989 2256 3311 2310 cmlestibus
3322 2254 3739 2326 paternitatem
3760 2255 3909 2310 obti-

2256 2355 2415 2405 nent.
2432 2351 2707 2405 Dicuntur
2723 2350 2878 2404 enim
2896 2349 3089 2419 angeli
3104 2349 3345 2403 minoris
3366 2348 3605 2403 ordinis.
3629 2348 3894 2402 Archan-

2257 2444 2389 2517 geli,
2424 2444 2637 2511 throni,
2667 2442 3116 2509 dominationes,
3158 2441 3509 2512 principatus
3539 2445 3600 2495 et
3639 2444 3901 2512 potesta-

2254 2543 2342 2593 tes
2393 2537 2806 2608 paternitatem
2852 2536 3089 2591 habent.
3141 2536 3210 2589 Et
3255 2536 3387 2589 ideo
3418 2534 3555 2589 dicit
3602 2535 3904 2606 apostolus

2255 2632 2461 2686 Paulus
2487 2649 2499 2686 :
2542 2635 2628 2687 Em
2666 2646 2770 2700 quo
2798 2632 2968 2685 omnis
2993 2632 3302 2700 paternitas
3330 2631 3388 2683 in
3411 2630 3554 2684 caelis
3581 2632 3634 2683 et
3662 2631 3723 2682 in
3753 2633 3904 2683 terra

2255 2727 2596 2779 nominatur.
2628 2725 2697 2778 Et
2726 2726 2861 2778 nota
2898 2723 3033 2793 quia
3060 2739 3177 2777 non
3210 2723 3351 2776 dixit
3380 2738 3446 2776 ex
3475 2738 3592 2793 quo
3627 2726 3767 2776 nata
3794 2725 3905 2782 est,

2259 2818 2360 2872 sed
2383 2835 2450 2872 ea:
2479 2834 2584 2887 quo
2612 2820 2957 2881 nominatur;
2991 2833 3057 2870 ac
3095 2816 3140 2869 si
3169 2816 3340 2882 dicat,
3393 2833 3460 2870 ex
3504 2816 3753 2870 Domino
3803 2816 3909 2887 qui

2258 2913 2583 2983 exemplum
2610 2911 2844 2982 reliquit
2868 2910 3078 2966 sanctis
3109 2910 3190 2964 ita
3219 2909 3486 2965 faciendi.

2328 3008 2408 3062 UT
2432 3022 2531 3063 DBT
2573 3021 2733 3061 VOBIS
2776 3020 3061 3061 SECUNDUM
3106 3019 3341 3060 DIVITIAS
3377 3019 3588 3060 (Πιοῐίῐῶ
3623 3020 3743 3060 8ῙΪΛΕ
3779 3020 3910 3059 νη».-

2257 3117 2391 3157 τυτε
2422 3115 2801 3157 coaaonomuu
2834 3115 2935 3155 rea
2962 3099 3225 3155 Srnuruni
3262 3114 3406 3155 ωε.
3457 3098 3681 3153 Divitiae
3720 3098 3913 3170 ipsius

2257 3198 2410 3261 sunt,
2466 3198 2665 3265 utpote
2713 3194 2865 3249 dona
2909 3193 3342 3260 charismatum,
3395 3191 3547 3247 dona
3596 3192 3909 3261 virtutum,

2259 3304 2385 3360 quae
2411 3288 2623 3343 san‘ctis
2648 3288 2909 3359 largitur,
2950 3288 3097 3342 sicut
3116 3303 3264 3341 unus
3294 3303 3362 3340 ex
3393 3286 3475 3340 eis
3511 3286 3611 3357 qui
3655 3302 3913 3358 accepe-

2256 3385 2348 3436 rat
2376 3380 2603 3437 dicebat
2636 3398 2650 3436 :
2686 3383 2794 3438 Nos
2835 3382 2901 3436 de
2934 3381 3285 3451 plenitudine
3311 3380 3426 3449 ejus
3451 3383 3753 3450 accepimus
3775 3396 3919 3448 gra-

2256 3479 2390 3530 tiam
2432 3491 2537 3545 pro
2579 3477 2782 3545 gratia.
2833 3475 2972 3529 Orat
3024 3474 3316 3546 apostolos
3359 3489 3465 3545 pro
3510 3473 3773 3544 Ephesiis
3813 3473 3913 3527 di-

2258 3586 2429 3624 cens:
2490 3571 2558 3623 Ut
2618 3570 2709 3624 det
2742 3570 2894 3624 vobis
2935 3569 3233 3623 secundum
3278 3568 3503 3623 divitias
3555 3568 3745 3637 glorias
3790 3583 3919 3623 sua

2256 3667 2455 3720 virtute
2495 3664 2831 3717 corroborari
2867 3678 2969 3733 per
3004 3664 3272 3733 Spiritum
3309 3662 3426 3730 ejus
3446 3703 3460 3716 .
3492 3662 3569 3715 Ac
3608 3660 3655 3714 si
3695 3660 3856 3715 dicat
3898 3680 3913 3716 :

2257 3756 2451 3812 Tantis
2475 3756 2604 3810 fulti
2632 3756 2754 3810 sitis
2775 3755 2941 3810 donis
2968 3755 3265 3824 virtutum,
3284 3757 3348 3809 ut
3376 3755 3532 3809 inter
3548 3755 3914 3826 persecutio-

2257 3868 2361 3905 nes
2391 3852 2568 3905 fortes
2591 3850 2895 3916 maneatis,
2920 3849 3077 3920 quod
3102 3850 3291 3903 nullus
3320 3849 3517 3920 utique
3546 3849 3736 3903 facere
3766 3852 3910 3919 pot-

2258 3945 2386 4012 erit,
2420 3944 2527 3998 nisi
2557 3943 2743 4014 gratia
2772 3943 2954 3998 sancti
2985 3942 3229 4014 Spiritus
3259 3943 3433 3997 fuerit
3464 3941 3742 3996 imbutus.
3774 3943 3905 3997 Sic-

2258 4055 2370 4109 que
2401 4037 2537 4092 dicit
2566 4037 2773 4091 virtute
2795 4037 3159 4091 corroborari
3182 4052 3287 4107 per
3311 4035 3587 4107 Spiritum
3615 4036 3770 4105 ejus;
3797 4038 3906 4107 qui

2258 4132 2415 4186 enim
2443 4130 2723 4202 Spiritum
2750 4130 2847 4186 Dei
2879 4130 2937 4184 in
2966 4147 3025 4184 se
3068 4130 3427 4184 habitantem
3458 4128 3743 4198 habuerit,
3788 4130 3915 4183 erit

2257 4226 2437 4293 fortis,
2475 4230 2533 4280 et
2588 4224 2827 4291 habebit
2863 4224 3118 4279 virtutes.
3166 4226 3223 4279 IN
3267 4239 3595 4279 mrsmonau
3644 4238 3910 4280 HOMINE!

2257 4336 2523 4377 HABITARE
2566 4321 2851 4375 CHRISTUM
2896 4334 2996 4373 PER
3038 4333 3197 4373 FIDEM
3243 4333 3297 4373 IN
3346 4332 3613 4373 CORDIBL'S
3648 4333 3908 4373 VESTRIS.

2259 4417 2321 4469 In
2352 4416 2460 4469 hoc
2486 4415 2605 4468 vult
2630 4411 2938 4467 ostendere
2962 4412 3105 4466 duos
3130 4410 3399 4465 homines
3415 4427 3540 4465 esse
3567 4410 3625 4464 in
3653 4427 3770 4465 uno
3795 4412 3907 4465 ho-

2257 4509 2435 4576 mine,
2460 4507 2808 4562 exteriorem
2835 4505 3103 4560 videlicet
3123 4508 3181 4558 et
3196 4505 3295 4575 qui
3321 4505 3731 4576 corrumpitur,
3753 4504 3907 4559 inte-

2258 4592 2469 4657 riorem
2496 4601 2591 4673 qui
2624 4602 2938 4655 renovatur
2962 4598 3033 4652 de
3066 4598 3159 4652 die
3186 4598 3245 4652 in
3274 4597 3453 4665 diem,
3488 4598 3635 4653 sicut
3674 4598 3799 4670 ipse
3835 4598 3901 4652 in

2257 4694 2370 4748 alio
2396 4695 2521 4749 loco
2555 4694 2693 4748 dicit
2721 4710 2734 4749 :
2769 4694 2830 4749 Si
2863 4694 3096 4748 exterior
3120 4693 3271 4746 homo
3302 4696 3486 4747 noster
3507 4694 3903 4762 corrumpitur,

2256 4791 2314 4843 in
2338 4792 2515 4844 tamen
2534 4790 2631 4858 qui
2652 4790 2800 4843 intus
2817 4791 2898 4842 est
2918 4789 3209 4841 renovatur
3234 4786 3300 4839 de
3325 4786 3417 4840 die
3446 4787 3507 4840 in
3534 4786 3693 4841 diem.
3725 4784 3901 4839 Habi-

2255 4884 2341 4936 tat
2366 4881 2522 4936 enim
2547 4881 2803 4937 Christus
2830 4880 2888 4934 in
2930 4879 3270 4934 interiorem
3320 4877 3640 4945 hominem,
3683 4882 3743 4933 et
3789 4879 3906 4933 hoc

2254 4992 2373 5031 non
2407 4975 2515 5030 nisi
2542 4992 2648 5048 per
2670 4975 2868 5029 ﬁdem.
2892 4974 3019 5030 Sine
3045 4974 3150 5044 ﬁde
3168 4974 3308 5028 enim
3333 4973 3663 5043 impossibile
3687 4977 3770 5028 est
3778 4973 3905 5043 pla-

2253 5086 2368 5124 cere
2393 5073 2529 5125 Deo:
2564 5072 2624 5122 et
2648 5071 2868 5133 contra,
2896 5070 3085 5123 Justus
3128 5082 3197 5121 ea:
3237 5067 3343 5137 ﬁde
3390 5066 3545 5121 vivit.
3586 5065 3697 5130 Qui
3738 5066 3901 5122 enim

2252 5162 2569 5234 perfectam
2588 5161 2764 5216 habet
2790 5160 2989 5228 fidem,
3018 5159 3195 5215 habet
3218 5159 3509 5215 Christum
3534 5158 3903 5215 habitantem

2253 5257 2314 5310 in
2363 5272 2440 5310 se.
2484 5255 2690 5326 Utique
2738 5258 2796 5309 et
2841 5256 3009 5309 Pater
3053 5253 3325 5326 loquitur,
3374 5256 3447 5309 Et
3484 5254 3811 5310 inhabitabo
3848 5259 3906 5309 in

2253 5352 2387 5413 illis,
2411 5354 2462 5405 et
2486 5349 2856 5404 inambulabo.

2328 5447 2383 5500 IN
2404 5460 2701 5500 CHARITATE
2712 5457 2962 5499 RADICA’II
2976 5458 3038 5497 ΕΤ
3054 5456 3304 5508 ῐοὌΝυΑΤῙ,
3322 5457 3389 5497 UT
3401 5456 3648 5497 POSSITIS
3662 5458 3906 5499 COHPRB-

2256 5555 2503 5595 HENDERE
2535 5553 2645 5594 ουκ
2677 5552 2914 5593 OMNIBUS
2948 5550 3169 5592 SANCTIS
3199 5551 3319 5599 ρυλε
3344 5551 3428 5591 SIT
3456 5551 3756 5605 LATITUDO,
3780 5553 3905 5593 ωπ-

2257 5648 2909 5699 GITL'DO,SUBLIMITAS,ET
2927 5646 3274 5687 ruormoru.
3299 5631 3394 5683 llle
3416 5630 3474 5683 in
3508 5630 3799 5685 charitate
3828 5648 3907 5685 ra-

2258 5728 2477 5782 dicatus
2494 5726 2822 5797 pariterque
2836 5729 2893 5779 et
2910 5724 3183 5779 fundatus
3195 5728 3481 5795 est,quem
3496 5740 3608 5778 nec
3624 5741 3903 5797 prospera

2258 5823 2483 5875 elevant
2497 5836 2599 5873 nec
2614 5819 2852 5873 adversa
2866 5817 3491 5889 perturbant.Sicutille
3505 5822 3637 5872 erat
3647 5819 3749 5890 qui
3762 5818 3904 5873 dice-

2257 5916 2374 5970 bat:
2400 5916 2530 5983 Quis
2543 5928 2637 5970 nos
2652 5913 2927 5989 separabit
2941 5929 2975 5968 a
2992 5913 3258 5971 charitate
3266 5914 3402 5969 Dei?
3416 5911 3769 5968 subauditur
3779 5914 3903 5969 nul-
