4016 6240
90 364 185 420 8‘29

1346 368 1413 424 ΙΝ
1460 371 1605 425 CAP.
1647 371 1711 426 IV
1749 372 1837 426 AD
1874 372 2208 429 ΕΡΗΕδιοε.

3357 374 3459 432 830

87 473 188 529 lus.
210 470 501 527 Castorum
522 472 689 528 multi
698 472 1035 531 videnturin
1049 475 1326 532 charitate
1346 478 1603 546 radicati,
1624 479 1721 535 sed
1745 491 1804 565 Α
1824 483 2073 537 tientiam
2119 486 2511 553 exspectamus.
2563 477 2725 545 Quod
2763 480 2842 538 illi
2871 484 3105 555 possunt
3141 481 3326 538 dicere
3351 483 3451 556 qui

89 583 196 622 non
221 570 354 621 sunt
364 566 617 636 fundati,
639 584 778 641 quos
792 585 1066 641 prospera
1085 570 1322 639 elevant,
1343 572 1576 627 adversa
1596 589 1723 644 per-

88 661 350 729 turbant;
382 661 491 732 qui
516 666 774 733 tempore
802 662 955 733 pacis
981 664 1211 719 credere
1240 664 1504 721 videntur
1532 683 1545 727 ;
1575 671 1720 721 tem~

74 771 219 828 pore
248 754 615 810 advel-sitatis
656 761 867 826 negant
890 774 903 823 ;
935 757 1078 812 sicut
1106 758 1175 812 de
1200 758 1335 814 false
1362 759 1723 815 credentibus

92 849 217 904 dicit
240 848 566 904 Dominus:
616 853 736 909 Non
783 852 953 906 omnis
979 853 1075 920 qui
1101 852 1233 907 dicit
1260 853 1438 909 mihi:
1479 855 1720 916 Domine,

89 946 320 1005 Domine,
350 944 593 998 intrabit
614 946 673 998 in
700 960 927 1014 regnum
951 946 1221 1000 cartorum.
1250 947 1317 1000 Et
1341 947 1545 1001 Paulus
1578 963 1590 1001 :
1622 948 1727 1013 Qui

91 1039 404 1107 conﬁtentur
426 1052 486 1092 se
514 1053 667 1093 nosse
694 1042 880 1102 Deum,
908 1041 1073 1107 factis
1103 1045 1279 1095 autem
1328 1044 1549 1108 negant.
1590 1040 1725 1095 Orat

90 1131 277 1184 beatus
322 1131 540 1186 Paulus
570 1133 855 1211 apostolus
898 1149 1002 1204 pro
1030 1132 1305 1204 Ephesiis,
1333 1136 1399 1187 ut
1450 1138 1635 1189 essent
1664 1133 1723 1188 in

92 1224 353 1279 charitate
380 1224 627 1279 radicati
652 1230 708 1280 et
722 1225 961 1295 fundati,
987 1231 1043 1281 et
1068 1242 1201 1281 cum
1231 1226 1495 1281 omnibus
1519 1226 1724 1281 sanctis

92 1318 575 1389 comprehendere
600 1321 917 1390 potuissent
942 1336 1071 1391 quae
1100 1320 1171 1375 sit
1188 1320 1444 1389 latitudo,
1473 1320 1725 1375 sublimi-

93 1416 192 1480 tas,
218 1416 274 1466 et
300 1412 659 1482 profundum
683 1431 698 1482 ;
756 1430 870 1467 non
899 1414 1204 1468 mundanae
1248 1413 1563 1485 sapientiae,
1594 1430 1723 1485 quae

95 1507 320 1560 stultitia
364 1512 446 1561 est
480 1508 636 1576 apud
664 1511 852 1571 Deum,
882 1507 976 1562 sed
1022 1507 1349 1579 spiritualis,
1396 1524 1525 1579 qua:
1550 1510 1726 1563 amica

96 1604 164 1655 est
186 1602 297 1655 Dei.
328 1600 629 1670 Sapientes
659 1601 814 1656 enim
839 1601 1011 1672 hujus
1028 1601 1226 1655 mundi
1243 1602 1724 1672 comprehendere

98 1694 270 1748 solent
294 1694 481 1764 spatia
524 1698 826 1761 terrarum,
855 1695 1214 1750 latitudinem
1241 1695 1450 1751 scilicet
1474 1696 1543 1750 ab
1569 1697 1725 1768 aqui-

96 1792 213 1846 lone
239 1808 421 1863 usque
448 1793 521 1847 ad
550 1792 866 1856 meridiem,
890 1793 1313 1865 longitudinem
1330 1798 1522 1849 autem
1547 1795 1617 1850 ab
1637 1812 1723 1849 or-

100 1891 153 1937 tu
176 1885 305 1939 solis
327 1903 515 1957 usque
534 1887 605 1941 ad
626 1903 909 1955 occasum,
925 1889 1335 1943 sublimitatem
1354 1904 1486 1942 vero
1514 1906 1548 1943 a
1572 1893 1723 1943 terra
1743 1864 1798 1936 Β

97 1994 263 2050 usque
288 1980 358 2033 ad
381 1980 615 2050 coelum,
640 1980 1082 2051 profunditatem
1119 1997 1294 2054 usque
1318 1982 1389 2036 ad
1416 1983 1681 2054 abyssum
1703 2001 1718 2051 ;

97 2079 452 2129 numerantes
494 2075 665 2129 etiam
695 2078 881 2145 guttas
913 2076 1090 2129 maris
1138 2076 1363 2145 Oceani,
1414 2092 1720 2131 numerum

96 2177 391 2217 arenarum
424 2163 681 2235 ejusdem
717 2164 907 2233 maris,
932 2164 1125 2219 stellas
1151 2165 1294 2234 caeli,
1325 2170 1383 2220 et
1408 2166 1533 2220 haec
1560 2166 1723 2220 fatui-

97 2260 173 2308 tas
197 2260 299 2310 est.
329 2257 443 2311 Nos
475 2262 670 2311 autem
707 2274 836 2312 cum
862 2259 1112 2328 apostolo
1137 2259 1311 2312 Paulo
1338 2260 1723 2329 spiritualibus

97 2350 400 2418 spiritualia
426 2357 827 2420 comparantes,
860 2351 1410 2422 comprehendamus
1436 2369 1567 2406 cum
1596 2369 1718 2406 om-

100 2442 253 2496 nibus
277 2445 508 2513 sanctis,
555 2461 683 2516 quas
725 2445 797 2499 sit
817 2445 1078 2513 latitudo,
1108 2446 1428 2516 longitudo,
1457 2445 1718 2500 sublimi-

100 2540 192 2603 tas,
226 2542 281 2590 et
309 2538 682 2608 profundum.
712 2539 900 2593 Primo
924 2556 1151 2594 crucem
1178 2540 1353 2594 nostri
1381 2540 1722 2611 Redempto-

100 2628 169 2682 ris
210 2631 627 2687 considerantes
648 2633 708 2687 in
733 2649 845 2703 qua
872 2633 1144 2703 mysteria
1193 2633 1511 2704 signiﬁcata
1563 2639 1714 2688 sunt.

102 2717 170 2771 lbi
199 2735 446 2791 namque
474 2722 582 2776 fuit
630 2722 889 2789 latitudo,
928 2721 1249 2792 longitudo,
1284 2725 1341 2776 et
1366 2722 1723 2792 profunditas

103 2816 297 2885 primo,
318 2822 375 2872 et
388 2836 505 2873 non
519 2819 711 2874 statim
732 2819 1049 2874 sublimitas
1068 2837 1079 2873 :
1097 2820 1336 2874 latitudo
1364 2820 1471 2875 fuit
1494 2820 1720 2891 lignum

103 2911 243 2979 quod
288 2911 345 2965 in
374 2915 765 2967 transversum
795 2914 993 2984 jacuit,
1026 2912 1121 2968 ubi
1150 2928 1353 2967 manus
1382 2913 1562 2968 nostri
1610 2916 1720 2968 Re-

104 3003 400 3075 demptoris
420 3006 549 3061 ﬁxa}
572 3008 803 3061 fuerunt
825 3024 838 3060 :
862 3007 1158 3079 longitudo
1176 3008 1401 3078 lignum
1422 3006 1559 3063 illud
1571 3008 1723 3078 quod

108 3098 170 3150 ab
193 3114 255 3152 eo
283 3100 341 3153 in
370 3105 526 3156 terra
568 3100 867 3172 ﬁgebatur,
896 3117 1075 3171 usque
1099 3102 1168 3155 ad
1217 3101 1574 3155 latitudinem
1602 3117 1724 3172 per-

106 3190 338 3263 tingens,
372 3194 431 3248 in
462 3211 577 3266 quo
619 3211 822 3265 corpus
851 3195 1028 3249 nostri
1062 3194 1456 3265 Redemptoris
1496 3199 1721 3249 tensum

109 3284 237 3354 fuit;
277 3288 625 3357 profundum
654 3288 792 3342 illud
824 3288 973 3359 quod
1002 3287 1061 3341 in
1088 3293 1242 3342 terra
1272 3288 1448 3342 fixum
1472 3288 1598 3355 fuit,
1622 3288 1722 3343 ubi

109 3382 367 3436 steterunt
391 3382 566 3452 pedes
586 3381 729 3453 ejus.
755 3382 944 3435 Primo
990 3398 1237 3453 namque
1265 3399 1404 3436 crux
1432 3382 1492 3435 in
1519 3382 1718 3436 simili-

110 3472 347 3529 tudinem
385 3481 483 3529 tau
508 3476 712 3529 litterae
759 3476 904 3529 facta
942 3475 1068 3543 fuit,
1110 3475 1205 3529 sed
1235 3480 1429 3546 postea
1466 3475 1724 3531 additum

110 3564 204 3620 fuit
226 3567 303 3621 ibi
326 3568 574 3641 lignum,
606 3568 701 3623 ubi
727 3585 893 3623 causa
923 3568 1098 3640 ipsius
1127 3569 1337 3640 scripta
1360 3568 1469 3623 fuit
1505 3586 1517 3623 :
1549 3572 1604 3624 et
1623 3586 1725 3623 nu-

110 3660 163 3711 tu
199 3661 294 3715 Dei
320 3663 425 3718 hoc
454 3668 645 3718 actum
672 3662 797 3729 fuit,
850 3667 907 3716 ut
934 3663 1173 3734 plenum
1220 3663 1556 3733 mysterium
1581 3663 1640 3717 in
1668 3679 1725 3716 se

112 3755 424 3824 contineret,
453 3760 522 3811 ut
549 3761 740 3810 sancto
754 3756 917 3827 signo
943 3756 1125 3809 crucis
1140 3755 1368 3824 muniti,
1390 3753 1499 3810 tuti
1526 3772 1723 3811 mane-

114 3852 224 3901 rent
242 3848 307 3902 ab
328 3849 488 3904 hoste
518 3850 777 3921 antiquo.
808 3850 933 3903 Haec
956 3850 1026 3904 ad
1051 3849 1317 3904 litteram.

174 3940 540 4011 Spiritualiter
561 3944 681 3998 vult
704 3944 988 4014 apostolus
1014 3944 1221 3997 Paulus
1248 3942 1569 4014 intelligere
1601 3959 1729 4015 qua:

115 4032 174 4084 sit
200 4034 451 4105 latitudo,
481 4042 538 4091 et
562 4037 876 4108 longitudo.
908 4036 1166 4091 Latitudo
1194 4041 1279 4091 est
1304 4036 1570 4104 Charitas,
1599 4053 1728 4107 quae

118 4141 215 4179 non
242 4129 417 4185 solum
447 4130 661 4184 amicos
686 4130 746 4184 in
765 4131 963 4197 Deum,
990 4146 1191 4184 verum
1216 4129 1475 4184 inimicos
1496 4134 1729 4200 pmpter

117 4217 273 4274 Deum
307 4224 545 4295 diligere
600 4223 904 4289 consuevit,
935 4224 1004 4278 de
1031 4241 1146 4295 qua
1170 4223 1442 4293 scriptum
1471 4228 1589 4277 est:
1620 4226 1725 4279 La-

117 4315 213 4365 tum
249 4319 566 4371 mandatum
593 4322 745 4371 tuum
774 4319 956 4371 nimis.
1004 4316 1321 4387 Longitudo
1350 4319 1433 4371 est
1466 4333 1727 4387 perseve-

116 4406 282 4461 rantia
298 4410 430 4465 boni
459 4409 665 4481 Operis,
699 4411 766 4464 de
798 4427 913 4481 qua
942 4411 1217 4465 Dominus
1244 4410 1386 4465 dixit
1415 4428 1430 4464 :
1462 4409 1569 4476 Qui
1600 4427 1726 4480 per-

116 4507 415 4560 severaverit
448 4520 619 4574 usque
634 4506 693 4557 in
718 4507 897 4572 ﬁnem,
916 4506 1001 4558 hic
1030 4506 1214 4559 salvus
1230 4506 1354 4560 erit.
1382 4503 1726 4572 Sublimitas,

120 4594 191 4643 est
221 4610 358 4664 spes.
394 4599 552 4664 Quod
578 4596 732 4651 enim
763 4614 871 4652 non
902 4593 1147 4652 uidemus
1172 4613 1472 4667 speramus,
1498 4613 1601 4667 per
1620 4614 1727 4668 pa-

1823 579 2013 630 mente
2042 576 2103 630 in
2135 575 2453 631 cmlestibus
2477 575 2754 645 habitant,
2787 576 2935 632 sicut
2958 576 3053 632 ille
3079 576 3175 648 qui
3205 576 3454 633 dicebat:

1826 671 2168 726 Conversatio
2202 674 2382 724 autem
2417 675 2605 724 nostra
2630 672 2689 724 in
2714 672 2860 726 catis
2887 676 2983 726 est.
3006 670 3456 727 Profundumest

1823 762 1981 831 ﬁdes,
2010 763 2417 834 sperandarum
2445 762 2758 818 substantia
2806 780 3020 834 rerum,
3049 771 3455 836 argumentum

1823 873 1938 912 non
1966 860 2360 927 apparentum.
2390 856 2606 929 Aliquis
2631 857 2786 912 enim
2815 857 2984 929 cmpit
3007 857 3243 929 diligere
3270 858 3459 930 proxi-

1824 966 2011 1019 mum,
2041 949 2097 1004 id
2123 952 2207 1005 est
2235 966 2465 1004 omnem
2510 950 2822 1020 hominem,
2852 956 2909 1006 et
2947 968 3243 1022 nunquam
3284 952 3452 1008 etiam

1824 1059 1928 1098 nec
1956 1042 2015 1097 in
2040 1043 2434 1113 persecutione
2460 1043 2693 1098 cessavit
2716 1044 2786 1098 ab
2818 1044 2941 1116 ejus
2960 1044 3257 1100 dilectione
3282 1062 3301 1114 ;
3330 1045 3456 1100 haec

1823 1136 2068 1192 latitudo
2095 1138 2199 1192 est.
2238 1135 2389 1191 Facit
2412 1137 2519 1191 hoc
2557 1139 2742 1192 totum
2771 1142 3003 1209 propter
3032 1138 3456 1209 adipiscendam

1825 1230 1996 1285 vitam
2019 1234 2293 1285 aeternam
2318 1248 2336 1299 ;
2368 1235 2425 1285 et
2448 1231 2555 1285 hoc
2580 1231 2891 1287 sublimitas
2911 1236 3016 1286 est.
3045 1232 3299 1287 Pendent
3334 1234 3455 1288 haec

1825 1324 2018 1380 omnia
2056 1340 2124 1377 ex
2174 1324 2391 1379 occulta
2426 1324 2618 1379 divina
2646 1325 3037 1380 misericordia
3062 1342 3191 1396 quae
3216 1326 3455 1381 interius

1825 1435 2053 1489 semper
2077 1418 2371 1473 hominem
2390 1419 2670 1490 protegit;
2693 1424 2751 1474 et
2768 1420 2874 1474 hoc
2899 1419 3248 1490 profundum
3268 1424 3370 1474 est.
3394 1419 3450 1475 Si

1822 1516 2014 1567 autem
2031 1512 2296 1583 quislibet
2319 1512 2648 1583 ingeniosus
2672 1512 2850 1568 altero
2871 1529 3038 1567 sensu
3058 1512 3327 1585 indagare
3348 1518 3456 1567 sat-

1824 1606 2026 1677 egerit,
2041 1605 2387 1676 intelligatid
2412 1608 2564 1677 quod
2584 1607 2871 1678 sequitur:
2898 1607 3059 1661 Same
3084 1623 3243 1662 eum
3262 1622 3455 1663 SUPER-

1825 1720 2130 1760 BMINENTEM
2162 1719 2448 1760 SCIENTIAM
2492 1720 2833 1760 CHARITATEM
2862 1704 3106 1773 CHRISTI,
3139 1721 3205 1759 UT
3237 1720 3455 1760 IMPLEA'

1822 1814 1939 1853 sum
1968 1815 2021 1853 IN
2067 1814 2253 1853 OMNEM
2296 1814 2690 1854 PLENITL’DINEM
2730 1800 2849 1853 DEI.
2882 1797 3323 1868 Supereminens
3372 1801 3457 1852 est

1823 1892 1975 1946 enim
2004 1892 2247 1946 charitas
2271 1891 2477 1946 Christi
2502 1895 2560 1947 et
2588 1892 2910 1963 praecellens
2929 1891 3117 1946 omnia
3136 1890 3263 1945 ista.
3295 1891 3456 1956 Quod

1822 1986 2078 2056 sequitur
2106 2002 2119 2039 :
2152 1986 2213 2039 Ει
2238 2001 2416 2041 aurea
2448 2002 2540 2048 om
2577 2001 2780 2040 rorans
2812 2000 2907 2041 asr
2932 2000 3138 2041 FACERE
3166 2000 3337 2041 OMNIA
3369 2000 3457 2041 su-

1823 2095 2278 2135 PERABUNDANTER
2331 2095 2477 2142 QUOD
2521 2095 2748 2134 PETIMUS
2790 2095 2894 2134 AUT
2940 2094 3335 2147 INTELLIGIMUS,
3372 2094 3456 2133 ΒΕ-

1824 2189 2043 2228 CUNDUM
2067 2189 2334 2228 vmrcrau
2356 2188 2476 2235 QUE
2507 2188 2787 2229 OPERATUR
2804 2189 2858 2228 IN
2890 2186 3071 2227 NOBIS.
3088 2171 3284 2227 Nullus
3299 2171 3453 2226 enim

1822 2272 2046 2321 tantum
2076 2270 2268 2337 petere
2293 2271 2477 2337 potest
2502 2265 2889 2337 etintelligere
2909 2265 3063 2337 quod
3088 2269 3263 2337 petat,
3279 2281 3456 2336 quan—

1824 2364 1945 2414 tum
1974 2360 2091 2430 ipse
2118 2364 2300 2430 potest
2323 2360 2552 2430 largire,
2579 2360 2677 2431 qui
2708 2360 2803 2415 dat
2830 2363 2892 2414 ut
2908 2363 3190 2431 petamus,
3224 2358 3323 2430 qui
3352 2375 3455 2429 per

1822 2454 2157 2525 prophetam
2186 2453 2441 2523 loquitur
2465 2453 2654 2509 dicens
2679 2470 2692 2507 :
2725 2454 3037 2523 Antequam
3067 2470 3149 2507 me
3175 2454 3452 2515 invocetis,

1822 2564 1915 2617 ego
1948 2548 2259 2602 exaudiam.
2290 2548 2358 2602 Et
2381 2564 2483 2618 per
2511 2548 2879 2620 semetipsum
2908 2546 3042 2603 dicit
3070 2564 3084 2602 :
3113 2549 3241 2604 Sine
3265 2562 3347 2601 me
3375 2549 3457 2601 ni-

1823 2643 1902 2695 hil
1919 2644 2143 2711 potestis
2171 2644 2371 2708 facere.

1892 2736 2000 2789 IPSI
2033 2750 2248 2803 GLORIA,
2269 2751 2331 2789 er
2360 2752 2413 2790 1N
2432 2736 2700 2791 ECCLBSIA
2719 2751 2771 2791 IN
2788 2738 3028 2792 Cnmsro
3047 2736 3177 2791 Jesu
3206 2752 3261 2793 IN
3282 2750 3457 2791 omnes

1824 2844 2225 2884 GENERATIONES
2258 2844 2459 2884 secum
2491 2844 2846 2885 sacomam.
2871 2832 3048 2884 AMEN.
3079 2832 3215 2899 Ipsi,
3248 2828 3460 2883 scilicet

1826 2923 1935 2975 Deo
1962 2922 2142 2984 Patri;
2174 2925 2232 2976 in
2262 2924 2523 2985 Ecclesia,
2552 2923 2659 2977 hoc
2685 2928 2765 2978 est
2786 2923 2845 2976 in
2874 2923 3318 2994 congregatione
3338 2922 3459 2992 jus-

1823 3020 2012 3069 torum
2039 3014 2312 3084 ﬁdelium,
2364 3016 2460 3086 qui
2494 3032 2625 3070 eum
2673 3020 2791 3071 sine
2818 3018 3215 3071 intermissione
3243 3014 3455 3087 gloriﬁ-

1824 3112 1971 3177 cant,
1995 3111 2205 3176 gratias
2232 3114 2465 3179 agentes
2494 3113 2617 3172 Deo,
2638 3114 2693 3164 et
2720 3110 2829 3164 hoc
2853 3126 2956 3181 per
2978 3110 3285 3164 Christum.
3316 3110 3459 3164 Cum

1823 3202 1958 3257 dicit
1986 3202 2045 3256 in
2076 3203 2297 3257 Christo
2325 3204 2454 3258 Jesu
2491 3204 2549 3257 in
2577 3219 2778 3258 omnes
2804 3204 3217 3275 generationes,
3244 3219 3348 3274 per
3374 3203 3459 3257 Fi-

1821 3296 1965 3351 lium
1994 3296 2114 3367 ejus
2144 3296 2408 3351 laudatur
2452 3299 2616 3351 Pater
2640 3298 2696 3352 in
2723 3298 2908 3353 terris.
2943 3300 3009 3353 Et
3040 3298 3184 3352 bene
3231 3296 3372 3351 dixit
3400 3300 3458 3351 in

1826 3405 2003 3445 omnes
2014 3393 2382 3458 generationes
2395 3393 2579 3445 saeculi
2591 3393 2929 3446 saeculorum.
2942 3391 3286 3446 Amen.Ante
3307 3389 3460 3446 enim

1827 3496 2000 3550 quam
2028 3479 2123 3534 Dei
2142 3479 2314 3533 Filius
2334 3480 2574 3535 venisset
2597 3481 2657 3534 in
2700 3481 3001 3544 mundum,
3030 3498 3204 3536 unam
3235 3481 3461 3552 plebem

1830 3572 2050 3622 tantum
2080 3575 2438 3639 cognoverat,
2459 3571 2625 3640 juxta
2650 3571 2801 3641 quod
2831 3571 3105 3640 scriptum
3132 3576 3216 3625 est
3242 3589 3256 3624 :
3288 3573 3460 3627 Notus

1826 3664 1887 3715 in
1910 3662 2101 3716 Iudaea
2134 3665 2292 3729 Deus,
2321 3666 2381 3716 in
2409 3665 2582 3718 Israel
2608 3680 2867 3733 magnum
2904 3679 3095 3718 nomen
3127 3664 3265 3732 ejus.
3310 3664 3462 3716 Post-

1829 3771 1997 3826 quam
2021 3771 2149 3808 vero
2171 3755 2269 3809 Dei
2297 3756 2466 3810 Filius
2486 3756 2637 3810 venit
2663 3756 2721 3810 in
2740 3757 2927 3825 terris,
2953 3756 3075 3827 ejus
3088 3756 3341 3811 doctrina
3358 3772 3463 3826 per

1829 3849 2156 3903 universum
2182 3850 2462 3904 mundum
2486 3849 2706 3903 claruit.
2726 3851 2847 3903 lam
2868 3866 3019 3903 nunc
3031 3850 3237 3904 dicitur
3258 3866 3271 3903 :
3295 3851 3464 3904 Emat-

1830 3948 1946 3997 tare
1965 3958 2129 4012 super
2147 3944 2322 4005 ccrlos,
2354 3947 2514 4005 Deus,
2539 3948 2589 3998 et
2612 3946 2671 3998 in
2692 3959 2899 3998 omnem
2924 3948 3122 3999 terram
3141 3944 3318 4013 gloria
3341 3947 3459 3998 tua.

1831 4038 1943 4090 Hoc
1972 4042 2056 4091 est
2086 4036 2235 4106 quod
2264 4036 2397 4092 dicit
2424 4037 2723 4108 Apostolus
2753 4054 2766 4091 :
2797 4041 2859 4093 1n
2885 4054 3065 4092 omnes
3096 4040 3464 4105 generationes

1831 4131 2015 4183 saeculi
2046 4131 2380 4185 saeculorum.
2411 4131 2603 4185 Amen.
2635 4131 2776 4185 Cum
2806 4148 2936 4186 vero
2963 4131 3100 4186 dicit
3123 4133 3325 4194 swculi,
3355 4131 3467 4185 for-

1832 4239 1983 4277 mam
2009 4223 2253 4279 ostendit
2282 4225 2577 4295 prazsentis
2596 4225 2867 4297 temporis
2898 4244 2915 4295 ;
2959 4242 3090 4281 cum
3114 4232 3304 4281 autem
3336 4225 3465 4280 sub-

1824 4317 2020 4389 jungit
2066 4319 2399 4381 sweulorum,
2449 4319 2569 4374 sine
2615 4319 2727 4375 ﬁne
2754 4321 3000 4375 ostendit
3027 4321 3256 4375 laudare
3289 4321 3465 4375 Deum

1831 4410 1891 4465 in
1921 4411 2148 4466 sanctis.
2180 4413 2247 4466 Et.
2273 4411 2400 4467 ideo
2422 4412 2541 4467 sine
2560 4413 2975 4469 intermissione
3002 4413 3085 4468 illi
3114 4413 3319 4484 gratias
3335 4430 3467 4483 age-

1833 4520 1893 4560 re
1918 4505 2213 4575 debemus,
2234 4505 2333 4576 qui
2362 4506 2535 4561 talem
2564 4508 2727 4561 nobis
2751 4508 2907 4562 dedit
2930 4507 3264 4575 doctrinam,
3301 4509 3363 4559 ut
3388 4506 3465 4561 sic

1834 4615 1967 4653 eum
1996 4615 2331 4670 cognoscere
2360 4600 2660 4669 possimus.

1678 4919 1883 5041 IX.

122 5114 307 5188 Lectio
344 5128 645 5212 Epistolas
689 5130 864 5213 beati
906 5129 1090 5213 Pauli
1132 5130 1413 5213 apostoli
1452 5130 1531 5213 ad
1565 5129 1881 5213 Ephesios
1914 5130 2023 5213 (1v,
2062 5131 2117 5209 1)
2152 5150 2165 5191 :
2210 5130 2497 5213 Fratres,
2530 5132 2787 5213 obsecro
2815 5152 2929 5196 vos
2958 5150 3075 5213 ego
3116 5133 3369 5195 vinctus
3401 5132 3467 5192 in

720 5211 1025 5288 Domino,
1058 5218 1133 5272 ut
1159 5210 1356 5291 digne
1384 5210 1730 5273 ambuletis
1758 5212 2095 5273 vocatione
2124 5228 2258 5291 qua
2282 5212 2500 5273 vocati
2523 5212 2695 5288 estis,
2724 5216 2845 5275 etc.

1337 5346 1755 5401 COMMENTUM
1795 5345 2216 5401 LUCULENTII.

183 5443 237 5496 1η
288 5447 386 5505 hac
428 5452 706 5505 sententia
754 5452 963 5523 duplex
1010 5452 1379 5524 intelligenda
1430 5458 1515 5507 est
1564 5453 1728 5520 ratio.
1752 5470 1811 5540 D
1836 5454 2053 5508 vinctus
2072 5452 2133 5506 in
2161 5453 2402 5507 Domino
2429 5460 2553 5510 erat
2577 5455 2802 5510 vinculo
2824 5453 3111 5509 charitatis
3131 5469 3261 5508 cum
3288 5453 3469 5525 Ephe-

124 5530 377 5597 Quantum
423 5546 577 5599 enim
620 5545 690 5599 ad
734 5545 981 5600 litteram
1014 5546 1235 5615 attinet,
1269 5547 1489 5601 vinctus
1519 5553 1640 5602 erat
1674 5548 1733 5601 in

124 5622 354 5703 Domino,
385 5639 440 5694 id
471 5643 558 5693 est
581 5643 821 5711 propter
848 5640 1173 5709 Dominum,
1203 5640 1337 5712 quia
1366 5641 1537 5696 tidem
1565 5640 1728 5696 Chri-

128 5717 183 5770 sti
208 5730 525 5801 predicans,
570 5749 605 5786 a
633 5733 789 5787 nullo
819 5739 1173 5803 persecutore
1215 5734 1409 5789 obsisti
1435 5735 1619 5806 potuit
1646 5735 1733 5789 vel

129 5812 322 5891 elevari,
349 5830 405 5880 et
428 5826 500 5881 ob
533 5827 684 5880 hanc
714 5843 937 5881 causam
970 5829 1026 5882 in
1054 5844 1274 5883 carcere
1299 5832 1490 5883 trusus
1518 5828 1644 5895 fuit,
1676 5832 1733 5881 et

131 5901 217 5962 hoc
243 5920 318 5970 est
360 5920 511 5992 quod
555 5920 678 5975 ait:
714 5922 827 5976 Eco
884 5938 1107 5978 vmcn's
1154 5939 1203 5979 IN
1265 5924 1504 5981 DOMINO.
1558 5922 1733 5980 Aliter

1833 5548 1926 5601 siis
1954 5566 1969 5615 ;
2025 5548 2091 5601 de
2120 5563 2233 5619 quo
2261 5547 2317 5602 in
2360 5549 2470 5604 alio
2498 5550 2618 5604 loco
2645 5549 2779 5604 dicit
2810 5566 2823 5603 ε
2875 5550 3050 5619 Super
3077 5551 3261 5602 omnia
3288 5552 3470 5602 autem

1835 5643 1943 5695 haec
1969 5642 2287 5696 charitatem
2319 5643 2588 5707 habentes,
2622 5660 2742 5713 quae
2766 5647 2843 5697 est
2880 5641 3155 5699 vinculum
3177 5644 3466 5711 perfectio-

1834 5737 1940 5789 nis.
1956 5734 2043 5789 Sic
2058 5735 2233 5789 sancti
2250 5740 2549 5809 postquam
2565 5737 2621 5791 in
2639 5737 2908 5792 charitate
2920 5734 3372 5808 agglutinantur,
3391 5750 3472 5787 se-

1834 5829 2018 5898 parari
2038 5845 2153 5883 non
2175 5838 2411 5900 queunt.
2429 5831 2513 5887 Sic
2530 5831 2598 5886 de
2620 5830 2791 5885 David
2816 5833 2871 5885 et
2884 5828 3160 5885 Jonathan
3188 5827 3429 5899 legimus
3453 5840 3466 5878 :

1835 5923 2222 5993 Congtutinata
2246 5932 2324 5985 est
2354 5929 2538 5983 anima
2563 5927 2809 5985 Ionathw
2831 5941 2950 5985 cum
2976 5926 3160 5981 anima
3182 5922 3376 5983 David.
3407 5921 3472 5977 Et
