4034 6228
570 346 665 413 Bal

2054 353 2451 414 LUCULENTII

3851 352 3951 417 332

567 468 697 524 ideo
726 483 846 540 prae
860 470 1020 524 tanta
1039 464 1332 526 dilectione
1350 482 1481 521 cum
1498 464 1810 537 Euphaesiis
1827 465 2060 536 junctus
2076 471 2200 522 erat
2220 477 2272 549 Α
2296 464 2617 520 nimitatem
2646 463 2912 534 ostendit,
2942 476 3114 537 quam
3141 476 3338 521 omnes
3363 462 3556 522 ﬁdeles
3592 462 3811 522 habere
3846 467 3948 524 de-

567 564 790 632 Paulus,
820 563 895 618 ita
922 568 985 618 ut
1001 580 1116 618 non
1145 564 1327 617 solum
1341 567 1597 632 tempore
1612 561 1784 632 pacis,
1803 577 2003 616 verum
2025 560 2196 615 etiam

564 672 670 712 nec
690 657 749 711 in
773 658 1161 728 persecutione
1186 656 1255 709 ab
1282 655 1362 709 eis
1389 671 1503 709 non
1524 655 1777 721 recedat;
1811 655 1941 709 licet
1966 672 2199 726 corpore

566 751 768 805 absens
799 751 1015 815 fuisset,
1044 749 1247 821 spiritu
1276 765 1408 803 cum
1428 749 1538 803 illis
1562 754 1701 804 erat.
1730 750 2006 804 Exorabat
2028 750 2199 805 etiam

563 850 631 900 ut
654 845 826 900 fidem
855 861 1029 915 quam
1060 847 1391 914 acceperant
1438 843 1826 898 inconcussam
1856 848 2149 898 servarent
2179 861 2193 898 :

566 938 645 992 Ur
666 952 825 991 DIGNE
845 949 1139 989 AMBULETJS
1160 948 1468 989 vocsnoue
1489 950 1595 997 QUA
1616 950 1813 989 vocm
1842 949 2009 989 usus.
2031 932 2197 997 Quasi

564 1030 794 1095 diceret,
828 1044 962 1082 eum
1004 1030 1101 1097 qui
1130 1028 1196 1081 de
1224 1029 1454 1083 tenebris
1502 1044 1594 1081 vos
1623 1031 1836 1083 vocavit
1861 1031 1921 1082 in
1950 1029 2192 1082 admira—

567 1125 670 1178 bile
695 1139 854 1177 suum
884 1124 1082 1191 lumen,
1117 1121 1289 1193 digne
1317 1122 1625 1193 sequimini
1657 1122 1891 1192 vestigia
1920 1122 2061 1191 ejus,
2094 1122 2198 1176 hu—

560 1217 814 1282 militate,
844 1215 1133 1287 patientia,
1156 1216 1493 1283 obedientia,
1516 1216 1845 1287 caeterisque
1874 1215 2192 1269 virtutibus.

559 1312 720 1377 Quod
749 1312 855 1365 iter
880 1311 1163 1381 quomodo
1189 1310 1597 1364 ambulandum
1629 1316 1711 1365 est
1732 1311 1760 1364 ‘t
1790 1309 2052 1364 videlicet
2081 1326 2195 1363 non

561 1422 757 1478 gressu
778 1406 1011 1476 pedum,
1041 1405 1135 1458 sed
1162 1404 1363 1459 affectu
1393 1404 1620 1458 mentis.
1656 1405 1749 1457 llle
1771 1404 1981 1458 etenim
2022 1402 2194 1473 digne

558 1500 811 1554 ambulat
836 1498 1125 1553 vocatione
1152 1515 1263 1569 qua
1292 1502 1520 1553 vocatus
1551 1502 1655 1567 est,
1688 1498 1787 1569 qui
1813 1514 1917 1551 nec
1946 1497 2003 1550 in
2032 1514 2190 1568 pros-

555 1594 708 1665 peris
738 1594 997 1663 erigitur,
1025 1609 1129 1647 nec
1154 1593 1211 1646 in
1239 1594 1485 1647 adversis
1510 1592 1793 1662 dejicitur,
1818 1608 1921 1646 nec
1950 1592 2195 1646 declinat

556 1689 629 1742 ad
650 1688 911 1747 dextram
928 1687 1040 1740 sive
1061 1687 1131 1741 ad
1159 1686 1465 1754 sinistram,
1489 1686 1722 1740 audiens
1741 1686 2084 1757 prophetam
2113 1685 2190 1739 di-

554 1785 777 1835 centem
803 1799 817 1835 :
842 1784 964 1835 Haec
990 1783 1102 1842 via,
1129 1781 1402 1834 ambulate
1436 1783 1493 1833 in
1524 1796 1606 1841 ea,
1639 1795 1809 1848 neque
1837 1780 1912 1833 ad
1942 1781 2190 1833 dextram

2299 559 2455 626 bent,
2495 559 2662 629 juxta
2710 560 2861 630 quod
2898 559 3175 631 scriptum
3203 565 3325 631 est:
3359 560 3465 627 Qui
3517 561 3776 618 habitare
3807 565 3951 630 facit

2300 655 2585 707 unanimes
2610 655 2668 707 in
2705 654 2882 708 domo.
2910 655 3110 708 Petrus
3147 670 3373 726 quoque
3401 655 3673 709 admonet
3705 655 3904 711 dicens
3929 676 3941 710 :

2300 748 2488 803 Omnes
2516 749 2799 805 unanimes
2823 751 2883 802 in
2909 751 3152 803 oratione
3178 753 3338 803 estote
3379 751 3787 818 compatientes.
3836 751 3945 805 Ali-

2299 845 2405 909 ter,
2435 857 2615 895 unum
2641 841 2905 913 spiritum
2950 841 3104 910 dicit,
3134 842 3193 896 id
3224 846 3308 897 est
3345 842 3622 913 Spiritum
3651 849 3940 909 sanctum,

2298 934 2397 1005 qui
2426 934 2696 989 dividitur
2720 934 2782 988 in
2807 935 3164 1007 septiformes
3188 935 3416 1006 gratias,
3432 953 3548 1008 quo
3577 953 3782 992 omnes
3812 938 3947 993 tide-

2297 1029 2376 1083 les
2424 1028 2761 1084 innuuntur.
2794 1029 2920 1083 [deo
2946 1046 3093 1083 unus
3118 1030 3347 1100 spiritus
3391 1030 3730 1086 Trinitatem
3759 1036 3943 1086 tenet.

2297 1123 2459 1178 SICUT
2502 1138 2700 1177 VOCATI
2747 1138 2894 1178 ESTIS
2933 1140 2987 1178 IN
3028 1139 3131 1179 ENA
3179 1139 3277 1179 SPE
3324 1140 3653 1180 VOCATIONIS
3694 1141 3943 1180 VESTRJE.

2298 1217 2478 1269 Unam
2505 1233 2663 1287 spem
2701 1217 3008 1272 vocationis
3050 1220 3253 1271 vestra:
3282 1218 3416 1272 dicit
3442 1219 3729 1273 caelestem
3757 1219 3943 1273 beati-

2298 1310 2575 1376 tudinem,
2609 1310 2678 1364 ad
2706 1327 2878 1381 quam
2908 1312 3144 1365 tendent
3169 1328 3370 1365 omnes
3393 1312 3573 1366 electi.
3630 1312 3745 1367 Sed
3778 1313 3941 1367 valde

2296 1404 2575 1457 contraria
2603 1403 2824 1458 videtur
2849 1420 2967 1458 esse
3001 1406 3282 1459 sententia
3312 1406 3545 1476 apostoli
3574 1406 3734 1459 Pauli
3760 1407 3938 1461 verbo

2296 1497 2520 1550 Domini
2544 1496 2642 1550 ubi
2672 1497 2750 1551 ait
2781 1514 2795 1551 :
2823 1501 2885 1552 In
2911 1499 3065 1553 domo
3094 1500 3275 1553 Patris
3300 1502 3405 1553 mei
3434 1502 3737 1554 mansiones
3790 1502 3940 1555 mul-

2295 1595 2359 1645 tae
2382 1596 2527 1645 sunt.
2557 1593 2624 1644 Et
2649 1592 2945 1661 Apostolus
2980 1591 3093 1645 ait:
3142 1594 3207 1645 In
3234 1608 3346 1646 una
3374 1608 3466 1662 spe
3493 1596 3801 1648 vocationis
3844 1611 3938 1648 ve-

2291 1684 2711 1739 strmattamen
2732 1685 2777 1738 si
2804 1689 2955 1739 recte
2981 1686 3320 1755 consideres,
3350 1691 3407 1740 et
3432 1687 3706 1741 Dominus
3733 1704 3941 1742 verum

2291 1778 2445 1843 dicit,
2467 1783 2521 1833 et
2549 1779 2832 1849 apostolus
2857 1780 3065 1833 Paulus
3094 1796 3276 1833 verus.
3304 1783 3367 1835 In
3398 1781 3574 1843 domo,
3605 1780 3795 1851 inquit
3827 1782 3937 1835 Do-

554 1892 725 1944 neque
776 1876 851 1929 ad
892 1876 1189 1929 sinistram.
1238 1875 1375 1926 Nam
1421 1873 1661 1943 qualiter
1685 1873 1976 1926 ambulare
2026 1872 2193 1926 debet
2211 1851 2268 1921 B
2293 1873 2502 1941 minus,
2533 1875 2712 1927 Patris
2737 1875 2843 1926 mei
2863 1876 3164 1928 mansiones
3191 1875 3377 1928 multa
3405 1880 3572 1940 sunt;
3603 1874 3753 1928 sicut
3782 1874 3938 1929 idem

548 1967 939 2038 unusquisque
963 1966 1166 2034 ﬁdelis,
1192 1965 1352 2035 quasi
1380 1981 1669 2036 exponens
1687 1966 1987 2036 Apostolus
2001 1965 2188 2019 statim

552 2061 791 2130 subjecit
820 2077 948 2114 cum
975 2060 1054 2113 ait
1083 2076 1096 2113 :
1125 2060 1243 2114 CUM
1272 2076 1404 2114 eum
1427 2076 1770 2125 HUMILITATE,
1796 2076 1859 2114 ET
1884 2074 2189 2114 MANSUETU-

550 2172 694 2218 mna,
727 2170 835 2209 cru
887 2170 1187 2209 PA’I’IENTIA.
1235 2155 1404 2208 Recte
1434 2153 1620 2224 primo
1664 2152 1826 2221 dixit,
1878 2170 1999 2207 cum
2043 2155 2190 2206 omni

550 2249 876 2309 humilitate,
900 2248 1034 2318 quia
1061 2247 1159 2318 qui
1186 2247 1307 2301 sine
1332 2247 1656 2300 humilitate
1687 2248 1918 2301 virtutes
1945 2263 2183 2317 congre-

552 2346 669 2412 gat,
700 2341 859 2411 quasi
900 2341 994 2411 qui
1034 2341 1093 2394 in
1131 2345 1364 2394 ventum
1406 2341 1699 2409 pulverem
1745 2344 1949 2411 portat.
1982 2341 2057 2393 De
2085 2340 2187 2393 hu-

548 2436 790 2489 militate
818 2434 1094 2487 Dominus
1122 2434 1255 2488 dicit
1289 2450 1302 2487 :
1333 2436 1506 2503 Super
1550 2450 1706 2503 quem
1730 2437 2082 2503 requiescam,
2105 2437 2187 2487 ni-

545 2532 595 2583 si
635 2545 797 2597 super
822 2529 1095 2590 humilem,
1124 2534 1172 2581 et
1200 2531 1461 2596 quietum,
1506 2533 1555 2581 et
1583 2532 1895 2582 trementem
1919 2543 2184 2581 sermones

546 2638 687 2675 meos
712 2624 738 2675 ?
768 2620 904 2674 Hinc
930 2626 1014 2675 est
1043 2620 1195 2675 enim
1234 2621 1389 2691 quod
1427 2622 1624 2674 Petrus
1651 2621 1731 2674 ait
1764 2637 1777 2674 :
1803 2622 2185 2677 Humiliamini

545 2715 644 2769 sub
664 2717 875 2785 potenti
894 2731 1059 2769 manu
1084 2717 1195 2777 Dei,
1220 2720 1280 2769 ut
1304 2731 1397 2769 vos
1420 2716 1618 2768 ematltet
1646 2717 1703 2769 in
1731 2720 1962 2783 tempore
1991 2717 2182 2768 visita-

546 2812 727 2863 tionis.
754 2808 891 2862 Hinc
922 2808 1131 2861 iterum
1150 2809 1266 2878 ipse
1297 2808 1572 2877 Dominus
1598 2808 1733 2862 dicit
1762 2828 1774 2862 :
1803 2810 1986 2865 Omnis
2017 2812 2116 2877 qui
2131 2825 2185 2862 se

544 2904 754 2957 exultat
773 2903 1173 2956 humiliabitur.
1198 2906 1266 2957 Et
1294 2903 1706 2957 mansuetudine
1730 2922 1744 2968 ;
1772 2919 1945 2973 quam
1966 2903 2063 2973 qui
2089 2902 2184 2956 ha-

541 2996 639 3051 bet
664 3013 779 3050 non
813 2997 995 3049 solum
1027 2996 1366 3065 domesticis,
1412 3012 1612 3050 verum
1643 2996 1817 3050 etiam
1845 2997 2179 3068 agrestibus,

542 3090 803 3144 semitam
832 3089 1128 3160 praebebit,
1174 3089 1404 3142 imitans
1434 3091 1611 3143 Deum
1640 3090 1739 3161 qui
1762 3090 1842 3144 ait
1874 3107 1887 3143 :
1922 3093 2118 3145 Discite
2147 3108 2181 3145 a

539 3199 624 3237 me
654 3186 787 3252 quia
807 3185 952 3236 mitis
984 3198 1102 3235 sum
1128 3188 1177 3237 et
1207 3184 1426 3237 humilis
1456 3185 1631 3237 corde.
1669 3185 1737 3237 Et
1766 3184 2009 3238 iterum:
2031 3188 2183 3239 Beati

540 3280 716 3337 mites,
744 3278 1001 3345 quoniam
1028 3278 1137 3344 ipsi
1164 3279 1328 3329 Deum
1372 3278 1646 3331 videbunt.
1696 3278 1827 3331 Cum
1868 3281 2174 3346 patientia:

542 3365 819 3435 quidquid
850 3364 1109 3417 ﬁdelibus
1162 3366 1411 3419 evenerit
1461 3366 1831 3434 adversitatis,
1869 3367 2058 3421 omnia
2086 3385 2178 3438 pa-

538 3459 747 3512 tienter
766 3457 1042 3524 tolerant;
1066 3457 1207 3511 sicut
1234 3458 1385 3512 idem
1414 3459 1700 3529 apostolus
1726 3459 1835 3513 alio
1863 3460 1985 3514 loco
2010 3460 2171 3516 dicit:

539 3550 603 3603 In
628 3549 801 3601 multa
840 3549 1133 3617 patientia.
1165 3548 1231 3600 Et
1269 3552 1502 3618 propter
1526 3548 1662 3601 illud
1694 3565 1707 3602 :
1747 3552 1898 3604 Beati
1936 3552 2172 3619 pacifici,

540 3643 798 3711 quoniam
838 3641 943 3709 ﬁlii
969 3642 1065 3695 Dei
1095 3642 1448 3695 vocabuntur.
1488 3641 1637 3694 Alibi
1666 3658 1890 3713 quoque
1921 3643 2128 3697 dicitur
2156 3661 2169 3698 :

534 3738 598 3790 In
616 3737 891 3804 patientia
920 3738 1102 3788 vestra
1137 3735 1482 3804 possidebitis
1515 3738 1728 3789 animos
1755 3742 1988 3791 vestras.
2022 3739 2173 3793 Hauc

534 3829 804 3882 virtutem
827 3827 1098 3881 Dominus
1120 3828 1192 3881 ad
1212 3828 1528 3898 passionem
1549 3844 1794 3899 pergens
1819 3831 2174 3885 commenda-

534 3921 615 3975 vit
639 3920 929 3991 discipulis
958 3921 1075 3974 suis
1105 3920 1296 3975 dicens
1325 3938 1338 3975 :
1375 3924 1563 3976 Pacem
1584 3924 1831 3992 relinquo
1856 3925 2023 3987 vobis,
2063 3942 2167 3995 pa-

533 4030 643 4068 cem
668 4030 842 4068 meam
862 4015 930 4068 do
956 4015 1123 4068 vobis.

601 4106 1022 4161 Sl’PPORTANTES
1062 4123 1284 4162 IXVICEM
1322 4124 1373 4163 1N
1413 4124 1731 4165 CHARITATE.
1763 4112 1919 4165 Hanc
1949 4116 2169 4167 senten-

530 4201 668 4254 tiam
717 4200 778 4253 in
808 4200 1054 4271 Epistola
1078 4201 1149 4254 ad
1187 4200 1405 4256 Galatas
1451 4203 1859 4258 edisseruimus
1879 4221 1902 4249 ει
1934 4205 1992 4259 in
2046 4206 2168 4260 loco

528 4310 641 4365 quo
671 4293 895 4363 dicitur,
940 4293 1099 4348 Alter
1126 4295 1354 4350 alterius
1398 4312 1563 4351 onera
1587 4303 1825 4367 portate,
1871 4304 1920 4352 et
1949 4301 2024 4353 sic
2063 4301 2162 4354 ad-

526 4389 822 4457 implebitis
875 4388 1040 4455 legem
1085 4390 1305 4445 Christi.
1358 4391 1472 4444 Lex
1514 4391 1720 4445 Christi
1772 4397 1856 4446 est
1908 4393 2162 4464 dilectio,

525 4481 672 4536 sicut
698 4481 816 4552 ipse
846 4480 1015 4536 dicit:
1046 4485 1111 4537 In
1138 4484 1233 4537 hoc
1256 4490 1573 4551 cognoscent
1598 4500 1777 4540 omnes
1801 4489 1933 4556 quia
1962 4491 2068 4543 mei
2090 4504 2165 4543 es-

2291 1965 2548 2035 subjecit,
2581 1967 2724 2021 alius
2750 1969 2930 2020 autem
2955 1969 3053 2029 sic,
3081 1968 3224 2033 alius
3243 1983 3367 2021 vero
3397 1970 3492 2022 sic.
3524 1968 3592 2022 Et
3621 1968 3732 2021 hoc
3759 1984 3934 2038 prOp-

2292 2064 2377 2113 ter
2402 2060 2753 2113 diversorum
2783 2060 3004 2128 merita,
3029 2061 3162 2130 quia
3181 2061 3572 2131 unusquisque
3599 2067 3935 2115 sanctorum

2288 2156 2459 2224 prout
2484 2157 2758 2219 meretur,
2786 2153 2867 2207 ita
2891 2158 2947 2208 et
2972 2154 3177 2224 accipit
3224 2154 3550 2224 praemium.
3584 2154 3733 2208 Dicit
3777 2154 3933 2209 enim

2286 2246 2407 2317 ipse
2436 2246 2707 2300 Dominus
2735 2247 2803 2301 de
2831 2264 2888 2301 se
2922 2264 2935 2300 :
2966 2248 3265 2315 Fulgebunt
3296 2249 3444 2316 justi
3472 2250 3613 2303 sicut
3645 2250 3730 2303 sol
3761 2251 3823 2301 in
3854 2264 3937 2302 re-

2286 2355 2391 2407 gno
2410 2343 2591 2394 Patris
2638 2356 2862 2404 eorum;
2894 2343 3145 2395 attamen
3192 2357 3306 2394 non
3351 2357 3546 2394 omnes
3596 2341 3927 2412 aequaliter;

2287 2433 2404 2501 sed,
2435 2433 2579 2486 sicut
2604 2433 2684 2486 ait
2711 2433 3018 2503 Scriptura,
3049 2435 3206 2488 stella
3245 2435 3429 2503 differt
3458 2438 3517 2488 in
3546 2436 3823 2497 claritate,
3850 2438 3929 2489 sic

2287 2529 2390 2580 erit
2416 2529 2475 2579 in
2498 2529 2887 2581 resurrectione
2914 2528 3204 2581 multorum
3259 2526 3656 2599 [mortuorum].
3686 2528 3818 2581 Alia
3844 2535 3925 2582 est

2286 2621 2425 2672 enim
2473 2620 2694 2673 claritas
2724 2620 2870 2680 solis,
2917 2620 3029 2672 alia
3078 2620 3301 2673 claritas
3343 2620 3508 2681 lunae,
3536 2621 3653 2673 alia
3701 2622 3925 2674 claritas

2283 2713 2583 2773 stellarum,
2603 2715 2680 2765 sic
2696 2714 2799 2766 erit
2814 2718 2865 2765 et
2880 2715 2935 2765 in
2952 2715 3393 2767 resurrectionem
3410 2717 3771 2775 mortuorum,
3792 2715 3928 2783 jux-

2284 2810 2340 2859 ta
2366 2804 2658 2874 praefatam
2707 2805 3005 2859 rationem.
3050 2806 3187 2859 Hinc
3216 2806 3452 2876 angelus
3482 2806 3553 2859 ad
3580 2806 3930 2876 prophetam

2284 2898 2577 2953 Danielem
2600 2898 2710 2953 ait:
2736 2902 2887 2953 Docti
2912 2900 3203 2967 fulgebunt
3222 2906 3281 2954 ut
3299 2900 3531 2969 spendor
3554 2904 3894 2969 ﬁrmamenti
3912 2920 3928 2966 ;

2283 2998 2334 3047 et
2363 2996 2459 3062 qui
2486 2993 2562 3046 ad
2579 2993 2859 3060 justitiam
2888 2994 3146 3048 erudiunt
3164 2994 3452 3062 plurimos,
3484 2996 3649 3063 quasi
3671 2995 3845 3048 stellae
3869 2998 3927 3048 in

2276 3091 2567 3157 perpetuas
2593 3089 2943 3141 wternitates.
2961 3090 3223 3142 Attamen
3241 3103 3353 3141 una
3370 3104 3496 3157 spes
3505 3087 3773 3141 omnium
3787 3088 3927 3142 elec-

2282 3186 2491 3250 torum,
2520 3181 2740 3235 cmleste
2766 3180 2979 3235 scilicet
3003 3196 3269 3251 regnum,
3287 3180 3384 3235 ubi
3411 3187 3591 3236 semet
3609 3182 3926 3252 jungentes

2281 3279 2574 3345 nequeunt
2602 3274 2853 3345 separari
2862 3300 2882 3327 ,η

2351 3369 2498 3423 Usus
2519 3369 2790 3436 DOMINUS,
2822 3384 2927 3423 UNA
2953 3383 3129 3437 FIDES,
3160 3383 3312 3423 UNUM
3339 3383 3631 3438 mensam,
3665 3372 3929 3426 excsDo-

2279 3477 2445 3517 MINUS
2476 3478 2539 3517 ET
2584 3463 2762 3517 PATER
2806 3477 3041 3531 OMNIUM,
3075 3478 3166 3524 QUI
3198 3478 3295 3517 EST
3326 3477 3498 3517 SUPER
3539 3478 3741 3531 OMNES,
3775 3481 3843 3519 ΕΤ
3873 3482 3927 3521 IN

2278 3572 2467 3611 OMNIA.
2505 3559 2652 3611 Unus
2679 3560 2755 3611 est
2780 3558 3058 3622 Dominus,
3088 3555 3145 3610 id
3172 3560 3258 3610 est
3284 3555 3559 3610 Dominus
3583 3558 3744 3612 lesus
3765 3559 3929 3614 Chri-

2275 3653 2414 3719 stus,
2444 3650 2543 3720 qui
2569 3666 2684 3703 non
2712 3649 2976 3720 partitur,
3018 3649 3115 3703 sed
3142 3650 3202 3703 in
3228 3649 3446 3704 unitate
3474 3666 3703 3721 semper
3729 3654 3925 3708 consi—

2274 3743 2388 3798 stit.
2416 3744 2487 3797 Et
2512 3759 2621 3797 una
2649 3743 2779 3811 ﬁdes
2803 3742 3178 3812 credentium,
3198 3742 3411 3813 pariter
3435 3747 3493 3797 et
3516 3759 3691 3798 unum
3718 3746 3928 3816 baptis-

2273 3854 2382 3901 ma,
2412 3837 2558 3891 sicut
2583 3837 2703 3907 ipse
2733 3836 3007 3890 Dominus
3040 3836 3175 3891 dicit
3202 3852 3216 3889 :
3247 3839 3343 3899 Ite,
3375 3837 3553 3892 docete
3576 3854 3758 3893 omnes
3784 3856 3922 3908 gen-

2274 3935 2369 3993 tes,
2404 3931 2741 4000 baptizantes
2767 3946 2851 3985 eos
2876 3933 2933 3984 in
2954 3933 3166 3985 nomine
3184 3932 3388 3992 Patris,
3411 3936 3463 3985 et
3488 3933 3638 3994 Filii,
3662 3938 3715 3987 et
3737 3935 3920 4005 Spiri-

2274 4029 2359 4079 tus
2388 4026 2584 4079 sancti.
2616 4023 2786 4083 Valde
2811 4024 3164 4095 pensandum
3187 4027 3272 4079 est
3290 4040 3466 4095 quare
3495 4024 3649 4080 dicat
3672 4028 3917 4097 Aposto-

2270 4118 2360 4171 lus
2402 4132 2568 4171 unum
2599 4117 2891 4188 baptisma.
2933 4117 3019 4172 Sic
3049 4122 3105 4171 et
3127 4118 3307 4171 Lucas
3332 4116 3392 4171 in
3416 4118 3651 4173 Actibus
3687 4126 3917 4191 aposto—

2269 4211 2459 4266 lorum
2485 4214 2727 4266 testatur
2740 4228 2868 4265 cum
2880 4211 3016 4266 dicit
3035 4227 3048 4265 :
3068 4212 3403 4282 Baptismum
3419 4212 3566 4281 quod
3580 4214 3867 4281 praedicav
3876 4219 3918 4270 it

2266 4308 2519 4368 Joannes,
2573 4308 2751 4360 Iesum
2779 4322 2813 4359 a
2863 4306 3139 4360 Nazareth
3168 4305 3429 4374 quomodo
3465 4308 3627 4360 uincit
3654 4323 3779 4362 eum
3806 4312 3910 4364 Do—

2264 4401 2443 4454 minus
2492 4400 2704 4470 Spiritu
2745 4403 2928 4453 sancto
2952 4403 3003 4453 et
3038 4401 3257 4453 virtute.
3304 4401 3476 4455 Unum
3502 4404 3588 4453 est
3624 4400 3783 4455 enim
3814 4403 3907 4457 ba-

2262 4495 2541 4563 ptismum,
2570 4492 2721 4564 quod
2754 4493 2815 4546 in
2851 4491 3123 4546 Trinitate
3152 4491 3278 4546 dari
3307 4495 3580 4559 testetur;
3616 4493 3767 4549 sicut
3791 4495 3905 4566 ipse

521 4577 591 4630 tis
619 4576 897 4645 discipuli,
929 4578 977 4630 si
1014 4577 1352 4632 dilectionem
1391 4578 1690 4633 habueritis
1722 4583 1781 4635 in
1818 4584 2066 4637 invicem.
2095 4585 2163 4639 Et
2181 4594 2241 4666 D
2264 4586 2533 4641 Dominus
2573 4586 2629 4640 in
2659 4585 2769 4640 alio
2795 4587 2915 4640 loco
2947 4585 3085 4640 dicit
3112 4602 3125 4639 :
3153 4588 3385 4641 Joannes
3411 4587 3629 4655 quidem
3656 4589 3899 4658 baptiza-

521 4668 653 4723 ideo
678 4685 809 4723 cum
829 4669 1101 4740 patientia
1128 4687 1229 4725 nos
1255 4676 1590 4742 supportare
1612 4673 1881 4730 debemus
1907 4676 1968 4730 in
2011 4677 2160 4732 invi-

522 4777 668 4828 cem,
700 4762 776 4815 sic
806 4767 870 4816 ut
895 4763 991 4833 qui
1017 4763 1222 4819 viderit
1270 4770 1577 4836 errantem,
1606 4769 1675 4823 ad
1716 4769 1865 4828 viam
1912 4772 2162 4828 veritatis

520 4860 763 4923 revocet,
795 4856 1129 4912 irascentem
1154 4858 1225 4912 ad
1254 4861 1634 4930 concordiam,
1666 4863 1889 4934 lapsum
1916 4866 2157 4937 erigere,

520 4949 808 5004 dolentem
835 4951 1149 5019 consolare,
1174 4953 1444 5008 esurienti
1470 4955 1683 5023 cibum,
1703 4957 1913 5014 sitienti
1930 4965 2157 5031 potum,

518 5043 731 5115 algenti
759 5044 1156 5100 vestimentum
1178 5047 1447 5103 tribuere.
1482 5049 1680 5122 Sicque
1705 5052 1766 5106 fit
1798 5056 1859 5107 ut
1881 5054 2037 5107 omni
2066 5071 2159 5110 ne-

513 5138 787 5193 neccitate
816 5139 1064 5193 fraterna
1095 5142 1431 5197 consolando
1458 5160 1589 5198 cum
1610 5145 1881 5215 patientia
1910 5163 2155 5220 suppor-

514 5238 720 5288 temus.
752 5233 911 5288 UNUM
939 5248 1170 5289 conpes.
1198 5236 1381 5290 Unum
1408 5253 1611 5308 corpus
1638 5239 1776 5294 dicit
1814 5245 2020 5296 sanctae
2062 5245 2157 5298 Ec-

516 5328 721 5395 clesiae,
754 5327 898 5382 sicut
944 5327 1002 5382 in
1051 5329 1161 5383 alio
1193 5330 1315 5384 loco
1357 5331 1682 5411 dicithquia
1727 5351 1894 5389 unum
1942 5353 2152 5408 corpus,

516 5426 567 5474 et
597 5436 737 5474 unus
759 5424 924 5490 panis
953 5438 1136 5477 sumus
1175 5425 1235 5476 in
1262 5425 1493 5481 Christo.
1550 5426 1685 5481 Nam
1716 5445 2045 5501 quanquam
2095 5432 2153 5486 in

515 5509 788 5564 membris
832 5510 1010 5565 divisa
1040 5512 1113 5567 sit
1142 5517 1331 5567 sancta
1378 5514 1635 5584 Ecclesia,
1686 5521 1874 5572 tamen
1917 5519 1975 5573 in
2018 5523 2150 5575 uni-

510 5606 628 5656 tate
674 5602 806 5657 fidei
850 5604 1179 5675 consistens,
1232 5623 1415 5662 unum
1446 5614 1531 5663 est
1574 5625 1797 5681 corpus,
1824 5611 1972 5665 sicut
2001 5612 2152 5669 idem

512 5696 797 5763 apostolus
846 5696 980 5751 dicit
1031 5699 1163 5754 alibi
1200 5717 1212 5753 :
1274 5704 1377 5756 Vos
1422 5705 1548 5757 estis
1597 5718 1791 5772 corpus
1837 5705 2059 5769 Christi,
2102 5714 2153 5763 et

512 5790 752 5842 membra
782 5788 846 5841 de
878 5792 1127 5847 membris
1159 5813 1175 5856 ,-
1216 5793 1430 5848 addidit
1459 5811 1471 5847 :
1504 5795 1652 5853 UNUS
1684 5811 1951 5854 srmrrrs.
2000 5801 2147 5856 Una-

2261 4683 2343 4735 vit
2369 4694 2537 4751 aqua,
2574 4695 2667 4735 vos
2693 4684 2874 4734 autem
2907 4680 3323 4749 baptizabimini
3362 4681 3575 4749 Spiritu
3602 4687 3813 4736 sancto.
3843 4684 3907 4737 Et

2262 4774 2390 4828 ideo
2418 4789 2556 4828 unus
2599 4776 2856 4829 Dominus
2896 4778 2993 4836 est,
3026 4789 3141 4827 una
3189 4773 3342 4842 ﬁdes,
3385 4789 3555 4827 unum
3606 4774 3904 4845 baptisma,

2262 4884 2403 4922 unus
2432 4871 2569 4923 Deus
2597 4872 2646 4923 et
2673 4870 2835 4922 Pater
2882 4870 3140 4930 omnium,
3180 4869 3277 4937 qui
3304 4871 3383 4921 est
3410 4883 3571 4937 super
3618 4884 3825 4934 omnes,
3862 4878 3908 4925 et

2259 4977 2357 5031 per
2382 4964 2582 5025 omnia,
2635 4978 2697 5016 er
2727 4978 2778 5017 IN
2832 4976 3070 5017 OMNIBUS
3118 4976 3297 5016 NOBIS.
3328 4962 3477 5015 Deus
3507 4965 3671 5032 pater
3701 4963 3908 5019 dicitur

2259 5071 2409 5109 unus
2436 5071 2553 5110 esse
2576 5072 2589 5109 :
2611 5058 2667 5109 et
2678 5055 2824 5110 bene
2850 5056 2987 5110 dicit
2998 5057 3163 5110 Pater
3173 5057 3432 5119 omnium,
3454 5055 3591 5126 quia
3608 5057 3781 5112 Pater
3793 5074 3905 5113 om-

2257 5148 2421 5203 nium
2465 5153 2875 5214 creaturarum,
2921 5150 3087 5219 juxta
3137 5150 3289 5220 quod
3318 5149 3592 5220 scriptum
3642 5155 3731 5205 est
3765 5168 3779 5206 ε
3809 5153 3907 5219 Οιιὶ

2256 5248 2438 5298 manet
2464 5246 2521 5297 in
2547 5248 2809 5298 internum
2836 5248 3027 5297 cuncta
3055 5245 3259 5297 creavit
3290 5243 3473 5298 simul.

2327 5337 2467 5401 Quia
2511 5337 2603 5391 hic
2646 5337 2715 5391 de
2742 5336 3014 5392 Trinitate
3042 5336 3258 5391 mentio
3292 5336 3439 5391 facta
3484 5344 3589 5408 est,
3624 5344 3804 5396 restat
3846 5346 3901 5395 ut

2254 5431 2385 5486 inde
2412 5430 2722 5485 restrictius
2738 5430 2953 5501 aliquid
2980 5431 3306 5502 loquamur.
3337 5430 3491 5486 Dixit
3505 5434 3662 5487 enim
3694 5433 3901 5506 primo,

2255 5541 2396 5580 unus
2434 5526 2705 5596 Spiritus;
2746 5525 2951 5580 deinde
3002 5542 3143 5581 unus
3192 5527 3492 5591 Dominus;
3546 5526 3719 5581 tertio
3768 5544 3901 5583 unus

2258 5621 2395 5673 Deus
2424 5624 2474 5673 et
2498 5622 2659 5674 Pater
2685 5620 2943 5673 omnium.
2979 5620 3234 5674 Primum
3256 5618 3444 5690 posuit
3467 5619 3747 5690 Spiritum
3774 5638 3896 5675 san-

2253 5715 2432 5782 ctum,
2465 5713 2667 5769 deinde
2716 5713 2939 5783 Filium,
2970 5713 3136 5768 tertio
3176 5714 3419 5767 Patrem.
3463 5712 3657 5767 Utitur
3681 5714 3788 5770 hoc
3815 5720 3891 5770 te-

2252 5806 2518 5861 stimonio
2547 5812 2739 5862 contra
2790 5807 3007 5875 Arium,
3042 5822 3283 5881 suosque
3329 5805 3565 5873 similes,
3614 5808 3714 5881 qui
3742 5808 3893 5866 dixe-

586 5903 611 5931 ·
638 5905 787 5974 Ergo
803 5909 997 5963 noster
1012 5908 1073 5965 in
1098 5910 1406 5983 Epistolam
1434 5929 1664 5990 quoque
1681 5918 1752 5975 ad
1776 5918 1995 5979 Galatas
2010 5925 2445 5985 commentarios
2471 5926 2794 6004 scripserat.
