4034 6228
89 326 194 376 833

1362 320 1425 375 IN
1466 318 1611 375 CAP.
1656 322 1717 373 l\'
1756 318 1845 372 AD
1886 316 2226 376 EPHESIOS.

3384 322 3484 375 834

92 433 222 483 rant
252 445 267 482 :
314 430 486 483 Pater
526 429 724 498 major,
773 428 938 482 Filius
968 428 1174 496 minor,
1224 428 1463 498 Spiritus
1520 433 1744 482 sanctus
1770 439 1825 511 Α
1847 432 1946 489 tui,
1980 431 2201 483 Patrem
2233 429 2430 500 utique
2458 429 2729 482 insinuat.
2760 429 2827 482 Et
2854 432 2986 483 nota
3007 428 3157 498 quod
3185 425 3318 481 dicit
3347 430 3489 481 Pau-

90 522 404 592 perminor
424 524 585 577 Patre
613 527 669 576 et
696 521 849 575 Filio.
868 523 1044 585 Quem
1068 521 1222 575 enim
1245 522 1334 575 ille
1361 522 1745 592 perminorem

90 616 346 684 dicebat,
384 616 679 687 Apostolus
728 615 979 686 primum
1023 614 1212 686 posuit
1254 631 1384 669 cum
1422 615 1576 681 dicit,
1610 631 1746 669 unus

91 711 367 779 Spiritus.
398 711 758 781 Rursumque
784 726 953 780 quem
982 709 1078 762 ille
1096 708 1377 763 minorem
1404 709 1623 763 dicebat
1650 710 1745 761 Pa-

92 804 185 869 tri,
220 803 283 857 in
313 804 567 857 secundo
617 803 738 857 loco
782 803 970 874 posuit
1014 819 1143 856 cum
1170 802 1333 869 dixit,
1362 818 1500 856 unus
1532 806 1665 857 Deus
1695 806 1745 855 et

92 901 260 951 Pater
290 899 557 959 omnium,
582 900 679 966 qui
702 902 777 951 est
807 912 968 966 super
993 911 1168 950 omnes
1194 901 1244 949 et
1262 911 1363 966 per
1392 897 1593 949 omnia.
1623 896 1744 948 Non

92 992 279 1044 solum
310 994 510 1045 autem
540 991 767 1059 Paulus,
797 1006 997 1044 verum
1024 989 1194 1043 etiam
1220 994 1276 1043 et
1301 993 1525 1043 sanctus
1552 988 1741 1056 David,

93 1090 147 1137 et
174 1084 466 1154 Spiritum
494 1088 755 1138 sanctum
782 1084 1167 1155 praemuniens
1196 1083 1371 1152 [Cod.,
1400 1079 1736 1153 praevidens]

94 1178 395 1249 iidemque
453 1183 660 1232 sanctae
686 1178 973 1233 Trinitatis
1001 1182 1057 1232 et
1076 1177 1357 1232 honorem
1382 1177 1451 1230 ab
1478 1176 1743 1230 haeretica

95 1272 403 1344 pravitate,
442 1273 523 1326 ita
549 1271 849 1341 distinguit
878 1289 891 1325 :
924 1275 1023 1329 Cor
1074 1273 1334 1327 mundum
1383 1286 1506 1325 crea
1535 1272 1594 1324 in
1642 1285 1741 1333 me,

94 1370 252 1428 Deus,
285 1372 341 1420 et
366 1369 621 1436 spiritum
650 1371 850 1420 rectum
882 1369 1076 1420 innova
1100 1369 1158 1420 in
1188 1367 1477 1421 visceribus
1491 1367 1640 1419 meis.
1660 1364 1745 1417 Di-

99 1477 226 1513 cens
252 1462 517 1529 spiritum
548 1466 770 1521 rectum,
803 1460 1046 1513 ostendit
1074 1459 1347 1529 Spiritum
1378 1464 1655 1512 sanctum.
1680 1449 1746 1511 Et

99 1570 228 1606 cum
258 1553 599 1623 subjungit:
633 1556 710 1607 Ne
736 1554 1003 1621 projicias
1030 1569 1112 1606 me
1135 1569 1169 1606 a
1192 1555 1333 1619 facie
1363 1558 1480 1614 tua,
1510 1552 1580 1605 de
1603 1550 1742 1604 Filio

102 1646 253 1700 dicit.
286 1647 431 1700 Cum
454 1662 586 1699 vero
608 1645 779 1699 infert
804 1662 816 1699 :
850 1647 1031 1701 Redde
1058 1647 1194 1699 mihi
1213 1647 1459 1699 laetitiam
1484 1645 1744 1699 salutaris

1846 524 1935 577 lus
1958 539 1971 576 :
2003 525 2108 589 Qui
2139 529 2216 577 est
2240 539 2401 593 super
2424 526 2608 577 omnia
2635 525 2774 576 Deus
2826 523 3132 576 benedictus
3160 526 3217 575 in
3246 523 3443 577 saecula
3466 541 3482 586 ;

1844 633 1958 670 non
1986 617 2085 686 qui
2112 621 2245 671 sunt
2272 617 2368 683 dii,
2398 617 2495 671 sed
2537 616 2634 685 qui
2673 619 2757 670 est
2784 617 2948 670 Deus.
2981 615 3293 669 Prudenter
3319 631 3483 669 nam-

1845 726 1958 780 que
1983 710 2313 764 Trinitatem
2346 709 2621 776 distinxit,
2651 710 2745 763 sed
2775 709 3015 764 ﬁdeliter
3044 709 3227 762 univit
3254 724 3383 762 cum
3410 707 3487 761 di-

1845 803 1959 857 xit:
1992 806 2089 872 qui
2109 819 2270 872 super
2294 819 2492 864 omnes,
2516 803 2571 857 id
2599 807 2699 869 est,
2730 806 2873 857 Deus
2900 804 3062 856 Pater
3085 820 3100 868 ;
3124 808 3174 856 et
3196 818 3357 871 super
3382 818 3489 856 om-

1843 899 1958 963 nia,
1979 898 2126 951 Deus
2142 897 2334 952 Filius.
2366 901 2428 952 In
2453 900 2568 966 ipso
2596 900 2756 959 enim,
2786 896 2865 950 ait
2885 896 3200 967 Apostolus,
3230 898 3482 957 vivimus,

1844 1005 2134 1052 movemur,
2167 996 2217 1044 et
2242 1006 2443 1044 sumus.
2473 993 2545 1045 Et
2571 993 2629 1045 in
2654 991 2917 1051 omnibus,
2961 988 3202 1059 Spiritus
3232 991 3480 1054 sanctus,

1844 1082 1941 1154 qui
1963 1084 2171 1149 vadens
2201 1083 2590 1155 circuiensque
2618 1084 2796 1155 replet
2820 1083 2988 1137 corda
3015 1081 3290 1149 ﬁdelium,
3316 1081 3487 1152 juxta

1843 1178 1998 1248 quod
2032 1177 2307 1247 scriptum
2335 1181 2451 1230 est:
2483 1180 2645 1234 Scitis
2672 1180 2805 1246 quia
2835 1177 3090 1245 templum
3107 1178 3204 1231 Dei
3222 1178 3347 1230 estis
3371 1191 3483 1243 vos,

1844 1275 1896 1324 et
1922 1272 2160 1340 Spiritus
2185 1275 2402 1326 sanctus
2431 1272 2644 1325 habitat
2674 1273 2732 1324 in
2757 1271 2927 1337 vobis,
2956 1272 3053 1339 qui
3078 1274 3153 1323 est
3185 1269 3486 1323 benedictus

1844 1367 1901 1418 in
1924 1366 2153 1423 saecula:
2192 1365 2253 1418 in
2301 1364 2457 1418 omni
2503 1368 2779 1428 creatura,
2808 1364 2869 1417 in
2907 1363 3110 1435 quibus
3138 1362 3402 1417 laudatur
3429 1367 3487 1416 et

1842 1456 2196 1512 benedicitur
2222 1458 2387 1523 Deus,
2405 1458 2549 1511 sicut
2567 1457 2831 1511 scribitur
2846 1457 2905 1510 in
2922 1458 3137 1527 hymno
3155 1456 3329 1511 trium
3351 1472 3486 1526 pue-

1842 1567 2036 1604 rorum
2070 1570 2083 1603 :
2113 1551 2434 1611 Bcnedicite,
2479 1554 2659 1605 omnia
2684 1567 2845 1620 opera
2876 1552 3107 1612 Domini,
3156 1552 3436 1603 Dominum
3465 1568 3480 1614 ;

1846 1645 2073 1699 laudate
2105 1648 2156 1697 et
2184 1645 2586 1714 supereaaltate
2607 1660 2725 1698 eum
2754 1646 2812 1698 in
2838 1644 3052 1698 saecula.

1730 1849 1874 1973 X.

104 2021 321 2084 Lectio
350 2020 661 2104 Epistolas
698 2022 873 2086 beati
904 2022 1089 2088 Pauli
1116 2024 1394 2106 apostoli
1425 2025 1505 2087 ad
1541 2022 1859 2165 Ephetsios
1903 2024 2009 2165 (ἓν,
2044 2028 2147 2104 23)
2184 2044 2196 2085 :
2234 2023 2518 2097 Fratres,
2542 2022 2960 2085 renovamini
2984 2024 3223 2104 spiritu
3252 2024 3507 2086 mentis

1596 2123 1705 2165 ves
1735 2122 1849 2165 rae.
1881 2122 1917 2165 e
1949 2124 2003 2165 c.

1596 2122 1849 2180 vestrae,
1881 2122 2003 2166 etc.

1396 2213 1748 2270 EXPOSITIO
1788 2215 2206 2270 LUCULENTI].

174 2300 461 2355 Renovari
478 2302 748 2373 praecepit
774 2304 1066 2374 Apostolus
1085 2303 1283 2375 spiritu
1302 2304 1508 2357 mentis
1526 2309 1742 2373 vestrm,
1767 2317 1823 2388 Β
1847 2304 2013 2368 Quasi
2050 2308 2268 2358 creatus
2294 2303 2518 2373 dicitur,
2561 2303 2847 2374 quomodo
2891 2302 3158 2356 mundus.
3196 2302 3302 2364 Qui
3327 2302 3481 2356 enim

106 2393 169 2446 de
190 2409 306 2464 quo
337 2394 477 2447 alibi
511 2411 523 2447 :
554 2397 614 2452 Si
639 2399 871 2451 exterior
897 2399 1050 2451 homo
1080 2402 1259 2452 noster
1287 2400 1671 2466 corrumpitur,
1702 2400 1747 2451 is

104 2490 199 2554 qui
227 2488 378 2541 intus
426 2493 501 2542 est
549 2494 854 2543 renovatur.
912 2491 977 2543 Et
1006 2495 1154 2544 recte
1190 2491 1325 2544 dicit
1356 2509 1369 2544 :
1401 2492 1746 2545 Rexovwm

106 2593 319 2635 senum
352 2596 546 2635 MEXTIS
576 2598 824 2651 vasum;
859 2583 992 2653 quia
1021 2600 1124 2637 nec
1152 2584 1208 2636 in
1238 2601 1402 2637 sensu
1430 2584 1549 2638 sine
1580 2584 1741 2654 spiri-

107 2676 185 2737 tu,
211 2690 319 2727 nec
344 2674 408 2727 in
435 2675 635 2745 spiritu
666 2677 784 2729 sine
816 2694 983 2730 sensu
1024 2693 1379 2731 renovamur.
1414 2678 1567 2731 Sicut
1594 2678 1746 2731 enim

104 2765 404 2836 psallimus
429 2769 651 2839 spiritu,
683 2770 991 2840 psallamus
1027 2776 1083 2824 et
1112 2776 1297 2825 mente
1329 2788 1342 2836 ;
1376 2787 1603 2824 oramus
1629 2771 1742 2841 spi—

108 2860 236 2929 ritu,
270 2868 327 2915 et
358 2868 548 2916 mente
576 2880 803 2917 oremus
834 2882 848 2931 ;
878 2864 953 2918 ita
973 2864 1227 2918 renovari
1260 2865 1530 2918 debemus
1552 2882 1742 2932 sensu,

107 2959 166 3007 ut
190 2971 325 3008 cum
372 2955 489 3026 ipse
518 2957 763 3011 mundus
812 2958 985 3011 fuerit
1011 2963 1179 3029 atque
1206 2964 1503 3029 purgatus,
1538 2958 1740 3028 adjun-

112 3054 272 3119 gatur
299 3049 350 3103 ei
385 3055 438 3103 et
464 3056 764 3105 renovatus
785 3051 1035 3122 spiritus.
1059 3052 1221 3115 Quod
1248 3053 1346 3123 qui
1380 3052 1599 3115 fecerit,
1622 3052 1745 3122 jam

110 3157 218 3194 non
239 3143 485 3213 simpltx
513 3144 633 3213 ejus
663 3144 891 3215 spiritus
918 3145 1142 3209 dicitur,
1174 3146 1270 3199 sed
1289 3145 1520 3216 spiritus
1547 3163 1745 3199 sensus

114 3234 312 3289 dicitur
340 3253 480 3291 esse.
517 3239 589 3292 Er
618 3254 834 3293 monre
865 3254 1049 3293 NOVUM
1076 3254 1320 3293 HOMINEM
1350 3255 1440 3301 om
1460 3255 1743 3294 SECl'NDUM

116 3323 261 3379 Βειίι
290 3341 533 3381 cucurs
566 3343 679 3381 EST.
713 3327 771 3381 ld
799 3328 984 3398 ipsum
1016 3328 1151 3381 mibi
1180 3328 1400 3382 videtur
1430 3345 1548 3382 esse
1595 3328 1743 3399 quod

117 3416 241 3472 dicit
266 3423 323 3473 et
375 3420 506 3473 alibi
539 3436 551 3473 :
599 3422 903 3475 Imluimini
937 3438 1027 3475 vos
1060 3424 1331 3479 Christum
1366 3426 1565 3490 Jesum,
1601 3439 1741 3493 quo-

114 3511 265 3565 niam
295 3530 494 3567 omnes
522 3514 711 3567 ﬁdeles
741 3515 1031 3569 Christum
1060 3515 1322 3580 induunt,
1348 3521 1403 3569 et
1430 3516 1638 3570 dicitur
1666 3518 1745 3570 eis

115 3604 177 3657 ab
203 3607 472 3676 Apostolo
499 3624 510 3660 :
540 3608 1149 3677 Quotquotcredidistis.
1174 3612 1447 3666 Christum
1470 3611 1742 3665 induistis.

1846 2403 1974 2452 ante
2003 2398 2208 2451 saecula
2232 2399 2379 2451 Deus
2403 2414 2517 2451 una
2538 2414 2667 2450 cum
2694 2398 2859 2451 Patre
2888 2395 3125 2462 exstitit,
3147 2396 3290 2449 sicut
3308 2395 3485 2449 habes

1848 2490 1905 2543 in
1939 2491 2222 2561 Sapientia
2250 2508 2262 2544 :
2302 2494 2557 2546 Dominus
2594 2491 2834 2561 possedit
2859 2506 2943 2543 me
2979 2492 3037 2542 in
3084 2491 3240 2542 initio
3268 2492 3481 2543 viarum

1845 2600 2065 2639 suarum
2098 2604 2114 2648 ;
2146 2585 2204 2638 in
2232 2585 2343 2638 ﬁne
2370 2585 2705 2638 surculorum
2739 2600 2939 2647 novus,
2970 2598 3147 2636 novus
3193 2582 3364 2636 homo
3393 2599 3481 2636 se-

1846 2679 2097 2733 cundum
2143 2680 2319 2733 Deum
2348 2683 2568 2732 creatus
2599 2684 2698 2731 est.
2747 2678 2850 2731 Sed
2885 2676 3235 2730 contrarium
3264 2676 3486 2730 videtur

1846 2772 1975 2826 fidei
2004 2776 2231 2841 nostrzr,
2261 2789 2433 2844 quam
2459 2772 2795 2825 conﬁtemur
2820 2770 3066 2824 dicentes
3095 2786 3109 2823 :
3137 2771 3307 2825 Filius
3328 2786 3362 2823 a
3382 2772 3485 2824 Pa-

1847 2871 1927 2920 tre
1951 2868 2061 2921 solo
2091 2872 2187 2927 cst,
2216 2883 2322 2920 non
2365 2869 2570 2933 factus,
2598 2881 2703 2919 non
2746 2869 2954 2919 creatus
2989 2864 3085 2917 sed
3114 2866 3343 2932 genitus.
3378 2864 3482 2917 Sed

1846 2981 2088 3035 semper,
2121 2968 2183 3018 ut
2210 2980 2358 3036 saepe
2385 2964 2599 3018 dictum
2626 2966 2726 3031 est,
2756 2963 2893 3016 duas
2922 2967 3152 3016 naturas
3174 2961 3232 3015 in
3258 2961 3358 3016 Dei
3389 2962 3475 3013 Fi-

1845 3063 1919 3117 lio
1952 3062 2267 3133 intelligere
2300 3061 2588 3129 debemus,
2638 3060 2885 3115 divinam
2916 3059 3128 3114 scilicet
3171 3064 3342 3130 atque
3369 3058 3480 3112 hu-

1846 3173 2075 3211 manam
2108 3174 2123 3225 ;
2166 3156 2435 3221 divinam,
2463 3156 2520 3208 in
2560 3171 2671 3225 qua
2701 3153 2933 3224 aequalis
2958 3158 3043 3207 est
3069 3153 3241 3221 Patri,
3272 3153 3343 3206 in'
3368 3168 3481 3223 qua

1846 3267 1948 3305 nec
1975 3250 2153 3304 factus
2181 3266 2283 3304 nec
2312 3254 2533 3303 creatus
2558 3254 2642 3302 est
2671 3266 2684 3313 ;
2716 3247 3027 3314 humanam,
3051 3250 3109 3301 in
3129 3263 3239 3317 qua
3262 3248 3328 3301 de
3353 3263 3473 3301 ma-

1847 3350 1926 3400 tre
1953 3349 2114 3399 natus
2138 3350 2213 3399 est
2242 3345 2432 3397 homo.
2465 3343 2733 3398 Ordinem
2757 3342 2991 3413 exponit
3017 3341 3303 3412 quomodo
3326 3357 3382 3396 IN
3402 3358 3487 3396 1U.

1848 3455 2019 3493 snru
2052 3453 2113 3493 ET
2160 3454 2483 3493 SANCTITATE
2512 3453 2572 3491 ET
2622 3452 2898 3491 VERITATE.
2951 3437 3110 3489 Jesus
3144 3452 3284 3506 ergo
3315 3434 3484 3489 Filius

1847 3532 1945 3585 Dei
1983 3532 2043 3584 in
2092 3531 2311 3601 justitia
2339 3536 2393 3584 et
2442 3531 2733 3584 sanctitate
2777 3534 2997 3584 creatus
3045 3534 3150 3596 est,
3180 3528 3311 3598 quia
3340 3529 3484 3583 Deus

1847 3626 1964 3679 veri
1991 3626 2087 3679 Dei
2114 3625 2286 3680 Filius
2313 3628 2412 3677 est.
2452 3625 2514 3676 Et
2544 3628 2675 3677 nota
2703 3639 2715 3676 :
2762 3622 2961 3692 religio
2987 3626 3155 3692 atque
3175 3621 3397 3691 justitia
3424 3622 3485 3676 in

116 3702 247 3757 Nam
268 3709 324 3757 et
351 3704 529 3758 sancti
558 3706 959 3760 indumentum
990 3707 1210 3761 Domini
1241 3707 1527 3762 interdum
1555 3709 1748 3763 dicun-
1768 3689 1823 3763 C
1847 3720 1943 3773 illo
1968 3737 2097 3773 cum
2125 3718 2353 3772 veritate
2373 3717 2650 3787 completa
2676 3718 2790 3783 est;
2842 3689 2894 3769 (οξ
2924 3715 3047 3769 ideo
3062 3689 3217 3768 Leni;
3242 3714 3301 3767 in
3322 3714 3487 3784 justi.

121 3800 223 3865 tur,
246 3798 392 3852 sicut
419 3799 554 3853 alibi
584 3800 719 3854 dicit
752 3819 764 3854 :
806 3802 936 3855 Viro
980 3818 1094 3870 ego,
1124 3801 1258 3855 dicit
1299 3805 1575 3864 Dominus,
1618 3805 1747 3871 quia

1847 3813 1945 3879 tia,
1975 3812 2107 3883 quia
2137 3810 2416 3865 maculam
2451 3808 2663 3880 peccati
2692 3824 2809 3861 non
2840 3807 3041 3861 habuit
3076 3825 3089 3874 ;
3113 3808 3322 3878 justus,
3351 3807 3485 3878 quia

119 3892 353 3947 omnibus
375 3895 459 3947 his
486 3894 635 3947 velut
656 3900 1027 3949 ornamentum
1058 3898 1289 3949 vestiris.
1324 3896 1509 3949 Sancti
1557 3900 1746 3949 autem
1841 3906 2119 3977 justitiam
2174 3904 2400 3975 diligit;
2432 3907 2675 3968 sanctus,
2722 3903 2867 3955 sicut
2912 3901 3032 3973 ipse
3081 3901 3248 3955 dicit:
3296 3903 3483 3958 Sancti

122 3982 358 4040 induunt
398 3987 723 4053 Dominum,
763 3989 899 4042 dum
928 3995 1202 4043 renovant
1236 3989 1501 4060 spiritum
1546 3990 1750 4043 mentis

122 4093 247 4132 suae.
264 4080 328 4133 Et
348 4086 496 4136 recte
513 4097 722 4135 novum
744 4082 1039 4137 hominem
1060 4083 1194 4137 dicit
1211 4082 1513 4138 Dominum
1534 4084 1743 4151 Jesum,

124 4172 251 4240 quia
275 4191 458 4228 novus
486 4175 656 4229 homo
694 4176 847 4230 venit
879 4177 937 4230 in
968 4177 1269 4244 mundum,
1301 4194 1445 4231 nova
1472 4181 1750 4248 prmcepta

122 4263 268 4319 dedit
293 4268 535 4323 mundo.
566 4270 718 4324 Nova
732 4271 942 4325 etenim
957 4271 1062 4325 fuit
1083 4271 1397 4343 conceptio,
1417 4276 1632 4342 partus,
1655 4288 1749 4325 na-

123 4357 317 4429 tivitas,
363 4363 731 4434 baptismum,
761 4364 1033 4432 doctrina,
1064 4365 1266 4436 passio,
1302 4382 1475 4435 mors,
1506 4381 1750 4420 resurre-

126 4452 249 4523 ctio,
277 4459 334 4509 et
354 4456 415 4509 in
437 4457 589 4509 ccelis
610 4458 878 4512 ascensio.
907 4459 1189 4529 Quidquid
1208 4460 1264 4513 in
1285 4459 1382 4513 illo
1408 4459 1747 4527 consideres,

124 4544 178 4598 in
206 4555 493 4620 assumpto
528 4551 758 4605 homine
788 4557 1007 4607 tantum
1035 4553 1252 4607 novitas
1276 4553 1402 4606 fuit.
1444 4553 1555 4616 Qui
1599 4554 1751 4607 enim

128 4637 178 4691 in
216 4658 311 4695 sua
331 4644 482 4698 Deus
503 4648 633 4699 ante
661 4646 864 4700 smcula
888 4647 1120 4715 exstitit,
1138 4647 1198 4700 in
1225 4648 1336 4701 ﬁne
1362 4648 1530 4701 seculi
1559 4647 1615 4701 in
1628 4664 1753 4702 nos-

126 4735 204 4786 tra
230 4753 411 4791 novus
460 4739 632 4793 homo
659 4741 941 4811 apparuit.
988 4742 1167 4805 Quem
1198 4758 1411 4795 novum
1456 4742 1751 4796 hominem

125 4829 241 4883 novi
292 4832 554 4886 homines
584 4833 745 4888 indui
789 4835 1016 4902 debent,
1052 4852 1184 4889 eum
1225 4836 1518 4903 imitando,
1548 4840 1614 4890 ut
1641 4838 1753 4890 sint

128 4927 419 4997 mansueti,
448 4928 633 4997 mites,
658 4928 921 4996 humiles,
943 4929 1354 4997 misericordes,
1377 4946 1492 4984 non
1518 4931 1753 4986 redden-

1849 4004 2030 4062 estote,
2062 4001 2192 4069 quia
2236 4003 2285 4052 et
2310 4014 2402 4067 ego
2432 4003 2648 4052 sanctus
2689 4012 2806 4050 sum
2836 3998 3091 4050 Domi-nus
3122 3999 3257 4050 Deus
3291 4000 3478 4050 vester.

1851 4096 1915 4149 Et
1936 4094 2157 4162 veritas,
2192 4109 2320 4146 cum
2344 4091 2509 4146 dicit:
2541 4094 2651 4160 Ego
2678 4106 2796 4144 sum
2816 4093 2928 4153 via,
2954 4092 3153 4144 veritas
3182 4094 3233 4144 et
3260 4092 3396 4144 vita.

1922 4190 2171 4243 PROPTER
2217 4203 2361 4250 Ql’OD
2414 4200 2758 4241 DEPONENTES
2808 4198 3145 4247 MENDACIL’M,
3201 4198 3485 4247 LOQUIMINI

1850 4299 2149 4337 YERITATEM
2177 4296 2553 4345 l'NL’SQUlSQl'E
2595 4296 2703 4335 Cl'M
2736 4295 2981 4335 PROXIMO
3021 4294 3144 4333 ειό.
3186 4279 3488 4350 PrOpterea

1850 4377 1983 4448 quia
2009 4393 2217 4430 novum
2258 4375 2549 4430 hominem
2576 4373 2735 4427 indui
2764 4373 2997 4440 debetis,
3026 4372 3211 4443 primo
3248 4372 3481 4427 menda-

1852 4470 2000 4525 cium
2021 4470 2302 4541 deponere
2332 4468 2563 4536 debetis,
2594 4472 2647 4521 et
2666 4467 2965 4521 veritatem
2992 4464 3163 4535 loqui.
3188 4465 3377 4519 Simile
3401 4471 3487 4521 est

1851 4564 2001 4635 quod
2028 4562 2307 4635 peccatori
2338 4560 2472 4616 dicit
2502 4565 2725 4614 sanctus
2767 4559 2933 4613 David
2965 4575 2978 4611 :
3016 4558 3233 4612 Declina
3254 4575 3288 4610 a
3316 4559 3481 4619 malo,

1851 4663 1900 4711 et
1923 4659 2016 4724 fac
2041 4657 2253 4709 bonum.
2286 4656 2351 4708 Et
2377 4654 2527 4707 idem
2558 4653 2839 4723 apostolus
2866 4651 2935 4705 ad
2961 4651 3151 4704 Titum
3180 4668 3193 4705 :
3231 4653 3297 4706 Ut
3321 4652 3480 4707 abne-

1850 4756 2035 4819 gantes
2076 4750 2405 4817 impietatem
2446 4751 2496 4800 et
2545 4746 2830 4800 saecularia
2868 4744 3155 4799 desideria.
3188 4746 3385 4799 Petrus
3409 4745 3483 4801 ad

1852 4859 2070 4914 sparsos
2104 4842 2295 4912 (Epist.
2323 4843 2368 4903 Ι,
2398 4855 2479 4901 ιιι,
2515 4840 2598 4908 10)
2634 4856 2646 4893 :
2687 4841 2791 4907 Qui
2817 4838 2936 4893 vult
2962 4841 3134 4892 vitam
3179 4839 3403 4909 diligere
3434 4844 3486 4894 et

1852 4936 2035 4991 videre
2062 4936 2174 4990 dies
2200 4935 2377 4996 bonos,
2414 4937 2648 4988 coerceat
2675 4934 2917 5002 linguam
2944 4947 3100 4987 suam
3125 4949 3161 4987 a
3185 4934 3349 4988 malo.
3395 4932 3484 4989 Sic

129 5017 440 5132 tesLmalum
467 5037 571 5091 pro
601 5023 772 5087 malo,
797 5024 883 5077 vel
908 5023 1270 5079 maledictum
1300 5041 1404 5095 pro
1428 5024 1745 5093 maledicto,
1768 5060 1828 5132 D
1853 5036 1908 5085 et
1934 5030 2029 5084 hic
2051 5030 2395 5099 deponentes
2422 5026 2798 5081 mendacium.
2828 5027 3174 5082 Mendacium
3202 5033 3287 5082 est
3312 5043 3484 5083 omne

129 5111 179 5162 et
201 5109 283 5166 his
301 5113 509 5169 similia
536 5132 646 5186 que
670 5116 790 5187 ipse
803 5115 969 5187 jubet
993 5116 1305 5188 implendo.
1350 5118 1505 5182 Quod
1543 5118 1642 5190 qui
1674 5119 1751 5173 fe-

130 5208 317 5279 cerint,
340 5212 661 5267 induuntur
685 5230 899 5268 novum
925 5214 1218 5269 hominem
1240 5215 1548 5284 Christum,
1578 5222 1635 5272 et
1660 5234 1749 5272 va-

130 5294 238 5353 lent
256 5301 441 5357 dicere
464 5319 477 5356 :
516 5306 653 5360 Vivo
677 5307 857 5359 autem
872 5305 999 5372 jam
1014 5320 1124 5358 non
1141 5320 1256 5375 ego,
1283 5307 1421 5360 vivit
1443 5322 1566 5361 vero
1583 5308 1644 5360 in
1668 5323 1751 5361 me

131 5390 377 5460 Christus,
410 5413 503 5460 ori
534 5412 818 5454 SECUNDUM
850 5399 1003 5453 DEUM
1034 5413 1271 5454 caurus
1302 5414 1416 5454 esr.

193 5485 323 5544 Nota
348 5491 482 5562 quia
511 5490 572 5545 in
598 5491 901 5563 Scripturis
929 5491 1097 5546 sacris
1123 5508 1239 5547 non
1265 5493 1333 5547 de
1349 5492 1623 5561 minimis,
1652 5493 1750 5547 sed

132 5575 192 5631 de
232 5585 470 5639 summis
497 5587 556 5639 et
591 5586 896 5657 praecipuis
923 5584 1298 5641 creationibus
1327 5586 1615 5642 invenitur
1642 5602 1746 5641 no-

133 5684 270 5730 men.
297 5678 459 5733 Verbi
482 5678 700 5750 gratia:
729 5682 951 5735 creatus
970 5682 1053 5734 est
1079 5679 1349 5750 mundus,
1375 5679 1646 5736 aediﬁcata
1666 5684 1751 5735 est

135 5760 320 5826 domus
344 5815 357 5842 ,
392 5772 622 5829 condita
666 5778 749 5829 est
794 5774 952 5829 urbs.
1006 5773 1309 5829 Considera
1359 5774 1639 5845 ordinem,
1693 5778 1750 5829 et

134 5856 245 5916 Vide
292 5865 748 5941 magnitudinem
802 5872 1155 5943 assumptum
1198 5867 1497 5925 hominem
1547 5868 1744 5929 Deum.

1850 5124 2085 5179 verbum
2107 5122 2381 5177 dolosum.
2408 5119 2756 5192 Augustinus
2775 5119 2909 5175 dicit
2928 5137 3096 5175 omne
3121 5120 3483 5176 mendacium

1849 5220 2142 5289 peccatum
2171 5229 2311 5269 esse.
2350 5213 2497 5268 Audi
2524 5217 2579 5267 et
2601 5212 2753 5266 aliud
2783 5229 2795 5266 :
2848 5213 3028 5270 Odisti
3048 5229 3224 5268 omnes
3243 5215 3340 5283 qui
3361 5228 3482 5283 ope-

1848 5315 2045 5365 rantur
2080 5310 2445 5379 iniquitatem.
2478 5305 2810 5363 Proximum
2852 5305 2958 5360 hoc
3006 5305 3067 5360 in
3095 5307 3215 5361 loco
3240 5322 3483 5361 consan-

1851 5406 2146 5477 guineum,
2178 5402 2266 5457 vel
2294 5399 2702 5473 propinquum,
2731 5402 2829 5453 aut
2862 5399 3111 5453 vicinum
3152 5405 3374 5454 tantum
3401 5398 3484 5454 ins

1850 5496 2103 5570 telligere
2123 5513 2237 5551 non
2268 5495 2540 5551 debemus
2569 5510 2585 5561 ;
2617 5489 2715 5548 sed
2743 5507 2974 5547 omnem
2996 5492 3289 5547 hominem
3311 5507 3328 5562 ;
3350 5493 3482 5549 alio-

1849 5592 1989 5665 quin
2014 5591 2109 5663 qui
2124 5589 2420 5663 proximus
2446 5605 2558 5643 non
2574 5592 2659 5643 est
2674 5585 2840 5643 debet
2858 5585 3220 5641 mendacium
3242 5586 3439 5643 audire
3452 5586 3481 5643 τ

1848 5702 1964 5741 non
1990 5685 2206 5757 utique.
2239 5684 2296 5740 Si
2333 5682 2487 5739 enim
2529 5681 2857 5754 proximum
2892 5680 3378 5751 consanguineum
3418 5684 3484 5736 ut

1848 5774 2237 5847 propinquum
2254 5773 2570 5846 intelligere
2596 5774 2820 5827 tantum
2847 5770 3137 5837 debemus,
3164 5768 3299 5841 quid
3320 5768 3481 5825 facie-

1849 5884 1977 5925 mus
1994 5868 2063 5924 de
2088 5884 2201 5943 quo
2228 5867 2364 5925 alibi
2389 5867 2602 5927 dictum
2622 5870 2723 5937 est,
2748 5868 2869 5925 Non
2896 5864 3231 5922 adulterabis
3259 5880 3479 5929 umorem
