  <div class='ocr_page' id='page_1' title='image "/cluster/home/n/w/nwhite01/storage/ocr_20150623/72/uva.x000827084/611.png"; bbox 0 0 4034 6228; ppageno 0'>
   <div class='ocr_carea' id='block_1_1' title="bbox 545 298 648 357">
    <p class='ocr_par' dir='ltr' id='par_1_1' title="bbox 545 298 648 357">
     <span class='ocr_line' id='line_1_1' title="bbox 545 298 648 357; baseline 0 0"><span class='ocrx_word' id='word_1_1' title='bbox 545 298 648 357; x_wconf 72' lang='lat'>835</span> 
     </span>
    </p>
   </div>
   <div class='ocr_carea' id='block_1_2' title="bbox 2030 294 2427 355">
    <p class='ocr_par' dir='ltr' id='par_1_2' title="bbox 2030 294 2427 355">
     <span class='ocr_line' id='line_1_2' title="bbox 2030 294 2427 355; baseline 0 -2"><span class='ocrx_word' id='word_1_2' title='bbox 2030 294 2427 355; x_wconf 82' lang='lat' dir='ltr'><strong>LUCULENTII</strong></span> 
     </span>
    </p>
   </div>
   <div class='ocr_carea' id='block_1_3' title="bbox 3822 298 3929 351">
    <p class='ocr_par' dir='ltr' id='par_1_3' title="bbox 3822 298 3929 351">
     <span class='ocr_line' id='line_1_3' title="bbox 3822 298 3929 351; baseline -0.028 0"><span class='ocrx_word' id='word_1_3' title='bbox 3822 298 3929 351; x_wconf 78' lang='lat'>836</span> 
     </span>
    </p>
   </div>
   <div class='ocr_carea' id='block_1_4' title="bbox 540 402 3928 494">
    <p class='ocr_par' dir='ltr' id='par_1_4' title="bbox 540 402 3928 494">
     <span class='ocr_line' id='line_1_4' title="bbox 540 402 3928 494; baseline -0.002 -30"><span class='ocrx_word' id='word_1_4' title='bbox 540 413 779 482; x_wconf 63' lang='lat' dir='ltr'>proximi</span> <span class='ocrx_word' id='word_1_5' title='bbox 806 412 890 465; x_wconf 88' lang='lat' dir='ltr'>tui</span> <span class='ocrx_word' id='word_1_6' title='bbox 914 412 942 463; x_wconf 86' lang='lat'><strong><em>?</em></strong></span> <span class='ocrx_word' id='word_1_7' title='bbox 972 408 1028 465; x_wconf 89' lang='lat' dir='ltr'>Si</span> <span class='ocrx_word' id='word_1_8' title='bbox 1058 406 1383 481; x_wconf 87' lang='lat' dir='ltr'>proximum</span> <span class='ocrx_word' id='word_1_9' title='bbox 1399 402 2177 481; x_wconf 86' lang='lat' dir='ltr'>consanguineumintelligis</span> <span class='ocrx_word' id='word_1_10' title='bbox 2199 424 2257 494; x_wconf 76' lang='grc' dir='ltr'><strong>Α</strong></span> <span class='ocrx_word' id='word_1_11' title='bbox 2277 425 2450 480; x_wconf 85' lang='lat' dir='ltr'>quem</span> <span class='ocrx_word' id='word_1_12' title='bbox 2479 408 2681 478; x_wconf 88' lang='lat' dir='ltr'>Aquila</span> <span class='ocrx_word' id='word_1_13' title='bbox 2706 410 3026 478; x_wconf 83' lang='lat' dir='ltr'>apostatam</span> <span class='ocrx_word' id='word_1_14' title='bbox 3058 404 3348 461; x_wconf 76' lang='lat' dir='ltr'>transtulit</span> <span class='ocrx_word' id='word_1_15' title='bbox 3381 423 3395 459; x_wconf 92' lang='lat'>:</span> <span class='ocrx_word' id='word_1_16' title='bbox 3428 404 3519 460; x_wconf 91' lang='lat' dir='ltr'>cui</span> <span class='ocrx_word' id='word_1_17' title='bbox 3548 405 3743 459; x_wconf 89' lang='lat' dir='ltr'>locum</span> <span class='ocrx_word' id='word_1_18' title='bbox 3788 404 3928 458; x_wconf 86' lang='lat' dir='ltr'>dare</span> 
     </span>
    </p>
   </div>
   <div class='ocr_carea' id='block_1_5' title="bbox 545 502 2178 574">
    <p class='ocr_par' dir='ltr' id='par_1_5' title="bbox 545 502 2178 574">
     <span class='ocr_line' id='line_1_5' title="bbox 545 502 2178 574; baseline -0.001 -15"><span class='ocrx_word' id='word_1_19' title='bbox 545 505 922 574; x_wconf 88' lang='lat' dir='ltr'>solummodo,</span> <span class='ocrx_word' id='word_1_20' title='bbox 956 504 1178 557; x_wconf 89' lang='lat' dir='ltr'>videtur</span> <span class='ocrx_word' id='word_1_21' title='bbox 1207 502 1339 556; x_wconf 88' lang='lat' dir='ltr'>dare</span> <span class='ocrx_word' id='word_1_22' title='bbox 1394 502 1473 556; x_wconf 88' lang='lat' dir='ltr'>illi</span> <span class='ocrx_word' id='word_1_23' title='bbox 1506 502 1792 557; x_wconf 87' lang='lat' dir='ltr'>licentiam</span> <span class='ocrx_word' id='word_1_24' title='bbox 1836 519 1969 557; x_wconf 89' lang='lat' dir='ltr'>cum</span> <span class='ocrx_word' id='word_1_25' title='bbox 1998 508 2178 558; x_wconf 85' lang='lat' dir='ltr'>extra-</span> 
     </span>
    </p>
   </div>
   <div class='ocr_carea' id='block_1_6' title="bbox 545 595 2178 652">
    <p class='ocr_par' dir='ltr' id='par_1_6' title="bbox 545 595 2178 652">
     <span class='ocr_line' id='line_1_6' title="bbox 545 595 2178 652; baseline -0.001 0"><span class='ocrx_word' id='word_1_26' title='bbox 545 598 665 652; x_wconf 91' lang='lat' dir='ltr'>neis</span> <span class='ocrx_word' id='word_1_27' title='bbox 678 598 1008 652; x_wconf 82' lang='lat' dir='ltr'>mulieribus</span> <span class='ocrx_word' id='word_1_28' title='bbox 1030 595 1461 651; x_wconf 90' lang='lat' dir='ltr'>concumbendi.</span> <span class='ocrx_word' id='word_1_29' title='bbox 1480 597 1547 649; x_wconf 88' lang='lat' dir='ltr'>Et</span> <span class='ocrx_word' id='word_1_30' title='bbox 1560 613 1691 652; x_wconf 86' lang='lat' dir='ltr'>vere</span> <span class='ocrx_word' id='word_1_31' title='bbox 1713 613 1909 651; x_wconf 90' lang='lat' dir='ltr'>omnes</span> <span class='ocrx_word' id='word_1_32' title='bbox 1931 597 2178 652; x_wconf 87' lang='lat' dir='ltr'>adulteri</span> 
     </span>
    </p>
   </div>
   <div class='ocr_carea' id='block_1_7' title="bbox 544 690 2174 763">
    <p class='ocr_par' dir='ltr' id='par_1_7' title="bbox 544 690 2174 763">
     <span class='ocr_line' id='line_1_7' title="bbox 544 690 2174 763; baseline -0.002 -17"><span class='ocrx_word' id='word_1_33' title='bbox 544 692 614 746; x_wconf 93' lang='lat' dir='ltr'>ad</span> <span class='ocrx_word' id='word_1_34' title='bbox 642 708 869 763; x_wconf 76' lang='lat' dir='ltr'>poenam</span> <span class='ocrx_word' id='word_1_35' title='bbox 896 691 1109 744; x_wconf 85' lang='lat' dir='ltr'>vadunt</span> <span class='ocrx_word' id='word_1_36' title='bbox 1142 706 1153 742; x_wconf 93' lang='lat'>:</span> <span class='ocrx_word' id='word_1_37' title='bbox 1185 694 1240 742; x_wconf 90' lang='lat' dir='ltr'>et</span> <span class='ocrx_word' id='word_1_38' title='bbox 1266 691 1623 754; x_wconf 80' lang='lat' dir='ltr'>fornicatores</span> <span class='ocrx_word' id='word_1_39' title='bbox 1649 695 1697 743; x_wconf 87' lang='lat' dir='ltr'>et</span> <span class='ocrx_word' id='word_1_40' title='bbox 1726 692 2002 745; x_wconf 82' lang='lat' dir='ltr'>adulteros</span> <span class='ocrx_word' id='word_1_41' title='bbox 2021 690 2174 759; x_wconf 84' lang='lat' dir='ltr'>judi-</span> 
     </span>
    </p>
   </div>
   <div class='ocr_carea' id='block_1_8' title="bbox 544 781 2175 853">
    <p class='ocr_par' dir='ltr' id='par_1_8' title="bbox 544 781 2175 853">
     <span class='ocr_line' id='line_1_8' title="bbox 544 781 2175 853; baseline -0.001 -14"><span class='ocrx_word' id='word_1_42' title='bbox 544 786 687 839; x_wconf 88' lang='lat' dir='ltr'>cabit</span> <span class='ocrx_word' id='word_1_43' title='bbox 716 790 872 839; x_wconf 87' lang='lat' dir='ltr'>Deus.</span> <span class='ocrx_word' id='word_1_44' title='bbox 906 785 1051 853; x_wconf 86' lang='lat' dir='ltr'>Ergo</span> <span class='ocrx_word' id='word_1_45' title='bbox 1082 781 1408 852; x_wconf 86' lang='lat' dir='ltr'>proximum</span> <span class='ocrx_word' id='word_1_46' title='bbox 1439 799 1668 837; x_wconf 92' lang='lat' dir='ltr'>omnem</span> <span class='ocrx_word' id='word_1_47' title='bbox 1700 784 1990 837; x_wconf 86' lang='lat' dir='ltr'>hominem</span> <span class='ocrx_word' id='word_1_48' title='bbox 2011 784 2175 837; x_wconf 88' lang='lat' dir='ltr'>intel-</span> 
     </span>
    </p>
   </div>
   <div class='ocr_carea' id='block_1_9' title="bbox 545 875 2174 948">
    <p class='ocr_par' dir='ltr' id='par_1_9' title="bbox 545 875 2174 948">
     <span class='ocr_line' id='line_1_9' title="bbox 545 875 2174 948; baseline 0 -18"><span class='ocrx_word' id='word_1_49' title='bbox 545 878 646 948; x_wconf 81' lang='lat' dir='ltr'>ligi</span> <span class='ocrx_word' id='word_1_50' title='bbox 677 877 859 944; x_wconf 84' lang='lat' dir='ltr'>debet,</span> <span class='ocrx_word' id='word_1_51' title='bbox 889 892 1019 929; x_wconf 91' lang='lat' dir='ltr'>cum</span> <span class='ocrx_word' id='word_1_52' title='bbox 1052 891 1185 945; x_wconf 88' lang='lat' dir='ltr'>quo,</span> <span class='ocrx_word' id='word_1_53' title='bbox 1220 875 1413 929; x_wconf 89' lang='lat' dir='ltr'>relicto</span> <span class='ocrx_word' id='word_1_54' title='bbox 1441 876 1756 944; x_wconf 88' lang='lat' dir='ltr'>mendacio,</span> <span class='ocrx_word' id='word_1_55' title='bbox 1778 878 2073 930; x_wconf 77' lang='lat' dir='ltr'>veritatem</span> <span class='ocrx_word' id='word_1_56' title='bbox 2097 878 2174 930; x_wconf 94' lang='lat' dir='ltr'>lo-</span> 
     </span>
    </p>
   </div>
   <div class='ocr_carea' id='block_1_10' title="bbox 545 969 2179 1042">
    <p class='ocr_par' dir='ltr' id='par_1_10' title="bbox 545 969 2179 1042">
     <span class='ocr_line' id='line_1_10' title="bbox 545 969 2179 1042; baseline 0 -19"><span class='ocrx_word' id='word_1_57' title='bbox 545 971 640 1042; x_wconf 87' lang='lat' dir='ltr'>qui</span> <span class='ocrx_word' id='word_1_58' title='bbox 674 985 898 1024; x_wconf 89' lang='lat' dir='ltr'>necesse</span> <span class='ocrx_word' id='word_1_59' title='bbox 920 973 1023 1022; x_wconf 88' lang='lat' dir='ltr'>est.</span> <span class='ocrx_word' id='word_1_60' title='bbox 1056 969 1310 1031; x_wconf 77' lang='lat' dir='ltr'>QUONIAM</span> <span class='ocrx_word' id='word_1_61' title='bbox 1339 984 1514 1024; x_wconf 61' lang='lat' dir='ltr'>svmvs</span> <span class='ocrx_word' id='word_1_62' title='bbox 1556 986 1776 1025; x_wconf 69' lang='lat' dir='ltr'>Invicem</span> <span class='ocrx_word' id='word_1_63' title='bbox 1808 986 2048 1025; x_wconf 56' lang='lat' dir='ltr'>uenena.</span> <span class='ocrx_word' id='word_1_64' title='bbox 2084 969 2179 1023; x_wconf 87' lang='lat' dir='ltr'>Hic</span> 
     </span>
    </p>
   </div>
   <div class='ocr_carea' id='block_1_11' title="bbox 545 1061 2178 1133">
    <p class='ocr_par' dir='ltr' id='par_1_11' title="bbox 545 1061 2178 1133">
     <span class='ocr_line' id='line_1_11' title="bbox 545 1061 2178 1133; baseline -0.001 -16"><span class='ocrx_word' id='word_1_65' title='bbox 545 1064 809 1117; x_wconf 84' lang='lat' dir='ltr'>distantia</span> <span class='ocrx_word' id='word_1_66' title='bbox 855 1062 1001 1116; x_wconf 87' lang='lat' dir='ltr'>facta</span> <span class='ocrx_word' id='word_1_67' title='bbox 1047 1068 1151 1127; x_wconf 81' lang='lat' dir='ltr'>est,</span> <span class='ocrx_word' id='word_1_68' title='bbox 1183 1067 1248 1115; x_wconf 90' lang='lat' dir='ltr'>ut</span> <span class='ocrx_word' id='word_1_69' title='bbox 1275 1061 1607 1132; x_wconf 83' lang='lat' dir='ltr'>proximum</span> <span class='ocrx_word' id='word_1_70' title='bbox 1641 1063 1922 1133; x_wconf 83' lang='lat' dir='ltr'>intelligas</span> <span class='ocrx_word' id='word_1_71' title='bbox 1951 1080 2178 1117; x_wconf 83' lang='lat' dir='ltr'>omnem</span> 
     </span>
    </p>
   </div>
   <div class='ocr_carea' id='block_1_12' title="bbox 547 1154 2179 1226">
    <p class='ocr_par' dir='ltr' id='par_1_12' title="bbox 547 1154 2179 1226">
     <span class='ocr_line' id='line_1_12' title="bbox 547 1154 2179 1226; baseline 0.001 -17"><span class='ocrx_word' id='word_1_72' title='bbox 547 1156 859 1210; x_wconf 84' lang='lat' dir='ltr'>hominem.</span> <span class='ocrx_word' id='word_1_73' title='bbox 883 1154 1197 1209; x_wconf 85' lang='lat' dir='ltr'>Membrum</span> <span class='ocrx_word' id='word_1_74' title='bbox 1215 1160 1404 1210; x_wconf 89' lang='lat' dir='ltr'>autem</span> <span class='ocrx_word' id='word_1_75' title='bbox 1423 1172 1537 1210; x_wconf 90' lang='lat' dir='ltr'>non</span> <span class='ocrx_word' id='word_1_76' title='bbox 1560 1160 1744 1226; x_wconf 82' lang='lat' dir='ltr'>potest</span> <span class='ocrx_word' id='word_1_77' title='bbox 1763 1174 1903 1224; x_wconf 80' lang='lat' dir='ltr'>esse,</span> <span class='ocrx_word' id='word_1_78' title='bbox 1924 1157 2030 1209; x_wconf 85' lang='lat' dir='ltr'>nisi</span> <span class='ocrx_word' id='word_1_79' title='bbox 2048 1156 2179 1210; x_wconf 84' lang='lat' dir='ltr'>tide-</span> 
     </span>
    </p>
   </div>
   <div class='ocr_carea' id='block_1_13' title="bbox 544 1250 2182 1319">
    <p class='ocr_par' dir='ltr' id='par_1_13' title="bbox 544 1250 2182 1319">
     <span class='ocr_line' id='line_1_13' title="bbox 544 1250 2182 1319; baseline 0 -16"><span class='ocrx_word' id='word_1_80' title='bbox 544 1250 612 1303; x_wconf 88' lang='lat' dir='ltr'>lis</span> <span class='ocrx_word' id='word_1_81' title='bbox 644 1250 813 1303; x_wconf 81' lang='lat' dir='ltr'>ﬁdeli.</span> <span class='ocrx_word' id='word_1_82' title='bbox 833 1251 959 1316; x_wconf 64' lang='lat' dir='ltr'>Quae</span> <span class='ocrx_word' id='word_1_83' title='bbox 984 1251 1126 1303; x_wconf 88' lang='lat' dir='ltr'>enim</span> <span class='ocrx_word' id='word_1_84' title='bbox 1155 1252 1376 1303; x_wconf 74' lang='lat' dir='ltr'>societas</span> <span class='ocrx_word' id='word_1_85' title='bbox 1408 1250 1517 1304; x_wconf 87' lang='lat' dir='ltr'>luci</span> <span class='ocrx_word' id='word_1_86' title='bbox 1542 1252 1615 1304; x_wconf 88' lang='lat' dir='ltr'>ad</span> <span class='ocrx_word' id='word_1_87' title='bbox 1644 1252 1888 1304; x_wconf 79' lang='lat' dir='ltr'>tenebras</span> <span class='ocrx_word' id='word_1_88' title='bbox 1904 1254 1932 1304; x_wconf 68' lang='grc'><em>7</em></span> <span class='ocrx_word' id='word_1_89' title='bbox 1956 1255 2182 1319; x_wconf 70' lang='grc' dir='ltr'>αυειῃιειν</span> 
     </span>
    </p>
   </div>
   <div class='ocr_carea' id='block_1_14' title="bbox 540 1342 2182 1413">
    <p class='ocr_par' dir='ltr' id='par_1_14' title="bbox 540 1342 2182 1413">
     <span class='ocr_line' id='line_1_14' title="bbox 540 1342 2182 1413; baseline -0.001 -16"><span class='ocrx_word' id='word_1_90' title='bbox 540 1359 673 1413; x_wconf 84' lang='lat' dir='ltr'>pars</span> <span class='ocrx_word' id='word_1_91' title='bbox 697 1343 846 1411; x_wconf 83' lang='lat' dir='ltr'>ﬁdeli</span> <span class='ocrx_word' id='word_1_92' title='bbox 871 1358 991 1395; x_wconf 88' lang='lat' dir='ltr'>cum</span> <span class='ocrx_word' id='word_1_93' title='bbox 1011 1343 1222 1412; x_wconf 81' lang='lat' dir='ltr'>inﬁdeli</span> <span class='ocrx_word' id='word_1_94' title='bbox 1247 1345 1274 1395; x_wconf 87' lang='lat'><em>?</em></span> <span class='ocrx_word' id='word_1_95' title='bbox 1302 1342 1839 1397; x_wconf 83' lang='lat' dir='ltr'>subauditurNulla.</span> <span class='ocrx_word' id='word_1_96' title='bbox 1870 1345 1951 1396; x_wconf 88' lang='lat' dir='ltr'>Ita</span> <span class='ocrx_word' id='word_1_97' title='bbox 1972 1360 2073 1396; x_wconf 89' lang='lat' dir='ltr'>nec</span> <span class='ocrx_word' id='word_1_98' title='bbox 2090 1360 2182 1413; x_wconf 84' lang='lat' dir='ltr'>pa-</span> 
     </span>
    </p>
   </div>
   <div class='ocr_carea' id='block_1_15' title="bbox 547 1435 2177 1507">
    <p class='ocr_par' dir='ltr' id='par_1_15' title="bbox 547 1435 2177 1507">
     <span class='ocr_line' id='line_1_15' title="bbox 547 1435 2177 1507; baseline -0.001 -17"><span class='ocrx_word' id='word_1_99' title='bbox 547 1452 732 1507; x_wconf 85' lang='lat' dir='ltr'>ganus</span> <span class='ocrx_word' id='word_1_100' title='bbox 759 1435 1077 1489; x_wconf 88' lang='lat' dir='ltr'>Christiano</span> <span class='ocrx_word' id='word_1_101' title='bbox 1102 1435 1427 1490; x_wconf 83' lang='lat' dir='ltr'>membrum</span> <span class='ocrx_word' id='word_1_102' title='bbox 1448 1452 1569 1489; x_wconf 88' lang='lat' dir='ltr'>esse</span> <span class='ocrx_word' id='word_1_103' title='bbox 1593 1441 1794 1507; x_wconf 85' lang='lat' dir='ltr'><strong>potest,</strong></span> <span class='ocrx_word' id='word_1_104' title='bbox 1814 1436 1917 1490; x_wconf 86' lang='lat' dir='ltr'>nisi</span> <span class='ocrx_word' id='word_1_105' title='bbox 1942 1436 2021 1489; x_wconf 88' lang='lat' dir='ltr'>illi</span> <span class='ocrx_word' id='word_1_106' title='bbox 2049 1437 2177 1506; x_wconf 91' lang='lat' dir='ltr'>qui-</span> 
     </span>
    </p>
   </div>
   <div class='ocr_carea' id='block_1_16' title="bbox 544 1529 2178 1600">
    <p class='ocr_par' dir='ltr' id='par_1_16' title="bbox 544 1529 2178 1600">
     <span class='ocr_line' id='line_1_16' title="bbox 544 1529 2178 1600; baseline 0.001 -17"><span class='ocrx_word' id='word_1_107' title='bbox 544 1529 651 1584; x_wconf 90' lang='lat' dir='ltr'>bus</span> <span class='ocrx_word' id='word_1_108' title='bbox 683 1529 983 1600; x_wconf 86' lang='lat' dir='ltr'>Apostolus</span> <span class='ocrx_word' id='word_1_109' title='bbox 1003 1529 1171 1584; x_wconf 86' lang='lat' dir='ltr'>dicit:</span> <span class='ocrx_word' id='word_1_110' title='bbox 1210 1532 1313 1584; x_wconf 90' lang='lat' dir='ltr'>Vos</span> <span class='ocrx_word' id='word_1_111' title='bbox 1339 1532 1463 1584; x_wconf 80' lang='lat' dir='ltr'>estis</span> <span class='ocrx_word' id='word_1_112' title='bbox 1483 1546 1676 1600; x_wconf 83' lang='lat' dir='ltr'>corpus</span> <span class='ocrx_word' id='word_1_113' title='bbox 1702 1531 1921 1591; x_wconf 82' lang='lat' dir='ltr'>Christi,</span> <span class='ocrx_word' id='word_1_114' title='bbox 1940 1534 1990 1583; x_wconf 87' lang='lat' dir='ltr'>et</span> <span class='ocrx_word' id='word_1_115' title='bbox 2015 1545 2178 1584; x_wconf 86' lang='lat' dir='ltr'>mem-</span> 
     </span>
    </p>
   </div>
   <div class='ocr_carea' id='block_1_17' title="bbox 547 1623 1027 1676">
    <p class='ocr_par' dir='ltr' id='par_1_17' title="bbox 547 1623 1027 1676">
     <span class='ocr_line' id='line_1_17' title="bbox 547 1623 1027 1676; baseline -0.002 0"><span class='ocrx_word' id='word_1_116' title='bbox 547 1624 644 1676; x_wconf 87' lang='lat' dir='ltr'>bra</span> <span class='ocrx_word' id='word_1_117' title='bbox 672 1623 736 1675; x_wconf 88' lang='lat' dir='ltr'>de</span> <span class='ocrx_word' id='word_1_118' title='bbox 756 1623 1027 1676; x_wconf 76' lang='lat' dir='ltr'>membris.</span> 
     </span>
    </p>
   </div>
   <div class='ocr_carea' id='block_1_18' title="bbox 618 1716 2179 1786">
    <p class='ocr_par' dir='ltr' id='par_1_18' title="bbox 618 1716 2179 1786">
     <span class='ocr_line' id='line_1_18' title="bbox 618 1716 2179 1786; baseline 0.001 -18"><span class='ocrx_word' id='word_1_119' title='bbox 618 1719 940 1783; x_wconf 69' lang='lat' dir='ltr'>IRASCIMINI,</span> <span class='ocrx_word' id='word_1_120' title='bbox 975 1731 1037 1769; x_wconf 82' lang='lat' dir='ltr'>ET</span> <span class='ocrx_word' id='word_1_121' title='bbox 1084 1730 1274 1770; x_wconf 64' lang='lat' dir='ltr'>some</span> <span class='ocrx_word' id='word_1_122' title='bbox 1306 1730 1565 1770; x_wconf 71' lang='lat' dir='ltr'>PECCARE.</span> <span class='ocrx_word' id='word_1_123' title='bbox 1602 1716 1811 1786; x_wconf 82' lang='lat' dir='ltr'>Duplex</span> <span class='ocrx_word' id='word_1_124' title='bbox 1846 1732 1962 1769; x_wconf 91' lang='lat' dir='ltr'>non</span> <span class='ocrx_word' id='word_1_125' title='bbox 1994 1716 2179 1769; x_wconf 89' lang='lat' dir='ltr'>solum</span> 
     </span>
    </p>
   </div>
   <div class='ocr_carea' id='block_1_19' title="bbox 546 1786 2257 1880">
    <p class='ocr_par' dir='ltr' id='par_1_19' title="bbox 546 1786 2257 1880">
     <span class='ocr_line' id='line_1_19' title="bbox 546 1786 2257 1880; baseline 0 -18"><span class='ocrx_word' id='word_1_126' title='bbox 546 1810 701 1880; x_wconf 89' lang='lat' dir='ltr'>apud</span> <span class='ocrx_word' id='word_1_127' title='bbox 754 1825 876 1874; x_wconf 90' lang='lat' dir='ltr'>nos,</span> <span class='ocrx_word' id='word_1_128' title='bbox 913 1825 1108 1862; x_wconf 88' lang='lat' dir='ltr'>verum</span> <span class='ocrx_word' id='word_1_129' title='bbox 1158 1808 1327 1862; x_wconf 88' lang='lat' dir='ltr'>etiam</span> <span class='ocrx_word' id='word_1_130' title='bbox 1371 1808 1522 1877; x_wconf 90' lang='lat' dir='ltr'>apud</span> <span class='ocrx_word' id='word_1_131' title='bbox 1552 1808 1916 1878; x_wconf 89' lang='lat' dir='ltr'>philosophos</span> <span class='ocrx_word' id='word_1_132' title='bbox 1944 1814 2027 1861; x_wconf 87' lang='lat' dir='ltr'>est</span> <span class='ocrx_word' id='word_1_133' title='bbox 2073 1786 2257 1862; x_wconf 83' lang='lat' dir='ltr'>ira.B</span> 
     </span>
    </p>
   </div>
   <div class='ocr_carea' id='block_1_20' title="bbox 548 1900 2179 1972">
    <p class='ocr_par' dir='ltr' id='par_1_20' title="bbox 548 1900 2179 1972">
     <span class='ocr_line' id='line_1_20' title="bbox 548 1900 2179 1972; baseline 0 -17"><span class='ocrx_word' id='word_1_134' title='bbox 548 1904 641 1956; x_wconf 85' lang='lat' dir='ltr'>Est</span> <span class='ocrx_word' id='word_1_135' title='bbox 671 1902 821 1955; x_wconf 89' lang='lat' dir='ltr'>enim</span> <span class='ocrx_word' id='word_1_136' title='bbox 855 1902 956 1970; x_wconf 87' lang='lat' dir='ltr'>ira,</span> <span class='ocrx_word' id='word_1_137' title='bbox 990 1918 1117 1972; x_wconf 70' lang='lat' dir='ltr'>qua:</span> <span class='ocrx_word' id='word_1_138' title='bbox 1148 1900 1483 1954; x_wconf 82' lang='lat' dir='ltr'>naturaliter</span> <span class='ocrx_word' id='word_1_139' title='bbox 1503 1900 1703 1954; x_wconf 89' lang='lat' dir='ltr'>accidit</span> <span class='ocrx_word' id='word_1_140' title='bbox 1722 1901 1960 1969; x_wconf 87' lang='lat' dir='ltr'>homini,</span> <span class='ocrx_word' id='word_1_141' title='bbox 1992 1902 2179 1955; x_wconf 91' lang='lat' dir='ltr'>conci-</span> 
     </span>
    </p>
   </div>
   <div class='ocr_carea' id='block_1_21' title="bbox 544 1994 2183 2063">
    <p class='ocr_par' dir='ltr' id='par_1_21' title="bbox 544 1994 2183 2063">
     <span class='ocr_line' id='line_1_21' title="bbox 544 1994 2183 2063; baseline -0.001 -13"><span class='ocrx_word' id='word_1_142' title='bbox 544 2001 661 2051; x_wconf 86' lang='lat' dir='ltr'>tato</span> <span class='ocrx_word' id='word_1_143' title='bbox 709 1996 900 2049; x_wconf 89' lang='lat' dir='ltr'>furore</span> <span class='ocrx_word' id='word_1_144' title='bbox 930 1994 1153 2058; x_wconf 85' lang='lat' dir='ltr'>mentis,</span> <span class='ocrx_word' id='word_1_145' title='bbox 1188 1994 1257 2047; x_wconf 91' lang='lat' dir='ltr'>de</span> <span class='ocrx_word' id='word_1_146' title='bbox 1287 2010 1397 2063; x_wconf 85' lang='lat' dir='ltr'>qua</span> <span class='ocrx_word' id='word_1_147' title='bbox 1429 1994 1707 2063; x_wconf 78' lang='lat' dir='ltr'>propheta</span> <span class='ocrx_word' id='word_1_148' title='bbox 1740 2010 1752 2046; x_wconf 91' lang='lat'>:</span> <span class='ocrx_word' id='word_1_149' title='bbox 1796 1996 2062 2049; x_wconf 84' lang='lat' dir='ltr'>Turbatus</span> <span class='ocrx_word' id='word_1_150' title='bbox 2106 2000 2183 2049; x_wconf 90' lang='lat' dir='ltr'>est</span> 
     </span>
    </p>
   </div>
   <div class='ocr_carea' id='block_1_22' title="bbox 546 2085 2176 2158">
    <p class='ocr_par' dir='ltr' id='par_1_22' title="bbox 546 2085 2176 2158">
     <span class='ocr_line' id='line_1_22' title="bbox 546 2085 2176 2158; baseline -0.001 -15"><span class='ocrx_word' id='word_1_151' title='bbox 546 2106 580 2143; x_wconf 87' lang='lat' dir='ltr'>a</span> <span class='ocrx_word' id='word_1_152' title='bbox 602 2091 788 2156; x_wconf 81' lang='lat' dir='ltr'>furore</span> <span class='ocrx_word' id='word_1_153' title='bbox 817 2089 998 2142; x_wconf 83' lang='lat' dir='ltr'>oculus</span> <span class='ocrx_word' id='word_1_154' title='bbox 1025 2102 1187 2141; x_wconf 87' lang='lat' dir='ltr'>meus.</span> <span class='ocrx_word' id='word_1_155' title='bbox 1223 2087 1402 2150; x_wconf 84' lang='lat' dir='ltr'>Quam</span> <span class='ocrx_word' id='word_1_156' title='bbox 1432 2085 1686 2141; x_wconf 88' lang='lat' dir='ltr'>funditus</span> <span class='ocrx_word' id='word_1_157' title='bbox 1717 2091 1903 2141; x_wconf 88' lang='lat' dir='ltr'>vetare</span> <span class='ocrx_word' id='word_1_158' title='bbox 1936 2105 2049 2141; x_wconf 93' lang='lat' dir='ltr'>non</span> <span class='ocrx_word' id='word_1_159' title='bbox 2079 2105 2176 2158; x_wconf 89' lang='lat' dir='ltr'>po-</span> 
     </span>
    </p>
   </div>
   <div class='ocr_carea' id='block_1_23' title="bbox 544 2180 2181 2251">
    <p class='ocr_par' dir='ltr' id='par_1_23' title="bbox 544 2180 2181 2251">
     <span class='ocr_line' id='line_1_23' title="bbox 544 2180 2181 2251; baseline -0.001 -14"><span class='ocrx_word' id='word_1_160' title='bbox 544 2183 674 2251; x_wconf 91' lang='lat' dir='ltr'>tuit,</span> <span class='ocrx_word' id='word_1_161' title='bbox 708 2186 765 2236; x_wconf 91' lang='lat' dir='ltr'>et</span> <span class='ocrx_word' id='word_1_162' title='bbox 807 2181 933 2235; x_wconf 91' lang='lat' dir='ltr'>ideo</span> <span class='ocrx_word' id='word_1_163' title='bbox 959 2180 1078 2234; x_wconf 87' lang='lat' dir='ltr'>ait:</span> <span class='ocrx_word' id='word_1_164' title='bbox 1128 2183 1457 2241; x_wconf 85' lang='lat' dir='ltr'>Irascimini,</span> <span class='ocrx_word' id='word_1_165' title='bbox 1504 2186 1555 2234; x_wconf 89' lang='lat' dir='ltr'>et</span> <span class='ocrx_word' id='word_1_166' title='bbox 1596 2181 1759 2234; x_wconf 86' lang='lat' dir='ltr'>nolite</span> <span class='ocrx_word' id='word_1_167' title='bbox 1802 2198 2043 2251; x_wconf 81' lang='lat' dir='ltr'>peccare.</span> <span class='ocrx_word' id='word_1_168' title='bbox 2088 2184 2181 2236; x_wconf 83' lang='lat' dir='ltr'>Est</span> 
     </span>
    </p>
   </div>
   <div class='ocr_carea' id='block_1_24' title="bbox 546 2273 2179 2344">
    <p class='ocr_par' dir='ltr' id='par_1_24' title="bbox 546 2273 2179 2344">
     <span class='ocr_line' id='line_1_24' title="bbox 546 2273 2179 2344; baseline -0.001 -14"><span class='ocrx_word' id='word_1_169' title='bbox 546 2275 699 2330; x_wconf 89' lang='lat' dir='ltr'>enim</span> <span class='ocrx_word' id='word_1_170' title='bbox 730 2280 787 2329; x_wconf 90' lang='lat' dir='ltr'>et</span> <span class='ocrx_word' id='word_1_171' title='bbox 815 2275 924 2327; x_wconf 90' lang='lat' dir='ltr'>alia</span> <span class='ocrx_word' id='word_1_172' title='bbox 948 2274 1035 2327; x_wconf 90' lang='lat' dir='ltr'>ira</span> <span class='ocrx_word' id='word_1_173' title='bbox 1064 2289 1193 2344; x_wconf 84' lang='lat' dir='ltr'>quae</span> <span class='ocrx_word' id='word_1_174' title='bbox 1216 2289 1284 2327; x_wconf 84' lang='lat' dir='ltr'>ex</span> <span class='ocrx_word' id='word_1_175' title='bbox 1313 2273 1489 2327; x_wconf 84' lang='lat' dir='ltr'>livore</span> <span class='ocrx_word' id='word_1_176' title='bbox 1520 2273 1745 2326; x_wconf 82' lang='lat' dir='ltr'>invidiae</span> <span class='ocrx_word' id='word_1_177' title='bbox 1772 2274 2077 2341; x_wconf 87' lang='lat' dir='ltr'>descendit,</span> <span class='ocrx_word' id='word_1_178' title='bbox 2111 2275 2179 2329; x_wconf 90' lang='lat' dir='ltr'>de</span> 
     </span>
    </p>
   </div>
   <div class='ocr_carea' id='block_1_25' title="bbox 544 2367 2176 2442">
    <p class='ocr_par' dir='ltr' id='par_1_25' title="bbox 544 2367 2176 2442">
     <span class='ocr_line' id='line_1_25' title="bbox 544 2367 2176 2442; baseline -0.001 -18"><span class='ocrx_word' id='word_1_179' title='bbox 544 2388 657 2442; x_wconf 89' lang='lat' dir='ltr'>qua</span> <span class='ocrx_word' id='word_1_180' title='bbox 687 2370 938 2424; x_wconf 87' lang='lat' dir='ltr'>nascitur</span> <span class='ocrx_word' id='word_1_181' title='bbox 990 2369 1129 2434; x_wconf 88' lang='lat' dir='ltr'>rixa,</span> <span class='ocrx_word' id='word_1_182' title='bbox 1162 2367 1462 2436; x_wconf 89' lang='lat' dir='ltr'>etodium,</span> <span class='ocrx_word' id='word_1_183' title='bbox 1498 2385 1667 2437; x_wconf 87' lang='lat' dir='ltr'>quam</span> <span class='ocrx_word' id='word_1_184' title='bbox 1706 2368 1765 2421; x_wconf 92' lang='lat' dir='ltr'>in</span> <span class='ocrx_word' id='word_1_185' title='bbox 1812 2369 2065 2440; x_wconf 79' lang='lat' dir='ltr'>catalogo</span> <span class='ocrx_word' id='word_1_186' title='bbox 2095 2370 2176 2423; x_wconf 91' lang='lat' dir='ltr'>vi-</span> 
     </span>
    </p>
   </div>
   <div class='ocr_carea' id='block_1_26' title="bbox 543 2461 2177 2526">
    <p class='ocr_par' dir='ltr' id='par_1_26' title="bbox 543 2461 2177 2526">
     <span class='ocr_line' id='line_1_26' title="bbox 543 2461 2177 2526; baseline -0.001 -8"><span class='ocrx_word' id='word_1_187' title='bbox 543 2465 754 2518; x_wconf 91' lang='lat' dir='ltr'>tiorum</span> <span class='ocrx_word' id='word_1_188' title='bbox 806 2479 1148 2517; x_wconf 84' lang='lat' dir='ltr'>enumerans</span> <span class='ocrx_word' id='word_1_189' title='bbox 1202 2461 1382 2515; x_wconf 85' lang='lat' dir='ltr'>dicit:</span> <span class='ocrx_word' id='word_1_190' title='bbox 1439 2464 1562 2525; x_wconf 68' lang='lat' dir='ltr'>Irae,</span> <span class='ocrx_word' id='word_1_191' title='bbox 1615 2466 1755 2517; x_wconf 66' lang='lat' dir='ltr'>rixae</span> <span class='ocrx_word' id='word_1_192' title='bbox 1806 2464 2177 2526; x_wconf 76' lang='lat' dir='ltr'>dissensiones,</span> 
     </span>
    </p>
   </div>
   <div class='ocr_carea' id='block_1_27' title="bbox 544 2556 2176 2619">
    <p class='ocr_par' dir='ltr' id='par_1_27' title="bbox 544 2556 2176 2619">
     <span class='ocr_line' id='line_1_27' title="bbox 544 2556 2176 2619; baseline 0 -7"><span class='ocrx_word' id='word_1_193' title='bbox 544 2563 720 2619; x_wconf 72' lang='lat' dir='ltr'>sectae,</span> <span class='ocrx_word' id='word_1_194' title='bbox 750 2558 990 2618; x_wconf 60' lang='lat' dir='ltr'>invidae,</span> <span class='ocrx_word' id='word_1_195' title='bbox 1043 2556 1355 2617; x_wconf 85' lang='lat' dir='ltr'>homicidia,</span> <span class='ocrx_word' id='word_1_196' title='bbox 1414 2557 1715 2619; x_wconf 73' lang='lat' dir='ltr'>ebrietates,</span> <span class='ocrx_word' id='word_1_197' title='bbox 1758 2560 2176 2612; x_wconf 84' lang='lat' dir='ltr'>comessationes.</span> 
     </span>
    </p>
   </div>
   <div class='ocr_carea' id='block_1_28' title="bbox 543 2650 2175 2707">
    <p class='ocr_par' dir='ltr' id='par_1_28' title="bbox 543 2650 2175 2707">
     <span class='ocr_line' id='line_1_28' title="bbox 543 2650 2175 2707; baseline -0.002 0"><span class='ocrx_word' id='word_1_198' title='bbox 543 2654 651 2707; x_wconf 70' lang='lat' dir='ltr'>Sor.</span> <span class='ocrx_word' id='word_1_199' title='bbox 682 2667 785 2707; x_wconf 74' lang='lat' dir='ltr'>NON</span> <span class='ocrx_word' id='word_1_200' title='bbox 815 2666 1044 2705; x_wconf 64' lang='lat' dir='ltr'>occunxr</span> <span class='ocrx_word' id='word_1_201' title='bbox 1073 2665 1243 2703; x_wconf 77' lang='lat' dir='ltr'>srrsn</span> <span class='ocrx_word' id='word_1_202' title='bbox 1270 2665 1606 2705; x_wconf 70' lang='lat' dir='ltr'>IRACUNDIAM</span> <span class='ocrx_word' id='word_1_203' title='bbox 1634 2667 1901 2705; x_wconf 66' lang='lat' dir='ltr'>vesnum.</span> <span class='ocrx_word' id='word_1_204' title='bbox 1937 2650 1995 2705; x_wconf 91' lang='lat' dir='ltr'>Si</span> <span class='ocrx_word' id='word_1_205' title='bbox 2038 2650 2175 2704; x_wconf 91' lang='lat' dir='ltr'>sim-</span> 
     </span>
    </p>
   </div>
   <div class='ocr_carea' id='block_1_29' title="bbox 544 2742 2176 2816">
    <p class='ocr_par' dir='ltr' id='par_1_29' title="bbox 544 2742 2176 2816">
     <span class='ocr_line' id='line_1_29' title="bbox 544 2742 2176 2816; baseline 0.001 -19"><span class='ocrx_word' id='word_1_206' title='bbox 544 2745 767 2816; x_wconf 86' lang='lat' dir='ltr'>pliciter</span> <span class='ocrx_word' id='word_1_207' title='bbox 791 2745 945 2799; x_wconf 89' lang='lat' dir='ltr'>hunc</span> <span class='ocrx_word' id='word_1_208' title='bbox 977 2743 1151 2797; x_wconf 90' lang='lat' dir='ltr'>solem</span> <span class='ocrx_word' id='word_1_209' title='bbox 1184 2742 1580 2813; x_wconf 82' lang='lat' dir='ltr'>intelligimus,</span> <span class='ocrx_word' id='word_1_210' title='bbox 1635 2760 1807 2814; x_wconf 88' lang='lat' dir='ltr'>quem</span> <span class='ocrx_word' id='word_1_211' title='bbox 1852 2744 2025 2798; x_wconf 89' lang='lat' dir='ltr'>oculis</span> <span class='ocrx_word' id='word_1_212' title='bbox 2052 2761 2176 2799; x_wconf 92' lang='lat' dir='ltr'>cor-</span> 
     </span>
    </p>
   </div>
   <div class='ocr_carea' id='block_1_30' title="bbox 545 2836 2178 2910">
    <p class='ocr_par' dir='ltr' id='par_1_30' title="bbox 545 2836 2178 2910">
     <span class='ocr_line' id='line_1_30' title="bbox 545 2836 2178 2910; baseline 0 -18"><span class='ocrx_word' id='word_1_213' title='bbox 545 2839 733 2910; x_wconf 89' lang='lat' dir='ltr'>poreis</span> <span class='ocrx_word' id='word_1_214' title='bbox 759 2838 1063 2905; x_wconf 87' lang='lat' dir='ltr'>cernimus,</span> <span class='ocrx_word' id='word_1_215' title='bbox 1084 2836 1306 2891; x_wconf 87' lang='lat' dir='ltr'>videtur</span> <span class='ocrx_word' id='word_1_216' title='bbox 1324 2837 1484 2890; x_wconf 91' lang='lat' dir='ltr'>nobis</span> <span class='ocrx_word' id='word_1_217' title='bbox 1501 2837 1727 2891; x_wconf 87' lang='lat' dir='ltr'>licentia</span> <span class='ocrx_word' id='word_1_218' title='bbox 1747 2837 1875 2891; x_wconf 87' lang='lat' dir='ltr'>data</span> <span class='ocrx_word' id='word_1_219' title='bbox 1902 2854 2004 2909; x_wconf 87' lang='lat' dir='ltr'>per</span> <span class='ocrx_word' id='word_1_220' title='bbox 2024 2838 2178 2893; x_wconf 90' lang='lat' dir='ltr'>diem</span> 
     </span>
    </p>
   </div>
   <div class='ocr_carea' id='block_1_31' title="bbox 542 2930 2179 3002">
    <p class='ocr_par' dir='ltr' id='par_1_31' title="bbox 542 2930 2179 3002">
     <span class='ocr_line' id='line_1_31' title="bbox 542 2930 2179 3002; baseline 0 -16"><span class='ocrx_word' id='word_1_221' title='bbox 542 2930 842 2987; x_wconf 88' lang='lat' dir='ltr'>irascendi.</span> <span class='ocrx_word' id='word_1_222' title='bbox 874 2932 941 2986; x_wconf 87' lang='lat' dir='ltr'>Et</span> <span class='ocrx_word' id='word_1_223' title='bbox 970 2930 1109 3002; x_wconf 89' lang='lat' dir='ltr'>quid</span> <span class='ocrx_word' id='word_1_224' title='bbox 1136 2931 1413 2984; x_wconf 82' lang='lat' dir='ltr'>faciemus</span> <span class='ocrx_word' id='word_1_225' title='bbox 1438 2930 1466 2984; x_wconf 76' lang='lat' dir='ltr'>‘t</span> <span class='ocrx_word' id='word_1_226' title='bbox 1494 2930 1625 3001; x_wconf 87' lang='lat' dir='ltr'>quia</span> <span class='ocrx_word' id='word_1_227' title='bbox 1655 2935 1839 3001; x_wconf 85' lang='lat' dir='ltr'>potest</span> <span class='ocrx_word' id='word_1_228' title='bbox 1867 2932 2038 2986; x_wconf 89' lang='lat' dir='ltr'>homo</span> <span class='ocrx_word' id='word_1_229' title='bbox 2063 2948 2179 2986; x_wconf 91' lang='lat' dir='ltr'>una</span> 
     </span>
    </p>
   </div>
   <div class='ocr_carea' id='block_1_32' title="bbox 543 3005 2177 3091">
    <p class='ocr_par' dir='ltr' id='par_1_32' title="bbox 543 3005 2177 3091">
     <span class='ocr_line' id='line_1_32' title="bbox 543 3005 2177 3091; baseline -0.001 -15"><span class='ocrx_word' id='word_1_230' title='bbox 543 3020 634 3076; x_wconf 87' lang='lat' dir='ltr'>die</span> <span class='ocrx_word' id='word_1_231' title='bbox 654 3037 883 3091; x_wconf 85' lang='lat' dir='ltr'>peccare</span> <span class='ocrx_word' id='word_1_232' title='bbox 906 3024 1186 3091; x_wconf 89' lang='lat' dir='ltr'>quantum</span> <span class='ocrx_word' id='word_1_233' title='bbox 1215 3036 1330 3074; x_wconf 90' lang='lat' dir='ltr'>non</span> <span class='ocrx_word' id='word_1_234' title='bbox 1362 3022 1548 3090; x_wconf 90' lang='lat' dir='ltr'>potest</span> <span class='ocrx_word' id='word_1_235' title='bbox 1576 3036 1859 3074; x_wconf 90' lang='lat' dir='ltr'>annorum</span> <span class='ocrx_word' id='word_1_236' title='bbox 1887 3005 2177 3075; x_wconf 71' lang='lat' dir='ltr'>curriculis</span> 
     </span>
    </p>
   </div>
   <div class='ocr_carea' id='block_1_33' title="bbox 544 3112 2253 3228">
    <p class='ocr_par' dir='ltr' id='par_1_33' title="bbox 544 3112 2253 3228">
     <span class='ocr_line' id='line_1_33' title="bbox 544 3112 2253 3228; baseline -0.001 -59"><span class='ocrx_word' id='word_1_237' title='bbox 544 3113 839 3187; x_wconf 84' lang='lat' dir='ltr'>poenitere.</span> <span class='ocrx_word' id='word_1_238' title='bbox 873 3115 1022 3185; x_wconf 81' lang='lat' dir='ltr'>Ergo</span> <span class='ocrx_word' id='word_1_239' title='bbox 1049 3130 1166 3167; x_wconf 91' lang='lat' dir='ltr'>non</span> <span class='ocrx_word' id='word_1_240' title='bbox 1199 3113 1268 3168; x_wconf 90' lang='lat' dir='ltr'>de</span> <span class='ocrx_word' id='word_1_241' title='bbox 1297 3112 1401 3166; x_wconf 89' lang='lat' dir='ltr'>isto</span> <span class='ocrx_word' id='word_1_242' title='bbox 1426 3113 1562 3179; x_wconf 92' lang='lat' dir='ltr'>sole,</span> <span class='ocrx_word' id='word_1_243' title='bbox 1580 3113 1676 3167; x_wconf 91' lang='lat' dir='ltr'>sed</span> <span class='ocrx_word' id='word_1_244' title='bbox 1702 3114 1770 3168; x_wconf 88' lang='lat' dir='ltr'>de</span> <span class='ocrx_word' id='word_1_245' title='bbox 1799 3115 1912 3168; x_wconf 90' lang='lat' dir='ltr'>sole</span> <span class='ocrx_word' id='word_1_246' title='bbox 1932 3115 2174 3183; x_wconf 88' lang='lat' dir='ltr'>Christo,</span> <span class='ocrx_word' id='word_1_247' title='bbox 2198 3153 2253 3228; x_wconf 68' lang='grc' dir='ltr'><strong>Ο</strong></span> 
     </span>
    </p>
   </div>
   <div class='ocr_carea' id='block_1_34' title="bbox 545 3206 2173 3279">
    <p class='ocr_par' dir='ltr' id='par_1_34' title="bbox 545 3206 2173 3279">
     <span class='ocr_line' id='line_1_34' title="bbox 545 3206 2173 3279; baseline 0 -17"><span class='ocrx_word' id='word_1_248' title='bbox 545 3208 644 3279; x_wconf 87' lang='lat' dir='ltr'>qui</span> <span class='ocrx_word' id='word_1_249' title='bbox 673 3207 877 3262; x_wconf 88' lang='lat' dir='ltr'>occidit</span> <span class='ocrx_word' id='word_1_250' title='bbox 907 3206 1090 3275; x_wconf 89' lang='lat' dir='ltr'>malis,</span> <span class='ocrx_word' id='word_1_251' title='bbox 1103 3208 1271 3276; x_wconf 82' lang='lat' dir='ltr'>juxta</span> <span class='ocrx_word' id='word_1_252' title='bbox 1289 3206 1441 3277; x_wconf 90' lang='lat' dir='ltr'>quod</span> <span class='ocrx_word' id='word_1_253' title='bbox 1467 3206 1534 3260; x_wconf 91' lang='lat' dir='ltr'>de</span> <span class='ocrx_word' id='word_1_254' title='bbox 1565 3206 2071 3278; x_wconf 87' lang='lat' dir='ltr'>pseudoprophetis</span> <span class='ocrx_word' id='word_1_255' title='bbox 2091 3208 2173 3262; x_wconf 90' lang='lat' dir='ltr'>di-</span> 
     </span>
    </p>
   </div>
   <div class='ocr_carea' id='block_1_35' title="bbox 544 3300 2175 3369">
    <p class='ocr_par' dir='ltr' id='par_1_35' title="bbox 544 3300 2175 3369">
     <span class='ocr_line' id='line_1_35' title="bbox 544 3300 2175 3369; baseline -0.001 -13"><span class='ocrx_word' id='word_1_256' title='bbox 544 3301 723 3356; x_wconf 88' lang='lat' dir='ltr'>citur:</span> <span class='ocrx_word' id='word_1_257' title='bbox 756 3301 964 3357; x_wconf 84' lang='lat' dir='ltr'>Occidit</span> <span class='ocrx_word' id='word_1_258' title='bbox 988 3303 1062 3355; x_wconf 84' lang='lat' dir='ltr'>eis</span> <span class='ocrx_word' id='word_1_259' title='bbox 1087 3301 1169 3354; x_wconf 87' lang='lat' dir='ltr'>sol</span> <span class='ocrx_word' id='word_1_260' title='bbox 1195 3303 1251 3353; x_wconf 87' lang='lat' dir='ltr'>in</span> <span class='ocrx_word' id='word_1_261' title='bbox 1277 3300 1538 3367; x_wconf 80' lang='lat' dir='ltr'>meridie;</span> <span class='ocrx_word' id='word_1_262' title='bbox 1574 3300 1756 3354; x_wconf 90' lang='lat' dir='ltr'>oritur</span> <span class='ocrx_word' id='word_1_263' title='bbox 1785 3317 1918 3355; x_wconf 89' lang='lat' dir='ltr'>vero</span> <span class='ocrx_word' id='word_1_264' title='bbox 1951 3302 2175 3369; x_wconf 84' lang='lat' dir='ltr'>sanctis,</span> 
     </span>
    </p>
   </div>
   <div class='ocr_carea' id='block_1_36' title="bbox 537 3394 2180 3467">
    <p class='ocr_par' dir='ltr' id='par_1_36' title="bbox 537 3394 2180 3467">
     <span class='ocr_line' id='line_1_36' title="bbox 537 3394 2180 3467; baseline -0.001 -18"><span class='ocrx_word' id='word_1_265' title='bbox 537 3396 704 3467; x_wconf 82' lang='lat' dir='ltr'>juxta</span> <span class='ocrx_word' id='word_1_266' title='bbox 734 3394 887 3465; x_wconf 90' lang='lat' dir='ltr'>quod</span> <span class='ocrx_word' id='word_1_267' title='bbox 920 3394 1126 3448; x_wconf 90' lang='lat' dir='ltr'>dicitur</span> <span class='ocrx_word' id='word_1_268' title='bbox 1156 3411 1170 3447; x_wconf 91' lang='lat'>:</span> <span class='ocrx_word' id='word_1_269' title='bbox 1212 3395 1371 3451; x_wconf 86' lang='lat' dir='ltr'>Vobis</span> <span class='ocrx_word' id='word_1_270' title='bbox 1402 3394 1708 3448; x_wconf 83' lang='lat' dir='ltr'>timentibus</span> <span class='ocrx_word' id='word_1_271' title='bbox 1736 3410 1925 3449; x_wconf 84' lang='lat' dir='ltr'>nomen</span> <span class='ocrx_word' id='word_1_272' title='bbox 1962 3397 2180 3450; x_wconf 84' lang='lat' dir='ltr'>Domini</span> 
     </span>
    </p>
   </div>
   <div class='ocr_carea' id='block_1_37' title="bbox 545 3486 2178 3558">
    <p class='ocr_par' dir='ltr' id='par_1_37' title="bbox 545 3486 2178 3558">
     <span class='ocr_line' id='line_1_37' title="bbox 545 3486 2178 3558; baseline -0.001 -14"><span class='ocrx_word' id='word_1_273' title='bbox 545 3490 750 3544; x_wconf 86' lang='lat' dir='ltr'>orietur</span> <span class='ocrx_word' id='word_1_274' title='bbox 771 3489 852 3543; x_wconf 90' lang='lat' dir='ltr'>sol</span> <span class='ocrx_word' id='word_1_275' title='bbox 865 3488 1119 3557; x_wconf 66' lang='lat' dir='ltr'>justitiw.</span> <span class='ocrx_word' id='word_1_276' title='bbox 1150 3489 1214 3541; x_wconf 91' lang='lat' dir='ltr'><strong>Et</strong></span> <span class='ocrx_word' id='word_1_277' title='bbox 1243 3488 1349 3541; x_wconf 91' lang='lat' dir='ltr'>hoc</span> <span class='ocrx_word' id='word_1_278' title='bbox 1388 3490 1472 3541; x_wconf 91' lang='lat' dir='ltr'>est</span> <span class='ocrx_word' id='word_1_279' title='bbox 1500 3487 1651 3558; x_wconf 89' lang='lat' dir='ltr'>quod</span> <span class='ocrx_word' id='word_1_280' title='bbox 1674 3486 1882 3541; x_wconf 90' lang='lat' dir='ltr'>dicitur</span> <span class='ocrx_word' id='word_1_281' title='bbox 1911 3504 1924 3542; x_wconf 90' lang='lat'>:</span> <span class='ocrx_word' id='word_1_282' title='bbox 1955 3489 2049 3545; x_wconf 91' lang='lat' dir='ltr'>Sol</span> <span class='ocrx_word' id='word_1_283' title='bbox 2072 3504 2178 3543; x_wconf 88' lang='lat' dir='ltr'>non</span> 
     </span>
    </p>
   </div>
   <div class='ocr_carea' id='block_1_38' title="bbox 543 3581 2179 3652">
    <p class='ocr_par' dir='ltr' id='par_1_38' title="bbox 543 3581 2179 3652">
     <span class='ocr_line' id='line_1_38' title="bbox 543 3581 2179 3652; baseline -0.001 -14"><span class='ocrx_word' id='word_1_284' title='bbox 543 3583 750 3639; x_wconf 85' lang='lat' dir='ltr'>occidat</span> <span class='ocrx_word' id='word_1_285' title='bbox 779 3598 938 3652; x_wconf 80' lang='lat' dir='ltr'>super</span> <span class='ocrx_word' id='word_1_286' title='bbox 960 3582 1303 3637; x_wconf 84' lang='lat' dir='ltr'>iracundiam</span> <span class='ocrx_word' id='word_1_287' title='bbox 1328 3587 1577 3636; x_wconf 79' lang='lat' dir='ltr'>vestram.</span> <span class='ocrx_word' id='word_1_288' title='bbox 1608 3584 1680 3634; x_wconf 88' lang='lat' dir='ltr'>Ac</span> <span class='ocrx_word' id='word_1_289' title='bbox 1713 3581 1758 3634; x_wconf 91' lang='lat' dir='ltr'>si</span> <span class='ocrx_word' id='word_1_290' title='bbox 1788 3581 1956 3651; x_wconf 86' lang='lat' dir='ltr'>dicat,</span> <span class='ocrx_word' id='word_1_291' title='bbox 1987 3582 2033 3636; x_wconf 91' lang='lat' dir='ltr'>si</span> <span class='ocrx_word' id='word_1_292' title='bbox 2049 3600 2179 3637; x_wconf 87' lang='lat' dir='ltr'>con-</span> 
     </span>
    </p>
   </div>
   <div class='ocr_carea' id='block_1_39' title="bbox 543 3674 2176 3746">
    <p class='ocr_par' dir='ltr' id='par_1_39' title="bbox 543 3674 2176 3746">
     <span class='ocr_line' id='line_1_39' title="bbox 543 3674 2176 3746; baseline 0 -15"><span class='ocrx_word' id='word_1_293' title='bbox 543 3678 713 3733; x_wconf 88' lang='lat' dir='ltr'>citata</span> <span class='ocrx_word' id='word_1_294' title='bbox 762 3679 952 3731; x_wconf 85' lang='lat' dir='ltr'>mente</span> <span class='ocrx_word' id='word_1_295' title='bbox 1001 3675 1085 3729; x_wconf 89' lang='lat' dir='ltr'>ira</span> <span class='ocrx_word' id='word_1_296' title='bbox 1115 3674 1480 3746; x_wconf 88' lang='lat' dir='ltr'>subrepserit,</span> <span class='ocrx_word' id='word_1_297' title='bbox 1514 3675 1623 3728; x_wconf 88' lang='lat' dir='ltr'>cito</span> <span class='ocrx_word' id='word_1_298' title='bbox 1664 3675 1735 3729; x_wconf 88' lang='lat' dir='ltr'>ad</span> <span class='ocrx_word' id='word_1_299' title='bbox 1783 3676 2176 3746; x_wconf 85' lang='lat' dir='ltr'>paenitentiam</span> 
     </span>
    </p>
   </div>
   <div class='ocr_carea' id='block_1_40' title="bbox 541 3767 2173 3839">
    <p class='ocr_par' dir='ltr' id='par_1_40' title="bbox 541 3767 2173 3839">
     <span class='ocr_line' id='line_1_40' title="bbox 541 3767 2173 3839; baseline -0.001 -14"><span class='ocrx_word' id='word_1_300' title='bbox 541 3768 953 3837; x_wconf 86' lang='lat' dir='ltr'>convertimini,</span> <span class='ocrx_word' id='word_1_301' title='bbox 986 3784 1058 3822; x_wconf 91' lang='lat' dir='ltr'>ne</span> <span class='ocrx_word' id='word_1_302' title='bbox 1088 3768 1273 3822; x_wconf 89' lang='lat' dir='ltr'>subito</span> <span class='ocrx_word' id='word_1_303' title='bbox 1304 3772 1462 3838; x_wconf 89' lang='lat' dir='ltr'>rapta</span> <span class='ocrx_word' id='word_1_304' title='bbox 1505 3767 1700 3820; x_wconf 90' lang='lat' dir='ltr'>anima</span> <span class='ocrx_word' id='word_1_305' title='bbox 1753 3768 2173 3839; x_wconf 88' lang='lat' dir='ltr'>obtenehretur,</span> 
     </span>
    </p>
   </div>
   <div class='ocr_carea' id='block_1_41' title="bbox 540 3859 2176 3934">
    <p class='ocr_par' dir='ltr' id='par_1_41' title="bbox 540 3859 2176 3934">
     <span class='ocr_line' id='line_1_41' title="bbox 540 3859 2176 3934; baseline -0.001 -17"><span class='ocrx_word' id='word_1_306' title='bbox 540 3864 628 3920; x_wconf 88' lang='lat' dir='ltr'>vel</span> <span class='ocrx_word' id='word_1_307' title='bbox 659 3864 741 3919; x_wconf 91' lang='lat' dir='ltr'>sol</span> <span class='ocrx_word' id='word_1_308' title='bbox 767 3861 1020 3934; x_wconf 64' lang='lat' dir='ltr'>justitim,</span> <span class='ocrx_word' id='word_1_309' title='bbox 1050 3861 1137 3915; x_wconf 89' lang='lat' dir='ltr'>vel</span> <span class='ocrx_word' id='word_1_310' title='bbox 1168 3859 1479 3933; x_wconf 85' lang='lat' dir='ltr'>principale</span> <span class='ocrx_word' id='word_1_311' title='bbox 1507 3861 1692 3915; x_wconf 89' lang='lat' dir='ltr'>cordis</span> <span class='ocrx_word' id='word_1_312' title='bbox 1723 3861 1972 3917; x_wconf 88' lang='lat' dir='ltr'>tenebris</span> <span class='ocrx_word' id='word_1_313' title='bbox 1991 3862 2176 3916; x_wconf 86' lang='lat' dir='ltr'>obvol-</span> 
     </span>
    </p>
   </div>
   <div class='ocr_carea' id='block_1_42' title="bbox 542 3954 2174 4025">
    <p class='ocr_par' dir='ltr' id='par_1_42' title="bbox 542 3954 2174 4025">
     <span class='ocr_line' id='line_1_42' title="bbox 542 3954 2174 4025; baseline 0.001 -15"><span class='ocrx_word' id='word_1_314' title='bbox 542 3962 725 4013; x_wconf 86' lang='lat' dir='ltr'>vatur.</span> <span class='ocrx_word' id='word_1_315' title='bbox 761 3958 944 4011; x_wconf 88' lang='lat' dir='ltr'>Potest</span> <span class='ocrx_word' id='word_1_316' title='bbox 974 3956 1159 4011; x_wconf 90' lang='lat' dir='ltr'>adhuc</span> <span class='ocrx_word' id='word_1_317' title='bbox 1182 3958 1239 4010; x_wconf 89' lang='lat' dir='ltr'>et</span> <span class='ocrx_word' id='word_1_318' title='bbox 1267 3954 1601 4025; x_wconf 89' lang='lat' dir='ltr'>simpliciter</span> <span class='ocrx_word' id='word_1_319' title='bbox 1627 3955 1698 4009; x_wconf 91' lang='lat' dir='ltr'>de</span> <span class='ocrx_word' id='word_1_320' title='bbox 1727 3955 1834 4009; x_wconf 89' lang='lat' dir='ltr'>hoc</span> <span class='ocrx_word' id='word_1_321' title='bbox 1864 3957 1981 4011; x_wconf 92' lang='lat' dir='ltr'>sole</span> <span class='ocrx_word' id='word_1_322' title='bbox 2006 3956 2174 4011; x_wconf 90' lang='lat' dir='ltr'>intel-</span> 
     </span>
    </p>
   </div>
   <div class='ocr_carea' id='block_1_43' title="bbox 541 4048 2173 4123">
    <p class='ocr_par' dir='ltr' id='par_1_43' title="bbox 541 4048 2173 4123">
     <span class='ocr_line' id='line_1_43' title="bbox 541 4048 2173 4123; baseline 0 -18"><span class='ocrx_word' id='word_1_323' title='bbox 541 4051 643 4123; x_wconf 83' lang='lat' dir='ltr'>ligi</span> <span class='ocrx_word' id='word_1_324' title='bbox 665 4049 899 4117; x_wconf 89' lang='lat' dir='ltr'>dictum,</span> <span class='ocrx_word' id='word_1_325' title='bbox 920 4051 1084 4122; x_wconf 87' lang='lat' dir='ltr'>juxta</span> <span class='ocrx_word' id='word_1_326' title='bbox 1106 4049 1260 4120; x_wconf 88' lang='lat' dir='ltr'>quod</span> <span class='ocrx_word' id='word_1_327' title='bbox 1289 4048 1347 4102; x_wconf 92' lang='lat' dir='ltr'>in</span> <span class='ocrx_word' id='word_1_328' title='bbox 1368 4051 1571 4119; x_wconf 88' lang='lat' dir='ltr'>quarto</span> <span class='ocrx_word' id='word_1_329' title='bbox 1593 4048 1810 4119; x_wconf 85' lang='lat' dir='ltr'>psalmo</span> <span class='ocrx_word' id='word_1_330' title='bbox 1829 4049 1968 4103; x_wconf 90' lang='lat' dir='ltr'>dicit</span> <span class='ocrx_word' id='word_1_331' title='bbox 1983 4050 2173 4118; x_wconf 85' lang='lat' dir='ltr'>David,</span> 
     </span>
    </p>
   </div>
   <div class='ocr_carea' id='block_1_44' title="bbox 543 4142 2173 4216">
    <p class='ocr_par' dir='ltr' id='par_1_44' title="bbox 543 4142 2173 4216">
     <span class='ocr_line' id='line_1_44' title="bbox 543 4142 2173 4216; baseline -0.001 -17"><span class='ocrx_word' id='word_1_332' title='bbox 543 4144 696 4199; x_wconf 89' lang='lat' dir='ltr'>unde</span> <span class='ocrx_word' id='word_1_333' title='bbox 727 4149 1016 4216; x_wconf 90' lang='lat' dir='ltr'>sumptum</span> <span class='ocrx_word' id='word_1_334' title='bbox 1047 4142 1270 4197; x_wconf 88' lang='lat' dir='ltr'>videtur</span> <span class='ocrx_word' id='word_1_335' title='bbox 1298 4159 1310 4195; x_wconf 92' lang='lat'>:</span> <span class='ocrx_word' id='word_1_336' title='bbox 1343 4143 1472 4208; x_wconf 62' lang='lat' dir='ltr'>Quae</span> <span class='ocrx_word' id='word_1_337' title='bbox 1495 4143 1676 4196; x_wconf 84' lang='lat' dir='ltr'>dicitis</span> <span class='ocrx_word' id='word_1_338' title='bbox 1703 4145 1759 4196; x_wconf 89' lang='lat' dir='ltr'>in</span> <span class='ocrx_word' id='word_1_339' title='bbox 1810 4143 2057 4198; x_wconf 87' lang='lat' dir='ltr'>cordibus</span> <span class='ocrx_word' id='word_1_340' title='bbox 2083 4160 2173 4198; x_wconf 78' lang='lat' dir='ltr'>ve-</span> 
     </span>
    </p>
   </div>
   <div class='ocr_carea' id='block_1_45' title="bbox 540 4236 2177 4309">
    <p class='ocr_par' dir='ltr' id='par_1_45' title="bbox 540 4236 2177 4309">
     <span class='ocr_line' id='line_1_45' title="bbox 540 4236 2177 4309; baseline -0.001 -15"><span class='ocrx_word' id='word_1_341' title='bbox 540 4240 689 4305; x_wconf 86' lang='lat' dir='ltr'>stris,</span> <span class='ocrx_word' id='word_1_342' title='bbox 707 4243 757 4293; x_wconf 88' lang='lat' dir='ltr'>et</span> <span class='ocrx_word' id='word_1_343' title='bbox 779 4241 837 4292; x_wconf 91' lang='lat' dir='ltr'>in</span> <span class='ocrx_word' id='word_1_344' title='bbox 862 4238 1126 4292; x_wconf 87' lang='lat' dir='ltr'>cubilibus</span> <span class='ocrx_word' id='word_1_345' title='bbox 1145 4237 1334 4290; x_wconf 76' lang='lat' dir='ltr'>vestris</span> <span class='ocrx_word' id='word_1_346' title='bbox 1353 4238 1775 4306; x_wconf 85' lang='lat' dir='ltr'>compungimini</span> <span class='ocrx_word' id='word_1_347' title='bbox 1795 4254 1810 4304; x_wconf 86' lang='lat'><strong>;</strong></span> <span class='ocrx_word' id='word_1_348' title='bbox 1841 4236 1898 4291; x_wconf 92' lang='lat' dir='ltr'>id</span> <span class='ocrx_word' id='word_1_349' title='bbox 1927 4242 2008 4292; x_wconf 91' lang='lat' dir='ltr'>est</span> <span class='ocrx_word' id='word_1_350' title='bbox 2027 4255 2177 4309; x_wconf 79' lang='lat' dir='ltr'>quae-</span> 
     </span>
    </p>
   </div>
   <div class='ocr_carea' id='block_1_46' title="bbox 545 4328 2172 4403">
    <p class='ocr_par' dir='ltr' id='par_1_46' title="bbox 545 4328 2172 4403">
     <span class='ocr_line' id='line_1_46' title="bbox 545 4328 2172 4403; baseline -0.001 -17"><span class='ocrx_word' id='word_1_351' title='bbox 545 4348 769 4403; x_wconf 90' lang='lat' dir='ltr'>cunque</span> <span class='ocrx_word' id='word_1_352' title='bbox 790 4331 848 4385; x_wconf 93' lang='lat' dir='ltr'>in</span> <span class='ocrx_word' id='word_1_353' title='bbox 864 4331 954 4386; x_wconf 90' lang='lat' dir='ltr'>die</span> <span class='ocrx_word' id='word_1_354' title='bbox 967 4328 1327 4399; x_wconf 78' lang='lat' dir='ltr'>cogitatione,</span> <span class='ocrx_word' id='word_1_355' title='bbox 1362 4328 1464 4395; x_wconf 88' lang='lat' dir='ltr'>ira,</span> <span class='ocrx_word' id='word_1_356' title='bbox 1487 4329 1574 4383; x_wconf 91' lang='lat' dir='ltr'>vel</span> <span class='ocrx_word' id='word_1_357' title='bbox 1597 4346 1791 4400; x_wconf 88' lang='lat' dir='ltr'>opera,</span> <span class='ocrx_word' id='word_1_358' title='bbox 1824 4329 2172 4402; x_wconf 86' lang='lat' dir='ltr'>delinquitis,</span> 
     </span>
    </p>
   </div>
   <div class='ocr_carea' id='block_1_47' title="bbox 542 4420 2171 4493">
    <p class='ocr_par' dir='ltr' id='par_1_47' title="bbox 542 4420 2171 4493">
     <span class='ocr_line' id='line_1_47' title="bbox 542 4420 2171 4493; baseline -0.001 -12"><span class='ocrx_word' id='word_1_359' title='bbox 542 4425 602 4481; x_wconf 88' lang='lat' dir='ltr'>in</span> <span class='ocrx_word' id='word_1_360' title='bbox 633 4424 912 4481; x_wconf 88' lang='lat' dir='ltr'>cubilibus</span> <span class='ocrx_word' id='word_1_361' title='bbox 944 4420 1139 4477; x_wconf 82' lang='lat' dir='ltr'>vestris</span> <span class='ocrx_word' id='word_1_362' title='bbox 1175 4422 1647 4493; x_wconf 86' lang='lat' dir='ltr'>compungimini.</span> <span class='ocrx_word' id='word_1_363' title='bbox 1681 4426 1823 4478; x_wconf 88' lang='lat' dir='ltr'>Ante</span> <span class='ocrx_word' id='word_1_364' title='bbox 1850 4424 1980 4479; x_wconf 91' lang='lat' dir='ltr'>solis</span> <span class='ocrx_word' id='word_1_365' title='bbox 2013 4442 2171 4480; x_wconf 87' lang='lat' dir='ltr'>occa-</span> 
     </span>
    </p>
   </div>
   <div class='ocr_carea' id='block_1_48' title="bbox 2278 496 3924 573">
    <p class='ocr_par' dir='ltr' id='par_1_48' title="bbox 2278 496 3924 573">
     <span class='ocr_line' id='line_1_48' title="bbox 2278 496 3924 573; baseline -0.004 -17"><span class='ocrx_word' id='word_1_366' title='bbox 2278 519 2396 557; x_wconf 91' lang='lat' dir='ltr'>non</span> <span class='ocrx_word' id='word_1_367' title='bbox 2424 502 2695 556; x_wconf 89' lang='lat' dir='ltr'>debemus</span> <span class='ocrx_word' id='word_1_368' title='bbox 2722 500 3028 573; x_wconf 87' lang='lat' dir='ltr'>peccando,</span> <span class='ocrx_word' id='word_1_369' title='bbox 3058 500 3351 554; x_wconf 87' lang='lat' dir='ltr'>irascendo</span> <span class='ocrx_word' id='word_1_370' title='bbox 3378 516 3391 566; x_wconf 92' lang='lat'><strong>;</strong></span> <span class='ocrx_word' id='word_1_371' title='bbox 3418 500 3575 554; x_wconf 90' lang='lat' dir='ltr'>locus</span> <span class='ocrx_word' id='word_1_372' title='bbox 3608 498 3765 552; x_wconf 90' lang='lat' dir='ltr'>enim</span> <span class='ocrx_word' id='word_1_373' title='bbox 3799 496 3924 551; x_wconf 90' lang='lat' dir='ltr'>dia-</span> 
     </span>
    </p>
   </div>
   <div class='ocr_carea' id='block_1_49' title="bbox 2278 585 3922 662">
    <p class='ocr_par' dir='ltr' id='par_1_49' title="bbox 2278 585 3922 662">
     <span class='ocr_line' id='line_1_49' title="bbox 2278 585 3922 662; baseline -0.004 -16"><span class='ocrx_word' id='word_1_374' title='bbox 2278 592 2397 646; x_wconf 89' lang='lat' dir='ltr'>boli</span> <span class='ocrx_word' id='word_1_375' title='bbox 2452 596 2748 662; x_wconf 90' lang='lat' dir='ltr'>peccatum</span> <span class='ocrx_word' id='word_1_376' title='bbox 2804 593 2907 644; x_wconf 88' lang='lat' dir='ltr'>est.</span> <span class='ocrx_word' id='word_1_377' title='bbox 2970 590 3180 643; x_wconf 90' lang='lat' dir='ltr'>Locum</span> <span class='ocrx_word' id='word_1_378' title='bbox 3231 588 3485 658; x_wconf 87' lang='lat' dir='ltr'>quotidie</span> <span class='ocrx_word' id='word_1_379' title='bbox 3547 585 3758 657; x_wconf 69' lang='lat' dir='ltr'>quierit</span> <span class='ocrx_word' id='word_1_380' title='bbox 3811 586 3922 640; x_wconf 90' lang='lat' dir='ltr'>cir-</span> 
     </span>
    </p>
   </div>
   <div class='ocr_carea' id='block_1_50' title="bbox 2279 682 3920 752">
    <p class='ocr_par' dir='ltr' id='par_1_50' title="bbox 2279 682 3920 752">
     <span class='ocr_line' id='line_1_50' title="bbox 2279 682 3920 752; baseline -0.004 -13"><span class='ocrx_word' id='word_1_381' title='bbox 2279 685 2599 751; x_wconf 86' lang='lat' dir='ltr'>cumiendo,</span> <span class='ocrx_word' id='word_1_382' title='bbox 2630 684 2849 739; x_wconf 87' lang='lat' dir='ltr'>dicente</span> <span class='ocrx_word' id='word_1_383' title='bbox 2877 684 3046 737; x_wconf 91' lang='lat' dir='ltr'>Petro</span> <span class='ocrx_word' id='word_1_384' title='bbox 3075 682 3333 752; x_wconf 83' lang='lat' dir='ltr'>apostolo</span> <span class='ocrx_word' id='word_1_385' title='bbox 3365 698 3378 735; x_wconf 92' lang='lat'>:</span> <span class='ocrx_word' id='word_1_386' title='bbox 3406 682 3776 736; x_wconf 85' lang='lat' dir='ltr'>Adversarius</span> <span class='ocrx_word' id='word_1_387' title='bbox 3798 694 3920 733; x_wconf 81' lang='lat' dir='ltr'>ves-</span> 
     </span>
    </p>
   </div>
   <div class='ocr_carea' id='block_1_51' title="bbox 2282 777 3925 846">
    <p class='ocr_par' dir='ltr' id='par_1_51' title="bbox 2282 777 3925 846">
     <span class='ocr_line' id='line_1_51' title="bbox 2282 777 3925 846; baseline -0.004 -13"><span class='ocrx_word' id='word_1_388' title='bbox 2282 784 2360 833; x_wconf 83' lang='lat' dir='ltr'>ter</span> <span class='ocrx_word' id='word_1_389' title='bbox 2410 780 2657 832; x_wconf 85' lang='lat' dir='ltr'>diabolus</span> <span class='ocrx_word' id='word_1_390' title='bbox 2712 783 2971 846; x_wconf 79' lang='lat' dir='ltr'>tanquam</span> <span class='ocrx_word' id='word_1_391' title='bbox 3028 778 3106 829; x_wconf 79' lang='lat' dir='ltr'>leo</span> <span class='ocrx_word' id='word_1_392' title='bbox 3158 778 3375 842; x_wconf 82' lang='lat' dir='ltr'>rugiens</span> <span class='ocrx_word' id='word_1_393' title='bbox 3432 777 3623 829; x_wconf 88' lang='lat' dir='ltr'>circuit</span> <span class='ocrx_word' id='word_1_394' title='bbox 3678 788 3925 843; x_wconf 75' lang='lat' dir='ltr'>quaerens</span> 
     </span>
    </p>
   </div>
   <div class='ocr_carea' id='block_1_52' title="bbox 2280 867 3924 942">
    <p class='ocr_par' dir='ltr' id='par_1_52' title="bbox 2280 867 3924 942">
     <span class='ocr_line' id='line_1_52' title="bbox 2280 867 3924 942; baseline -0.005 -14"><span class='ocrx_word' id='word_1_395' title='bbox 2280 890 2435 942; x_wconf 85' lang='lat' dir='ltr'>quem</span> <span class='ocrx_word' id='word_1_396' title='bbox 2458 874 2690 927; x_wconf 86' lang='lat' dir='ltr'>devoret.</span> <span class='ocrx_word' id='word_1_397' title='bbox 2726 873 2789 925; x_wconf 89' lang='lat' dir='ltr'>Et</span> <span class='ocrx_word' id='word_1_398' title='bbox 2817 871 2922 924; x_wconf 91' lang='lat' dir='ltr'>hoc</span> <span class='ocrx_word' id='word_1_399' title='bbox 2953 870 3106 937; x_wconf 88' lang='lat' dir='ltr'>ideo,</span> <span class='ocrx_word' id='word_1_400' title='bbox 3140 870 3275 939; x_wconf 87' lang='lat' dir='ltr'>quia</span> <span class='ocrx_word' id='word_1_401' title='bbox 3306 868 3520 923; x_wconf 80' lang='lat' dir='ltr'>invidet</span> <span class='ocrx_word' id='word_1_402' title='bbox 3550 867 3712 921; x_wconf 90' lang='lat' dir='ltr'>omni</span> <span class='ocrx_word' id='word_1_403' title='bbox 3742 867 3924 920; x_wconf 91' lang='lat' dir='ltr'>bono.</span> 
     </span>
    </p>
   </div>
   <div class='ocr_carea' id='block_1_53' title="bbox 2280 962 3923 1021">
    <p class='ocr_par' dir='ltr' id='par_1_53' title="bbox 2280 962 3923 1021">
     <span class='ocr_line' id='line_1_53' title="bbox 2280 962 3923 1021; baseline -0.005 -1"><span class='ocrx_word' id='word_1_404' title='bbox 2280 967 2496 1021; x_wconf 83' lang='lat' dir='ltr'>Invidia</span> <span class='ocrx_word' id='word_1_405' title='bbox 2546 968 2687 1020; x_wconf 86' lang='lat' dir='ltr'>enim</span> <span class='ocrx_word' id='word_1_406' title='bbox 2732 964 2939 1018; x_wconf 85' lang='lat' dir='ltr'>diaboli</span> <span class='ocrx_word' id='word_1_407' title='bbox 2985 978 3124 1018; x_wconf 88' lang='lat' dir='ltr'>mors</span> <span class='ocrx_word' id='word_1_408' title='bbox 3168 964 3414 1016; x_wconf 83' lang='lat' dir='ltr'>introivit</span> <span class='ocrx_word' id='word_1_409' title='bbox 3467 965 3525 1015; x_wconf 91' lang='lat' dir='ltr'>in</span> <span class='ocrx_word' id='word_1_410' title='bbox 3579 962 3764 1015; x_wconf 85' lang='lat' dir='ltr'>orbem</span> <span class='ocrx_word' id='word_1_411' title='bbox 3818 965 3923 1012; x_wconf 83' lang='lat' dir='ltr'>ter-</span> 
     </span>
    </p>
   </div>
   <div class='ocr_carea' id='block_1_54' title="bbox 2280 1076 2485 1114">
    <p class='ocr_par' dir='ltr' id='par_1_54' title="bbox 2280 1076 2485 1114">
     <span class='ocr_line' id='line_1_54' title="bbox 2280 1076 2485 1114; baseline -0.01 0"><span class='ocrx_word' id='word_1_412' title='bbox 2280 1076 2485 1114; x_wconf 86' lang='lat' dir='ltr'>rarum.</span> 
     </span>
    </p>
   </div>
   <div class='ocr_carea' id='block_1_55' title="bbox 2348 1147 3931 1219">
    <p class='ocr_par' dir='ltr' id='par_1_55' title="bbox 2348 1147 3931 1219">
     <span class='ocr_line' id='line_1_55' title="bbox 2348 1147 3931 1219; baseline -0.005 -13"><span class='ocrx_word' id='word_1_413' title='bbox 2348 1154 2447 1216; x_wconf 76' lang='lat' dir='ltr'>Qu</span> <span class='ocrx_word' id='word_1_414' title='bbox 2478 1168 2809 1219; x_wconf 69' lang='lat' dir='ltr'>FL’RABAI‘I&#39;R,</span> <span class='ocrx_word' id='word_1_415' title='bbox 2838 1167 2939 1206; x_wconf 62' lang='grc' dir='ltr'>ΔΑΜ</span> <span class='ocrx_word' id='word_1_416' title='bbox 2968 1166 3073 1205; x_wconf 67' lang='lat' dir='ltr'>NON</span> <span class='ocrx_word' id='word_1_417' title='bbox 3101 1165 3363 1205; x_wconf 80' lang='lat' dir='ltr'>FLRETUR.</span> <span class='ocrx_word' id='word_1_418' title='bbox 3394 1150 3629 1203; x_wconf 87' lang='lat' dir='ltr'>Furtum</span> <span class='ocrx_word' id='word_1_419' title='bbox 3657 1147 3931 1201; x_wconf 86' lang='lat' dir='ltr'>nominat</span> 
     </span>
    </p>
   </div>
   <div class='ocr_carea' id='block_1_56' title="bbox 2280 1241 3930 1316">
    <p class='ocr_par' dir='ltr' id='par_1_56' title="bbox 2280 1241 3930 1316">
     <span class='ocr_line' id='line_1_56' title="bbox 2280 1241 3930 1316; baseline -0.002 -19"><span class='ocrx_word' id='word_1_420' title='bbox 2280 1241 2567 1316; x_wconf 81' lang='lat' dir='ltr'>apostolus</span> <span class='ocrx_word' id='word_1_421' title='bbox 2595 1246 2798 1298; x_wconf 81' lang='lat' dir='ltr'>Paulus</span> <span class='ocrx_word' id='word_1_422' title='bbox 2831 1261 3000 1298; x_wconf 89' lang='lat' dir='ltr'>omne</span> <span class='ocrx_word' id='word_1_423' title='bbox 3017 1250 3424 1298; x_wconf 90' lang='lat' dir='ltr'>nocumentum</span> <span class='ocrx_word' id='word_1_424' title='bbox 3450 1241 3699 1313; x_wconf 87' lang='lat' dir='ltr'>proximi</span> <span class='ocrx_word' id='word_1_425' title='bbox 3733 1259 3747 1309; x_wconf 88' lang='lat'>;</span> <span class='ocrx_word' id='word_1_426' title='bbox 3772 1257 3930 1293; x_wconf 91' lang='lat' dir='ltr'>ama-</span> 
     </span>
    </p>
   </div>
   <div class='ocr_carea' id='block_1_57' title="bbox 2281 1336 3926 1408">
    <p class='ocr_par' dir='ltr' id='par_1_57' title="bbox 2281 1336 3926 1408">
     <span class='ocr_line' id='line_1_57' title="bbox 2281 1336 3926 1408; baseline -0.004 -16"><span class='ocrx_word' id='word_1_427' title='bbox 2281 1344 2433 1393; x_wconf 89' lang='lat' dir='ltr'>tores</span> <span class='ocrx_word' id='word_1_428' title='bbox 2462 1339 2614 1392; x_wconf 89' lang='lat' dir='ltr'>enim</span> <span class='ocrx_word' id='word_1_429' title='bbox 2646 1338 2839 1391; x_wconf 58' lang='lat' dir='ltr'>saeculi</span> <span class='ocrx_word' id='word_1_430' title='bbox 2860 1338 3027 1405; x_wconf 86' lang='lat' dir='ltr'>hujus</span> <span class='ocrx_word' id='word_1_431' title='bbox 3056 1337 3347 1391; x_wconf 86' lang='lat' dir='ltr'>facultates</span> <span class='ocrx_word' id='word_1_432' title='bbox 3367 1336 3665 1408; x_wconf 74' lang='lat' dir='ltr'>praesentis</span> <span class='ocrx_word' id='word_1_433' title='bbox 3694 1340 3926 1404; x_wconf 90' lang='lat' dir='ltr'>tempo-</span> 
     </span>
    </p>
   </div>
   <div class='ocr_carea' id='block_1_58' title="bbox 2280 1427 3925 1503">
    <p class='ocr_par' dir='ltr' id='par_1_58' title="bbox 2280 1427 3925 1503">
     <span class='ocr_line' id='line_1_58' title="bbox 2280 1427 3925 1503; baseline -0.004 -17"><span class='ocrx_word' id='word_1_434' title='bbox 2280 1433 2357 1486; x_wconf 90' lang='lat' dir='ltr'>ris</span> <span class='ocrx_word' id='word_1_435' title='bbox 2386 1432 2806 1503; x_wconf 86' lang='lat' dir='ltr'>amplecteudo,</span> <span class='ocrx_word' id='word_1_436' title='bbox 2852 1430 3126 1502; x_wconf 85' lang='lat' dir='ltr'>proximis</span> <span class='ocrx_word' id='word_1_437' title='bbox 3168 1430 3442 1495; x_wconf 82' lang='lat' dir='ltr'>invident,</span> <span class='ocrx_word' id='word_1_438' title='bbox 3475 1428 3529 1481; x_wconf 86' lang='lat' dir='ltr'>vi</span> <span class='ocrx_word' id='word_1_439' title='bbox 3560 1427 3818 1499; x_wconf 87' lang='lat' dir='ltr'>rapiunt,</span> <span class='ocrx_word' id='word_1_440' title='bbox 3840 1427 3925 1480; x_wconf 85' lang='lat' dir='ltr'>vel</span> 
     </span>
    </p>
   </div>
   <div class='ocr_carea' id='block_1_59' title="bbox 2281 1520 3928 1595">
    <p class='ocr_par' dir='ltr' id='par_1_59' title="bbox 2281 1520 3928 1595">
     <span class='ocr_line' id='line_1_59' title="bbox 2281 1520 3928 1595; baseline -0.004 -16"><span class='ocrx_word' id='word_1_441' title='bbox 2281 1526 2339 1579; x_wconf 89' lang='lat' dir='ltr'>in</span> <span class='ocrx_word' id='word_1_442' title='bbox 2369 1525 2614 1595; x_wconf 80' lang='lat' dir='ltr'>negotiis</span> <span class='ocrx_word' id='word_1_443' title='bbox 2640 1524 3115 1592; x_wconf 86' lang='lat' dir='ltr'>circumveniunt,</span> <span class='ocrx_word' id='word_1_444' title='bbox 3149 1526 3205 1577; x_wconf 87' lang='lat' dir='ltr'>et</span> <span class='ocrx_word' id='word_1_445' title='bbox 3232 1522 3530 1591; x_wconf 83' lang='lat' dir='ltr'>auferunt;</span> <span class='ocrx_word' id='word_1_446' title='bbox 3565 1521 3694 1575; x_wconf 89' lang='lat' dir='ltr'>ideo</span> <span class='ocrx_word' id='word_1_447' title='bbox 3729 1520 3928 1575; x_wconf 88' lang='lat' dir='ltr'>admo-</span> 
     </span>
    </p>
   </div>
   <div class='ocr_carea' id='block_1_60' title="bbox 2281 1613 3924 1689">
    <p class='ocr_par' dir='ltr' id='par_1_60' title="bbox 2281 1613 3924 1689">
     <span class='ocr_line' id='line_1_60' title="bbox 2281 1613 3924 1689; baseline -0.003 -16"><span class='ocrx_word' id='word_1_448' title='bbox 2281 1623 2379 1673; x_wconf 90' lang='lat' dir='ltr'>net</span> <span class='ocrx_word' id='word_1_449' title='bbox 2406 1619 2671 1689; x_wconf 83' lang='lat' dir='ltr'>Ephesios</span> <span class='ocrx_word' id='word_1_450' title='bbox 2698 1634 2771 1673; x_wconf 91' lang='lat' dir='ltr'>ne</span> <span class='ocrx_word' id='word_1_451' title='bbox 2796 1618 2855 1672; x_wconf 90' lang='lat' dir='ltr'>in</span> <span class='ocrx_word' id='word_1_452' title='bbox 2884 1618 3175 1672; x_wconf 86' lang='lat' dir='ltr'>occasione</span> <span class='ocrx_word' id='word_1_453' title='bbox 3205 1616 3347 1670; x_wconf 90' lang='lat' dir='ltr'>lucri</span> <span class='ocrx_word' id='word_1_454' title='bbox 3366 1616 3660 1669; x_wconf 88' lang='lat' dir='ltr'>incurrant</span> <span class='ocrx_word' id='word_1_455' title='bbox 3690 1613 3924 1668; x_wconf 86' lang='lat' dir='ltr'>crimen</span> 
     </span>
    </p>
   </div>
   <div class='ocr_carea' id='block_1_61' title="bbox 2282 1709 3926 1781">
    <p class='ocr_par' dir='ltr' id='par_1_61' title="bbox 2282 1709 3926 1781">
     <span class='ocr_line' id='line_1_61' title="bbox 2282 1709 3926 1781; baseline -0.002 -17"><span class='ocrx_word' id='word_1_456' title='bbox 2282 1712 2440 1765; x_wconf 86' lang='lat' dir='ltr'>furti.</span> <span class='ocrx_word' id='word_1_457' title='bbox 2469 1712 2605 1764; x_wconf 86' lang='lat' dir='ltr'>Hinc</span> <span class='ocrx_word' id='word_1_458' title='bbox 2629 1712 2753 1765; x_wconf 90' lang='lat' dir='ltr'>aliis</span> <span class='ocrx_word' id='word_1_459' title='bbox 2778 1711 3063 1781; x_wconf 89' lang='lat' dir='ltr'>discipulis</span> <span class='ocrx_word' id='word_1_460' title='bbox 3108 1710 3244 1764; x_wconf 91' lang='lat' dir='ltr'>dicit</span> <span class='ocrx_word' id='word_1_461' title='bbox 3273 1728 3286 1763; x_wconf 89' lang='lat'>:</span> <span class='ocrx_word' id='word_1_462' title='bbox 3320 1712 3504 1778; x_wconf 86' lang='lat' dir='ltr'>Neque</span> <span class='ocrx_word' id='word_1_463' title='bbox 3534 1709 3926 1762; x_wconf 85' lang='lat' dir='ltr'>circumveniat</span> 
     </span>
    </p>
   </div>
   <div class='ocr_carea' id='block_1_62' title="bbox 2282 1801 3921 1873">
    <p class='ocr_par' dir='ltr' id='par_1_62' title="bbox 2282 1801 3921 1873">
     <span class='ocr_line' id='line_1_62' title="bbox 2282 1801 3921 1873; baseline -0.004 -14"><span class='ocrx_word' id='word_1_464' title='bbox 2282 1821 2481 1859; x_wconf 84' lang='lat' dir='ltr'>avarus</span> <span class='ocrx_word' id='word_1_465' title='bbox 2510 1808 2565 1858; x_wconf 87' lang='lat' dir='ltr'>in</span> <span class='ocrx_word' id='word_1_466' title='bbox 2608 1808 2818 1873; x_wconf 88' lang='lat' dir='ltr'>negotio</span> <span class='ocrx_word' id='word_1_467' title='bbox 2843 1807 3075 1871; x_wconf 87' lang='lat' dir='ltr'>fratrem</span> <span class='ocrx_word' id='word_1_468' title='bbox 3102 1820 3278 1858; x_wconf 87' lang='lat' dir='ltr'>suum.</span> <span class='ocrx_word' id='word_1_469' title='bbox 3310 1804 3499 1857; x_wconf 87' lang='lat' dir='ltr'>Potest</span> <span class='ocrx_word' id='word_1_470' title='bbox 3529 1806 3585 1855; x_wconf 90' lang='lat' dir='ltr'>et</span> <span class='ocrx_word' id='word_1_471' title='bbox 3627 1801 3801 1854; x_wconf 88' lang='lat' dir='ltr'>altius</span> <span class='ocrx_word' id='word_1_472' title='bbox 3832 1801 3921 1853; x_wconf 91' lang='lat' dir='ltr'>in-</span> 
     </span>
    </p>
   </div>
   <div class='ocr_carea' id='block_1_63' title="bbox 2282 1894 3921 1969">
    <p class='ocr_par' dir='ltr' id='par_1_63' title="bbox 2282 1894 3921 1969">
     <span class='ocr_line' id='line_1_63' title="bbox 2282 1894 3921 1969; baseline -0.004 -16"><span class='ocrx_word' id='word_1_473' title='bbox 2282 1898 2469 1969; x_wconf 77' lang='lat' dir='ltr'>tellegi</span> <span class='ocrx_word' id='word_1_474' title='bbox 2499 1898 2651 1969; x_wconf 90' lang='lat' dir='ltr'>quod</span> <span class='ocrx_word' id='word_1_475' title='bbox 2678 1898 2830 1966; x_wconf 90' lang='lat' dir='ltr'>dicit,</span> <span class='ocrx_word' id='word_1_476' title='bbox 2854 1900 2952 1968; x_wconf 85' lang='lat' dir='ltr'>qui</span> <span class='ocrx_word' id='word_1_477' title='bbox 2965 1899 3265 1964; x_wconf 84' lang='lat' dir='ltr'>furabatur</span> <span class='ocrx_word' id='word_1_478' title='bbox 3266 1897 3391 1964; x_wconf 87' lang='lat' dir='ltr'>jam</span> <span class='ocrx_word' id='word_1_479' title='bbox 3406 1912 3513 1948; x_wconf 85' lang='lat' dir='ltr'>non</span> <span class='ocrx_word' id='word_1_480' title='bbox 3529 1898 3755 1963; x_wconf 85' lang='lat' dir='ltr'>furetur</span> <span class='ocrx_word' id='word_1_481' title='bbox 3777 1913 3795 1961; x_wconf 85' lang='lat'><strong><em>;</em></strong></span> <span class='ocrx_word' id='word_1_482' title='bbox 3824 1894 3921 1947; x_wconf 88' lang='lat' dir='ltr'>sci-</span> 
     </span>
    </p>
   </div>
   <div class='ocr_carea' id='block_1_64' title="bbox 2282 1988 3917 2062">
    <p class='ocr_par' dir='ltr' id='par_1_64' title="bbox 2282 1988 3917 2062">
     <span class='ocr_line' id='line_1_64' title="bbox 2282 1988 3917 2062; baseline -0.002 -17"><span class='ocrx_word' id='word_1_483' title='bbox 2282 1992 2410 2046; x_wconf 88' lang='lat' dir='ltr'>licet</span> <span class='ocrx_word' id='word_1_484' title='bbox 2438 1992 2583 2046; x_wconf 87' lang='lat' dir='ltr'>sicut</span> <span class='ocrx_word' id='word_1_485' title='bbox 2607 1992 2675 2045; x_wconf 91' lang='lat' dir='ltr'>de</span> <span class='ocrx_word' id='word_1_486' title='bbox 2706 1990 3217 2062; x_wconf 89' lang='lat' dir='ltr'>pseudoprophetis</span> <span class='ocrx_word' id='word_1_487' title='bbox 3246 1989 3461 2044; x_wconf 89' lang='lat' dir='ltr'>dictum</span> <span class='ocrx_word' id='word_1_488' title='bbox 3496 1993 3597 2057; x_wconf 89' lang='lat' dir='ltr'>est,</span> <span class='ocrx_word' id='word_1_489' title='bbox 3632 1988 3771 2058; x_wconf 88' lang='lat' dir='ltr'>quia</span> <span class='ocrx_word' id='word_1_490' title='bbox 3802 2004 3917 2042; x_wconf 83' lang='lat' dir='ltr'>ser-</span> 
     </span>
    </p>
   </div>
   <div class='ocr_carea' id='block_1_65' title="bbox 2280 2081 3923 2154">
    <p class='ocr_par' dir='ltr' id='par_1_65' title="bbox 2280 2081 3923 2154">
     <span class='ocr_line' id='line_1_65' title="bbox 2280 2081 3923 2154; baseline -0.004 -14"><span class='ocrx_word' id='word_1_491' title='bbox 2280 2101 2480 2140; x_wconf 89' lang='lat' dir='ltr'>mones</span> <span class='ocrx_word' id='word_1_492' title='bbox 2533 2086 2829 2140; x_wconf 88' lang='lat' dir='ltr'>furabatur</span> <span class='ocrx_word' id='word_1_493' title='bbox 2873 2084 3259 2154; x_wconf 87' lang='lat' dir='ltr'>unusquisque</span> <span class='ocrx_word' id='word_1_494' title='bbox 3305 2100 3337 2135; x_wconf 88' lang='lat' dir='ltr'>a</span> <span class='ocrx_word' id='word_1_495' title='bbox 3380 2081 3638 2152; x_wconf 85' lang='lat' dir='ltr'>proximo</span> <span class='ocrx_word' id='word_1_496' title='bbox 3673 2097 3821 2134; x_wconf 90' lang='lat' dir='ltr'>suo:</span> <span class='ocrx_word' id='word_1_497' title='bbox 3867 2083 3923 2134; x_wconf 89' lang='lat' dir='ltr'>et</span> 
     </span>
    </p>
   </div>
   <div class='ocr_carea' id='block_1_66' title="bbox 2280 2173 3922 2248">
    <p class='ocr_par' dir='ltr' id='par_1_66' title="bbox 2280 2173 3922 2248">
     <span class='ocr_line' id='line_1_66' title="bbox 2280 2173 3922 2248; baseline -0.004 -16"><span class='ocrx_word' id='word_1_498' title='bbox 2280 2183 2539 2248; x_wconf 86' lang='lat' dir='ltr'>quotquot</span> <span class='ocrx_word' id='word_1_499' title='bbox 2561 2182 2840 2240; x_wconf 88' lang='lat' dir='ltr'>venerunt,</span> <span class='ocrx_word' id='word_1_500' title='bbox 2871 2179 3023 2244; x_wconf 84' lang='lat' dir='ltr'>fures</span> <span class='ocrx_word' id='word_1_501' title='bbox 3049 2180 3273 2243; x_wconf 83' lang='lat' dir='ltr'>fuerunt</span> <span class='ocrx_word' id='word_1_502' title='bbox 3317 2181 3365 2229; x_wconf 90' lang='lat' dir='ltr'>et</span> <span class='ocrx_word' id='word_1_503' title='bbox 3398 2176 3650 2229; x_wconf 86' lang='lat' dir='ltr'>latrones.</span> <span class='ocrx_word' id='word_1_504' title='bbox 3682 2174 3746 2227; x_wconf 85' lang='lat' dir='ltr'>lli</span> <span class='ocrx_word' id='word_1_505' title='bbox 3782 2173 3922 2227; x_wconf 85' lang='lat' dir='ltr'>tales</span> 
     </span>
    </p>
   </div>
   <div class='ocr_carea' id='block_1_67' title="bbox 2280 2267 3921 2339">
    <p class='ocr_par' dir='ltr' id='par_1_67' title="bbox 2280 2267 3921 2339">
     <span class='ocr_line' id='line_1_67' title="bbox 2280 2267 3921 2339; baseline -0.004 -13"><span class='ocrx_word' id='word_1_506' title='bbox 2280 2288 2476 2326; x_wconf 88' lang='lat' dir='ltr'>omnes</span> <span class='ocrx_word' id='word_1_507' title='bbox 2514 2273 2778 2326; x_wconf 89' lang='lat' dir='ltr'>furantur</span> <span class='ocrx_word' id='word_1_508' title='bbox 2806 2271 3039 2324; x_wconf 80' lang='lat' dir='ltr'>verbum</span> <span class='ocrx_word' id='word_1_509' title='bbox 3062 2269 3180 2337; x_wconf 89' lang='lat' dir='ltr'>Dei,</span> <span class='ocrx_word' id='word_1_510' title='bbox 3208 2270 3523 2339; x_wconf 90' lang='lat' dir='ltr'>loquuntur</span> <span class='ocrx_word' id='word_1_511' title='bbox 3549 2267 3921 2321; x_wconf 89' lang='lat' dir='ltr'>mendacium</span> 
     </span>
    </p>
   </div>
   <div class='ocr_carea' id='block_1_68' title="bbox 2280 2360 3917 2437">
    <p class='ocr_par' dir='ltr' id='par_1_68' title="bbox 2280 2360 3917 2437">
     <span class='ocr_line' id='line_1_68' title="bbox 2280 2360 3917 2437; baseline -0.004 -18"><span class='ocrx_word' id='word_1_512' title='bbox 2280 2383 2411 2419; x_wconf 92' lang='lat' dir='ltr'>cum</span> <span class='ocrx_word' id='word_1_513' title='bbox 2437 2365 2699 2437; x_wconf 83' lang='lat' dir='ltr'>proximo</span> <span class='ocrx_word' id='word_1_514' title='bbox 2728 2382 2849 2418; x_wconf 88' lang='lat' dir='ltr'>suo.</span> <span class='ocrx_word' id='word_1_515' title='bbox 2880 2365 2947 2418; x_wconf 89' lang='lat' dir='ltr'>Et</span> <span class='ocrx_word' id='word_1_516' title='bbox 2977 2364 3082 2418; x_wconf 89' lang='lat' dir='ltr'>hos</span> <span class='ocrx_word' id='word_1_517' title='bbox 3110 2362 3251 2417; x_wconf 86' lang='lat' dir='ltr'>tales</span> <span class='ocrx_word' id='word_1_518' title='bbox 3288 2361 3553 2432; x_wconf 88' lang='lat' dir='ltr'>prohibet</span> <span class='ocrx_word' id='word_1_519' title='bbox 3580 2362 3806 2415; x_wconf 87' lang='lat' dir='ltr'>furtum</span> <span class='ocrx_word' id='word_1_520' title='bbox 3832 2360 3917 2413; x_wconf 88' lang='lat' dir='ltr'>fa-</span> 
     </span>
    </p>
   </div>
   <div class='ocr_carea' id='block_1_69' title="bbox 2282 2455 3916 2529">
    <p class='ocr_par' dir='ltr' id='par_1_69' title="bbox 2282 2455 3916 2529">
     <span class='ocr_line' id='line_1_69' title="bbox 2282 2455 3916 2529; baseline -0.003 -17"><span class='ocrx_word' id='word_1_521' title='bbox 2282 2475 2427 2527; x_wconf 91' lang='lat' dir='ltr'>cere,</span> <span class='ocrx_word' id='word_1_522' title='bbox 2450 2460 2614 2529; x_wconf 89' lang='lat' dir='ltr'>juxta</span> <span class='ocrx_word' id='word_1_523' title='bbox 2645 2459 2795 2529; x_wconf 91' lang='lat' dir='ltr'>quod</span> <span class='ocrx_word' id='word_1_524' title='bbox 2820 2462 2875 2511; x_wconf 91' lang='lat' dir='ltr'>et</span> <span class='ocrx_word' id='word_1_525' title='bbox 2904 2457 3163 2527; x_wconf 90' lang='lat' dir='ltr'>superius</span> <span class='ocrx_word' id='word_1_526' title='bbox 3189 2455 3333 2509; x_wconf 85' lang='lat' dir='ltr'>dixit</span> <span class='ocrx_word' id='word_1_527' title='bbox 3365 2474 3378 2509; x_wconf 90' lang='lat'>:</span> <span class='ocrx_word' id='word_1_528' title='bbox 3414 2459 3738 2524; x_wconf 84' lang='lat' dir='ltr'>Deponentcs</span> <span class='ocrx_word' id='word_1_529' title='bbox 3765 2470 3916 2508; x_wconf 80' lang='lat' dir='ltr'>men-</span> 
     </span>
    </p>
   </div>
   <div class='ocr_carea' id='block_1_70' title="bbox 2279 2550 3915 2622">
    <p class='ocr_par' dir='ltr' id='par_1_70' title="bbox 2279 2550 3915 2622">
     <span class='ocr_line' id='line_1_70' title="bbox 2279 2550 3915 2622; baseline -0.002 -17"><span class='ocrx_word' id='word_1_530' title='bbox 2279 2554 2514 2615; x_wconf 85' lang='lat' dir='ltr'>dacium,</span> <span class='ocrx_word' id='word_1_531' title='bbox 2545 2554 2831 2622; x_wconf 85' lang='lat' dir='ltr'>loquimini</span> <span class='ocrx_word' id='word_1_532' title='bbox 2854 2554 3134 2605; x_wconf 84' lang='lat' dir='ltr'>veritatem</span> <span class='ocrx_word' id='word_1_533' title='bbox 3151 2552 3513 2619; x_wconf 85' lang='lat' dir='ltr'>unusquisque</span> <span class='ocrx_word' id='word_1_534' title='bbox 3532 2565 3652 2602; x_wconf 89' lang='lat' dir='ltr'>cum</span> <span class='ocrx_word' id='word_1_535' title='bbox 3664 2550 3915 2619; x_wconf 67' lang='lat' dir='ltr'>proximo</span> 
     </span>
    </p>
   </div>
   <div class='ocr_carea' id='block_1_71' title="bbox 2277 2648 3915 2701">
    <p class='ocr_par' dir='ltr' id='par_1_71' title="bbox 2277 2648 3915 2701">
     <span class='ocr_line' id='line_1_71' title="bbox 2277 2648 3915 2701; baseline -0.004 0"><span class='ocrx_word' id='word_1_536' title='bbox 2277 2662 2390 2701; x_wconf 75' lang='grc' dir='ltr'>δυο.</span> <span class='ocrx_word' id='word_1_537' title='bbox 2439 2648 2612 2701; x_wconf 72' lang='lat' dir='ltr'><strong>MAGIS</strong></span> <span class='ocrx_word' id='word_1_538' title='bbox 2670 2662 2847 2701; x_wconf 70' lang='lat' dir='ltr'>AUTEM</span> <span class='ocrx_word' id='word_1_539' title='bbox 2892 2659 3133 2700; x_wconf 76' lang='lat' dir='ltr'><strong>LABORET</strong></span> <span class='ocrx_word' id='word_1_540' title='bbox 3186 2658 3471 2698; x_wconf 74' lang='lat' dir='ltr'>OPERANDO</span> <span class='ocrx_word' id='word_1_541' title='bbox 3508 2658 3747 2698; x_wconf 65' lang='lat' dir='ltr'>MANIBL’S</span> <span class='ocrx_word' id='word_1_542' title='bbox 3798 2657 3915 2696; x_wconf 67' lang='grc' dir='ltr'>ειίδ</span> 
     </span>
    </p>
   </div>
   <div class='ocr_carea' id='block_1_72' title="bbox 2280 2736 3919 2808">
    <p class='ocr_par' dir='ltr' id='par_1_72' title="bbox 2280 2736 3919 2808">
     <span class='ocr_line' id='line_1_72' title="bbox 2280 2736 3919 2808; baseline -0.004 -12"><span class='ocrx_word' id='word_1_543' title='bbox 2280 2756 2425 2803; x_wconf 88' lang='lat' dir='ltr'>QUOD</span> <span class='ocrx_word' id='word_1_544' title='bbox 2440 2756 2626 2795; x_wconf 63' lang='lat' dir='ltr'>nomen</span> <span class='ocrx_word' id='word_1_545' title='bbox 2656 2756 2770 2793; x_wconf 73' lang='lat' dir='ltr'>esr.</span> <span class='ocrx_word' id='word_1_546' title='bbox 2800 2738 2992 2793; x_wconf 90' lang='lat' dir='ltr'>Simile</span> <span class='ocrx_word' id='word_1_547' title='bbox 3022 2743 3104 2791; x_wconf 89' lang='lat' dir='ltr'>est</span> <span class='ocrx_word' id='word_1_548' title='bbox 3127 2736 3277 2808; x_wconf 90' lang='lat' dir='ltr'>quod</span> <span class='ocrx_word' id='word_1_549' title='bbox 3296 2737 3416 2807; x_wconf 88' lang='lat' dir='ltr'>jam</span> <span class='ocrx_word' id='word_1_550' title='bbox 3438 2736 3653 2790; x_wconf 88' lang='lat' dir='ltr'>dictum</span> <span class='ocrx_word' id='word_1_551' title='bbox 3675 2740 3792 2790; x_wconf 87' lang='lat' dir='ltr'>est:</span> <span class='ocrx_word' id='word_1_552' title='bbox 3822 2739 3919 2790; x_wconf 92' lang='lat' dir='ltr'>De-</span> 
     </span>
    </p>
   </div>
   <div class='ocr_carea' id='block_1_73' title="bbox 2278 2829 3922 2900">
    <p class='ocr_par' dir='ltr' id='par_1_73' title="bbox 2278 2829 3922 2900">
     <span class='ocr_line' id='line_1_73' title="bbox 2278 2829 3922 2900; baseline -0.002 -14"><span class='ocrx_word' id='word_1_553' title='bbox 2278 2834 2423 2888; x_wconf 84' lang='lat' dir='ltr'>clina</span> <span class='ocrx_word' id='word_1_554' title='bbox 2445 2851 2478 2887; x_wconf 91' lang='lat' dir='ltr'>a</span> <span class='ocrx_word' id='word_1_555' title='bbox 2501 2834 2661 2895; x_wconf 87' lang='lat' dir='ltr'>malo,</span> <span class='ocrx_word' id='word_1_556' title='bbox 2686 2838 2737 2886; x_wconf 90' lang='lat' dir='ltr'>et</span> <span class='ocrx_word' id='word_1_557' title='bbox 2752 2834 2846 2900; x_wconf 81' lang='lat' dir='ltr'>fac</span> <span class='ocrx_word' id='word_1_558' title='bbox 2869 2832 3083 2886; x_wconf 88' lang='lat' dir='ltr'>bonum.</span> <span class='ocrx_word' id='word_1_559' title='bbox 3105 2832 3170 2885; x_wconf 85' lang='lat' dir='ltr'>Et</span> <span class='ocrx_word' id='word_1_560' title='bbox 3195 2835 3345 2884; x_wconf 88' lang='lat' dir='ltr'>recte</span> <span class='ocrx_word' id='word_1_561' title='bbox 3364 2829 3498 2883; x_wconf 89' lang='lat' dir='ltr'>dicit</span> <span class='ocrx_word' id='word_1_562' title='bbox 3516 2830 3788 2898; x_wconf 86' lang='lat' dir='ltr'>operando</span> <span class='ocrx_word' id='word_1_563' title='bbox 3807 2845 3922 2882; x_wconf 89' lang='lat' dir='ltr'>ma-</span> 
     </span>
    </p>
   </div>
   <div class='ocr_carea' id='block_1_74' title="bbox 2276 2921 3921 2995">
    <p class='ocr_par' dir='ltr' id='par_1_74' title="bbox 2276 2921 3921 2995">
     <span class='ocr_line' id='line_1_74' title="bbox 2276 2921 3921 2995; baseline -0.004 -14"><span class='ocrx_word' id='word_1_564' title='bbox 2276 2927 2453 2989; x_wconf 88' lang='lat' dir='ltr'>nibus,</span> <span class='ocrx_word' id='word_1_565' title='bbox 2482 2927 2625 2995; x_wconf 88' lang='lat' dir='ltr'>quod</span> <span class='ocrx_word' id='word_1_566' title='bbox 2652 2926 2845 2980; x_wconf 87' lang='lat' dir='ltr'>bonum</span> <span class='ocrx_word' id='word_1_567' title='bbox 2870 2929 2966 2987; x_wconf 88' lang='lat' dir='ltr'>est,</span> <span class='ocrx_word' id='word_1_568' title='bbox 2996 2925 3060 2977; x_wconf 89' lang='lat' dir='ltr'>ut</span> <span class='ocrx_word' id='word_1_569' title='bbox 3088 2923 3185 2994; x_wconf 91' lang='lat' dir='ltr'>qui</span> <span class='ocrx_word' id='word_1_570' title='bbox 3210 2928 3378 2977; x_wconf 88' lang='lat' dir='ltr'>antea</span> <span class='ocrx_word' id='word_1_571' title='bbox 3392 2938 3482 2976; x_wconf 89' lang='lat' dir='ltr'>res</span> <span class='ocrx_word' id='word_1_572' title='bbox 3511 2921 3746 2976; x_wconf 89' lang='lat' dir='ltr'>alterius</span> <span class='ocrx_word' id='word_1_573' title='bbox 3764 2923 3921 2976; x_wconf 86' lang='lat' dir='ltr'>furto</span> 
     </span>
    </p>
   </div>
   <div class='ocr_carea' id='block_1_75' title="bbox 2278 3015 3921 3091">
    <p class='ocr_par' dir='ltr' id='par_1_75' title="bbox 2278 3015 3921 3091">
     <span class='ocr_line' id='line_1_75' title="bbox 2278 3015 3921 3091; baseline -0.004 -16"><span class='ocrx_word' id='word_1_574' title='bbox 2278 3019 2550 3091; x_wconf 87' lang='lat' dir='ltr'>rapiebat,</span> <span class='ocrx_word' id='word_1_575' title='bbox 2581 3019 2814 3089; x_wconf 88' lang='lat' dir='ltr'>incipiat</span> <span class='ocrx_word' id='word_1_576' title='bbox 2841 3017 3071 3089; x_wconf 88' lang='lat' dir='ltr'>propria</span> <span class='ocrx_word' id='word_1_577' title='bbox 3088 3015 3303 3086; x_wconf 85' lang='lat' dir='ltr'>largiri.</span> <span class='ocrx_word' id='word_1_578' title='bbox 3337 3015 3606 3071; x_wconf 89' lang='lat' dir='ltr'>Similiter</span> <span class='ocrx_word' id='word_1_579' title='bbox 3635 3021 3693 3069; x_wconf 87' lang='lat' dir='ltr'>et</span> <span class='ocrx_word' id='word_1_580' title='bbox 3721 3016 3791 3069; x_wconf 87' lang='lat' dir='ltr'>de</span> <span class='ocrx_word' id='word_1_581' title='bbox 3815 3032 3921 3069; x_wconf 70' lang='lat' dir='ltr'>cae-</span> 
     </span>
    </p>
   </div>
   <div class='ocr_carea' id='block_1_76' title="bbox 2277 3100 3918 3183">
    <p class='ocr_par' dir='ltr' id='par_1_76' title="bbox 2277 3100 3918 3183">
     <span class='ocr_line' id='line_1_76' title="bbox 2277 3100 3918 3183; baseline -0.004 -14"><span class='ocrx_word' id='word_1_582' title='bbox 2277 3114 2412 3169; x_wconf 88' lang='lat' dir='ltr'>teris</span> <span class='ocrx_word' id='word_1_583' title='bbox 2468 3114 2637 3168; x_wconf 90' lang='lat' dir='ltr'>rebus</span> <span class='ocrx_word' id='word_1_584' title='bbox 2674 3100 3117 3183; x_wconf 82' lang='lat' dir='ltr'>intelligendum</span> <span class='ocrx_word' id='word_1_585' title='bbox 3170 3115 3272 3164; x_wconf 86' lang='lat' dir='ltr'>est.</span> <span class='ocrx_word' id='word_1_586' title='bbox 3319 3111 3385 3164; x_wconf 84' lang='lat' dir='ltr'><strong>Et</strong></span> <span class='ocrx_word' id='word_1_587' title='bbox 3428 3114 3560 3163; x_wconf 85' lang='lat' dir='ltr'>nota</span> <span class='ocrx_word' id='word_1_588' title='bbox 3591 3126 3712 3164; x_wconf 92' lang='lat' dir='ltr'>non</span> <span class='ocrx_word' id='word_1_589' title='bbox 3755 3109 3918 3178; x_wconf 82' lang='lat' dir='ltr'>dixit,</span> 
     </span>
    </p>
   </div>
   <div class='ocr_carea' id='block_1_77' title="bbox 2279 3202 3921 3278">
    <p class='ocr_par' dir='ltr' id='par_1_77' title="bbox 2279 3202 3921 3278">
     <span class='ocr_line' id='line_1_77' title="bbox 2279 3202 3921 3278; baseline -0.005 -15"><span class='ocrx_word' id='word_1_590' title='bbox 2279 3208 2411 3278; x_wconf 89' lang='lat' dir='ltr'>quia</span> <span class='ocrx_word' id='word_1_591' title='bbox 2448 3209 2669 3262; x_wconf 84' lang='lat' dir='ltr'>laboret</span> <span class='ocrx_word' id='word_1_592' title='bbox 2700 3205 2985 3277; x_wconf 85' lang='lat' dir='ltr'>operando</span> <span class='ocrx_word' id='word_1_593' title='bbox 3034 3204 3299 3258; x_wconf 89' lang='lat' dir='ltr'>manibus</span> <span class='ocrx_word' id='word_1_594' title='bbox 3349 3203 3464 3257; x_wconf 88' lang='lat' dir='ltr'>suis</span> <span class='ocrx_word' id='word_1_595' title='bbox 3510 3202 3664 3274; x_wconf 91' lang='lat' dir='ltr'>quod</span> <span class='ocrx_word' id='word_1_596' title='bbox 3694 3202 3921 3257; x_wconf 89' lang='lat' dir='ltr'>bonum</span> 
     </span>
    </p>
   </div>
   <div class='ocr_carea' id='block_1_78' title="bbox 2281 3296 3924 3368">
    <p class='ocr_par' dir='ltr' id='par_1_78' title="bbox 2281 3296 3924 3368">
     <span class='ocr_line' id='line_1_78' title="bbox 2281 3296 3924 3368; baseline -0.003 -12"><span class='ocrx_word' id='word_1_597' title='bbox 2281 3305 2383 3368; x_wconf 90' lang='lat' dir='ltr'>est,</span> <span class='ocrx_word' id='word_1_598' title='bbox 2408 3307 2470 3356; x_wconf 90' lang='lat' dir='ltr'>ut</span> <span class='ocrx_word' id='word_1_599' title='bbox 2488 3301 2693 3356; x_wconf 86' lang='lat' dir='ltr'>habeat</span> <span class='ocrx_word' id='word_1_600' title='bbox 2710 3300 2943 3367; x_wconf 86' lang='lat' dir='ltr'>victum,</span> <span class='ocrx_word' id='word_1_601' title='bbox 2970 3303 3026 3353; x_wconf 91' lang='lat' dir='ltr'>et</span> <span class='ocrx_word' id='word_1_602' title='bbox 3044 3315 3158 3352; x_wconf 90' lang='lat' dir='ltr'>non</span> <span class='ocrx_word' id='word_1_603' title='bbox 3178 3298 3455 3368; x_wconf 83' lang='lat' dir='ltr'>indigeat,</span> <span class='ocrx_word' id='word_1_604' title='bbox 3479 3297 3722 3351; x_wconf 88' lang='lat' dir='ltr'>velnulli</span> <span class='ocrx_word' id='word_1_605' title='bbox 3744 3296 3924 3351; x_wconf 50' lang='lat' dir='ltr'>mole.</span> 
     </span>
    </p>
   </div>
   <div class='ocr_carea' id='block_1_79' title="bbox 2280 3391 3923 3463">
    <p class='ocr_par' dir='ltr' id='par_1_79' title="bbox 2280 3391 3923 3463">
     <span class='ocr_line' id='line_1_79' title="bbox 2280 3391 3923 3463; baseline -0.003 -13"><span class='ocrx_word' id='word_1_606' title='bbox 2280 3396 2444 3451; x_wconf 88' lang='lat' dir='ltr'>stiam</span> <span class='ocrx_word' id='word_1_607' title='bbox 2482 3395 2696 3463; x_wconf 83' lang='lat' dir='ltr'>faciat;</span> <span class='ocrx_word' id='word_1_608' title='bbox 2730 3394 2830 3448; x_wconf 90' lang='lat' dir='ltr'>sed</span> <span class='ocrx_word' id='word_1_609' title='bbox 2871 3393 3109 3460; x_wconf 87' lang='lat' dir='ltr'>laboret,</span> <span class='ocrx_word' id='word_1_610' title='bbox 3153 3391 3362 3463; x_wconf 88' lang='lat' dir='ltr'>inquit,</span> <span class='ocrx_word' id='word_1_611' title='bbox 3410 3408 3475 3446; x_wconf 79' lang='lat' dir='ltr'>ur</span> <span class='ocrx_word' id='word_1_612' title='bbox 3524 3406 3734 3446; x_wconf 65' lang='lat' dir='ltr'>mur</span> <span class='ocrx_word' id='word_1_613' title='bbox 3772 3406 3923 3445; x_wconf 76' lang='lat' dir='ltr'>UNDE</span> 
     </span>
    </p>
   </div>
   <div class='ocr_carea' id='block_1_80' title="bbox 2279 3483 3920 3549">
    <p class='ocr_par' dir='ltr' id='par_1_80' title="bbox 2279 3483 3920 3549">
     <span class='ocr_line' id='line_1_80' title="bbox 2279 3483 3920 3549; baseline -0.005 -4"><span class='ocrx_word' id='word_1_614' title='bbox 2279 3507 2505 3546; x_wconf 78' lang='lat' dir='ltr'>TRIBUAT</span> <span class='ocrx_word' id='word_1_615' title='bbox 2557 3503 2949 3544; x_wconf 74' lang='lat' dir='ltr'>NECESSITATEM</span> <span class='ocrx_word' id='word_1_616' title='bbox 3001 3502 3266 3541; x_wconf 77' lang='lat' dir='ltr'>PATIENTI.</span> <span class='ocrx_word' id='word_1_617' title='bbox 3295 3485 3400 3549; x_wconf 86' lang='lat' dir='ltr'>Qui</span> <span class='ocrx_word' id='word_1_618' title='bbox 3432 3484 3585 3538; x_wconf 90' lang='lat' dir='ltr'>enim</span> <span class='ocrx_word' id='word_1_619' title='bbox 3616 3484 3725 3538; x_wconf 90' lang='lat' dir='ltr'>sibi</span> <span class='ocrx_word' id='word_1_620' title='bbox 3751 3483 3920 3537; x_wconf 82' lang='lat' dir='ltr'>labo—</span> 
     </span>
    </p>
   </div>
   <div class='ocr_carea' id='block_1_81' title="bbox 2278 3578 3923 3652">
    <p class='ocr_par' dir='ltr' id='par_1_81' title="bbox 2278 3578 3923 3652">
     <span class='ocr_line' id='line_1_81' title="bbox 2278 3578 3923 3652; baseline -0.004 -14"><span class='ocrx_word' id='word_1_621' title='bbox 2278 3588 2383 3651; x_wconf 87' lang='lat' dir='ltr'>rat,</span> <span class='ocrx_word' id='word_1_622' title='bbox 2419 3589 2480 3638; x_wconf 88' lang='lat' dir='ltr'>ut</span> <span class='ocrx_word' id='word_1_623' title='bbox 2523 3599 2636 3637; x_wconf 91' lang='lat' dir='ltr'>non</span> <span class='ocrx_word' id='word_1_624' title='bbox 2684 3581 2940 3652; x_wconf 81' lang='lat' dir='ltr'>indigeat</span> <span class='ocrx_word' id='word_1_625' title='bbox 2966 3580 3110 3652; x_wconf 89' lang='lat' dir='ltr'>ipse,</span> <span class='ocrx_word' id='word_1_626' title='bbox 3142 3580 3387 3635; x_wconf 90' lang='lat' dir='ltr'>necdum</span> <span class='ocrx_word' id='word_1_627' title='bbox 3415 3578 3665 3650; x_wconf 84' lang='lat' dir='ltr'>Apostoli</span> <span class='ocrx_word' id='word_1_628' title='bbox 3691 3594 3923 3649; x_wconf 70' lang='lat' dir='ltr'>praece-</span> 
     </span>
    </p>
   </div>
   <div class='ocr_carea' id='block_1_82' title="bbox 2278 3672 3921 3748">
    <p class='ocr_par' dir='ltr' id='par_1_82' title="bbox 2278 3672 3921 3748">
     <span class='ocr_line' id='line_1_82' title="bbox 2278 3672 3921 3748; baseline -0.004 -16"><span class='ocrx_word' id='word_1_629' title='bbox 2278 3682 2441 3748; x_wconf 87' lang='lat' dir='ltr'>ptum</span> <span class='ocrx_word' id='word_1_630' title='bbox 2470 3677 2692 3747; x_wconf 89' lang='lat' dir='ltr'>implet.</span> <span class='ocrx_word' id='word_1_631' title='bbox 2728 3678 2873 3746; x_wconf 84' lang='lat' dir='ltr'>Ergo</span> <span class='ocrx_word' id='word_1_632' title='bbox 2904 3675 3107 3729; x_wconf 87' lang='lat' dir='ltr'>laboret</span> <span class='ocrx_word' id='word_1_633' title='bbox 3148 3673 3419 3744; x_wconf 85' lang='lat' dir='ltr'>operando</span> <span class='ocrx_word' id='word_1_634' title='bbox 3468 3672 3721 3727; x_wconf 87' lang='lat' dir='ltr'>manibus</span> <span class='ocrx_word' id='word_1_635' title='bbox 3754 3674 3870 3726; x_wconf 84' lang='lat' dir='ltr'>suis</span> <span class='ocrx_word' id='word_1_636' title='bbox 3900 3692 3921 3738; x_wconf 86' lang='lat'>,-</span> 
     </span>
    </p>
   </div>
   <div class='ocr_carea' id='block_1_83' title="bbox 2278 3766 3923 3841">
    <p class='ocr_par' dir='ltr' id='par_1_83' title="bbox 2278 3766 3923 3841">
     <span class='ocr_line' id='line_1_83' title="bbox 2278 3766 3923 3841; baseline -0.003 -16"><span class='ocrx_word' id='word_1_637' title='bbox 2278 3771 2411 3841; x_wconf 89' lang='lat' dir='ltr'>quia</span> <span class='ocrx_word' id='word_1_638' title='bbox 2462 3771 2607 3824; x_wconf 89' lang='lat' dir='ltr'>sicut</span> <span class='ocrx_word' id='word_1_639' title='bbox 2639 3785 2791 3840; x_wconf 77' lang='lat' dir='ltr'>saepe</span> <span class='ocrx_word' id='word_1_640' title='bbox 2841 3768 3057 3822; x_wconf 90' lang='lat' dir='ltr'>dictum</span> <span class='ocrx_word' id='word_1_641' title='bbox 3098 3773 3201 3835; x_wconf 89' lang='lat' dir='ltr'>est,</span> <span class='ocrx_word' id='word_1_642' title='bbox 3234 3766 3471 3839; x_wconf 88' lang='lat' dir='ltr'>quilibet</span> <span class='ocrx_word' id='word_1_643' title='bbox 3514 3766 3685 3819; x_wconf 90' lang='lat' dir='ltr'>homo</span> <span class='ocrx_word' id='word_1_644' title='bbox 3733 3782 3923 3836; x_wconf 84' lang='lat' dir='ltr'>quam</span> 
     </span>
    </p>
   </div>
   <div class='ocr_carea' id='block_1_84' title="bbox 2276 3859 3922 3937">
    <p class='ocr_par' dir='ltr' id='par_1_84' title="bbox 2276 3859 3922 3937">
     <span class='ocr_line' id='line_1_84' title="bbox 2276 3859 3922 3937; baseline -0.003 -18"><span class='ocrx_word' id='word_1_645' title='bbox 2276 3867 2578 3937; x_wconf 90' lang='lat' dir='ltr'>promptus</span> <span class='ocrx_word' id='word_1_646' title='bbox 2615 3866 2761 3918; x_wconf 89' lang='lat' dir='ltr'>esset</span> <span class='ocrx_word' id='word_1_647' title='bbox 2784 3862 2856 3916; x_wconf 91' lang='lat' dir='ltr'>ad</span> <span class='ocrx_word' id='word_1_648' title='bbox 2885 3862 3099 3915; x_wconf 89' lang='lat' dir='ltr'>bonum</span> <span class='ocrx_word' id='word_1_649' title='bbox 3128 3860 3474 3915; x_wconf 86' lang='lat' dir='ltr'>faciendum.</span> <span class='ocrx_word' id='word_1_650' title='bbox 3507 3859 3563 3914; x_wconf 90' lang='lat' dir='ltr'>Si</span> <span class='ocrx_word' id='word_1_651' title='bbox 3589 3860 3922 3930; x_wconf 85' lang='lat' dir='ltr'>promptior</span> 
     </span>
    </p>
   </div>
   <div class='ocr_carea' id='block_1_85' title="bbox 2276 3953 3920 4029">
    <p class='ocr_par' dir='ltr' id='par_1_85' title="bbox 2276 3953 3920 4029">
     <span class='ocr_line' id='line_1_85' title="bbox 2276 3953 3920 4029; baseline -0.001 -18"><span class='ocrx_word' id='word_1_652' title='bbox 2276 3974 2393 4012; x_wconf 91' lang='lat' dir='ltr'>non</span> <span class='ocrx_word' id='word_1_653' title='bbox 2421 3960 2624 4029; x_wconf 88' lang='lat' dir='ltr'>potest,</span> <span class='ocrx_word' id='word_1_654' title='bbox 2655 3956 2845 4011; x_wconf 89' lang='lat' dir='ltr'>saltim</span> <span class='ocrx_word' id='word_1_655' title='bbox 2873 3956 3033 4027; x_wconf 89' lang='lat' dir='ltr'>quasi</span> <span class='ocrx_word' id='word_1_656' title='bbox 3063 3970 3335 4009; x_wconf 89' lang='lat' dir='ltr'>mensura</span> <span class='ocrx_word' id='word_1_657' title='bbox 3372 3953 3477 4026; x_wconf 69' lang='lat' dir='ltr'>[Ita</span> <span class='ocrx_word' id='word_1_658' title='bbox 3503 3970 3557 4008; x_wconf 89' lang='lat' dir='ltr'>se</span> <span class='ocrx_word' id='word_1_659' title='bbox 3582 3954 3739 4007; x_wconf 84' lang='lat' dir='ltr'>habet</span> <span class='ocrx_word' id='word_1_660' title='bbox 3769 3954 3920 4009; x_wconf 83' lang='lat' dir='ltr'>locus</span> 
     </span>
    </p>
   </div>
   <div class='ocr_carea' id='block_1_86' title="bbox 2276 4047 3921 4124">
    <p class='ocr_par' dir='ltr' id='par_1_86' title="bbox 2276 4047 3921 4124">
     <span class='ocr_line' id='line_1_86' title="bbox 2276 4047 3921 4124; baseline -0.002 -19"><span class='ocrx_word' id='word_1_661' title='bbox 2276 4054 2333 4106; x_wconf 89' lang='lat' dir='ltr'>in</span> <span class='ocrx_word' id='word_1_662' title='bbox 2364 4051 2541 4124; x_wconf 69' lang='lat' dir='ltr'>Cod],</span> <span class='ocrx_word' id='word_1_663' title='bbox 2570 4052 2716 4105; x_wconf 89' lang='lat' dir='ltr'>sicut</span> <span class='ocrx_word' id='word_1_664' title='bbox 2739 4051 2868 4105; x_wconf 88' lang='lat' dir='ltr'>alibi</span> <span class='ocrx_word' id='word_1_665' title='bbox 2899 4050 3045 4104; x_wconf 88' lang='lat' dir='ltr'>idem</span> <span class='ocrx_word' id='word_1_666' title='bbox 3071 4048 3362 4120; x_wconf 87' lang='lat' dir='ltr'>apostolus</span> <span class='ocrx_word' id='word_1_667' title='bbox 3382 4047 3520 4102; x_wconf 90' lang='lat' dir='ltr'>dicit</span> <span class='ocrx_word' id='word_1_668' title='bbox 3546 4065 3559 4102; x_wconf 88' lang='lat'>:</span> <span class='ocrx_word' id='word_1_669' title='bbox 3594 4048 3744 4102; x_wconf 89' lang='lat' dir='ltr'>Sicut</span> <span class='ocrx_word' id='word_1_670' title='bbox 3771 4050 3921 4102; x_wconf 83' lang='lat' dir='ltr'>enim</span> 
     </span>
    </p>
   </div>
   <div class='ocr_carea' id='block_1_87' title="bbox 2275 4142 3916 4200">
    <p class='ocr_par' dir='ltr' id='par_1_87' title="bbox 2275 4142 3916 4200">
     <span class='ocr_line' id='line_1_87' title="bbox 2275 4142 3916 4200; baseline -0.003 0"><span class='ocrx_word' id='word_1_671' title='bbox 2275 4146 2592 4200; x_wconf 73' lang='lat' dir='ltr'>emhibuistis</span> <span class='ocrx_word' id='word_1_672' title='bbox 2619 4146 2858 4199; x_wconf 82' lang='lat' dir='ltr'>membra</span> <span class='ocrx_word' id='word_1_673' title='bbox 2884 4149 3060 4199; x_wconf 81' lang='lat' dir='ltr'>vestra</span> <span class='ocrx_word' id='word_1_674' title='bbox 3108 4145 3307 4198; x_wconf 85' lang='lat' dir='ltr'>servire</span> <span class='ocrx_word' id='word_1_675' title='bbox 3344 4142 3703 4197; x_wconf 65' lang='lat' dir='ltr'>immunditiar</span> <span class='ocrx_word' id='word_1_676' title='bbox 3726 4147 3775 4195; x_wconf 88' lang='lat' dir='ltr'>et</span> <span class='ocrx_word' id='word_1_677' title='bbox 3801 4144 3916 4195; x_wconf 81' lang='lat' dir='ltr'>ini-</span> 
     </span>
    </p>
   </div>
   <div class='ocr_carea' id='block_1_88' title="bbox 2276 4236 3912 4310">
    <p class='ocr_par' dir='ltr' id='par_1_88' title="bbox 2276 4236 3912 4310">
     <span class='ocr_line' id='line_1_88' title="bbox 2276 4236 3912 4310; baseline -0.002 -16"><span class='ocrx_word' id='word_1_678' title='bbox 2276 4242 2479 4310; x_wconf 89' lang='lat' dir='ltr'>quitati</span> <span class='ocrx_word' id='word_1_679' title='bbox 2498 4240 2574 4293; x_wconf 86' lang='lat' dir='ltr'>ad</span> <span class='ocrx_word' id='word_1_680' title='bbox 2599 4241 2962 4308; x_wconf 82' lang='lat' dir='ltr'>iniquitatem,</span> <span class='ocrx_word' id='word_1_681' title='bbox 2988 4241 3070 4292; x_wconf 87' lang='lat' dir='ltr'>ita</span> <span class='ocrx_word' id='word_1_682' title='bbox 3094 4253 3236 4292; x_wconf 91' lang='lat' dir='ltr'>nunc</span> <span class='ocrx_word' id='word_1_683' title='bbox 3258 4237 3498 4291; x_wconf 62' lang='lat' dir='ltr'>exhibete</span> <span class='ocrx_word' id='word_1_684' title='bbox 3527 4236 3768 4291; x_wconf 88' lang='lat' dir='ltr'>membra</span> <span class='ocrx_word' id='word_1_685' title='bbox 3795 4252 3912 4291; x_wconf 83' lang='lat' dir='ltr'>ves-</span> 
     </span>
    </p>
   </div>
   <div class='ocr_carea' id='block_1_89' title="bbox 2277 4330 3911 4403">
    <p class='ocr_par' dir='ltr' id='par_1_89' title="bbox 2277 4330 3911 4403">
     <span class='ocr_line' id='line_1_89' title="bbox 2277 4330 3911 4403; baseline -0.002 -15"><span class='ocrx_word' id='word_1_686' title='bbox 2277 4338 2365 4388; x_wconf 89' lang='lat' dir='ltr'>tra</span> <span class='ocrx_word' id='word_1_687' title='bbox 2387 4336 2446 4387; x_wconf 89' lang='lat' dir='ltr'>in</span> <span class='ocrx_word' id='word_1_688' title='bbox 2490 4335 2927 4403; x_wconf 82' lang='lat' dir='ltr'>sanctiﬁcatione.</span> <span class='ocrx_word' id='word_1_689' title='bbox 2971 4334 3051 4387; x_wconf 88' lang='lat' dir='ltr'>Ex</span> <span class='ocrx_word' id='word_1_690' title='bbox 3082 4331 3315 4403; x_wconf 88' lang='lat' dir='ltr'>proprio</span> <span class='ocrx_word' id='word_1_691' title='bbox 3342 4330 3534 4384; x_wconf 89' lang='lat' dir='ltr'>labore</span> <span class='ocrx_word' id='word_1_692' title='bbox 3563 4330 3749 4384; x_wconf 86' lang='lat' dir='ltr'>cibare</span> <span class='ocrx_word' id='word_1_693' title='bbox 3779 4347 3911 4385; x_wconf 55' lang='lat' dir='ltr'>esu-</span> 
     </span>
    </p>
   </div>
   <div class='ocr_carea' id='block_1_90' title="bbox 2274 4424 3907 4498">
    <p class='ocr_par' dir='ltr' id='par_1_90' title="bbox 2274 4424 3907 4498">
     <span class='ocr_line' id='line_1_90' title="bbox 2274 4424 3907 4498; baseline -0.003 -16"><span class='ocrx_word' id='word_1_694' title='bbox 2274 4427 2505 4494; x_wconf 89' lang='lat' dir='ltr'>rientes,</span> <span class='ocrx_word' id='word_1_695' title='bbox 2536 4428 2617 4481; x_wconf 88' lang='lat' dir='ltr'>vel</span> <span class='ocrx_word' id='word_1_696' title='bbox 2647 4431 2839 4498; x_wconf 85' lang='lat' dir='ltr'>potare</span> <span class='ocrx_word' id='word_1_697' title='bbox 2867 4426 3140 4492; x_wconf 88' lang='lat' dir='ltr'>sitientes,</span> <span class='ocrx_word' id='word_1_698' title='bbox 3171 4430 3228 4480; x_wconf 91' lang='lat' dir='ltr'>et</span> <span class='ocrx_word' id='word_1_699' title='bbox 3262 4424 3323 4479; x_wconf 91' lang='lat' dir='ltr'>in</span> <span class='ocrx_word' id='word_1_700' title='bbox 3354 4425 3572 4479; x_wconf 74' lang='lat' dir='ltr'>caeteris</span> <span class='ocrx_word' id='word_1_701' title='bbox 3603 4441 3735 4495; x_wconf 75' lang='lat' dir='ltr'>quae</span> <span class='ocrx_word' id='word_1_702' title='bbox 3758 4424 3907 4479; x_wconf 88' lang='lat' dir='ltr'>indi-</span> 
     </span>
    </p>
   </div>
   <div class='ocr_carea' id='block_1_91' title="bbox 542 4516 3910 4597">
    <p class='ocr_par' dir='ltr' id='par_1_91' title="bbox 542 4516 3910 4597">
     <span class='ocr_line' id='line_1_91' title="bbox 542 4516 3910 4597; baseline -0 -23"><span class='ocrx_word' id='word_1_703' title='bbox 542 4536 671 4574; x_wconf 89' lang='lat' dir='ltr'>sum</span> <span class='ocrx_word' id='word_1_704' title='bbox 698 4520 758 4573; x_wconf 92' lang='lat' dir='ltr'>in</span> <span class='ocrx_word' id='word_1_705' title='bbox 789 4534 926 4590; x_wconf 89' lang='lat' dir='ltr'>pace</span> <span class='ocrx_word' id='word_1_706' title='bbox 948 4516 1319 4583; x_wconf 90' lang='lat' dir='ltr'>revertimini,</span> <span class='ocrx_word' id='word_1_707' title='bbox 1348 4517 1436 4571; x_wconf 83' lang='lat' dir='ltr'>vel</span> <span class='ocrx_word' id='word_1_708' title='bbox 1465 4516 1524 4570; x_wconf 91' lang='lat' dir='ltr'>in</span> <span class='ocrx_word' id='word_1_709' title='bbox 1544 4517 1852 4571; x_wconf 85' lang='lat' dir='ltr'>crastinum</span> <span class='ocrx_word' id='word_1_710' title='bbox 1874 4524 1987 4573; x_wconf 87' lang='lat' dir='ltr'>non</span> <span class='ocrx_word' id='word_1_711' title='bbox 2013 4519 2173 4575; x_wconf 74' lang='lat' dir='ltr'>ditl‘e-</span> <span class='ocrx_word' id='word_1_712' title='bbox 2195 4526 2254 4597; x_wconf 75' lang='grc' dir='ltr'>Ι)</span> <span class='ocrx_word' id='word_1_713' title='bbox 2280 4537 2411 4593; x_wconf 82' lang='lat' dir='ltr'>gere</span> <span class='ocrx_word' id='word_1_714' title='bbox 2449 4520 2802 4592; x_wconf 83' lang='lat' dir='ltr'>prospexerit</span> <span class='ocrx_word' id='word_1_715' title='bbox 2843 4519 3160 4574; x_wconf 84' lang='lat' dir='ltr'>subvenire.</span> <span class='ocrx_word' id='word_1_716' title='bbox 3195 4520 3291 4573; x_wconf 84' lang='lat' dir='ltr'>Vel</span> <span class='ocrx_word' id='word_1_717' title='bbox 3320 4518 3644 4590; x_wconf 89' lang='lat' dir='ltr'>specialiter</span> <span class='ocrx_word' id='word_1_718' title='bbox 3680 4534 3910 4590; x_wconf 84' lang='lat' dir='ltr'>operare</span> 
     </span>
    </p>
   </div>
   <div class='ocr_carea' id='block_1_92' title="bbox 539 4611 2171 4684">
    <p class='ocr_par' dir='ltr' id='par_1_92' title="bbox 539 4611 2171 4684">
     <span class='ocr_line' id='line_1_92' title="bbox 539 4611 2171 4684; baseline -0.001 -16"><span class='ocrx_word' id='word_1_719' title='bbox 539 4614 698 4669; x_wconf 85' lang='lat' dir='ltr'>ratis.</span> <span class='ocrx_word' id='word_1_720' title='bbox 752 4613 958 4667; x_wconf 70' lang='lat' dir='ltr'><strong>Noun;</strong></span> <span class='ocrx_word' id='word_1_721' title='bbox 1008 4626 1188 4666; x_wconf 80' lang='lat' dir='ltr'>LOCUM</span> <span class='ocrx_word' id='word_1_722' title='bbox 1240 4627 1378 4666; x_wconf 62' lang='lat' dir='ltr'>usus</span> <span class='ocrx_word' id='word_1_723' title='bbox 1432 4627 1685 4667; x_wconf 81' lang='lat' dir='ltr'>DIABOLO.</span> <span class='ocrx_word' id='word_1_724' title='bbox 1721 4611 1985 4667; x_wconf 85' lang='lat' dir='ltr'>Diabolus</span> <span class='ocrx_word' id='word_1_725' title='bbox 2015 4629 2171 4684; x_wconf 82' lang='lat' dir='ltr'>ergo,</span> 
     </span>
    </p>
   </div>
   <div class='ocr_carea' id='block_1_93' title="bbox 541 4702 2175 4778">
    <p class='ocr_par' dir='ltr' id='par_1_93' title="bbox 541 4702 2175 4778">
     <span class='ocr_line' id='line_1_93' title="bbox 541 4702 2175 4778; baseline -0.001 -16"><span class='ocrx_word' id='word_1_726' title='bbox 541 4724 673 4762; x_wconf 91' lang='lat' dir='ltr'>cum</span> <span class='ocrx_word' id='word_1_727' title='bbox 706 4721 913 4761; x_wconf 89' lang='lat' dir='ltr'>nomen</span> <span class='ocrx_word' id='word_1_728' title='bbox 945 4711 1047 4775; x_wconf 87' lang='lat' dir='ltr'>est,</span> <span class='ocrx_word' id='word_1_729' title='bbox 1100 4704 1295 4759; x_wconf 85' lang='lat' dir='ltr'>Latine</span> <span class='ocrx_word' id='word_1_730' title='bbox 1327 4702 1657 4759; x_wconf 86' lang='lat' dir='ltr'>criminator</span> <span class='ocrx_word' id='word_1_731' title='bbox 1700 4705 1905 4760; x_wconf 88' lang='lat' dir='ltr'>dicitur</span> <span class='ocrx_word' id='word_1_732' title='bbox 1934 4722 1947 4773; x_wconf 88' lang='lat'><strong>;</strong></span> <span class='ocrx_word' id='word_1_733' title='bbox 1981 4706 2175 4778; x_wconf 84' lang='lat' dir='ltr'>lingua</span> 
     </span>
    </p>
   </div>
   <div class='ocr_carea' id='block_1_94' title="bbox 539 4798 2177 4871">
    <p class='ocr_par' dir='ltr' id='par_1_94' title="bbox 539 4798 2177 4871">
     <span class='ocr_line' id='line_1_94' title="bbox 539 4798 2177 4871; baseline -0.001 -15"><span class='ocrx_word' id='word_1_734' title='bbox 539 4799 811 4857; x_wconf 85' lang='lat' dir='ltr'>Hebraica</span> <span class='ocrx_word' id='word_1_735' title='bbox 840 4799 1027 4866; x_wconf 90' lang='lat' dir='ltr'>Satan,</span> <span class='ocrx_word' id='word_1_736' title='bbox 1050 4798 1404 4854; x_wconf 89' lang='lat' dir='ltr'>adversarius</span> <span class='ocrx_word' id='word_1_737' title='bbox 1435 4799 1775 4871; x_wconf 88' lang='lat' dir='ltr'>appellatur,</span> <span class='ocrx_word' id='word_1_738' title='bbox 1810 4798 1925 4855; x_wconf 81' lang='lat' dir='ltr'>sive</span> <span class='ocrx_word' id='word_1_739' title='bbox 1958 4804 2177 4854; x_wconf 80' lang='lat' dir='ltr'>contra-</span> 
     </span>
    </p>
   </div>
   <div class='ocr_carea' id='block_1_95' title="bbox 539 4892 2174 4965">
    <p class='ocr_par' dir='ltr' id='par_1_95' title="bbox 539 4892 2174 4965">
     <span class='ocr_line' id='line_1_95' title="bbox 539 4892 2174 4965; baseline -0.001 -14"><span class='ocrx_word' id='word_1_740' title='bbox 539 4894 659 4951; x_wconf 87' lang='lat' dir='ltr'>rius</span> <span class='ocrx_word' id='word_1_741' title='bbox 690 4910 704 4949; x_wconf 91' lang='lat'>:</span> <span class='ocrx_word' id='word_1_742' title='bbox 749 4893 820 4948; x_wconf 83' lang='lat' dir='ltr'>ab</span> <span class='ocrx_word' id='word_1_743' title='bbox 850 4893 1117 4965; x_wconf 89' lang='lat' dir='ltr'>Apostolo</span> <span class='ocrx_word' id='word_1_744' title='bbox 1144 4892 1317 4947; x_wconf 89' lang='lat' dir='ltr'>Belial</span> <span class='ocrx_word' id='word_1_745' title='bbox 1359 4892 1712 4964; x_wconf 88' lang='lat' dir='ltr'>nominatur,</span> <span class='ocrx_word' id='word_1_746' title='bbox 1744 4892 1801 4948; x_wconf 92' lang='lat' dir='ltr'>id</span> <span class='ocrx_word' id='word_1_747' title='bbox 1833 4896 1917 4948; x_wconf 89' lang='lat' dir='ltr'>est</span> <span class='ocrx_word' id='word_1_748' title='bbox 1963 4894 2174 4965; x_wconf 89' lang='lat' dir='ltr'>absque</span> 
     </span>
    </p>
   </div>
   <div class='ocr_carea' id='block_1_96' title="bbox 532 4986 2172 5068">
    <p class='ocr_par' dir='ltr' id='par_1_96' title="bbox 532 4986 2172 5068">
     <span class='ocr_line' id='line_1_96' title="bbox 532 4986 2172 5068; baseline -0.003 -21"><span class='ocrx_word' id='word_1_749' title='bbox 532 4993 697 5068; x_wconf 79' lang='lat' dir='ltr'>jugo,</span> <span class='ocrx_word' id='word_1_750' title='bbox 745 5004 813 5045; x_wconf 86' lang='lat' dir='ltr'>eo</span> <span class='ocrx_word' id='word_1_751' title='bbox 866 4986 1018 5059; x_wconf 90' lang='lat' dir='ltr'>quod</span> <span class='ocrx_word' id='word_1_752' title='bbox 1049 4986 1119 5042; x_wconf 93' lang='lat' dir='ltr'>de</span> <span class='ocrx_word' id='word_1_753' title='bbox 1169 4987 1315 5041; x_wconf 92' lang='lat' dir='ltr'>collo</span> <span class='ocrx_word' id='word_1_754' title='bbox 1362 5004 1465 5041; x_wconf 91' lang='lat' dir='ltr'>suo</span> <span class='ocrx_word' id='word_1_755' title='bbox 1502 4987 1770 5058; x_wconf 89' lang='lat' dir='ltr'>abjecerit</span> <span class='ocrx_word' id='word_1_756' title='bbox 1824 4986 2172 5055; x_wconf 87' lang='lat' dir='ltr'>servitutem,</span> 
     </span>
    </p>
   </div>
   <div class='ocr_carea' id='block_1_97' title="bbox 2273 4612 3909 4686">
    <p class='ocr_par' dir='ltr' id='par_1_97' title="bbox 2273 4612 3909 4686">
     <span class='ocr_line' id='line_1_97' title="bbox 2273 4612 3909 4686; baseline -0.001 -17"><span class='ocrx_word' id='word_1_757' title='bbox 2273 4615 2333 4668; x_wconf 92' lang='lat' dir='ltr'>in</span> <span class='ocrx_word' id='word_1_758' title='bbox 2363 4631 2500 4686; x_wconf 81' lang='lat' dir='ltr'>agro</span> <span class='ocrx_word' id='word_1_759' title='bbox 2528 4614 2735 4669; x_wconf 64' lang='lat' dir='ltr'>animae</span> <span class='ocrx_word' id='word_1_760' title='bbox 2765 4630 2900 4684; x_wconf 66' lang='lat' dir='ltr'>suae,</span> <span class='ocrx_word' id='word_1_761' title='bbox 2934 4618 2995 4668; x_wconf 91' lang='lat' dir='ltr'>ut</span> <span class='ocrx_word' id='word_1_762' title='bbox 3023 4612 3368 4684; x_wconf 87' lang='lat' dir='ltr'>spiritalibus</span> <span class='ocrx_word' id='word_1_763' title='bbox 3398 4613 3641 4684; x_wconf 88' lang='lat' dir='ltr'>panibus</span> <span class='ocrx_word' id='word_1_764' title='bbox 3670 4612 3909 4684; x_wconf 85' lang='lat' dir='ltr'>implea-</span> 
     </span>
    </p>
   </div>
   <div class='ocr_carea' id='block_1_98' title="bbox 2274 4707 3915 4779">
    <p class='ocr_par' dir='ltr' id='par_1_98' title="bbox 2274 4707 3915 4779">
     <span class='ocr_line' id='line_1_98' title="bbox 2274 4707 3915 4779; baseline -0.001 -16"><span class='ocrx_word' id='word_1_765' title='bbox 2274 4714 2386 4776; x_wconf 91' lang='lat' dir='ltr'>tur,</span> <span class='ocrx_word' id='word_1_766' title='bbox 2436 4713 2491 4763; x_wconf 88' lang='lat' dir='ltr'>et</span> <span class='ocrx_word' id='word_1_767' title='bbox 2521 4709 2654 4764; x_wconf 89' lang='lat' dir='ltr'>dare</span> <span class='ocrx_word' id='word_1_768' title='bbox 2685 4708 2861 4779; x_wconf 88' lang='lat' dir='ltr'>possit</span> <span class='ocrx_word' id='word_1_769' title='bbox 2889 4707 3103 4762; x_wconf 88' lang='lat' dir='ltr'>cibaria</span> <span class='ocrx_word' id='word_1_770' title='bbox 3131 4707 3190 4761; x_wconf 91' lang='lat' dir='ltr'>in</span> <span class='ocrx_word' id='word_1_771' title='bbox 3219 4712 3475 4777; x_wconf 83' lang='lat' dir='ltr'>tempore</span> <span class='ocrx_word' id='word_1_772' title='bbox 3504 4723 3604 4761; x_wconf 90' lang='lat' dir='ltr'>suo</span> <span class='ocrx_word' id='word_1_773' title='bbox 3630 4707 3915 4763; x_wconf 85' lang='lat' dir='ltr'>conservis</span> 
     </span>
    </p>
   </div>
   <div class='ocr_carea' id='block_1_99' title="bbox 2274 4801 3915 4874">
    <p class='ocr_par' dir='ltr' id='par_1_99' title="bbox 2274 4801 3915 4874">
     <span class='ocr_line' id='line_1_99' title="bbox 2274 4801 3915 4874; baseline 0 -18"><span class='ocrx_word' id='word_1_774' title='bbox 2274 4802 2390 4856; x_wconf 90' lang='lat' dir='ltr'>suis</span> <span class='ocrx_word' id='word_1_775' title='bbox 2416 4805 2648 4874; x_wconf 85' lang='lat' dir='ltr'>propter</span> <span class='ocrx_word' id='word_1_776' title='bbox 2677 4801 2818 4857; x_wconf 91' lang='lat' dir='ltr'>illud</span> <span class='ocrx_word' id='word_1_777' title='bbox 2842 4818 2856 4855; x_wconf 90' lang='lat'>:</span> <span class='ocrx_word' id='word_1_778' title='bbox 2896 4803 3025 4870; x_wconf 80' lang='lat' dir='ltr'>Quis</span> <span class='ocrx_word' id='word_1_779' title='bbox 3056 4806 3224 4871; x_wconf 85' lang='lat' dir='ltr'>putas</span> <span class='ocrx_word' id='word_1_780' title='bbox 3250 4807 3327 4856; x_wconf 87' lang='lat' dir='ltr'>est</span> <span class='ocrx_word' id='word_1_781' title='bbox 3348 4802 3524 4871; x_wconf 78' lang='lat' dir='ltr'>ﬁdelis</span> <span class='ocrx_word' id='word_1_782' title='bbox 3550 4802 3915 4872; x_wconf 83' lang='lat' dir='ltr'>dispensator,</span> 
     </span>
    </p>
   </div>
   <div class='ocr_carea' id='block_1_100' title="bbox 2274 4895 3916 4967">
    <p class='ocr_par' dir='ltr' id='par_1_100' title="bbox 2274 4895 3916 4967">
     <span class='ocr_line' id='line_1_100' title="bbox 2274 4895 3916 4967; baseline -0.001 -17"><span class='ocrx_word' id='word_1_783' title='bbox 2274 4901 2324 4951; x_wconf 91' lang='lat' dir='ltr'>et</span> <span class='ocrx_word' id='word_1_784' title='bbox 2342 4897 2610 4966; x_wconf 86' lang='lat' dir='ltr'>prudens,</span> <span class='ocrx_word' id='word_1_785' title='bbox 2639 4913 2796 4967; x_wconf 88' lang='lat' dir='ltr'>quem</span> <span class='ocrx_word' id='word_1_786' title='bbox 2837 4897 3114 4951; x_wconf 84' lang='lat' dir='ltr'>constituit</span> <span class='ocrx_word' id='word_1_787' title='bbox 3163 4895 3410 4951; x_wconf 86' lang='lat' dir='ltr'>dominus</span> <span class='ocrx_word' id='word_1_788' title='bbox 3450 4911 3613 4966; x_wconf 83' lang='lat' dir='ltr'>super</span> <span class='ocrx_word' id='word_1_789' title='bbox 3638 4896 3916 4964; x_wconf 77' lang='lat' dir='ltr'>familiam</span> 
     </span>
    </p>
   </div>
   <div class='ocr_carea' id='block_1_101' title="bbox 2272 4991 3383 5060">
    <p class='ocr_par' dir='ltr' id='par_1_101' title="bbox 2272 4991 3383 5060">
     <span class='ocr_line' id='line_1_101' title="bbox 2272 4991 3383 5060; baseline -0.001 -14"><span class='ocrx_word' id='word_1_790' title='bbox 2272 5005 2449 5055; x_wconf 84' lang='lat' dir='ltr'>suam,</span> <span class='ocrx_word' id='word_1_791' title='bbox 2479 4996 2539 5045; x_wconf 89' lang='lat' dir='ltr'>ut</span> <span class='ocrx_word' id='word_1_792' title='bbox 2569 4992 2659 5046; x_wconf 86' lang='lat' dir='ltr'>det</span> <span class='ocrx_word' id='word_1_793' title='bbox 2682 4992 2795 5047; x_wconf 85' lang='lat' dir='ltr'>illis</span> <span class='ocrx_word' id='word_1_794' title='bbox 2820 4991 2996 5045; x_wconf 87' lang='lat' dir='ltr'>cibum</span> <span class='ocrx_word' id='word_1_795' title='bbox 3017 4992 3076 5045; x_wconf 87' lang='lat' dir='ltr'>in</span> <span class='ocrx_word' id='word_1_796' title='bbox 3096 4994 3327 5060; x_wconf 85' lang='lat' dir='ltr'>tempore</span> <span class='ocrx_word' id='word_1_797' title='bbox 3355 4992 3383 5045; x_wconf 81' lang='lat'><strong><em>?</em></strong></span> 
     </span>
    </p>
   </div>
   <div class='ocr_carea' id='block_1_102' title="bbox 2112 5260 2317 5391">
    <p class='ocr_par' dir='ltr' id='par_1_102' title="bbox 2112 5260 2317 5391">
     <span class='ocr_line' id='line_1_102' title="bbox 2112 5260 2317 5391; baseline -0.005 0"><span class='ocrx_word' id='word_1_798' title='bbox 2112 5260 2317 5391; x_wconf 88' lang='lat' dir='ltr'>XI.</span> 
     </span>
    </p>
   </div>
   <div class='ocr_carea' id='block_1_103' title="bbox 541 5454 3911 5558">
    <p class='ocr_par' dir='ltr' id='par_1_103' title="bbox 541 5454 3911 5558">
     <span class='ocr_line' id='line_1_103' title="bbox 541 5454 3911 5558; baseline -0.003 -27"><span class='ocrx_word' id='word_1_799' title='bbox 541 5465 757 5531; x_wconf 81' lang='lat' dir='ltr'>Loctio</span> <span class='ocrx_word' id='word_1_800' title='bbox 790 5464 1093 5549; x_wconf 57' lang='lat' dir='ltr'>Epistolas</span> <span class='ocrx_word' id='word_1_801' title='bbox 1144 5464 1319 5558; x_wconf 77' lang='lat' dir='ltr'>beati</span> <span class='ocrx_word' id='word_1_802' title='bbox 1367 5462 1570 5558; x_wconf 41' lang='lat' dir='ltr'>Pauli.</span> <span class='ocrx_word' id='word_1_803' title='bbox 1594 5458 1875 5558; x_wconf 83' lang='lat' dir='ltr'>apostoli</span> <span class='ocrx_word' id='word_1_804' title='bbox 1921 5460 2005 5524; x_wconf 89' lang='lat' dir='ltr'>ad</span> <span class='ocrx_word' id='word_1_805' title='bbox 2041 5454 2356 5557; x_wconf 70' lang='lat' dir='ltr'>Ephesios</span> <span class='ocrx_word' id='word_1_806' title='bbox 2407 5465 2492 5558; x_wconf 84' lang='lat' dir='ltr'>(v,</span> <span class='ocrx_word' id='word_1_807' title='bbox 2540 5465 2636 5545; x_wconf 77' lang='grc'>15)</span> <span class='ocrx_word' id='word_1_808' title='bbox 2661 5484 2687 5558; x_wconf 71' lang='grc' dir='ltr'>¹ε</span> <span class='ocrx_word' id='word_1_809' title='bbox 2732 5462 3019 5558; x_wconf 64' lang='lat' dir='ltr'>Fratres,</span> <span class='ocrx_word' id='word_1_810' title='bbox 3047 5460 3270 5558; x_wconf 74' lang='lat' dir='ltr'>videte</span> <span class='ocrx_word' id='word_1_811' title='bbox 3307 5460 3529 5543; x_wconf 85' lang='lat' dir='ltr'>itaque</span> <span class='ocrx_word' id='word_1_812' title='bbox 3582 5456 3911 5543; x_wconf 86' lang='lat' dir='ltr'>quomodo</span> 
     </span>
    </p>
   </div>
   <div class='ocr_carea' id='block_1_104' title="bbox 1128 5543 3314 5627">
    <p class='ocr_par' dir='ltr' id='par_1_104' title="bbox 1128 5543 3314 5627">
     <span class='ocr_line' id='line_1_104' title="bbox 1128 5543 3314 5627; baseline -0.001 -19"><span class='ocrx_word' id='word_1_813' title='bbox 1128 5551 1315 5608; x_wconf 86' lang='lat' dir='ltr'>caute</span> <span class='ocrx_word' id='word_1_814' title='bbox 1340 5543 1707 5621; x_wconf 81' lang='lat' dir='ltr'>ambuletis,</span> <span class='ocrx_word' id='word_1_815' title='bbox 1734 5561 1867 5605; x_wconf 88' lang='lat' dir='ltr'>non</span> <span class='ocrx_word' id='word_1_816' title='bbox 1891 5543 2112 5625; x_wconf 74' lang='lat' dir='ltr'>quasi</span> <span class='ocrx_word' id='word_1_817' title='bbox 2132 5544 2525 5625; x_wconf 85' lang='lat' dir='ltr'>insipientes,</span> <span class='ocrx_word' id='word_1_818' title='bbox 2560 5543 2679 5607; x_wconf 86' lang='lat' dir='ltr'>sed</span> <span class='ocrx_word' id='word_1_819' title='bbox 2703 5553 2776 5608; x_wconf 87' lang='lat' dir='ltr'>ut</span> <span class='ocrx_word' id='word_1_820' title='bbox 2801 5546 3160 5627; x_wconf 84' lang='lat' dir='ltr'>sapientes,</span> <span class='ocrx_word' id='word_1_821' title='bbox 3193 5546 3314 5606; x_wconf 88' lang='lat' dir='ltr'>etc.</span> 
     </span>
    </p>
   </div>
   <div class='ocr_carea' id='block_1_105' title="bbox 1792 5660 2666 5718">
    <p class='ocr_par' dir='ltr' id='par_1_105' title="bbox 1792 5660 2666 5718">
     <span class='ocr_line' id='line_1_105' title="bbox 1792 5660 2666 5718; baseline 0.002 -3"><span class='ocrx_word' id='word_1_822' title='bbox 1792 5660 2209 5717; x_wconf 82' lang='lat' dir='ltr'>COMMENTUM</span> <span class='ocrx_word' id='word_1_823' title='bbox 2246 5662 2666 5718; x_wconf 84' lang='lat' dir='ltr'>LUCULENTll.</span> 
     </span>
    </p>
   </div>
   <div class='ocr_carea' id='block_1_106' title="bbox 614 5748 2173 5826">
    <p class='ocr_par' dir='ltr' id='par_1_106' title="bbox 614 5748 2173 5826">
     <span class='ocr_line' id='line_1_106' title="bbox 614 5748 2173 5826; baseline -0.001 -18"><span class='ocrx_word' id='word_1_824' title='bbox 614 5753 777 5826; x_wconf 62' lang='lat' dir='ltr'>Seps</span> <span class='ocrx_word' id='word_1_825' title='bbox 802 5750 1017 5807; x_wconf 88' lang='lat' dir='ltr'>dictum</span> <span class='ocrx_word' id='word_1_826' title='bbox 1049 5756 1151 5821; x_wconf 85' lang='lat' dir='ltr'>est,</span> <span class='ocrx_word' id='word_1_827' title='bbox 1184 5749 1320 5826; x_wconf 83' lang='lat' dir='ltr'>quia</span> <span class='ocrx_word' id='word_1_828' title='bbox 1348 5748 1494 5806; x_wconf 89' lang='lat' dir='ltr'>sicut</span> <span class='ocrx_word' id='word_1_829' title='bbox 1525 5753 1659 5805; x_wconf 87' lang='lat' dir='ltr'>sunt</span> <span class='ocrx_word' id='word_1_830' title='bbox 1686 5748 1995 5807; x_wconf 84' lang='lat' dir='ltr'>exteriores</span> <span class='ocrx_word' id='word_1_831' title='bbox 2027 5750 2173 5806; x_wconf 88' lang='lat' dir='ltr'>oculi</span> 
     </span>
    </p>
   </div>
   <div class='ocr_carea' id='block_1_107' title="bbox 546 5842 2175 5915">
    <p class='ocr_par' dir='ltr' id='par_1_107' title="bbox 546 5842 2175 5915">
     <span class='ocr_line' id='line_1_107' title="bbox 546 5842 2175 5915; baseline 0.001 -17"><span class='ocrx_word' id='word_1_832' title='bbox 546 5845 817 5914; x_wconf 81' lang='lat' dir='ltr'>corporis,</span> <span class='ocrx_word' id='word_1_833' title='bbox 849 5860 981 5898; x_wconf 84' lang='lat' dir='ltr'>cum</span> <span class='ocrx_word' id='word_1_834' title='bbox 1011 5844 1217 5914; x_wconf 83' lang='lat' dir='ltr'>quibus</span> <span class='ocrx_word' id='word_1_835' title='bbox 1238 5844 1386 5899; x_wconf 81' lang='lat' dir='ltr'>hanc</span> <span class='ocrx_word' id='word_1_836' title='bbox 1413 5843 1601 5898; x_wconf 80' lang='lat' dir='ltr'>lucem</span> <span class='ocrx_word' id='word_1_837' title='bbox 1634 5842 1909 5915; x_wconf 85' lang='lat' dir='ltr'>videmus,</span> <span class='ocrx_word' id='word_1_838' title='bbox 1943 5843 2019 5899; x_wconf 85' lang='lat' dir='ltr'>sic</span> <span class='ocrx_word' id='word_1_839' title='bbox 2043 5850 2175 5900; x_wconf 74' lang='lat' dir='ltr'>sunt</span> 
     </span>
    </p>
   </div>
   <div class='ocr_carea' id='block_1_108' title="bbox 2273 5749 3909 5826">
    <p class='ocr_par' dir='ltr' id='par_1_108' title="bbox 2273 5749 3909 5826">
     <span class='ocr_line' id='line_1_108' title="bbox 2273 5749 3909 5826; baseline 0 -20"><span class='ocrx_word' id='word_1_840' title='bbox 2273 5754 2330 5807; x_wconf 91' lang='lat' dir='ltr'>et</span> <span class='ocrx_word' id='word_1_841' title='bbox 2354 5750 2658 5810; x_wconf 85' lang='lat' dir='ltr'>interiores</span> <span class='ocrx_word' id='word_1_842' title='bbox 2706 5753 2907 5823; x_wconf 85' lang='lat' dir='ltr'>cordis,</span> <span class='ocrx_word' id='word_1_843' title='bbox 2941 5769 3071 5809; x_wconf 90' lang='lat' dir='ltr'>cum</span> <span class='ocrx_word' id='word_1_844' title='bbox 3114 5751 3318 5826; x_wconf 88' lang='lat' dir='ltr'>quibus</span> <span class='ocrx_word' id='word_1_845' title='bbox 3365 5751 3511 5807; x_wconf 88' lang='lat' dir='ltr'>Deus</span> <span class='ocrx_word' id='word_1_846' title='bbox 3559 5750 3811 5820; x_wconf 85' lang='lat' dir='ltr'>videtur,</span> <span class='ocrx_word' id='word_1_847' title='bbox 3846 5749 3909 5806; x_wconf 89' lang='lat' dir='ltr'>de</span> 
     </span>
    </p>
   </div>
   <div class='ocr_carea' id='block_1_109' title="bbox 2275 5844 3911 5920">
    <p class='ocr_par' dir='ltr' id='par_1_109' title="bbox 2275 5844 3911 5920">
     <span class='ocr_line' id='line_1_109' title="bbox 2275 5844 3911 5920; baseline 0.004 -21"><span class='ocrx_word' id='word_1_848' title='bbox 2275 5844 2481 5916; x_wconf 80' lang='lat' dir='ltr'>quibus</span> <span class='ocrx_word' id='word_1_849' title='bbox 2522 5847 2643 5920; x_wconf 81' lang='lat' dir='ltr'>ipse</span> <span class='ocrx_word' id='word_1_850' title='bbox 2676 5846 2810 5906; x_wconf 88' lang='lat' dir='ltr'>dicit</span> <span class='ocrx_word' id='word_1_851' title='bbox 2845 5848 3040 5907; x_wconf 88' lang='lat' dir='ltr'>:Beati</span> <span class='ocrx_word' id='word_1_852' title='bbox 3066 5847 3263 5905; x_wconf 84' lang='lat' dir='ltr'>mundo</span> <span class='ocrx_word' id='word_1_853' title='bbox 3291 5846 3469 5909; x_wconf 82' lang='lat' dir='ltr'>corde,</span> <span class='ocrx_word' id='word_1_854' title='bbox 3512 5848 3775 5918; x_wconf 83' lang='lat' dir='ltr'>quoniam</span> <span class='ocrx_word' id='word_1_855' title='bbox 3812 5847 3911 5919; x_wconf 71' lang='lat' dir='ltr'>ipsi</span> 
     </span>
    </p>
   </div>
  </div>
