4034 6228
127 300 217 354 837

1376 301 1441 355 IN
1480 301 1624 356 CAP.
1667 300 1707 355 V
1744 300 1833 356 AD
1870 300 2208 356 EPHESIOS.

3374 308 3476 362 838

124 412 271 463 Deum
297 404 569 460 videbunt.
602 406 671 459 Et
689 404 835 459 sicut
864 407 996 460 sunt
1014 407 1324 462 exteriores
1355 425 1582 478 gressus
1611 425 1735 463 cor-
1762 421 1818 494 Α
1839 415 1923 463 est
1950 410 2047 480 qui
2074 426 2189 464 non
2221 409 2489 481 intelligit
2516 426 2635 472 om
2677 426 2759 465 sn
2792 427 3068 468 vou'an
3120 429 3207 468 om
3241 414 3398 475 bona,
3428 420 3476 467 et

124 498 277 571 poris,
305 497 383 552 sic
406 501 540 552 sunt
569 502 628 552 et
649 497 954 553 interiores
980 501 1210 568 mentis,
1239 501 1311 555 de
1354 502 1560 572 quibus
1602 502 1734 556 scri-

124 599 270 665 ptum
322 594 451 646 est:
500 592 553 646 A
601 594 822 648 Domino
865 608 1076 660 gressus
1130 596 1361 650 hominis
1404 595 1736 664 diriguntur.

124 685 272 751 Quod
296 701 428 739 vero
459 682 552 739 hic
576 684 750 739 dicit:
797 686 996 741 VIDETE
1025 702 1220 750 [unus
1264 704 1528 750 ovouooo
1572 704 1741 743 CAUTE

124 794 401 836 insumus
417 795 431 844 ;
450 778 565 832 tale
592 782 680 832 est
699 780 853 849 quod
878 780 957 832 ait
984 780 1272 835 Salvator:
1300 782 1591 835 Ambulate
1610 783 1740 836 dum

124 875 272 927 lucem
298 872 521 926 habetis.
556 872 711 926 Sicut
751 871 925 937 enim,
958 873 1114 927 verbi
1155 874 1335 945 gratia
1381 874 1586 942 dicam,
1636 875 1736 928 ali-

122 965 235 1036 quis
258 965 430 1019 homo
462 964 573 1019 iter
614 965 834 1019 faciens
878 966 1150 1038 prospicit
1196 967 1292 1021 ubi
1336 983 1562 1038 gressus
1600 968 1742 1038 figat

122 1058 284 1129 pedis,
318 1056 394 1111 sic
426 1057 524 1128 qui
549 1057 884 1129 spiritaliter
909 1059 1210 1114 ambulare
1256 1060 1565 1127 desiderat,
1606 1076 1738 1131 pro-

120 1152 321 1223 spicere
344 1150 518 1206 debet
534 1152 635 1206 ubi
656 1168 919 1223 gressum
946 1153 1159 1208 mentis
1187 1154 1348 1225 figat,
1384 1170 1457 1208 ne
1488 1157 1736 1209 corruat.

122 1246 253 1316 Ergo
280 1245 672 1316 unusquisque
704 1250 870 1300 caute
899 1247 1197 1302 ambulare
1227 1247 1418 1314 debet,
1454 1264 1528 1302 ne
1550 1248 1736 1315 cedat,

122 1355 213 1393 nec
231 1337 477 1392 declinet
496 1339 571 1392 ad
592 1337 911 1407 dexteram,
933 1340 1047 1394 sive
1066 1340 1137 1395 ad
1157 1341 1477 1407 sinistram;
1509 1342 1610 1396 sed
1636 1357 1742 1411 per

122 1448 267 1485 arma
285 1431 521 1502 justitize
546 1435 702 1486 tutus
733 1432 984 1501 incedat,
1015 1434 1256 1489 audiens
1288 1435 1583 1506 propheta:
1612 1450 1736 1488 mo-

123 1525 262 1579 nita:
293 1528 418 1580 Haec
440 1528 553 1589 via,
580 1526 857 1581 ambulate
882 1530 940 1581 in
966 1544 1047 1582 ea.
1083 1527 1249 1591 Quod
1282 1527 1380 1598 qui
1411 1528 1627 1593 fecerit,
1653 1545 1742 1581 va-

122 1623 245 1676 lebit
273 1622 495 1678 dicere:
529 1626 772 1679 Lucerna
786 1625 1015 1694 pedibus
1040 1627 1169 1679 meis
1195 1626 1414 1679 verbum
1440 1630 1612 1688 tuum,
1645 1629 1741 1681 Do-

124 1718 262 1778 mine,
291 1721 340 1771 et
369 1717 551 1771 lumen
577 1719 781 1772 semitis
808 1721 955 1773 meis.
992 1720 1335 1774 REDIMENTES
1362 1735 1591 1785 TEIPUS,
1613 1735 1739 1781 orm

1841 504 1966 557 bene
1986 505 2226 573 placens,
2255 509 2306 557 et
2324 506 2588 573 perfecta.
2624 506 2691 559 Et
2713 504 2842 559 ideo
2866 505 3036 560 dicit:
3067 510 3359 577 Propterea
3377 523 3487 586 no;

1842 598 1935 651 lite
1961 600 2082 666 ﬁeri
2105 598 2488 669 imprudentes.
2533 598 2804 651 Voluntas
2841 599 2939 653 Dei
2968 604 3053 653 est
3082 603 3147 653 ut
3175 600 3416 655 declinet
3440 617 3474 654 a

1840 692 2012 759 malo,
2056 696 2111 744 et
2139 691 2305 745 faciat
2348 690 2593 745 bonum.
2626 691 2765 745 Dicit
2793 691 2946 746 enim
2985 694 3265 764 propheta
3292 710 3306 747 :
3338 695 3472 750 Nolo

1838 790 2060 838 mortem
2080 787 2396 855 peccatoris,
2422 789 2503 839 set
2527 789 2590 838 ut
2615 791 2959 841 convertatur
2986 792 3038 841 et
3063 790 3235 841 vivat.
3260 788 3327 843 Et
3362 787 3470 842 ite-

1840 895 1969 932 rum
2001 897 2017 932 :
2049 880 2270 933 Declina
2297 894 2332 932 a
2360 879 2506 933 malo
2537 883 2587 933 et
2610 880 2703 945 fac
2731 880 2941 934 bonum.
2970 881 3239 935 Voluntas
3272 880 3367 936 Dei
3392 887 3474 937 est

1839 974 1906 1025 ut
1943 971 2247 1042 diligamus
2279 969 2538 1026 invicem.
2572 973 2637 1025 In
2664 973 2761 1027 hoc
2785 979 3091 1043 cognoscent
3116 989 3311 1038 omnes,
3339 978 3472 1044 quia

1839 1067 1943 1119 mei
1987 1067 2111 1120 estis
2152 1065 2429 1136 discipuli,
2456 1068 2506 1119 si
2535 1065 2868 1121 dilectionem
2916 1067 3215 1122 habueritis
3243 1072 3301 1122 in
3325 1071 3470 1124 invi-

1840 1173 1969 1213 cem.
1997 1157 2263 1213 Voluntas
2306 1158 2406 1212 Dei
2431 1162 2535 1228 est,
2564 1163 2629 1213 ut
2668 1175 2868 1215 omnes
2896 1160 3074 1214 sancti
3103 1160 3297 1228 simus,
3330 1162 3473 1216 sicut

1840 1252 1958 1322 ipse
2009 1251 2143 1307 dicit
2175 1269 2188 1307 :
2224 1252 2417 1308 Sancti
2442 1257 2622 1314 estote,
2666 1255 2799 1322 quia
2826 1270 2921 1322 ego
2968 1260 3189 1309 sanctus
3224 1270 3362 1309 sum.
3398 1257 3470 1311 Er

1842 1362 2033 1401 NOLITE
2083 1362 2356 1402 INEBRIARI
2404 1362 2555 1413 vmo,
2602 1362 2659 1399 IN
2720 1362 2828 1409 ovo
2869 1361 2964 1402 EST
3016 1363 3264 1403 LUXURIA.
3318 1348 3472 1403 Sicut

1842 1440 1999 1493 enim
2023 1440 2203 1495 homo
2230 1456 2345 1494 non
2372 1445 2560 1510 potest
2580 1438 2805 1493 duobus
2828 1439 3073 1494 dominis
3098 1442 3327 1508 servire,
3362 1445 3472 1497 Deo

1840 1533 2049 1587 scilicet
2078 1538 2134 1587 et
2162 1550 2523 1600 mammona),
2554 1533 2633 1586 ita
2660 1534 2850 1587 nullus
2880 1537 3069 1604 potest
3093 1534 3365 1589 inebriari
3394 1537 3472 1590 vi-

1841 1643 1914 1681 no
1942 1626 2157 1697 pariter
2182 1631 2237 1681 et
2263 1626 2479 1682 Senum
2504 1642 2708 1681 SANCTO
2737 1626 2969 1697 repleri.
2986 1627 3092 1690 Qui
3118 1628 3321 1697 spiritu
3346 1645 3472 1683 san-

1840 1724 1929 1774 cto
1954 1721 2198 1790 repletus
2223 1718 2399 1774 fuerit
2428 1719 2660 1774 habebit
2707 1720 3092 1790 prudentiam,
3138 1721 3469 1789 castitatem,

122 1826 207 1865 1AM
232 1826 343 1866 mss
362 1827 491 1866 sum
517 1826 672 1866 sum.
702 1811 847 1864 Illud
873 1810 1010 1865 dicit
1030 1814 1258 1881 tempus
1278 1812 1435 1882 quod
1466 1812 1525 1865 in
1554 1811 1739 1865 Adam
1758 1803 1816 1875 Β
1841 1813 2201 1881 munditiam,
2255 1812 2610 1882 pudicitiam,
2658 1812 3177 1880 mansuetudinem,
3204 1829 3473 1868 verecun-

123 1920 305 1957 omnes
328 1903 708 1974 perdidimus,
739 1904 955 1957 scilicet
980 1904 1501 1971 immortalitatem,
1541 1908 1599 1958 et
1636 1923 1740 1975 pa-

123 1997 441 2051 radisiacam
474 1996 916 2051 beatitudinem.
952 1998 1262 2052 Sciendum
1292 1998 1448 2052 enim
1490 2002 1575 2051 est
1607 1998 1741 2069 quia

120 2107 147 2143 a
172 2091 280 2144 Deo
305 2091 653 2145 immortalis
687 2091 950 2145 conditus
977 2092 1184 2159 fuerat,
1213 2090 1258 2145 si
1283 2108 1399 2145 non
1430 2095 1737 2162 peccasset.

119 2184 228 2237 Non
270 2184 463 2237 fuisset
506 2201 739 2239 necesse
784 2184 1070 2239 redimere
1118 2188 1380 2255 tempus,
1430 2185 1565 2256 quia
1616 2184 1741 2239 caeli

120 2276 251 2330 cives
280 2276 487 2343 effecti,
520 2279 699 2331 Deum
732 2278 875 2331 facie
905 2278 977 2331 ad
1007 2277 1217 2331 faciem
1258 2276 1737 2349 conspiceremus,

123 2368 250 2423 sicut
292 2369 410 2441 ipse
448 2370 719 2438 faciebat,
770 2372 1085 2441 antequam
1125 2374 1437 2442 peccasset.
1483 2370 1648 2435 Quod
1694 2370 1740 2424 si

122 2464 330 2533 tempus
346 2462 474 2534 quis
495 2464 614 2517 vult
629 2462 938 2531 redimere,
962 2463 1265 2517 consilium
1289 2463 1517 2518 Domini
1544 2463 1742 2518 audiat

120 2555 343 2610 dicentis
365 2573 379 2610 :
409 2558 473 2612 Si
500 2559 623 2625 quis
645 2560 695 2611 te
707 2559 1035 2626 percusserit
1052 2560 1110 2611 in
1134 2558 1414 2612 demteram
1430 2559 1737 2620 maxillam,

118 2650 277 2717 prmbe
317 2652 367 2704 ei
413 2654 466 2705 et
508 2651 758 2705 alteram.
802 2651 870 2704 Et
910 2650 1119 2705 iterum
1154 2668 1165 2704 :
1218 2651 1381 2706 Orate
1419 2667 1524 2721 pro
1561 2666 1741 2722 perse-

118 2743 380 2811 quentibus
416 2748 470 2798 et
498 2744 955 2798 calumniantibus
979 2745 1144 2799 vobis.
1183 2745 1251 2797 Et
1296 2745 1406 2800 hoc
1450 2748 1533 2799 est
1582 2744 1737 2816 quod

120 2835 230 2890 ait:
284 2838 615 2893 Redimentes
668 2842 895 2908 tempus,
948 2839 1203 2907 quoniam
1250 2839 1365 2893 dies
1409 2840 1546 2893 mali
1589 2844 1735 2894 sunt.

118 2928 346 3000 Tempus
366 2930 584 3000 quippe
606 2930 943 2985 redimimus
966 2931 1197 3001 quando
1214 2934 1542 2986 anteactam
1562 2931 1739 2985 vitam

121 3020 184 3074 ad
230 3022 571 3077 memoriam
606 3023 959 3090 reducimus,
994 3027 1052 3078 et
1105 3041 1173 3078 ea
1208 3041 1335 3095 quas
1374 3024 1741 3095 negligenter

119 3115 512 3183 commisimus,
547 3117 741 3171 flendo
772 3117 1061 3188 punimus,
1097 3118 1247 3189 quod
1280 3118 1462 3189 iniqui
1493 3135 1565 3172 ne
1596 3135 1733 3189 qua-

1842 1906 2019 1960 diam.
2049 1907 2090 1961 E
2118 1905 2356 1975 regione
2383 1906 2481 1977 qui
2512 1905 2643 1960 vino
2666 1905 3003 1975 inebriatur,
3021 1906 3253 1962 habebit
3278 1924 3474 1978 proca-

1842 1998 2088 2069 citatem,
2136 1998 2543 2068 insipientiam,
2598 1999 2916 2067 audaciam,
2964 2000 3239 2067 furorem,
3289 2000 3473 2056 libidi-

1840 2108 1997 2146 nem.
2018 2094 2084 2146 Et
2116 2091 2240 2146 ideo
2270 2092 2525 2163 praecipit
2550 2092 2864 2162 Apostolus,
2895 2109 3009 2147 non
3040 2093 3245 2147 debere
3266 2095 3469 2149 inebri-

1840 2188 1930 2240 ari
1950 2189 2096 2248 vino,
2126 2189 2186 2239 in
2225 2201 2329 2254 quo
2353 2192 2428 2239 est
2456 2186 2698 2240 lunaria.
2728 2185 2886 2240 Unde
2917 2185 3055 2239 dicit
3078 2191 3135 2240 et
3162 2187 3424 2241 Salomon
3455 2204 3468 2241 :

1841 2282 1919 2335 Ne
1942 2281 2176 2349 aspicias
2203 2282 2392 2334 vinum
2419 2294 2537 2333 cum
2578 2282 2816 2347 ﬂavescit
2840 2280 2899 2332 in
2937 2280 3116 2345 vitro,-
3147 2281 3290 2334 color
3329 2284 3471 2336 enim

1842 2373 2036 2427 blande
2072 2371 2246 2443 [Cod.,
2278 2371 2510 2445 blandis]
2535 2373 2860 2442 ingreditur,
2890 2373 2984 2427 sed
3008 2374 3213 2427 mordet
3235 2379 3296 2428 ut
3323 2376 3470 2430 colu-

1841 2467 1949 2520 ber.
1981 2467 2166 2521 Potest
2192 2469 2249 2519 et
2275 2467 2436 2521 aliter
2461 2465 2700 2536 intelligi
2730 2466 2881 2536 quod
2909 2466 3044 2521 dicit
3075 2483 3090 2521 :
3129 2468 3307 2524 Nolite
3352 2470 3470 2524 ine-

1841 2561 2014 2614 briari
2039 2562 2183 2623 vino,
2215 2560 2276 2613 id
2322 2563 2406 2613 est
2432 2559 2565 2614 vino
2596 2559 2847 2628 malitiae,
2891 2559 2961 2613 de
3009 2576 3122 2630 quo
3170 2561 3383 2631 Moyses
3410 2563 3470 2617 in

1839 2652 2058 2708 cantico
2086 2653 2522 2708 Deuteronomio
2551 2669 2564 2706 :
2610 2656 2686 2707 De
2712 2655 2871 2707 vinea
2907 2653 3277 2717 Sodomorum,
3313 2658 3471 2712 vinea

1840 2756 2042 2802 earum.
2074 2747 2185 2802 Hoc
2218 2746 2350 2801 vino
2380 2746 2736 2800 inebriantur
2759 2763 2960 2801 omnes
2986 2752 3270 2803 amatores
3298 2765 3464 2804 mun-

1839 2841 1917 2895 di.
1949 2842 2025 2895 De
2050 2839 2256 2911 quibus
2281 2839 2417 2895 dicit
2434 2839 2764 2911 Apostolus:
2790 2842 3023 2907 Quorum
3049 2843 3172 2910 ﬁnis
3196 2844 3467 2907 interitus,

1837 2949 2064 3004 quorum
2092 2935 2230 2989 Deus
2272 2938 2454 2989 venter
2478 2938 2574 2996 est,
2604 2938 2655 2987 et
2683 2934 2860 3003 gloria
2884 2936 2943 2988 in
2972 2937 3284 3003 confusione
3324 2940 3464 3008 ipso-

1836 3044 1959 3083 rum
1987 3030 2084 3098 qui
2110 3033 2322 3083 terrena
2346 3028 2589 3098 sapiunt.

122 3223 277 3278 quam
303 3211 545 3277 faciunt,
572 3210 800 3265 dicente
828 3212 1110 3283 propheta
1144 3229 1156 3266 :
1198 3215 1321 3270 Viri
1343 3215 1672 3283 sanguinum
1688 3177 1812 3267 etC
1907 3215 2225 3280 Loousurss
2278 3230 2690 3273 VOBISMETIPSIS
2736 3232 2983 3287 PSALMIS,
3030 3232 3093 3273 er
3144 3234 3371 3289 nvums,
3405 3235 3469 3277 nr

122 3302 278 3357 dolosi
295 3320 401 3359 non
420 3305 793 3359 dimidiabunt
817 3306 931 3360 dies
974 3321 1121 3361 suos.
1153 3307 1416 3372 Quoniam
1459 3307 1574 3361 dies
1605 3307 1739 3361 mali

121 3401 248 3450 sunt.
272 3397 563 3461 Quantum
581 3398 654 3453 ad
678 3398 983 3465 rationem,
1004 3403 1062 3454 et
1078 3400 1393 3470 spiritalem
1417 3399 1738 3471 intelligen-

122 3488 247 3543 tiam
269 3492 539 3561 pertinet,
563 3490 686 3546 dies
697 3492 833 3547 boni
849 3494 1010 3547 aDeo
1030 3493 1329 3559 factisunt,
1350 3493 1577 3548 dicente
1598 3493 1738 3550 Scri-

121 3585 271 3653 ptura
289 3602 301 3638 :
325 3586 478 3640 Vidit
489 3589 631 3640 Deus
646 3591 837 3641 cuncta
863 3603 981 3656 quae
997 3589 1148 3654 fecit,
1162 3593 1212 3642 et
1223 3593 1378 3643 erant
1395 3588 1556 3642 valde
1576 3589 1733 3643 bona.

121 3676 288 3731 llabes
313 3678 371 3732 in
398 3678 549 3733 libro
576 3679 784 3735 Genesi
812 3680 1107 3751 scriptum,
1142 3680 1277 3751 quia
1305 3697 1409 3752 per
1438 3681 1738 3735 intervalla

122 3767 323 3825 dierum
364 3774 513 3827 Deus
550 3777 757 3828 cuncta
790 3773 1021 3828 creavit.
1070 3774 1140 3827 Et
1178 3774 1386 3829 dicitur
1423 3774 1501 3829 ibi
1532 3792 1545 3829 :
1588 3776 1740 3830 Vidit

122 3864 241 3918 Deus
264 3871 453 3921 cuncta
478 3882 602 3936 quae
629 3869 782 3934 fecit,
811 3872 862 3922 et
911 3872 1068 3922 erant
1101 3868 1261 3923 valde
1296 3869 1455 3922 bona.
1496 3868 1554 3923 Si
1597 3884 1735 3939 ergo

121 3962 304 4013 cuncta
341 3975 470 4031 quas
518 3960 657 4014 fecit
691 3962 837 4015 Deus
856 3961 1016 4015 valde
1048 3962 1202 4016 bona
1225 3962 1479 4029 fuerunt,
1514 3978 1653 4033 ergo
1682 3964 1740 4016 et

124 4048 229 4105 dies
266 4052 419 4107 boni.
468 4053 583 4108 Sed
623 4053 758 4109 vitio
793 4054 1099 4116 hominum
1141 4055 1435 4126 depravati
1483 4059 1634 4124 sunt,
1680 4059 1739 4109 et

121 4142 239 4198 facti
268 4151 397 4201 sunt
427 4147 551 4201 dies
582 4146 740 4202 mali.
774 4136 841 4203 Et
868 4147 1006 4220 quid
1038 4148 1225 4204 dicam
1248 4149 1275 4204 ?
1316 4166 1382 4203 ex
1409 4165 1524 4222 quo
1555 4149 1736 4204 Adam

118 4236 169 4290 in
211 4240 472 4310 paradiso
515 4241 793 4313 peccavit,
843 4259 1141 4313 nunquam
1187 4244 1423 4298 fuerunt
1462 4244 1583 4298 dies
1630 4243 1739 4297 nisi

116 4332 254 4387 mali.
281 4335 602 4390 Nascuntur
636 4336 820 4407 pueri,
850 4352 883 4391 a
902 4338 1132 4407 ploratu
1160 4337 1443 4408 incipiunt
1471 4341 1531 4392 et
1558 4354 1592 4391 a
1628 4337 1737 4391 mi—

120 4426 270 4494 seria,
305 4429 450 4483 ﬁunt
479 4429 539 4483 hi
562 4429 687 4484 dies
708 4429 843 4485 mali
869 4430 1209 4485 calamitatis
1240 4447 1376 4486 sum.
1414 4432 1544 4485 Hinc
1577 4432 1734 4502 luge-

122 4515 208 4571 bat
227 4523 508 4593 prapheta
534 4540 667 4578 cum
695 4523 948 4579 diceret:
986 4527 1103 4579 Heu
1146 4527 1263 4579 me!
1301 4528 1434 4595 quia
1470 4526 1738 4579 incolatus
1759 4548 1817 4619 D

120 4627 251 4668 meus
270 4618 628 4687 prolongatus
652 4622 749 4671 est.
788 4617 946 4681 Quos
982 4618 1105 4673 dies
1141 4618 1428 4673 redimere
1460 4618 1739 4673 debemus

123 4705 465 4778 abstinendo;
482 4711 829 4781 jejunando,
850 4712 1090 4779 orando,
1113 4711 1427 4783 vigilando,
1457 4716 1516 4766 et
1535 4718 1742 4767 caetera

122 4813 235 4867 quas
253 4803 533 4857 Dominus
546 4803 716 4874 jussit
740 4804 1059 4876 implendo.
1091 4805 1258 4870 Quod
1283 4805 1381 4877 qui
1402 4805 1557 4873 facit,
1585 4805 1738 4860 redi-

121 4893 213 4947 mit
231 4895 346 4951 dies
368 4899 574 4965 malos,
598 4900 657 4952 et
682 4897 821 4953 facit
841 4915 956 4953 non
984 4899 1284 4970 prtesentis
1310 4899 1610 4971 temporis,
1638 4899 1740 4955 sed

120 4984 298 5057 futuri,
331 4990 454 5046 dies
481 4992 686 5046 bonos.
712 4994 774 5046 In
796 4996 1024 5047 tantum
1054 4997 1116 5047 ut
1122 4994 1248 5065 jam
1266 5010 1385 5049 non
1412 4994 1617 5065 plurali
1642 5011 1741 5048 nu-

121 5093 265 5137 mero
291 5083 414 5138 dies
443 5085 687 5140 dicatur.
710 5088 788 5141 De
818 5102 929 5157 qua
948 5087 1235 5158 propheta
1266 5103 1278 5141 :
1312 5088 1504 5143 Melior
1522 5092 1600 5144 est
1626 5089 1739 5143 dies

120 5188 218 5229 una
242 5179 300 5231 in
319 5181 478 5234 atriis
500 5181 613 5234 tuis
640 5194 803 5250 super
823 5180 1023 5235 millia.

183 5269 515 5339 Pnorrsam,
558 5288 748 5330 some
788 5290 930 5330 FIERI
968 5289 1360 5331 lMPRUDBNTES.
1402 5274 1739 5347 Imprudens

125 5363 298 5420 estille
309 5365 485 5421 homo
514 5367 609 5437 qui
628 5384 745 5422 non
758 5366 1037 5439 prospicit
1053 5367 1158 5422 sibi
1184 5367 1335 5423 viam
1363 5384 1478 5440 qua
1497 5369 1738 5439 gradere

123 5454 332 5526 debeat,
361 5477 435 5515 ne
468 5460 745 5529 oﬂ‘endat,
775 5461 877 5516 sed
912 5464 1076 5516 caute
1112 5462 1390 5517 ambulet.
1431 5465 1549 5519 Non
1581 5464 1744 5533 quasi

119 5550 434 5620 insipientes,
467 5554 562 5609 sed
588 5560 650 5611 ut
676 5557 967 5625 sapientes.
996 5555 1341 5627 Imprudens
1371 5559 1459 5611 est
1484 5556 1581 5628 qui
1626 5573 1740 5611 non

123 5643 337 5700 redimit
354 5650 587 5719 tempus
618 5652 677 5704 et
695 5648 820 5704 dies
849 5650 1033 5705 malos
1074 5649 1149 5704 ad
1190 5649 1593 5722 penitentiam
1634 5650 1740 5705 sibi

125 5741 513 5810 concessos,de
558 5742 766 5815 quibus
798 5745 1101 5815 Apostolus
1132 5761 1146 5801 ε
1182 5747 1411 5814 Ignoras
1446 5748 1580 5817 quia
1633 5761 1739 5817 pa-

124 5832 298 5889 tientia
334 5837 430 5893 Dei
455 5836 535 5892 ad
570 5839 954 5909 paenitentiam
988 5843 1041 5897 te
1065 5842 1372 5910 suspectat?
1399 5839 1743 5915 Imprudens

1838 3324 2084 3366 CAN'I'ICIS
2158 3326 2547 3366 SPlRlTALlBUS.
2609 3309 2715 3374 Qui
2781 3310 3116 3366 abstinuerit
3155 3313 3366 3383 avino,
3417 3319 3474 3369 et

1837 3404 2049 3474 Spiritu
2076 3409 2266 3460 sancto
2292 3405 2540 3475 repletus
2564 3404 2759 3473 fuerit,
2787 3404 2977 3459 omnia
2996 3405 3105 3460 ista
3131 3408 3343 3477 repleta
3368 3406 3472 3480 [Ita

1838 3496 1989 3569 Cod.]
2026 3497 2250 3568 impleri
2278 3499 2506 3567 poterit.
2553 3497 2785 3565 Psalmi,
2818 3500 2874 3551 et
2898 3498 3126 3567 hymni,
3164 3505 3221 3554 et
3250 3502 3471 3557 cantica

1838 3590 1896 3644 in
1912 3591 2175 3660 psalterio
2196 3592 2565 3661 reperiuntur
2590 3608 2605 3657 ;
2637 3591 2733 3645 sed
2759 3589 2908 3645 inter
2926 3591 3212 3660 psalmum
3238 3597 3296 3647 et
3310 3594 3471 3664 hym-

1837 3700 1978 3738 num
1999 3684 2106 3739 hoc
2130 3684 2386 3750 interest,
2416 3683 2565 3754 quod
2595 3685 2844 3753 psalmus
2872 3684 3116 3754 pertinet
3137 3684 3209 3740 ad
3240 3702 3467 3758 corpus,

1838 3777 1971 3849 quia
2001 3794 2105 3848 per
2132 3793 2410 3848 organum
2439 3776 2694 3847 corporis
2723 3775 2958 3831 discitur
2983 3778 3230 3848 qualiter
3266 3796 3468 3851 perve-

1841 3871 2030 3926 niatur
2056 3871 2129 3925 ad
2152 3886 2436 3941 organum
2467 3870 2678 3924 mentis
2705 3887 2722 3939 ;
2756 3870 3004 3941 hymnus
3050 3886 3185 3926 vero
3223 3874 3471 3943 pertinet

1836 3965 1909 4020 ad
1932 3964 2250 4019 orationem
2278 3980 2294 4033 ;
2327 3963 2611 4018 canticum
2639 3964 2709 4019 ad
2739 3963 2967 4018 laudem
2993 3965 3116 4020 Dei.
3145 3965 3201 4021 Si
3229 3982 3361 4022 vero
3385 3968 3467 4022 a1-

1837 4058 1949 4113 tius
1966 4057 2283 4129 intelligere
2311 4057 2574 4126 volueris,
2598 4058 2850 4129 psalmus
2874 4058 3124 4129 pertinet
3145 4060 3216 4115 ad
3243 4077 3468 4133 corpus,

1838 4152 2086 4224 hymnus
2128 4150 2201 4206 ad
2229 4151 2455 4207 laudem
2504 4150 2620 4221 Dei,
2665 4151 2949 4206 canticum
2977 4152 3049 4207 ad
3078 4152 3471 4211 fortitudinem

1840 4250 1898 4301 et
1918 4246 2181 4301 virtutem
2210 4245 2326 4300 Dei.
2351 4247 2418 4300 Et
2434 4250 2568 4300 nota
2593 4245 2726 4317 quia
2747 4262 2878 4300 cum
2902 4246 3035 4301 dicit
3047 4248 3295 4317 psalmis,
3313 4250 3469 4319 hym—

1838 4343 1941 4404 nis,
1969 4345 2022 4395 et
2047 4342 2291 4403 canticis,
2318 4339 2535 4395 addidit
2559 4340 2920 4410 spiritalibus,
2952 4340 3103 4411 quod
3131 4341 3324 4413 utique
3354 4359 3473 4399 non

1838 4434 2079 4503 fecisset,
2108 4433 2219 4489 nisi
2249 4435 2440 4489 essent
2468 4433 2686 4488 cantica
2714 4450 2843 4503 quae
2872 4449 2988 4487 non
3014 4437 3147 4487 sunt
3173 4434 3471 4506 spiritalia,

1840 4527 1983 4582 sicut
2006 4532 2139 4582 sunt
2156 4526 2412 4581 carmina
2440 4531 2758 4598 poetarum,
2800 4525 2947 4580 dicta
2975 4524 3467 4599 philosophorum,

1840 4620 2055 4676 cantica
2080 4619 2387 4689 luxuriosa,
2421 4624 2479 4674 et
2503 4620 2673 4674 verba
2704 4617 2883 4673 risum
2910 4619 3211 4689 moventia,
3245 4636 3374 4691 quae
3397 4620 3472 4678 ad

1839 4731 1962 4769 rem
1989 4729 2105 4767 non
2132 4712 2439 4783 pertinent,
2473 4716 2530 4767 et
2554 4712 2881 4767 scurrilitas.
2913 4713 2968 4767 IN
3016 4727 3210 4769 cum
3241 4729 3473 4774 οΑΝΤΑκ-

1839 4824 1934 4864 res
1960 4824 2013 4863 IN
2041 4821 2307 4863 CORDIBUS
2341 4821 2583 4861 vssrms.
2616 4805 2857 4860 Audiant
2883 4805 2992 4862 hoc
3019 4804 3204 4877 pueri,
3243 4806 3475 4867 audiant

1839 4902 2238 4969 adolescentes,
2281 4904 2336 4955 et
2388 4898 2574 4954 omnis
2616 4899 2756 4954 ordo
2799 4900 3220 4971 ecclesiasticus,
3261 4902 3469 4975 quibus

1841 4995 2095 5051 officium
2129 4993 2409 5066 psallendi
2435 4992 2803 5047 commissum
2824 4998 2908 5049 est
2932 4993 2992 5049 in
3017 4994 3279 5067 Ecclesia,
3303 5001 3368 5053 ut
3394 4998 3469 5054 si-

1839 5094 1934 5144 cut
1956 5088 2205 5160 psallunt
2227 5103 2344 5156 ore,
2370 5085 2609 5158 psallere
2629 5086 2846 5141 discant
2869 5092 2928 5144 et
2950 5088 3140 5160 corde,
3163 5106 3235 5147 ne
3248 5089 3473 5148 dicatur

1840 5184 1909 5239 de
1934 5182 2043 5238 illis
2076 5199 2090 5237 :
2120 5182 2355 5252 Populus
2398 5180 2483 5235 hic
2529 5179 2691 5234 labiis
2731 5196 2815 5235 me
2861 5182 3110 5246 honorat,
3153 5199 3242 5240 cor
3293 5189 3473 5241 autem

1839 5292 2020 5333 eorum
2045 5277 2196 5344 longe
2221 5279 2299 5330 est
2316 5291 2352 5329 a
2379 5291 2481 5329 me.
2510 5276 2553 5329 E
2578 5277 2775 5327 contra
2804 5273 2972 5329 multi
3003 5273 3256 5347 psallunt
3279 5277 3468 5350 corde,

1840 5376 1898 5425 et
1921 5386 2036 5425 non
2060 5368 2306 5441 psallunt
2335 5383 2454 5423 ore.
2481 5367 2740 5424 Clamant
2764 5367 2954 5437 corde,
2987 5367 3155 5425 silent
3171 5386 3288 5427 ore.
3317 5372 3472 5429 Sicut

1840 5463 1935 5519 ille
1986 5462 2221 5517 faciebat
2265 5461 2357 5515 cui
2409 5460 2653 5516 dicitur:
2688 5460 2831 5529 Quid
2879 5461 3084 5516 clamas
3133 5463 3209 5518 ad
3247 5467 3378 5520 me?
3427 5467 3469 5523 E

1840 5561 1989 5612 certe
2023 5555 2099 5610 ibi
2130 5572 2246 5611 non
2274 5559 2359 5610 est
2383 5554 2681 5625 scriptum,
2713 5553 2851 5624 quid
2892 5553 3182 5610 clamasset
3209 5556 3423 5629 Moyses
3448 5576 3466 5629 ;

1840 5651 1937 5705 sed
1985 5650 2282 5719 clamabat,
2329 5653 2387 5704 et
2433 5648 2600 5703 corde
2651 5646 2949 5717 clamabat,
2998 5651 3059 5702 et
3083 5647 3210 5704 ideo
3257 5650 3392 5708 dicit
3414 5652 3469 5708 ei

1841 5747 1988 5800 Deus
2018 5760 2032 5800 :
2064 5744 2207 5813 Quid
2233 5744 2435 5800 clamas
2458 5742 2534 5798 ad
2560 5743 2683 5799 me?
2730 5741 2860 5799 Ideo
2886 5740 3089 5797 melius
3118 5748 3207 5800 est
3230 5745 3472 5817 psallere

1842 5837 2030 5912 corde,
2060 5837 2229 5896 silere
2253 5854 2375 5910 ore,
2397 5852 2562 5913 quam
2587 5840 2774 5895 tacere
2804 5836 2992 5910 corde,
3012 5838 3249 5911 psallere
3272 5855 3382 5898 ore.
3405 5842 3473 5902 Et
