4034 6228
550 276 651 338 839

2037 285 2435 350 LUCULENTII

3829 301 3931 357 840

549 391 675 444 ideo
703 391 800 462 qui
827 391 1015 486 psallit
1033 409 1150 460 ore,
1179 391 1374 464 psallat
1408 398 1462 447 et
1500 394 1704 464 corde;
1738 398 2040 468 psallamus
2066 401 2183 472 spi-
2207 416 2265 486 Α
2287 404 2419 456 licet
2450 401 2684 474 subjecti
2716 402 2977 459 invicem.
3004 405 3258 462 Audiant
3277 407 3384 462 hoc
3435 407 3712 480 episcopi,
3765 427 3928 480 pres-

559 484 697 550 ritu,
731 485 1038 555 psallamus
1068 489 1124 540 et
1153 492 1364 541 mente.

621 579 840 633 ΒοωΝο
869 595 1094 635 cauus
1125 596 1382 635 acamas.
1416 581 1544 635 Haec
1575 585 1856 640 sententia
1884 587 2185 657 dupliciter

551 671 791 742 intelligi
818 678 1016 742 potest,
1043 674 1146 726 hoc
1172 679 1255 727 est
1281 674 1338 726 in
1368 674 1536 728 rebus
1563 679 1826 748 acceptis,
1845 684 1901 733 et
1926 681 2179 750 perditis,

549 764 814 818 sicutJob
839 765 918 818 ait
949 783 960 818 :
993 768 1248 819 Dominus
1288 767 1458 830 dedit,
1487 772 1742 824 Dominus
1773 773 2016 835 abstulit,
2046 777 2182 828 sicut

548 861 770 912 Domino
788 859 1000 928 placuit
1041 860 1122 912 ita
1145 860 1354 925 factum
1381 867 1478 921 est,
1505 865 1575 916 sit
1614 880 1804 918 nomen
1851 869 2061 920 Domini
2090 868 2179 920 be-

550 953 837 1006 nedictum.
866 951 958 1003 Vel
987 951 1044 1003 in
1095 953 1378 1022 prosperis
1405 959 1461 1008 et
1485 955 1753 1011 adversis.
1787 958 1923 1013 Hinc
1953 959 2010 1012 in
2040 961 2181 1028 psal-

549 1060 643 1098 mo
670 1045 891 1098 canitur
918 1059 931 1097 :
979 1047 1298 1100 Benedicam
1340 1051 1623 1103 Dominum
1651 1053 1707 1103 in
1737 1055 1882 1105 omni
1927 1058 2176 1122 tempore,

547 1153 753 1206 semper
802 1139 920 1192 laus
961 1139 1076 1206 ejus
1123 1141 1181 1192 in
1209 1156 1298 1194 ore
1339 1157 1472 1195 meo.
1502 1143 1678 1196 Aliter
1708 1163 1722 1198 :
1755 1145 1800 1198 si
1847 1145 2022 1197 habes
2052 1147 2175 1199 ofﬁ-

545 1229 700 1283 cium
743 1231 1021 1301 psallendi
1050 1231 1108 1284 in
1155 1233 1410 1301 ecclesia,
1449 1251 1560 1288 non
1587 1241 1893 1307 propterea
1925 1243 1978 1291 te
2005 1239 2179 1292 extol-

543 1323 660 1376 lere
690 1323 858 1376 debes
877 1340 1048 1394 super
1072 1331 1321 1393 caateros,
1346 1328 1447 1380 sed
1467 1329 1648 1399 magis
1679 1330 1790 1382 Deo
1819 1330 2028 1400 gratias
2049 1347 2178 1400 age-

544 1431 626 1481 re,
657 1416 846 1469 dicens
888 1432 1020 1470 cum
1068 1419 1403 1473 Psalmista:
1435 1424 1552 1477 Non
1596 1422 1768 1485 nobis,
1799 1425 2040 1484 Domine,
2069 1439 2175 1477 non

543 1511 714 1572 nobis,
740 1511 833 1564 sed
856 1513 1062 1564 nomini
1089 1517 1178 1565 tuo
1203 1513 1277 1566 da
1303 1514 1553 1580 gloriam.
1594 1515 1709 1568 Ι)Εο
1757 1532 1820 1569 ET
1871 1531 2024 1570 eum
2055 1531 2177 1571 sus-

542 1619 688 1657 JECTI
729 1620 948 1658 INVICEM
990 1621 1040 1658 IN
1081 1620 1283 1659 TIMORE
1323 1606 1545 1660 CHRISTI
1585 1624 1598 1661 :
1653 1609 1768 1661 Deo
1819 1609 2029 1662 scilicet
2079 1610 2175 1662 Dei

544 1701 707 1768 Filio,
740 1701 836 1771 qui
863 1718 994 1755 cum
1033 1707 1180 1756 esset
1206 1704 1371 1770 Deus,
1401 1703 1574 1758 homo
1602 1704 1727 1758 ﬁeri
1771 1705 2035 1775 dignatus
2067 1709 2172 1774 est,

2283 496 2490 566 byteri,
2524 502 2582 551 et
2612 514 2814 552 omnes
2842 499 2938 570 qui
2969 504 3221 570 praesunt
3262 501 3322 555 in
3369 503 3638 567 Ecclesia,
3691 506 3750 555 ut
3784 503 3930 556 sicut

2284 590 2474 643 casteri
2504 590 2742 660 subjecti
2775 595 2907 646 sunt
2933 593 3034 662 eis,
3065 596 3123 646 et
3151 593 3257 663 ipsi
3305 594 3386 648 ita
3435 611 3538 665 per
3576 595 3928 651 charitatem

2284 682 2398 735 suis
2419 683 2654 753 subjecti
2682 683 2812 748 sint,
2841 685 3109 739 hortante
3138 684 3309 756 [ϐοείη
3339 688 3922 759 orantc]Salomone:

2282 778 2583 845 Principcm
2611 782 2660 830 te
2689 781 3024 840 constituere,
3057 781 3239 832 nolite
3264 783 3537 844 extollere,
3569 783 3668 836 sed
3701 788 3812 837 esto
3849 786 3930 836 in-

2282 875 2360 921 ter
2383 871 2525 938 ipsos
2553 872 2692 923 sicut
2718 887 2856 924 unus
2887 888 2954 925 em
2976 875 3133 941 ipsis.
3174 874 3242 926 Et
3269 875 3478 928 Paulus
3506 877 3809 946 apostolus
3841 876 3925 929 di-

2281 961 2387 1015 cit:
2423 965 2551 1018 Cum
2581 978 2742 1016 essem
2767 965 2900 1017 liber
2928 965 2996 1017 ab
3028 967 3292 1028 omnibus,
3321 970 3558 1020 omnium
3591 985 3676 1021 me
3710 985 3928 1022 servum

2279 1056 2406 1120 feci,
2429 1059 2487 1107 et
2515 1055 2622 1108 hoc
2656 1073 2706 1109 IN
2745 1073 2948 1111 TIMORE
2979 1058 3224 1113 CHRISTI.
3269 1058 3560 1114 Timentes
3599 1078 3671 1113 ne
3715 1065 3928 1131 prmter

2279 1148 2630 1201 voluntatem
2649 1149 2772 1219 ejus
2793 1149 3012 1220 aliquid
3032 1152 3328 1218 faciamus,
3351 1170 3425 1206 ne
3443 1157 3684 1224 prepter
3699 1156 3928 1210 favores

2281 1240 2581 1294 hominum
2627 1243 2712 1294 vel
2751 1243 2979 1306 laudes;
3015 1262 3087 1297 ne
3111 1245 3334 1299 dicatur
3365 1246 3435 1299 de
3465 1246 3630 1300 nobis
3663 1265 3675 1300 :
3707 1251 3928 1318 Recepe-

2277 1339 2407 1386 runt
2433 1335 2721 1388 mercedem
2745 1350 2938 1399 suam;
2969 1337 3068 1389 sed
3097 1341 3281 1392 totum
3325 1355 3427 1408 pro
3466 1356 3667 1394 amore
3710 1341 3924 1395 Christi

2277 1427 2575 1493 faciamus,
2613 1432 2887 1482 monente
2913 1431 3186 1500 Apostolo
3223 1448 3234 1484 :
3268 1434 3391 1487 Sive
3418 1434 3788 1499 manducatis,
3815 1437 3924 1488 sive

2278 1519 2479 1580 bibitis,
2505 1523 2615 1573 sive
2639 1521 2796 1574 aliud
2813 1523 3032 1590 aliquid
3054 1525 3262 1590 facitis,
3291 1526 3472 1578 omnia
3492 1527 3551 1577 in
3575 1529 3795 1580 nomine
3821 1531 3923 1582 Do-

2275 1615 2411 1664 mini
2433 1615 2615 1678 facite.
2649 1614 2717 1666 Et
2759 1613 2968 1667 iterum
3001 1632 3012 1668 :
3058 1616 3222 1670 Omne
3256 1617 3611 1686 quodcunque
3644 1621 3840 1684 facitis
3868 1624 3924 1674 in

2275 1706 2452 1767 verbo,
2493 1712 2588 1759 aut
2630 1709 2689 1759 in
2724 1723 2881 1777 opere
2913 1711 3093 1762 omnia
3129 1711 3188 1763 in
3231 1713 3442 1764 nomine
3468 1714 3687 1765 Domini
3730 1716 3918 1779 facite.

543 1811 840 1848 assumens
858 1798 1114 1849 nostram
1139 1796 1580 1866 humanitatem,
1615 1805 1672 1852 et
1696 1798 1826 1852 ideo
1851 1799 2002 1854 Patri
2017 1799 2172 1854 vide-
2196 1783 2252 1854 B
2277 1799 2345 1852 Et
2370 1799 2477 1852 hoc
2505 1802 2592 1852 est
2622 1799 2777 1870 quod
2809 1800 2910 1868 ait,
2935 1803 2995 1854 in
3021 1804 3207 1857 timore
3229 1803 3448 1858 Christi.

2092 2047 2362 2174 ΧΙΙ.

544 2236 758 2302 Lectio
809 2237 1112 2320 Epistolas
1153 2237 1326 2302 beati
1373 2236 1554 2302 Pauli
1595 2240 1874 2324 apostoli
1913 2241 1996 2304 ad
2040 2241 2356 2324 Ephesios
2384 2245 2492 2324 (vi,
2522 2244 2628 2324 Δ10)
2663 2263 2676 2302 :
2717 2241 3002 2319 Fratres,
3045 2241 3124 2306 de
3157 2251 3385 2306 caetero
3423 2247 3916 2324 confortamini,

1668 2328 1730 2382 et
1760 2323 1828 2382 in
1854 2321 2149 2402 potentia
2181 2322 2448 2382 virtutis
2469 2321 2634 2400 ejus,
2667 2326 2786 2384 etc.

1767 2455 2187 2510 COMMENTUM
2233 2455 2656 2510 LUCULENTII.

615 2555 997 2608 Admonuerat
1024 2552 1180 2606 enim
1204 2553 1462 2623 superius
1477 2554 1770 2624 apostolus
1797 2555 2000 2609 Paulus
2021 2571 2172 2609 seor-

545 2664 670 2702 sum
687 2647 852 2712 viros,
873 2661 1125 2700 seorsum
1145 2646 1404 2713 feminas,
1429 2646 1686 2701 dominos
1713 2653 1769 2702 et
1794 2665 2000 2715 servos,
2022 2649 2170 2702 ﬁlios

546 2747 601 2794 et
630 2745 836 2811 patres,
869 2739 1060 2793 dicens
1091 2755 1104 2792 :
1153 2741 1292 2800 Viri,
1324 2740 1538 2808 diligite
1574 2756 1764 2796 tereres
1789 2747 2014 2808 vestras,
2035 2743 2174 2796 sicut

545 2839 594 2888 et
622 2835 862 2890 Christus
880 2833 1191 2886 Ecclesium.
1213 2834 1465 2886 Mulieres
1495 2835 1628 2886 viris
1652 2837 1764 2888 suis
1781 2835 2010 2888 subdita:
2032 2839 2170 2900 sint;

543 2929 666 2997 ﬁlii,
693 2925 899 2980 obedite
917 2926 1236 2994 parentibus
1247 2942 1349 2994 per
1362 2928 1562 2980 omnia.
1593 2927 1705 2980 Hoc
1723 2926 1878 2980 enim
1899 2927 2172 2998 placitum

546 3026 630 3076 est
669 3022 726 3074 in
763 3019 1019 3074 Domino.
1051 3021 1256 3082 Patres,
1313 3021 1477 3074 nolite
1505 3020 1580 3074 ad
1605 3022 1950 3075 iracundiam
1972 3037 2169 3092 provo-

545 3131 666 3170 care
693 3115 831 3183 ﬁlios
873 3118 1090 3174 vestros,
1119 3115 1185 3166 ut
1204 3129 1319 3165 non
1350 3112 1552 3182 pusillo
1578 3113 1770 3168 animo
1809 3115 1966 3168 ﬁant.
1997 3117 2168 3178 Servi,

545 3207 750 3262 obedite
775 3207 1007 3260 dominis
1057 3206 1388 3266 carnalibus,
1418 3222 1524 3259 non
1551 3209 1625 3260 ad
1655 3209 1866 3262 oculum
1893 3212 2174 3263 servientes

545 3303 705 3372 quasi
739 3299 1040 3353 hominibus
1062 3299 1355 3368 placentes,
1386 3299 1482 3352 sed
1511 3301 1691 3370 magis
1727 3302 1862 3368 Deo,
1905 3307 1961 3356 et
1989 3302 2076 3356 his
2107 3303 2176 3355 si-

545 3393 721 3448 milia.
755 3392 968 3446 Deinde
994 3407 1122 3444 vero
1147 3407 1343 3445 omnes
1372 3391 1432 3446 in
1463 3409 1645 3446 unum
1689 3395 2174 3465 comprehendens

545 3487 723 3542 dicit:
757 3488 834 3540 Ds
873 3501 1088 3540 cereno
1127 3500 1528 3541 CONFORTAMINI
1570 3503 1622 3542 IN
1665 3487 1900 3543 Donum.
1935 3493 2008 3544 De
2027 3494 2174 3543 czcte-

545 3598 626 3646 ro,
649 3581 706 3635 id
731 3585 814 3634 est
845 3579 913 3634 de
940 3579 1178 3650 reliquo.
1202 3579 1444 3634 Noverat
1470 3580 1624 3635 enim
1651 3581 1924 3652 scriptum
1953 3601 1966 3637 :
1998 3584 2171 3638 Male-

544 3676 718 3732 dictus
743 3675 896 3728 homo
925 3675 1022 3742 qui
1045 3673 1264 3742 conﬁdit
1287 3675 1348 3726 in
1371 3675 1598 3729 homine.
1631 3676 1696 3730 Et
1720 3691 1978 3729 rursum:
2006 3679 2170 3732 Bene-

545 3770 717 3825 dictus
743 3769 828 3822 cir
858 3768 954 3836 qui
978 3766 1196 3834 conﬁdit
1214 3768 1273 3820 in
1298 3769 1544 3821 Domino.
1571 3769 1638 3822 Et
1667 3767 1792 3828 ideo
1822 3768 1954 3822 dicit
1985 3785 1998 3822 :
2033 3768 2170 3823 Con-

542 3864 828 3931 fortamini
872 3863 931 3915 in
956 3863 1197 3924 Domino,
1226 3859 1282 3914 id
1321 3864 1406 3914 est
1449 3860 1592 3914 nihil
1628 3861 1697 3916 de
1731 3861 1929 3916 vestris
1957 3862 2173 3915 meritis

543 3954 919 4030 presumatis,
951 3959 1008 4008 et
1030 3969 1254 4024 semper
1293 3953 1351 4007 in
1380 3954 1617 4008 Domino
1646 3954 1990 4024 gloriamini,
2008 3955 2174 4026 juxta

545 4051 697 4122 quod
721 4049 873 4104 idem
902 4048 1184 4119 apostolus
1213 4047 1347 4101 dicit
1375 4064 1388 4101 :
1420 4049 1523 4114 Qui
1551 4049 1840 4116 gloriatur,
1867 4051 1926 4102 in
1953 4051 2172 4104 Domino

545 4146 826 4214 glorietur.
857 4143 923 4198 Et
945 4140 1266 4195 Psalmista:
1291 4143 1410 4197 Non
1428 4142 1598 4203 nobis,
1613 4145 1853 4204 Domine,
1872 4159 1978 4197 non
2001 4143 2172 4206 nobis,

546 4238 641 4293 sed
690 4238 894 4290 nomini
920 4241 1008 4290 tuo
1034 4237 1108 4289 da
1145 4235 1397 4302 gloriam.
1442 4237 1508 4290 Et
1534 4251 1606 4288 ne
1635 4235 1836 4306 aliquis
1860 4242 2086 4307 putaret
2113 4236 2173 4291 in

545 4329 774 4386 nomine
803 4335 1022 4385 tantum
1048 4345 1206 4399 spem
1233 4343 1444 4397 ponere
1465 4328 1688 4391 debere,
1717 4329 1842 4383 ideo
1865 4329 2126 4400 adjunxit
2155 4347 2168 4384 :

545 4426 621 4481 Er
639 4439 696 4479 IN
723 4439 980 4478 POTENTIA
995 4437 1238 4476 VIRTUTIS
1267 4437 1410 4475 ωυρμ.
1437 4422 1514 4474 Ac
1541 4420 1587 4474 si
1617 4421 1831 4476 diceret
1859 4439 1872 4476 :
1904 4424 1965 4476 In
1988 4423 2174 4478 Chris-

2193 3161 2249 3234 C

2268 2559 2510 2624 fratrum
2531 2560 2854 2623 nostrorum,
2873 2559 2969 2625 qui
2991 2557 3282 2610 accusabat
3315 2557 3410 2610 illo
3437 2561 3566 2611 ante
3581 2564 3914 2627 conspectum

2272 2651 2370 2704 Dei
2419 2651 2608 2702 nostri.
2655 2650 2819 2703 Juxta
2865 2649 3203 2703 Hebraicam
3263 2650 3569 2703 veritatem
3639 2649 3910 2705 deorsum

2273 2741 2456 2795 ﬂuens
2488 2741 2919 2812 interpretatur,
2963 2742 3059 2812 qui
3087 2758 3193 2797 nos
3226 2743 3588 2796 invisibiliter
3634 2744 3763 2797 telis
3800 2744 3918 2797 suis

2274 2839 2573 2905 percutere
2601 2836 2737 2899 vult,
2773 2839 2972 2888 contra
2999 2851 3174 2905 quem
3219 2835 3526 2890 invisibilia
3567 2840 3703 2890 sunt
3752 2853 3920 2890 arma

2273 2929 2557 2982 sumenda
2587 2928 2661 2982 ad
2688 2927 3072 2981 resistendum
3103 2929 3176 2982 ei.

2345 3022 2599 3085 QL'ONIAM
2634 3038 2792 3076 NOBIS
2819 3038 2924 3076 NON
2965 3037 3059 3076 EST
3094 3037 3454 3078 COLLUCTATIO
3479 3039 3760 3079 ADVERSUS
3792 3040 3924 3080 CAR-

2275 3132 2382 3170 NBM
2413 3132 2472 3170 er
2505 3131 2830 3170 SANGL‘INEM.
2860 3116 3004 3170 Caro
3041 3119 3096 3168 et
3127 3115 3362 3186 sanguis
3403 3115 3710 3187 aliquoties
3764 3118 3916 3185 viva,

2275 3208 2576 3279 aliquoties
2598 3212 2830 3280 peccata
2853 3208 3157 3278 signiﬁcat,
3186 3208 3492 3279 aliquoties
3523 3212 3916 3280 parentelam,

2274 3302 2575 3372 aliquoties
2591 3301 3074 3373 propagationem
3087 3302 3329 3355 humani
3346 3303 3596 3372 generis,
3611 3304 3924 3374 aliquoties

2273 3401 2667 3466 persecutores
2698 3395 2980 3462 homines,
3015 3395 3084 3449 de
3111 3395 3316 3465 quibus
3357 3395 3466 3450 hoc
3499 3395 3557 3450 in
3612 3397 3739 3451 loco
3777 3397 3926 3453 dicit

2273 3490 2478 3542 Paulus
2502 3506 2514 3542 :
2542 3489 2706 3544 Nobis
2733 3505 2838 3543 non
2865 3494 2946 3542 est
2971 3489 3275 3543 colluctatio
3311 3489 3572 3544 adversus
3609 3507 3826 3545 carnem
3864 3498 3926 3545 et

2272 3585 2609 3650 sanguinem,
2637 3591 2749 3638 'SED
2785 3598 3059 3638 ADVERSUS
3103 3599 3385 3639 PMNCIPES
3441 3600 3503 3639 ΕΤ
3552 3600 3920 3640 POTESTATES.

2274 3676 2387 3731 Sed
2408 3677 2594 3748 magis
2619 3677 2736 3730 vult
2755 3679 3060 3731 ostendere
3082 3677 3234 3747 quod
3258 3676 3364 3748 ipsi
3379 3681 3776 3748 persecutores
3797 3678 3931 3732 dia-

2272 3769 2472 3824 bolum
2495 3771 2747 3824 habeant
2771 3774 3085 3837 auctorem,
3111 3774 3313 3824 contra
3339 3787 3512 3840 quem
3531 3788 3696 3824 arma
3723 3771 3922 3826 invisi-

2273 3863 2408 3917 bilia
2435 3864 2713 3918 sumenda
2733 3867 2886 3929 sunt,
2913 3863 3112 3934 utipso
3138 3864 3372 3918 exsticto
3407 3864 3670 3918 homines
3700 3882 3817 3920 non
3840 3865 3922 3919 ti—

2275 3973 2554 4011 meamus.
2584 3959 2679 4011 Est
2704 3957 2860 4011 enim
2893 3957 3218 4011 colluctatio
3263 3955 3531 4010 adversus
3573 3974 3810 4012 carnem
3856 3964 3920 4012 et

2273 4051 2637 4121 sanguinem,
2657 4050 2890 4121 quando
2914 4050 3265 4121 concupiscit
3291 4066 3424 4105 caro
3457 4049 3730 4104 adversus
3743 4051 3922 4122 spiri-

2273 4149 2418 4198 tum.
2474 4144 2701 4199 Scilicet
2739 4162 2806 4198 ex
2851 4145 2960 4198 hoc
2998 4144 3260 4215 exemplo
3303 4143 3576 4214 colligere
3609 4161 3923 4215 possumus

2275 4238 2506 4309 quando
2520 4237 2642 4308 ipsa
2657 4254 2790 4292 caro
2811 4237 3448 4308 concupiscitadversus
3479 4237 3769 4308 spiritum,
3795 4256 3918 4294 non

2275 4331 2384 4386 nisi
2411 4331 2744 4386 instinctum
2765 4330 3003 4398 diaboli,
3030 4331 3304 4402 quoniam
3339 4347 3456 4385 non
3489 4334 3576 4385 est
3602 4331 3770 4387 nobis
3792 4334 3914 4388 col-

2273 4426 2527 4492 luctatio,
2563 4428 2670 4478 etc.
2703 4424 3032 4496 Peragratis
3063 4424 3219 4479 enim
3246 4423 3495 4495 legendo
3524 4425 3777 4479 seriebus
3806 4427 3920 4479 Ve-

542 4526 600 4575 to
627 4517 862 4572 Domine
889 4515 1081 4587 ponite
1125 4531 1286 4586 spem
1323 4519 1592 4580 vestram,
1625 4514 1746 4569 sine
1790 4532 1902 4587 quo
1947 4517 2170 4572 nullum
2191 4532 2251 4602 D
2275 4518 2410 4573 teris
2436 4535 2502 4573 ac
2532 4518 2671 4573 Novi
2699 4518 3068 4586 Testamenti,
3100 4533 3384 4588 nusquam
3409 4518 3669 4589 reperire
3695 4519 3916 4590 poteris

540 4615 756 4669 bonum
787 4627 908 4666 esse
935 4613 1139 4681 potest,
1173 4612 1230 4662 et
1265 4625 1370 4680 per
1397 4625 1568 4680 quem
1599 4609 1792 4664 omnia
1819 4610 1965 4664 bona
1994 4611 2170 4682 largi-

539 4711 736 4777 untur,
788 4705 1009 4761 dicente
1050 4702 1254 4758 Jacobo
1279 4703 1532 4774 apostolo
1562 4719 1576 4756 :
1611 4702 1774 4758 Omne
1809 4704 1998 4758 datum
2027 4708 2171 4774 opti-

539 4815 686 4858 mum
715 4801 781 4855 de
808 4813 1023 4856 sursum
1051 4801 1147 4852 est.
1180 4799 1398 4852 Ianum:
1434 4811 1540 4852 vos
1578 4813 1906 4853 mmmam
1945 4798 2064 4866 DEI,
2107 4815 2172 4854 cr

543 4909 784 4953 POSSITIS
842 4907 1008 4948 sum:
1043 4906 1320 4947 ADVERSUS
1377 4905 1611 4947 msmus
1668 4907 1904 4947 manom.
1951 4894 2032 4947 Ex
2082 4892 2171 4946 his

540 4990 699 5046 enim
719 5003 846 5060 qua:
875 4985 1024 5039 infra
1049 4985 1342 5056 leguntur,
1369 4989 1427 5039 et
1450 4984 1518 5038 iis
1537 5001 1664 5056 quin
1684 4985 1778 5039 hic
1793 4985 1928 5040 dicit
1951 4989 2172 5057 aposto-

539 5085 627 5140 lus
666 5081 892 5149 Paulus,
930 5083 1116 5134 totum
1147 5077 1218 5132 de
1242 5077 1462 5133 Christo
1492 5078 1807 5150 intelligere
1845 5096 2166 5150 possumus.

537 5177 693 5235 Sicut
738 5173 892 5229 enim
925 5171 1219 5242 cingulum
1265 5171 1488 5238 veritas,
1521 5177 1578 5226 et
1605 5171 1776 5226 lorica
1810 5173 2034 5243 justitia
2062 5179 2165 5242 est,

535 5269 677 5345 quin
703 5266 941 5324 dubium
969 5263 1222 5320 Christus
1236 5267 1294 5318 et
1308 5264 1536 5331 veritas,
1565 5268 1623 5319 et
1640 5255 1864 5336 justitia
1888 5271 1998 5334 est;
2027 5282 2166 5338 ergo

533 5364 635 5439 qui
661 5361 957 5418 veritatem
999 5361 1057 5414 et
1087 5357 1366 5428 justitiam
1390 5357 1627 5412 indutus
1652 5358 1843 5429 fuerit,
1874 5360 2162 5416 Christum

537 5459 771 5516 indutus
792 5454 902 5510 erit
922 5471 939 5523 ;
967 5469 1139 5526 quem
1158 5467 1386 5506 necesse
1407 5455 1492 5506 est
1511 5451 1692 5520 indui,
1715 5453 1814 5524 qui
1833 5458 2026 5507 contra
2054 5453 2168 5508 dia-

533 5553 733 5609 bolum
757 5548 878 5604 vult
895 5547 1184 5603 dimicare.
1211 5545 1473 5600 Diabolus
1494 5544 1648 5599 enim
1678 5562 1887 5600 nomen
1907 5547 2167 5600 Graecum

535 5651 639 5714 est,
685 5641 878 5699 Latine
906 5639 1236 5698 criminator
1271 5637 1477 5694 dicitur
1503 5653 1518 5692 :
1571 5637 1676 5692 iste
1703 5643 1788 5692 est
1811 5637 2162 5708 criminator,

535 5741 605 5797 de
662 5752 776 5811 quo
823 5734 886 5790 in
939 5731 1277 5806 Apocalypsi
1335 5731 1584 5804 legimus
1661 5730 1869 5788 dixisse
1947 5738 2166 5788 sanctos

535 5831 650 5895 Deo
675 5847 690 5886 :
722 5828 944 5886 Gratias
964 5827 1066 5883 tibi
1087 5829 1318 5894 agimus.
1345 5827 1479 5896 quia
1494 5821 1760 5896 projectus
1787 5830 1864 5886 est
1886 5831 2166 5884 accusator

2274 4612 2562 4683 principes
2599 4616 2657 4666 et
2693 4615 3006 4682 potestates
3055 4611 3352 4665 daemones
3399 4627 3522 4664 esse
3562 4611 3764 4679 dictos,
3806 4613 3921 4667 nisi

2272 4705 2526 4777 primum
2545 4706 2653 4760 hoc
2681 4706 2738 4760 in
2765 4707 2908 4760 loco.
2937 4705 3062 4770 Quo
3085 4704 3319 4759 nomine
3343 4705 3650 4774 Apostolus
3677 4704 3812 4760 ideo
3841 4706 3922 4760 ad

2273 4799 2547 4870 Ephesios
2578 4799 2801 4870 scripsit
2848 4799 2918 4853 de
2962 4797 3338 4852 invisibilibus
3391 4799 3689 4865 creaturis,
3730 4799 3924 4854 multa

2271 4893 2382 4946 illis
2411 4893 2715 4947 ostendere
2741 4893 2958 4948 volens.
2987 4893 3058 4946 Et
3086 4891 3221 4962 quia
3249 4891 3590 4946 exercitatos
3617 4891 3924 4947 habebant

2271 5002 2470 5040 sensus
2501 4986 2575 5040 ad
2605 4985 2984 5056 intelligenda
3011 4985 3188 5039 etiam
3222 4985 3461 5051 occulta,
3498 4984 3630 5039 ideo
3662 4983 3736 5039 de
3769 4985 3919 5040 invi-

2270 5079 2528 5140 sibilibus
2556 5079 2834 5134 creaturis
2848 5079 3073 5133 diversa
3090 5077 3331 5133 nomina
3353 5078 3434 5132 eis
3454 5077 3745 5150 praedixit.
3770 5079 3922 5135 Dixit

2270 5173 2427 5228 enim
2467 5191 2480 5227 :
2522 5175 2640 5230 Non
2673 5179 2751 5229 est
2785 5174 2938 5228 nobis
2972 5173 3280 5228 colluctatio
3315 5173 3576 5228 adversus
3611 5188 3839 5229 carnem
3870 5179 3919 5230 et

2267 5268 2602 5338 sanguinem,
2640 5267 2736 5322 sed
2781 5267 3046 5322 adversus
3082 5267 3362 5336 principes
3396 5271 3448 5320 et
3467 5271 3794 5336 potestates,
3825 5283 3922 5324 AD-

2267 5375 2472 5416 vsasus
2503 5376 2673 5416 unum
2699 5375 2976 5416 ascronss
3007 5375 3361 5415 resumam
3393 5374 3600 5415 uanum.
3641 5360 3918 5432 Appellat

2268 5453 2425 5508 enim
2446 5453 2733 5525 principes
2751 5457 2809 5508 et
2834 5456 3150 5524 potestates
3171 5453 3380 5507 mundi
3408 5455 3682 5521 rectores,
3699 5453 3917 5511 ἀωωο·

2267 5564 2370 5602 nes
2388 5547 2485 5618 qui
2511 5551 2645 5602 sunt
2669 5547 2944 5619 majores.
2972 5546 3085 5602 Sed
3108 5547 3351 5602 minoris
3371 5545 3589 5602 ordinis
3611 5547 3916 5604 dmones

2265 5644 2416 5696 sunt.
2437 5640 2594 5697 Sicut
2604 5641 2848 5696 dicimus
2868 5641 2940 5696 de
2958 5640 3234 5712 angelicis
3257 5639 3639 5712 dignitatibus
3650 5644 3912 5715 angelos,

2265 5735 2663 5808 archangelos,
2693 5737 2933 5808 propter
2959 5733 3410 5792 diminutionem
3459 5735 3798 5806 minorum;
3839 5738 3916 5793 sic

2265 5827 2508 5885 dicimus
2532 5829 2827 5888 damones
2849 5829 3208 5903 principatus
3225 5833 3282 5888 et
3305 5832 3646 5903 potestates,
3675 5835 3917 5910 propter
