4034 6228
89 306 179 360 8-H

1352 305 1419 360 IN
1457 304 1601 360 CAP.
1644 304 1685 357 ν
1718 303 1804 358 ΑΒ
1842 302 2180 358 EPHESIOS.

3365 310 3467 363 842

87 411 373 467 scelerum
408 411 707 468 malitiam.
730 415 950 477 Quanto
973 413 1130 467 enim
1156 413 1478 467 callidiores
1504 418 1634 467 sunt
1659 413 1729 467 ad
1750 427 1808 498 Α
1830 410 2216 466 circalumbos
2236 425 2389 478 suos,
2413 426 2481 465 ne
2503 410 2657 466 ﬂuxu
2680 411 2911 467 seminis
2928 412 3298 484 pollueretur.
3324 415 3467 469 Hinc

87 504 450 559 suadendam
479 506 784 574 malitiam,
824 510 984 561 tanto
1018 506 1259 578 majores
1286 524 1408 561 esse
1440 507 1723 561 videntur.

86 600 153 654 Ut
177 598 341 653 verbi
369 598 560 670 gratia
591 600 794 670 dicam,
827 601 966 655 mali
994 605 1127 655 sunt
1156 601 1445 656 daemones
1470 601 1565 672 qui
1596 618 1726 672 per—

86 695 395 763 petrantur
412 693 741 759 homicidia,
764 695 990 766 pejores
1013 695 1109 765 qui
1140 695 1453 749 fratricidia
1484 698 1541 749 et
1554 696 1730 765 parri-

88 784 251 839 cidia.
282 784 380 840 Sic
412 786 482 840 de
514 786 805 855 adulteris,
850 788 920 842 de
966 787 1212 856 incestis,
1261 789 1329 843 de
1361 789 1567 859 quibus
1606 804 1730 859 pro-

88 879 257 947 pheta
299 878 486 933 dicit:
518 882 729 950 Spiritu
775 882 1154 948 fornicationis
1195 883 1403 936 seducti
1442 887 1587 936 sunt.
1622 882 1729 935 Hos

90 972 242 1025 enim
264 972 530 1042 appellat
556 973 844 1045 principes
872 978 930 1028 et
956 979 1276 1045 potestates,
1300 975 1399 1029 hos
1424 975 1625 1029 mundi
1646 991 1727 1029 re-

88 1068 271 1119 ctores
302 1066 678 1120 tenebrarum
721 1067 951 1137 harum,
985 1069 1088 1122 hos
1128 1070 1382 1124 nominat
1429 1084 1727 1124 SPIRITALIA

89 1174 358 1221 saeuum:
381 1158 467 1229 [In
488 1161 639 1223 Cod.,
670 1166 976 1216 constanter
1003 1162 1276 1233 nequitia]
1297 1180 1348 1218 IN
1374 1178 1723 1217 C.ELESTIBL'S.

90 1252 272 1306 Mundi
302 1256 562 1307 rectores
579 1253 870 1309 daamones
888 1255 1157 1326 appellat,
1179 1256 1332 1310 unde
1353 1260 1409 1310 et
1425 1256 1723 1311 Dominus:

90 1345 240 1398 Nunc
263 1348 531 1415 princeps
557 1348 750 1401 mundi
774 1347 1015 1416 ejicietur
1038 1351 1208 1415 foras.
1248 1350 1367 1420 Ipse
1397 1349 1505 1403 fuit
1548 1366 1723 1419 ange-

91 1437 172 1491 lus
202 1439 456 1509 primus,
488 1439 585 1510 qui
618 1443 849 1511 propter
881 1441 1204 1512 superbiam
1235 1443 1433 1497 cecidit
1467 1444 1536 1498 de
1564 1443 1723 1497 caelo.

92 1532 273 1601 Ipsum
298 1531 655 1603 imprOperat
676 1533 869 1588 dicens
892 1551 905 1588 :
936 1535 1206 1601 Quomodo
1224 1536 1462 1591 cecidisti
1487 1537 1553 1591 de
1575 1538 1726 1599 caelo,

94 1624 303 1690 lucifer,
334 1628 439 1694 qui
456 1626 718 1681 oriebaris
735 1642 895 1681 mane
917 1630 946 1681 ?
976 1632 1250 1692 corruisti,
1278 1632 1374 1699 qui
1398 1631 1726 1684 vulnerabas

91 1722 265 1785 gentes
290 1721 320 1772 ?
353 1719 479 1789 Ipse
523 1723 608 1773 est
635 1722 873 1791 angelus
917 1722 1305 1789 tenebrarum,
1351 1723 1421 1778 de
1460 1740 1571 1794 quo
1591 1723 1727 1778 dicit

1829 505 2094 560 Salomon
2123 504 2265 559 dixit
2295 521 2308 557 :
2345 506 2474 559 Tria
2523 510 2652 560 sunt
2681 522 2803 575 quae
2835 508 2959 561 bene
3009 507 3367 573 gradiuntur,
3413 514 3464 563 et

1828 604 2086 669 quartum
2115 600 2317 652 incedit
2352 599 2625 665 feliciter;
2658 601 2737 654 leo
2750 603 3083 666 fortissimus
3118 602 3405 656 bestiarum
3432 620 3465 655 (ι

1830 693 2036 747 nullius
2059 693 2283 762 pavebit
2308 708 2527 747 occursu
2553 712 2571 760 ;
2605 694 2784 762 gallus
2814 696 3114 748 succinctus
3142 696 3337 749 lumbis
3369 714 3386 761 ;
3410 701 3462 749 et

1829 789 1994 849 aries,
2041 802 2136 839 nec
2180 792 2255 841 est
2303 803 2401 840 res:
2435 789 2530 855 qui
2576 789 2793 841 resistat
2831 790 2899 842 ei.
2933 787 3119 842 Gallus
3148 788 3463 843 succinctus

1828 878 2073 948 lumbos,
2096 883 2318 933 sanctos
2340 879 2616 950 signiﬁcat
2640 880 3053 950 praedicatores,
3084 881 3181 952 qui
3204 881 3259 934 in
3289 897 3461 935 mem-
3564 944 3571 951 Α

1828 972 1945 1026 bris
1972 973 2190 1026 fluxum
2219 972 2456 1026 luxuria:
2478 972 2850 1043 restringunt.
2879 976 3058 1029 Estote
3087 990 3211 1043 ergo
3240 976 3466 1029 succinti

1831 1067 2036 1120 lumbos
2078 1070 2281 1121 vestros
2309 1070 2365 1121 in
2392 1069 2637 1129 veritate,
2670 1066 2724 1120 id
2758 1070 2842 1121 est
2870 1068 3119 1122 castitate
3150 1068 3358 1122 muniti
3388 1084 3458 1122 ne

1828 1160 1898 1214 ab
1922 1160 2175 1215 hostibus
2202 1160 2492 1214 corruatis.

1900 1236 2239 1309 ET'CALCIATI
2263 1269 2429 1309 PEDES
2452 1270 2507 1307 ΙΝ
2535 1269 2958 1309 ΡΒᾸΞΡΑΒΑΤῙΟΝΕ
2983 1270 3263 1309 EVANGELII
3284 1270 3458 1311 PACIS.

1828 1346 1981 1402 Sicut
2009 1347 2162 1401 enim
2194 1351 2325 1401 sunt
2370 1347 2652 1401 exteriora
2680 1347 2955 1417 membra,
2994 1364 3195 1401 manus
3225 1348 3457 1417 scilicet,

1827 1440 1994 1510 oculi,
2039 1440 2286 1507 auditus,
2332 1441 2587 1509 olfactus,
2624 1443 2679 1494 et
2708 1444 2911 1509 tactus,
2945 1440 3022 1494 sic
3066 1445 3197 1494 sunt
3225 1445 3281 1495 et
3306 1442 3453 1496 inte-

1826 1534 1997 1588 riora.
2040 1535 2105 1588 Et
2133 1538 2264 1587 nota
2289 1535 2424 1604 quia
2471 1534 2705 1604 quidem
2746 1534 3013 1588 virtutem
3060 1534 3263 1587 animae
3294 1534 3453 1601 dixit,

1825 1627 1998 1698 pedes
2026 1644 2167 1692 esse,
2189 1627 2321 1698 quia
2339 1626 2651 1681 exteriores
2668 1626 2839 1697 pedes
2859 1626 2967 1679 nisi
2985 1626 3198 1680 calciati
3223 1627 3455 1695 fuerint,

1826 1720 2122 1774 offendunt
2159 1720 2219 1774 in
2254 1720 2500 1790 lapidem
2542 1736 2641 1775 seu
2684 1724 2925 1789 sentem,
2962 1724 3017 1774 et
3060 1719 3306 1789 expediti
3350 1719 3460 1774 iter

93 1810 287 1864 Paulus
317 1829 331 1866 :
365 1813 474 1879 Qui
500 1829 618 1867 cum
647 1815 719 1867 sit
739 1816 967 1881 angelus
998 1816 1356 1879 tenebrarum,
1381 1818 1656 1886 ﬁgurabat
1672 1796 1802 1872 seB
1827 1830 2057 1884 carpere
2089 1830 2201 1867 non
2232 1818 2486 1885 possunt.
2522 1812 2608 1867 Sic
2654 1813 2825 1884 pedes
2869 1812 3073 1867 anima:
3116 1815 3324 1868 nostrae
3350 1812 3460 1866 nisi

90 1906 146 1957 in
166 1905 426 1974 angelum
459 1906 616 1960 lucis.
645 1906 739 1961 Est
758 1907 960 1962 mundi
991 1913 1194 1978 rector,
1227 1910 1485 1964 omnium
1512 1911 1727 1964 scilicet
1824 1906 2036 1961 fuerint
2056 1907 2270 1961 calciati
2296 1923 2362 1961 ex
2394 1906 2562 1960 coriis
2590 1910 2950 1961 mortuorum
2979 1905 3337 1973 animalium,
3365 1923 3461 1960 an-

94 2001 419 2052 amatorum
470 2000 689 2069 mundi,
734 2001 831 2071 qui
874 2002 1150 2057 mundum
1191 2004 1459 2074 diligunt.
1512 2005 1722 2058 Horum
1824 2001 2116 2071 tiquorum
2160 1999 2369 2055 scilicet
2414 2001 2678 2071 exemplo
2741 2004 2969 2070 patrum
3018 1999 3261 2066 muniti,
3306 2003 3460 2054 recte

92 2090 235 2145 enim
264 2097 478 2162 rector,
498 2096 556 2147 et
579 2110 760 2147 sessor
790 2095 1020 2165 pariter,
1049 2101 1105 2150 et
1130 2096 1388 2150 diabolus
1409 2099 1512 2166 est,
1536 2102 1590 2151 et
1610 2114 1725 2151 om-

97 2201 190 2238 nes
216 2189 551 2256 peccatores
570 2187 820 2241 tenebrae
847 2189 1142 2259 aliquoties
1167 2194 1481 2259 mutantur,
1507 2195 1563 2244 et
1582 2190 1727 2245 ﬁunt

94 2276 197 2344 lux,
225 2277 375 2333 sicut
403 2279 610 2333 dicitur
638 2280 708 2334 de
731 2281 843 2335 illis
870 2298 883 2334 :
918 2284 1116 2336 Fuistis
1145 2283 1442 2352 aliquando
1474 2284 1723 2347 tenebrae,

94 2387 227 2425 nunc
241 2377 429 2428 autem
445 2374 544 2428 lua:
560 2376 813 2429 Domino:
834 2391 1077 2446 quorum
1094 2379 1275 2429 rector
1288 2376 1529 2429 efﬁcitur
1544 2376 1726 2431 Chris-

93 2470 196 2532 tus,
226 2472 283 2520 et
312 2466 523 2521 dicitur
550 2467 618 2521 de
646 2467 753 2521 illis
784 2485 796 2521 :
846 2468 1161 2538 Quicunque
1190 2472 1389 2539 spiritu
1424 2473 1524 2524 Dei
1550 2488 1719 2539 agun-

95 2561 196 2622 tur,
226 2561 271 2612 ii
291 2560 404 2628 ﬁlii
427 2566 555 2615 sunt
581 2563 695 2616 Dei.
730 2563 935 2619 Contra
960 2563 1241 2632 spiritalia
1264 2565 1518 2633 nequitia:
1544 2566 1603 2617 in
1630 2580 1724 2618 caa-

96 2651 331 2707 Iestibus.
364 2653 654 2724 Spiritalia
682 2654 837 2709 enim
856 2655 1126 2726 nequitia:
1149 2656 1274 2724 fuit,
1302 2656 1627 2727 quihabitat
1664 2656 1722 2710 in

95 2744 429 2801 ctelestibus.
460 2747 803 2817 Quanquam
830 2748 1150 2804 amisissent
1194 2749 1636 2820 beatitudinem,
1669 2756 1726 2804 et

97 2839 469 2907 perdidissent
487 2841 818 2909 claritatem,
846 2858 962 2896 non
989 2842 1305 2896 amiserunt
1330 2843 1721 2911 subtilitatem,

98 2935 148 2984 et
172 2931 296 2988 ideo
322 2933 462 2987 dicit
486 2936 544 2987 in
562 2934 878 2998 calestibus,
908 2935 1040 3006 quia
1061 2935 1119 2989 in
1135 2936 1451 2991 cmlestibus
1473 2940 1624 3004 sunt,
1656 2937 1725 2991 de

100 3023 293 3093 quibus
340 3026 404 3080 in
447 3028 751 3100 Evangelia
800 3028 1073 3083 Dominus
1100 3029 1277 3084 dicit:
1318 3030 1569 3086 Volucrcs
1609 3030 1725 3085 οωιὶ

1825 2094 2038 2165 absque
2075 2093 2408 2147 oﬁendiculo
2454 2093 2513 2147 in
2542 2093 2630 2147 via
2660 2092 3060 2146 mandatorum
3088 2091 3183 2145 Dei
3232 2109 3460 2146 currere

1824 2204 1939 2241 non
1963 2188 2170 2241 valent.
2198 2187 2366 2241 Recte
2396 2186 2531 2240 dicit
2566 2187 2849 2255 Evangelii
2869 2188 3048 2254 pacis,
3079 2186 3147 2239 de
3178 2201 3292 2256 quo
3322 2184 3455 2238 alibi

1824 2280 2115 2351 Scriptura
2134 2297 2146 2334 :
2168 2281 2339 2347 Quam
2355 2282 2581 2349 speciosi
2601 2279 2765 2349 pedes
2782 2280 3271 2346 evangelizantium
3288 2279 3425 2332 bona
3442 2281 3462 2331 Ι

1824 2374 2015 2428 Induti
2046 2374 2265 2427 loricam
2280 2373 2529 2441 justitiaa.
2562 2371 2754 2426 Lorica
2778 2372 2932 2426 enim
2958 2387 3022 2425 ex
3052 2371 3246 2424 multis
3270 2371 3458 2441 virgu-

1826 2468 1892 2520 lis
1918 2467 2149 2534 texitur,
2178 2466 2255 2519 sic
2298 2466 2468 2519 homo
2503 2465 2699 2519 multis
2727 2465 3030 2518 virtutibus
3073 2465 3268 2530 fultus,
3312 2464 3455 2519 inte-

1825 2561 1943 2615 rius
1970 2561 2204 2614 loricam
2225 2559 2459 2630 justitiae
2489 2559 2742 2625 indutus,
2774 2558 2843 2612 ab
2876 2558 3033 2612 omni
3074 2558 3190 2611 zelo
3243 2556 3457 2610 inimici

1825 2654 1934 2710 erit
1960 2654 2188 2708 illeesus.
2223 2654 2277 2708 IN
2310 2668 2548 2708 OMNIBUS
2571 2667 2844 2707 summas
2877 2667 3087 2706 scema
3114 2666 3273 2705 FIDEI.
3308 2650 3463 2705 Sicut

1826 2748 2086 2819 superius
2107 2750 2297 2802 texere
2325 2747 2600 2817 coepimus
2621 2747 2688 2800 de
2717 2744 2909 2812 armis,
2938 2745 3015 2798 sic
3040 2760 3191 2799 nunc
3210 2745 3279 2798 de
3300 2747 3459 2797 scuto

1824 2841 2035 2912 aliquid
2069 2840 2372 2895 dicendum
2402 2844 2504 2893 est.
2544 2839 2595 2893 Si
2643 2838 2770 2908 quis
2806 2838 2960 2891 enim
3004 2838 3175 2890 homo
3221 2836 3456 2904 cinctus,

1824 2934 2056 2988 indutus
2101 2933 2272 2987 lorica
2316 2932 2507 2998 fuerit,
2550 2936 2607 2985 et
2646 2931 2904 2985 calciatos
2955 2930 3224 2983 habuerit
3259 2928 3456 3000 pedes,

1824 3044 2069 3099 pergens
2107 3027 2166 3081 in
2209 3025 2506 3079 inimicum
2558 3040 2747 3090 suum,
2787 3040 2902 3077 non
2951 3022 3166 3077 habens
3211 3027 3456 3088 scutum,

99 3119 434 3174 comederunt
458 3121 621 3176 illud.
652 3122 774 3175 Non
801 3122 926 3176 dico
955 3122 1161 3177 coelum
1186 3123 1517 3189 zethereum,
1549 3124 1636 3177 vel
1657 3122 1725 3176 si-
1745 3162 1801 3235 Ο
1825 3122 2150 3175 vulneratus
2179 3136 2212 3173 a
2230 3118 2436 3172 lanceis
2461 3134 2562 3172 seu
2588 3115 2826 3187 sagittis,
2852 3116 2912 3169 in
2941 3114 3308 3169 similitudine
3341 3131 3457 3170 cer-

103 3208 319 3235 .l-----__
365 3213 456 3235 --.1
482 3230 707 3235 --_-___.
762 3215 1029 3235 _s-:j“_-:j
1058 3232 1176 3235 __--_
1204 3214 1563 3235 _--‘3_A_Ifl-,,l
1611 3217 1691 3235 ne,
1824 3213 1874 3235 _.:
1916 3213 2116 3235 -A__._:L
2147 3230 2157 3235 -
2195 3213 2231 3235 _:
2268 3215 2453 3235 ,ηιμ-κ
2486 3216 2703 3235 ,ΑηΑ-..νι
2738 3209 2997 3235 λιιι-...Α-ζι
3046 3209 3230 3235 ζηηιιιιι
3264 3208 3423 3235 :...:.-.:

102 3208 346 3283 dereum,
362 3213 460 3268 sed
479 3230 737 3282 aereum,
755 3215 1034 3287 quidquid
1052 3232 1179 3271 aves
1193 3214 1320 3270 caeli
1335 3216 1591 3270 volitant.
1611 3217 1727 3271 Coe-

100 3301 208 3358 lum
236 3304 365 3374 hoc,
396 3307 549 3378 quod
574 3306 723 3363 inter
757 3308 964 3363 caalum
990 3314 1047 3364 et
1088 3314 1306 3363 terram
1342 3314 1423 3363 est
1446 3309 1722 3378 medium,

106 3397 326 3467 spiritali
351 3400 609 3472 nequitia
637 3402 874 3472 plenum
903 3418 1024 3457 esse
1051 3402 1278 3457 dicitur.
1307 3403 1374 3457 Et
1402 3402 1532 3457 ideo
1558 3402 1720 3474 spiri-

104 3490 223 3544 talia
248 3494 517 3565 nequitiie
555 3511 829 3566 superare
856 3512 961 3567 pro
996 3496 1332 3563 caalestibus,
1363 3496 1595 3567 scilicet,
1639 3496 1721 3551 di-

108 3583 300 3641 micare
319 3587 624 3658 debemus,
656 3589 791 3659 quia
809 3605 1036 3658 regnum
1065 3591 1317 3645 coslorum
1344 3592 1453 3644 vim
1482 3591 1720 3659 patitur.

167 3678 483 3737 Paorream
512 3697 761 3738 scamna
785 3699 1116 3739 smmum
1142 3700 1250 3754 om,
1284 3700 1350 3739 υτ
1377 3699 1618 3739 rossms
1636 3700 1725 3738 ns-

113 3784 309 3829 SISTERB
350 3792 406 3832 ΙΝ
446 3792 537 3831 DIE
577 3792 743 3845 MALO,
770 3793 834 3832 ΕΤ
869 3794 924 3834 IN
961 3792 1197 3835 OMNIBUS
1239 3793 1495 3833 PERFECTI
1534 3792 1720 3833 STARE.

110 3863 395 3937 Propterea
433 3869 568 3941 quia
608 3886 725 3925 non
750 3870 905 3925 vobis
932 3871 1250 3926 colluctatio
1282 3871 1552 3925 adversus
1595 3887 1721 3926 car-

114 3972 234 4013 nem
258 3967 314 4016 et
349 3963 709 4034 sanguinem,
738 3966 959 4036 accipite
988 3970 1332 4021 armaturam
1358 3967 1473 4032 Dei,
1510 3982 1638 4036 quae
1664 3964 1723 4018 in

109 4050 563 4127 subsequentibus
594 4055 891 4128 Iapostolus
938 4059 1143 4113 Paulus
1196 4062 1561 4114 enumeratus
1615 4064 1718 4115 est.

116 4142 173 4198 Ut
188 4152 403 4216 possitis
429 4152 675 4206 resistere
706 4153 766 4205 in
801 4152 889 4207 die
916 4153 1080 4207 malo.
1123 4152 1286 4207 Diem
1320 4153 1537 4207 malum
1585 4153 1723 4207 dicit

110 4251 335 4305 praesens
360 4247 609 4315 tempus,
632 4244 702 4298 de
726 4261 839 4316 quo
868 4261 1037 4316 supra
1064 4246 1282 4302 dictum
1301 4250 1417 4301 est:
1441 4246 1721 4303 Redimen-

111 4333 177 4385 tes
202 4338 424 4406 tempus,
456 4340 714 4408 quoniam
750 4338 863 4394 dies
890 4340 1026 4394 mali
1053 4345 1203 4395 sunt.
1228 4342 1342 4395 Aut
1388 4340 1539 4395 diem
1561 4341 1718 4411 judi-

108 4422 185 4491 cii,
215 4426 281 4482 de
310 4446 425 4500 quo
452 4432 737 4503 propheta
765 4430 870 4485 ait:
898 4434 1023 4487 Dies
1052 4434 1151 4488 illa
1178 4434 1291 4488 dies
1310 4436 1425 4489 ire.
1462 4436 1528 4489 Ut
1552 4437 1611 4488 in
1632 4435 1720 4488 die

1824 3213 1878 3268 vi
1908 3213 2119 3268 corruit
2147 3230 2159 3279 ;
2192 3213 2237 3267 si
2265 3215 2459 3267 autem
2485 3216 2707 3265 scutum
2738 3209 3018 3277 habuerit,
3039 3209 3236 3279 jacula
3264 3208 3457 3262 inimi-

1827 3309 1878 3363 ci
1897 3308 2009 3362 huc
2029 3311 2085 3361 et
2100 3306 2230 3361 illuc
2254 3305 2530 3377 projicere
2550 3303 2771 3358 valebit.
2797 3301 3137 3373 Spiritaliter
3151 3306 3345 3357 autem
3357 3317 3460 3373 per

1825 3406 2048 3456 scutum
2098 3399 2269 3454 ﬁdem
2320 3398 2636 3469 intelligere
2689 3412 3017 3466 possumus,
3075 3411 3250 3465 quam
3296 3395 3459 3451 miles

1824 3494 2030 3549 Christi
2071 3494 2299 3565 plenam
2337 3492 2546 3545 habere
2574 3489 2742 3544 debet
2772 3506 2784 3544 :
2822 3505 2998 3560 quam
3044 3488 3144 3559 qui
3170 3487 3455 3555 habuerit,

1823 3589 2052 3643 hostem
2071 3603 2259 3651 suum,
2282 3585 2341 3639 id
2363 3589 2447 3638 est
2461 3583 2770 3651 diabolum,
2791 3581 3120 3635 interimere
3146 3580 3374 3651 poterit,
3396 3580 3457 3635 in

1825 3686 2045 3736 tantum
2074 3685 2136 3734 ut
2175 3679 2235 3733 in
2260 3694 2418 3732 mare
2448 3680 2775 3745 mergatur;
2806 3674 2947 3728 sicut
2976 3672 3249 3727 Dominus
3277 3672 3411 3726 dicit
3436 3690 3449 3726 :

1824 3776 1885 3831 Si
1915 3775 2212 3829 habueritis
2236 3772 2396 3840 ﬁdem
2423 3775 2484 3824 ut
2511 3784 2742 3839 granum
2776 3769 3006 3837 sinapis,
3040 3767 3287 3820 diceretis
3329 3766 3455 3819 huic

1822 3867 1994 3920 monti
2020 3864 2252 3918 transire
2276 3864 2333 3914 in
2352 3874 2520 3920 mare,
2540 3856 2775 3911 obediret
2795 3856 2962 3909 vobis.
2995 3855 3050 3911 IN
3079 3870 3187 3917 ouo
3215 3868 3455 3909 possms

1825 3975 1995 4015 ouum
2021 3973 2151 4012 rem
2192 3968 2517 4017 NEQUISSIMA
2545 3967 2705 4006 IGNEA
2742 3964 3125 4005 axsrmcuear.
3172 3947 3302 4002 Tela
3329 3945 3451 4001 dia-

1822 4048 1940 4103 boli
1964 4046 2138 4117 ipsius
2155 4042 2349 4115 jacula
2379 4039 2755 4110 intelligenda
2779 4041 2931 4107 sunt,
2966 4037 3108 4092 sicut
3131 4041 3217 4091 est
3245 4035 3450 4107 gastri-

1822 4140 2064 4212 margia,
2098 4137 2359 4202 ebrietas,
2417 4129 2873 4201 comessationes,
2942 4130 3243 4198 adulteria,
3277 4134 3333 4184 et
3369 4129 3458 4183 his

1822 4235 2054 4291 similia.
2084 4234 2152 4287 Et
2178 4232 2323 4287 bene
2350 4227 2493 4284 dixit
2518 4230 2697 4297 ignea,
2720 4226 2998 4297 quoniam
3018 4224 3203 4296 igneae
3225 4226 3357 4277 sunt
3372 4240 3456 4278 sa—

1823 4330 1981 4402 gittae
2008 4325 2238 4382 diaboli.
2265 4325 2394 4379 Haec
2420 4322 2573 4377 enim
2594 4319 2784 4374 omnia
2806 4335 2907 4390 per
2933 4318 3289 4385 charitatem,
3322 4333 3452 4387 quin

1819 4430 1903 4481 est
1928 4423 2077 4494 pacis
2103 4419 2317 4475 foedera
2336 4432 2634 4489 possumus
2654 4413 3038 4483 exstinguere,
3057 4416 3111 4465 et
3132 4425 3343 4465 GALEAM
3367 4424 3454 4464 ss-

108 4519 231 4573 malo
257 4501 501 4580 resistere
517 4501 763 4595 possitis,
790 4528 1017 4597 accipite
1042 4533 1381 4583 armaturam
1408 4530 1523 4593 Dei,
1556 4528 1612 4582 id
1634 4534 1719 4583 est
1737 4531 1796 4603 D
1819 4534 1970 4575 LUTIS
1996 4530 2301 4571 assumere.
2330 4511 2482 4565 Sicut
2509 4508 2662 4564 enim
2686 4523 2789 4603 per
2830 4510 3057 4603 scutum
3087 4503 3259 4603 ﬁdem
3286 4501 3454 4556 intel-

109 4612 451 4686 accingimini
493 4635 589 4673 vos
634 4620 938 4675 Dominum
980 4622 1171 4676 Jesum
1214 4621 1519 4677 Christum.
1563 4614 1629 4677 Et
1656 4622 1718 4677 in

111 4707 348 4764 omnibus
384 4712 621 4783 perfecti
658 4716 826 4769 stare.
874 4714 1094 4770 Scilicet
1114 4731 1217 4785 per
1247 4732 1402 4771 arma
1420 4716 1659 4784 justiciae
1683 4733 1717 4770 a

112 4793 294 4858 dextris
332 4811 381 4861 et
406 4823 441 4861 a
463 4809 722 4863 sinistris.
760 4811 973 4865 Esrorn
1009 4825 1150 4865 anno
1178 4825 1460 4866 succmcn
1500 4826 1716 4867 LUMBOS

114 4902 323 4953 vesrnos
349 4916 403 4957 IN
429 4917 712 4974 V'ERITATE,
742 4919 805 4959 ar
824 4919 1008 4959 INDUTI
1037 4918 1278 4961 LORICAM
1293 4893 1567 4960 iusrirna.
1594 4906 1717 4960 Jam

114 4985 246 5042 enim
272 4991 469 5065 incipit
507 5012 793 5067 exponere
824 5013 954 5068 quae
981 4997 1053 5052 sit
1078 5002 1368 5053 armatura
1394 4998 1511 5067 Dei,
1542 5015 1718 5070 quam

114 5084 343 5149 superius
369 5088 533 5143 indui
557 5090 827 5161 jusserat.
867 5092 935 5146 Et
948 5108 1135 5175 ‘quem
1171 5092 1347 5146 alium
1377 5092 1571 5147 debuit
1599 5093 1712 5164 pri-

113 5182 252 5231 mum
275 5196 481 5251 ponere
500 5182 562 5238 in
577 5186 870 5240 armatura
893 5184 1013 5253 Dei,
1032 5202 1205 5257 quam
1231 5186 1527 5258 cingulum
1546 5188 1572 5241 Τ
1588 5188 1717 5242 Ver-

112 5259 161 5317 bi
183 5273 409 5337 gratiam
435 5274 638 5344 dicam,
660 5277 722 5332 in
743 5278 870 5350 quis
885 5279 1249 5351 belligerator
1275 5283 1473 5335 contra
1489 5281 1715 5336 hostem

115 5369 344 5438 Pergens,
386 5385 615 5426 necesse
665 5372 834 5428 habet
878 5373 1194 5445 cingulum,
1235 5391 1307 5429 ne
1352 5375 1508 5429 ﬁuxa
1542 5374 1714 5428 vesti‘

114 5461 280 5513 menta
318 5461 730 5534 impedimento
773 5466 930 5535 ﬁant,
965 5470 1024 5521 et
1060 5471 1286 5522 corruat
1321 5468 1383 5522 in
1414 5471 1717 5538 conspectu

117 5539 301 5607 mimici
319 5557 404 5610 sui
424 5574 441 5627 ς
463 5557 543 5612 sic
570 5558 845 5615 nimirum
862 5576 1093 5617 necesse
1120 5567 1223 5631 est,
1255 5565 1321 5616 ut
1345 5562 1524 5616 lumbi
1550 5560 1717 5616 vestri

116 5644 372 5705 Praecincti
398 5651 514 5705 sint
534 5652 596 5707 in
620 5654 892 5723 castitate,
923 5655 992 5710 de
1020 5672 1132 5727 quo
1163 5656 1221 5710 in
1266 5655 1565 5727 Evangelio
1607 5655 1713 5709 Do-

120 5732 310 5796 minum
328 5744 531 5802 dixisse
551 5750 689 5820 puto
713 5764 726 5801 :
750 5749 872 5803 Sint
892 5750 1061 5804 lumbi
1084 5753 1248 5805 vestri
1259 5752 1557 5821 praecincti.
1580 5748 1717 5803 Hinc

120 5832 188 5880 est
210 5834 349 5893 enim
393 5841 545 5911 quod
589 5842 836 5896 Joannes
879 5860 1080 5897 zonam
1132 5843 1412 5913 pelliciam
1454 5842 1718 5912 cingebat

413 5936 692 6003 PATROL.
739 5938 973 6004 LXXII.

1817 4613 2079 4679 leximus,
2108 4607 2244 4679 quid
2271 4621 2371 4676 per
2400 4603 2621 4674 galeam
2652 4598 2759 4654 nisi
2791 4614 2949 4669 spem
2984 4595 3298 4666 intelligere
3326 4611 3451 4665 pos-

1818 4705 2049 4762 sumus?
2078 4702 2242 4757 Galea
2270 4698 2423 4751 enim
2449 4696 2508 4749 in
2539 4693 2717 4765 capite
2744 4690 2997 4763 ponitur,
3022 4704 3093 4743 ne
3120 4688 3189 4742 ab
3215 4687 3445 4743 inimico

1818 4801 2073 4857 feriatur.
2095 4795 2186 4851 Sic
2208 4789 2534 4864 spiritaliter
2561 4787 2722 4859 galea
2743 4788 2953 4853 nostra,
2972 4783 3030 4837 id
3049 4787 3131 4836 est
3145 4798 3243 4854 spe
3259 4783 3446 4853 ﬁrma,

1818 4898 1989 4967 caput
2011 4893 2290 4952 nostrum,
2318 4882 2469 4955 quod
2494 4886 2579 4936 est
2615 4876 2925 4951 principale
2964 4875 3193 4946 mentis,
3221 4876 3447 4931 munire

1818 4990 2125 5054 debemus,
2142 4998 2215 5037 ne
2243 4979 2312 5034 ab
2340 4974 2590 5041 inimico,
2613 4974 2672 5028 id
2698 4976 2782 5027 est
2809 4970 3052 5040 diabolo,
3074 4969 3372 5025 feriamur.

1891 5086 1963 5140 Er
2005 5092 2241 5136 GLADIUM
2278 5085 2540 5136 sruurus,
2574 5084 2716 5131 QUOD
2744 5082 2861 5127 Ansr
2905 5080 3122 5121 vannum
3164 5080 3273 5119 DEI.
3323 5064 3447 5118 Jam

1818 5178 1971 5235 enim
2014 5173 2245 5229 dederat
2288 5163 2603 5236 cingulum,
2648 5159 2881 5214 dederat
2923 5160 3183 5223 loricam,
3213 5157 3449 5212 dederat

1817 5270 2272 5331 calciamentum,
2304 5259 2535 5314 dederat
2558 5258 2800 5321 scutum,
2818 5252 2918 5307 sed
2944 5250 3188 5306 necdum
3212 5249 3448 5304 dederat

1821 5364 2093 5439 gladium.
2122 5362 2189 5415 Et
2216 5355 2349 5427 quid
2369 5352 2593 5425 prodest
2639 5348 2866 5411 homini,
2896 5348 2946 5400 si
2990 5348 3158 5439 totum
3184 5342 3449 5397 mundum

1821 5435 2059 5516 lucretur
2075 5457 2101 5509 ?
2121 5454 2168 5508 si
2196 5449 2354 5506 omni
2382 5450 2689 5512 armatura,
2723 5457 2851 5513 quae
2871 5435 3131 5510 superius
3156 5451 3451 5490 enumera-

1821 5558 1930 5620 tur,
1965 5551 2194 5606 indutus
2223 5546 2312 5614 sit,
2355 5548 2411 5598 et
2462 5539 2716 5612 gladium
2756 5536 2814 5589 in
2850 5548 3024 5587 manu
3068 5546 3174 5583 non
3212 5529 3451 5583 teneat?

1820 5649 1983 5704 Certe
2005 5656 2336 5715 quanquam
2356 5638 2477 5708 ejus
2497 5636 2605 5690 tela
2624 5631 2799 5705 possit
2825 5627 3022 5695 vitare,
3053 5625 3239 5696 ipsum
3263 5622 3453 5677 inimi-

1822 5759 1950 5797 cum
1971 5756 2088 5794 non
2120 5734 2324 5807 poterit
2347 5730 2685 5786 interﬁcere.
2717 5726 2782 5779 Et
2811 5723 2857 5777 si
2884 5718 3145 5777 habuerit
3174 5716 3448 5788 gladium,

1822 5838 1891 5891 ab
1918 5837 2040 5907 ejus
2063 5829 2264 5901 jaculis
2295 5843 2409 5881 non
2435 5824 2691 5889 ferietur,
2716 5824 2772 5874 et
2800 5818 2988 5890 ipsum
3014 5811 3334 5870 interﬁciet.
3366 5809 3453 5867 Sic

3059 5916 3135 5976 27
