4034 6228
556 354 659 407 843

2049 336 2444 400 LUCULENTII

3833 336 3940 393 844

562 458 751 513 omnia
770 454 1481 526 spiritaliterintelligenda
1504 458 1670 520 sunt;
1704 452 1925 505 castitas
1954 451 2187 517 scilicet,
2213 463 2273 534 Α
2295 454 2403 505 Hoc
2436 450 2643 504 Paulus
2684 449 2866 519 aperit
2904 464 3033 502 cum
3079 448 3215 502 dicit
3250 466 3262 502 :
3295 452 3365 505 Et
3405 450 3651 518 gladium
3704 448 3939 518 spiritus

552 552 795 622 justitia,
835 549 1102 617 Charitas,
1151 547 1472 617 evangelica
1516 546 1791 613 doctrina,
1824 546 1981 612 ﬁdes,
2016 549 2186 615 atque

561 667 707 720 spes.
739 650 865 702 Haec
893 647 1083 701 omnia
1113 646 1209 715 qui
1236 643 1518 707 habuerit,
1551 660 1583 696 a
1610 644 1761 697 crede
1789 642 2002 695 inimici
2033 647 2187 696 tutus

561 741 815 796 manebit
845 758 858 806 ;
892 747 948 794 et
976 740 1018 792 si
1076 738 1327 809 gladium
1371 737 1650 804 habuerit,
1683 737 1867 806 ipsum
1900 739 2186 805 prostrare

558 835 807 907 potuerit
842 851 857 900 ς
889 834 1047 885 illum
1094 831 1366 884 nimirum
1396 830 1667 901 gladium,
1700 847 1868 899 quem
1918 830 2187 882 Dominus

562 929 714 981 venit
738 928 960 980 mittere
978 926 1034 977 in
1058 925 1359 992 mundum,
1379 924 1445 977 de
1465 940 1576 993 quo
1598 922 1713 992 ipse
1744 923 1910 976 dicit:
1934 926 2053 978 Non
2070 925 2190 975 veni

554 1038 743 1092 pacem
774 1023 1005 1080 mittere,
1031 1019 1125 1072 sed
1146 1019 1428 1084 gladium;
1460 1032 1632 1086 quem
1663 1032 1888 1086 semper
1933 1016 2107 1069 sancti
2132 1015 2188 1068 in

559 1132 733 1168 manu
762 1117 973 1178 tenent,
1002 1111 1100 1182 qui
1132 1111 1337 1180 plurali
1383 1126 1621 1163 numero
1654 1109 1805 1179 apud
1836 1109 2190 1163 Psalmistam

561 1208 797 1277 scriptus
829 1211 912 1259 est
944 1222 957 1257 :
992 1209 1061 1259 Et
1104 1206 1281 1271 gladii
1310 1206 1573 1273 ancipites
1606 1205 1661 1256 in
1702 1204 1953 1256 manibus
1989 1219 2186 1257 eorum.

2289 546 2432 617 quod
2461 549 2535 597 est
2578 543 2798 597 verbum
2844 545 2956 596 Dei.
3008 542 3204 597 Sermo
3236 543 3385 596 enim
3428 541 3527 595 Dei
3572 546 3775 595 acutus
3811 547 3936 605 est;

2286 640 2405 708 ipse
2438 637 2592 691 enim
2615 639 2698 689 est
2726 636 2963 706 gladius,
2990 635 3059 689 de
3087 652 3199 706 quo
3224 636 3375 689 idem
3404 636 3612 689 Paulus
3642 634 3785 690 alibi
3806 635 3941 687 scri-

2286 732 2370 785 bit
2399 750 2411 785 :
2454 733 2620 785 Vivus
2673 730 2846 791 (Cod.,
2873 732 3040 794 unus)
3076 735 3152 783 est
3178 732 3317 783 enim
3344 744 3516 783 sermo
3550 730 3646 784 Dei
3671 734 3722 782 et
3750 729 3938 795 efﬁcax:

2288 831 2337 879 et
2358 824 2749 895 penetrabilior
2769 825 2915 877 omni
2936 823 3122 890 gladio
3144 825 3390 892 ancipiti,
3428 828 3478 876 et
3499 824 3828 891 pertingens
3843 836 3935 874 us-

2288 934 2387 987 que
2411 918 2484 971 ad
2510 918 2824 970 divisionem
2856 918 3051 970 animae
3077 932 3140 969 ac
3165 918 3410 985 spiritus,
3442 931 3769 985 compagum
3799 930 3934 983 quo-

2289 1028 2389 1080 quc
2409 1017 2459 1065 et
2485 1010 2870 1073 medullarum,
2903 1014 2952 1063 et
2976 1010 3235 1063 discretor
3258 1011 3651 1079 cogitationum
3682 1013 3733 1063 et
3764 1009 3943 1061 inten-

2291 1108 2495 1160 tionum
2526 1106 2720 1161 cordis.

2068 1459 2393 1582 XIII.

603 1648 816 1715 Lectio
848 1650 1150 1732 Epistolas
1182 1650 1354 1732 beati
1385 1648 1563 1711 Pauli
1599 1649 1875 1732 apostoli
1907 1649 1986 1709 ad
2018 1648 2472 1732 Philippenses
2504 1654 2567 1732 (ι,
2599 1652 2657 1727 6)
2689 1672 2701 1711 :
2738 1651 3043 1732 Fratres,
3076 1647 3475 1732 conﬁdimus
3495 1648 3563 1708 in
3606 1646 3897 1710 Domino

720 1728 1047 1812 Jesu,'qui
1073 1730 1254 1811 quod
1278 1732 1469 1810 coepit
1509 1731 1577 1790 in
1609 1728 1789 1790 uobis
1818 1747 1979 1809 opus
2011 1728 2273 1807 honuni,
2295 1731 2587 1812 perﬁciet
2612 1750 2816 1812 usque
2848 1732 2916 1791 in
2950 1729 3125 1790 diem
3160 1728 3411 1792 Christi
3434 1728 3614 1804 Iesu,
3644 1732 3770 1790 etc.

1791 1857 2209 1911 COMMENTUM
2250 1858 2669 1912 LUCULEN‘TII.

630 1954 1015 2025 Philippenses
1044 1958 1175 2008 sunt
1194 1954 1517 2007 Macedones
1541 1971 1553 2007 :
1586 1954 1687 2006 hos
1714 1954 2188 2024 przedicavitapo-
2208 1971 2262 2041 Β
2289 1973 2446 2010 SIONE
2475 1974 2535 2009 ΕΤ
2565 1970 3001 2010 CONFIRMATIONE
3032 1969 3315 2008 EVANGELII
3342 1969 3353 2006 :
3384 1952 3516 2023 quia
3543 1951 3689 2005 sicut
3721 1950 3811 2004 ille
3839 1949 3935 2003 de-

561 2048 734 2101 stolus
768 2048 993 2116 Paulus,
1025 2047 1121 2117 qui
1172 2051 1460 2117 acceptam
1494 2048 1663 2101 ﬁdem
1699 2048 1940 2101 ﬁrmiter
1984 2052 2185 2103 tenue-

560 2150 710 2212 runt,
742 2162 843 2199 nec
874 2145 1040 2198 falsos
1069 2149 1399 2214 reCepcrunt
1425 2145 1727 2215 apostolos,
1753 2145 1897 2199 sicut
1931 2145 2184 2216 quidam,

558 2250 659 2287 nec
700 2234 1118 2303 persecutiones
1162 2234 1443 2287 malorum
1500 2235 1798 2288 hominum
1853 2237 2184 2290 timuerunt.

558 2326 762 2381 Scribit
786 2326 937 2379 enim
961 2326 1256 2395 epistolam
1274 2327 1553 2396 apostolus
1574 2329 1797 2393 Paulus,
1822 2330 1901 2383 nil
1925 2346 2089 2382 causa
2109 2344 2189 2383 re-

558 2419 952 2488 prehensionis
978 2420 1242 2485 ostendit,
1273 2420 1367 2473 sed
1390 2420 1841 2475 exhortationem
1869 2426 2109 2491 tantum,
2126 2427 2190 2477 ut

558 2512 747 2578 tidem,
782 2526 952 2581 quam
998 2516 1347 2581 acceperant,
1382 2516 1436 2565 et
1472 2516 1719 2583 emptum
1768 2533 1907 2585 opus
1948 2515 2184 2581 bonum,

558 2621 735 2673 usque
768 2605 835 2656 ad
865 2605 1414 2658 consummationem
1446 2607 1839 2675 perducerent,
1878 2611 2009 2661 etut
2036 2626 2185 2661 sem-

556 2713 659 2767 per
700 2697 1039 2766 prolicerent
1074 2697 1354 2751 hortatur.
1388 2700 1447 2751 In
1502 2704 1722 2753 tantum
1755 2701 1908 2753 enim
1956 2702 2188 2771 perfecti

556 2795 738 2853 erant,
768 2794 830 2842 ut
846 2807 976 2843 suos
998 2808 1090 2842 eos
1116 2793 1301 2843 oraret
1320 2791 1439 2843 ﬁeri
1463 2791 1790 2859 imitatores,
1811 2797 1865 2846 et
1886 2797 1945 2846 ut
1966 2810 2189 2864 semper

557 2883 625 2937 ad
659 2883 892 2936 meliora
923 2883 1283 2953 proﬁcerent,
1320 2884 1507 2937 dicens
1538 2904 1550 2938 :
1582 2885 1918 2941 CONFiDlMl'S
1942 2904 1995 2942 1N
2022 2890 2189 2941 Dom-

556 2989 624 3029 NO
648 2975 795 3040 .IESL',
829 2989 955 3035 QUA
985 2989 1073 3035 QL'I
1104 2989 1286 3027 COEPIT
1319 2990 1370 3027 lN
1404 2990 1561 3028 VOBIS
1595 2991 1733 3029 OI’ITS
1764 2993 1968 3041 BONUM,
2000 2994 2184 3032 PERFl-

557 3083 673 3124 cuzr
699 3084 873 3129 L'SQIIE
891 3084 941 3121 IN
971 3084 1093 3121 mea
1111 3070 1331 3121 Cunier
1349 3069 1498 3122 Jesir.
1523 3069 1716 3122 Omnis
1739 3072 1890 3124 enim
1915 3088 2041 3124 mea
2063 3088 2187 3141 spes

556 3167 609 3216 et
630 3160 1054 3215 conlidentiade
1081 3161 1235 3212 vobis
1256 3159 1311 3213 in
1336 3161 1570 3214 Domino
1594 3163 1722 3215 talis
1740 3170 1840 3228 est,
1872 3170 1933 3217 ut
1960 3165 2068 3218 hoc
2093 3165 2187 3218 bo—

556 3271 696 3308 num
728 3254 877 3325 quod
904 3253 1167 3322 coépistis,
1192 3269 1368 3322 usque
1396 3254 1463 3306 ad
1487 3256 2034 3309 consummationem
2062 3275 2187 3328 per-

2290 2050 2555 2103 fendebat
2583 2049 2955 2119 Evangelium
2988 2047 3211 2113 Christi,
3246 2046 3302 2100 id
3323 2050 3405 2100 est
3430 2045 3750 2099 doctrinam
3779 2043 3928 2096 veri-

2290 2142 2435 2211 tatis,
2464 2142 2539 2196 ita
2561 2148 2615 2196 et
2638 2142 2717 2195 illi
2746 2142 2987 2195 ﬁrmiter
3003 2139 3264 2207 tenendo,
3295 2142 3351 2192 et
3379 2137 3520 2191 alios
3539 2136 3930 2191 admonendo.

2289 2239 2485 2291 Somos
2528 2252 2709 2290 GAt'Dll
2751 2252 2839 2290 um
2875 2251 3051 2289 omnes
3082 2250 3182 2287 vos
3220 2249 3368 2287 esse.
3413 2231 3663 2286 Societas
3716 2230 3825 2283 hoc
3871 2229 3933 2281 in

2289 2330 2414 2383 loco
2467 2347 2579 2383 non
2625 2329 2918 2399 praesentis
2968 2327 3237 2397 temporis
3278 2324 3649 2395 intelligenda
3695 2328 3800 2387 est,
3833 2321 3932 2375 sed

2288 2423 2486 2488 futuri,
2519 2423 2575 2476 id
2616 2428 2699 2476 est
2740 2423 2853 2475 vita
2886 2425 3119 2475 aeterna.
3172 2421 3247 2473 De
3278 2435 3391 2489 quo
3426 2417 3637 2489 gaudio
3667 2416 3928 2470 Salvator

2289 2516 2575 2587 discipulis
2602 2517 2679 2569 ait
2707 2533 2719 2569 :
2748 2520 2946 2571 Iterum
2972 2515 3161 2568 ridebo
3207 2527 3318 2574 vos,
3349 2517 3400 2565 et
3423 2510 3687 2579 gaudebit
3717 2525 3806 2563 cor
3833 2524 3926 2561 ve-

2288 2615 2459 2663 strum
2483 2628 2497 2677 ;
2534 2614 2630 2663 aut
2657 2614 2806 2663 certe
2838 2609 2883 2660 si
2911 2608 2979 2661 de
3007 2606 3272 2677 praesenti
3303 2611 3557 2675 tempore
3590 2604 3807 2656 malum
3836 2602 3928 2654 in-

2289 2702 2468 2773 telligi
2501 2702 2639 2770 vult,
2674 2718 2971 2772 possumus
2998 2717 3065 2753 eo
3088 2699 3287 2769 aptari,
3313 2698 3481 2768 juxta
3514 2695 3667 2766 quod
3700 2700 3931 2766 aposto-

2278 2796 2372 2849 lus
2392 2796 2624 2848 Jacobus
2656 2795 2752 2861 ait,
2783 2794 3075 2847 videlicet:
3112 2792 3275 2846 Omne
3302 2791 3565 2859 gaudium
3594 2790 3933 2850 existimate,

2285 2892 2489 2956 fratres
2536 2890 2657 2949 mei,
2696 2903 2815 2941 cum
2860 2890 2917 2940 in
2962 2888 3133 2939 rariis
3163 2884 3546 2938 tentationibus
3596 2882 3933 2935 incideritis.

2285 2981 2641 3036 Consuetudo
2671 2984 2753 3033 est
2785 2983 3127 3046 sanctorum,
3159 2980 3225 3031 ut
3272 2976 3422 3029 inter
3466 2973 3934 3046 persecutionem

2286 3076 2413 3147 plus
2447 3075 2746 3145 gaudeant,
2776 3090 2947 3143 quam
2982 3073 3299 3138 tristentur,
3333 3070 3573 3123 scientes
3598 3068 3891 3139 scriptum
3918 3083 3931 3120 :

2288 3172 2405 3227 Non
2433 3169 2802 3230 coronabitur,
2836 3170 2947 3220 nisi
2975 3169 3073 3235 qui
3106 3166 3336 3234 legitime
3364 3165 3670 3217 certaverit.

2358 3264 2545 3316 TESTIS
2588 3278 2679 3315 EST
2702 3277 2819 3315 MIHI
2844 3275 2975 3315 DEIIS
3017 3273 3281 3321 QL'OMODO
3305 3272 3509 3312 CCPIAM
3549 3271 3724 3309 OMNES
3747 3269 3860 3310 VOS
3884 3270 3935 3309 IN

559 3348 794 3414 ducatis,
824 3352 879 3399 et
920 3346 1234 3398 doctrinam
1264 3363 1431 3415 quam
1461 3363 1492 3399 a
1522 3365 1611 3400 me
1649 3350 1936 3419 accepistis
1960 3351 2184 3404 ﬁrmam
2207 3342 2261 3415 C
2287 3371 2599 3409 VISCERIBUS
2628 3355 2758 3407 .1551:
2791 3356 3032 3409 Cumsrl.
3068 3353 3162 3405 Est
3189 3350 3361 3404 etiam
3407 3348 3757 3403 consuetudo
3792 3364 3934 3401 san-

557 3440 814 3494 tenealis.
846 3441 984 3505 Quia
1025 3441 1120 3507 qui
1144 3440 1299 3507 capit
1328 3442 1385 3492 in
1420 3441 1564 3493 vobis
1606 3457 1738 3510 opus
1782 3444 1996 3506 bonum,
2019 3447 2185 3513 perﬁ-

558 3537 657 3587 ciet
683 3553 697 3586 :
729 3532 783 3585 id
813 3535 895 3584 est
924 3531 1127 3601 aliquis
1153 3548 1219 3584 ex
1252 3531 1406 3584 vobis
1440 3532 1651 3586 bonum
1674 3551 1813 3604 opus
1835 3536 2005 3601 vovit,
2042 3537 2185 3589 scili-

559 3633 645 3681 cet
666 3625 871 3679 servire
902 3643 958 3678 se
987 3626 1119 3693 Deo,
1151 3630 1205 3678 et
1231 3625 1338 3679 hoc
1370 3642 1549 3696 usque
1579 3627 1649 3681 ad
1674 3627 1823 3681 diem
1852 3630 2047 3697 montis
2067 3647 2190 3700 per-

561 3721 745 3773 ducat.
777 3720 883 3773 Seu
901 3722 998 3788 qui
1018 3721 1171 3788 capit
1196 3721 1253 3771 in
1281 3720 1449 3782 vobis,
1474 3720 1530 3773 id
1553 3726 1633 3774 est
1658 3720 1774 3792 ipse
1799 3724 2071 3777 Dominus
2092 3725 2186 3794 qui

557 3811 689 3867 fidei
718 3813 1155 3866 fundamentum
1182 3813 1371 3881 posuit
1395 3812 1452 3865 in
1484 3813 1655 3877 vobis,
1686 3814 1801 3884 ipse
1829 3816 1982 3871 dabit
2006 3834 2190 3888 perse-

558 3907 867 3960 verantiam
898 3905 1031 3959 boni
1055 3906 1259 3975 operis.
1292 3906 1445 3959 Diem
1464 3906 1672 3961 Christi
1702 3909 1996 3981 dupliciter
2028 3910 2190 3964 intel-

560 4000 736 4069 ligere
758 3999 1067 4067 debemus;
1093 3998 1405 4068 specialiter
1425 4000 1575 4054 diem
1599 4002 1812 4071 mortis,
1838 4004 2066 4075 quando
2094 4004 2190 4058 ali-

561 4092 686 4164 quis
718 4091 802 4144 vir
845 4090 1130 4161 perfectus
1156 4092 1223 4144 de
1254 4093 1360 4145 hac
1388 4093 1499 4146 vita
1538 4095 1746 4165 migrat
1776 4096 1847 4149 ad
1878 4097 2186 4153 Christum.

562 4183 911 4239 Generaliter
932 4184 1085 4238 diem
1099 4184 1294 4254 judicii
1312 4188 1537 4257 quando
1557 4204 1732 4243 omnes
1750 4190 2046 4245 astabimus
2066 4196 2191 4246 ante

560 4276 802 4333 tribunal
842 4279 1059 4334 Christi.
1100 4278 1261 4334 Sict’T
1302 4296 1393 4333 EST
1422 4297 1537 4335 MIHI
1574 4298 1778 4337 Jl'STUM
1825 4300 1932 4339 nec
1969 4300 2190 4340 summa

564 4388 667 4427 rno
691 4387 927 4427 OMNIBUS
955 4388 1132 4427 voms.
1166 4377 1239 4426 Ac
1267 4373 1309 4426 si
1333 4373 1480 4426 dicat
1504 4391 1515 4427 :
1547 4376 1797 4430 Charitas
1818 4394 1908 4431 me
1939 4381 2185 4450 compel-

561 4466 626 4521 lit
661 4471 724 4520 ut
752 4465 937 4536 ipsum
984 4466 1052 4519 de
1104 4466 1260 4519 vobis
1298 4467 1556 4533 sentiam,
1592 4469 1781 4539 ipsum
1825 4470 2142 4543 intelligam
2174 4491 2186 4540 ;

560 4560 692 4631 quia
721 4561 959 4613 Charitas
987 4562 1165 4613 omnia
1190 4561 1377 4613 credit.
1395 4562 1615 4614 Justum
1644 4567 1727 4615 est
1752 4564 1891 4617 mihi
1920 4570 1982 4619 ut
2008 4567 2191 4620 taliter

561 4654 629 4708 de
660 4653 924 4707 omnibus
945 4652 1098 4705 vobis
1122 4653 1379 4721 sentiam,
1403 4658 1461 4706 ut
1478 4654 1572 4724 qui
1603 4657 1769 4726 coepit
1791 4675 1932 4728 opus
1952 4659 2185 4728 bonum,

563 4751 882 4817 perseveret
925 4762 1103 4816 usque
1146 4745 1205 4799 in
1242 4746 1393 4800 diem
1450 4749 1666 4802 mortis.
1713 4750 2069 4806 Consuetudo
2108 4758 2191 4807 est

563 4839 713 4893 enim
742 4844 1087 4906 sanctorum,
1120 4843 1183 4893 ut
1214 4840 1280 4893 de
1311 4840 1592 4895 bonorum
1625 4843 1845 4898 actione
1886 4846 2188 4915 gaudeant,

561 4933 629 4988 de
660 4935 943 4988 malorum
983 4934 1230 5002 doleant,
1268 4934 1409 4989 sicut
1450 4934 1568 5005 ipse.
1594 4937 1797 4990 Paulus
1830 4938 2070 4993 faciebat
2095 4940 2190 5011 qui

561 5027 812 5082 dicebat:
846 5028 974 5091 Quis
1002 5029 1329 5095 inﬁrmatur,
1354 5032 1403 5081 et
1428 5044 1521 5096 ego
1547 5045 1655 5083 non
1682 5033 1923 5099 inﬁrmor
1950 5035 1977 5086 ?
2004 5033 2068 5086 Et
2096 5033 2193 5086 ali-

561 5122 615 5176 bi
642 5139 654 5175 :
686 5124 921 5189 Lugeam
945 5120 1128 5189 plures
1157 5136 1222 5173 ea:
1267 5122 1371 5184 his,
1402 5125 1499 5191 qui
1536 5139 1642 5177 non
1686 5130 1907 5194 egerunt
1928 5129 2192 5195 pwniten-

562 5219 711 5269 tiam.
760 5217 837 5271 ΕΟ
888 5230 1032 5276 ρι’οῡ
1072 5230 1287 5269 ΗΑΒΕΑΜ
1320 5231 1419 5269 VOS
1452 5233 1505 5271 ΙΝ
1537 5234 1709 5273 CORDE
1753 5236 1815 5275 ET
1844 5237 1895 5275 1N
1942 5237 2188 5276 VINCULIS

563 5327 703 5365 MElS.
736 5310 887 5373 Quos
913 5308 1065 5361 enim
1096 5325 1223 5362 caro
1256 5311 1426 5363 semel
1459 5313 1829 5383 copulaverit,
1864 5320 2211 5388 quanquam'

559 5403 725 5457 simul
754 5420 867 5456 non
898 5407 1030 5455 sunt
1058 5419 1315 5472 corpore,
1359 5406 1549 5458 tamen
1581 5412 1770 5461 mente
1802 5426 2026 5481 semper
2048 5411 2186 5480 jun—

559 5498 630 5551 cti
662 5501 812 5551 sunt.
844 5498 908 5549 Et
933 5496 1069 5566 quia
1096 5495 1488 5567 Philippenses
1516 5501 1747 5570 perfecti
1772 5506 1933 5555 erant
1964 5504 2021 5556 in
2047 5521 2185 5574 ope-

560 5606 618 5643 re
672 5590 840 5655 bono,
886 5590 1171 5660 apostolus
1210 5591 1411 5644 absens
1455 5610 1705 5662 corpore.
1756 5596 1809 5648 in
1854 5612 2056 5650 arcano
2087 5615 2185 5668 pe-

560 5683 727 5735 ctoris
757 5700 981 5752 semper
1021 5700 1217 5735 eorum
1250 5702 1475 5739 memor
1502 5693 1638 5739 erat.
1676 5689 1740 5741 lit
1769 5688 1873 5741 hoc
1912 5695 1995 5743 est
2037 5692 2185 5761 quod

562 5774 693 5826 dicit
719 5790 731 5825 :
755 5778 829 5829 Eo
856 5776 1002 5844 quod
1027 5777 1249 5830 habeam
1271 5794 1360 5831 vos
1382 5781 1436 5831 in
1465 5780 1620 5833 corde
1637 5785 1685 5833 et
1714 5784 1769 5835 in
1790 5784 2020 5838 vinculis
2034 5787 2184 5839 meis.

563 5864 763 5919 Reddit
815 5882 1035 5919 causam
1091 5884 1285 5938 quare,
1333 5887 1460 5925 cum
1502 5872 1637 5927 dicit
1684 5890 1696 5929 :
1753 5877 1823 5930 Er
1880 5894 1935 5931 ix
1984 5894 2182 5933 ueriss-

2286 3452 2526 3517 ctorum,
2559 3453 2620 3501 ut
2658 3446 2884 3517 quando
2928 3445 3141 3515 aliquid
3174 3444 3457 3497 afﬁrmare
3490 3443 3707 3511 volunt,
3752 3441 3938 3495 Deum

2289 3542 2386 3611 qui
2416 3544 2500 3594 est
2530 3545 2811 3610 tnspector
2838 3539 3023 3593 cordis
3055 3542 3259 3591 testem
3288 3536 3395 3589 sibi
3420 3534 3747 3601 adhibeant,
3782 3534 3939 3588 sicut

2287 3636 2499 3704 Moyses
2526 3650 2715 3686 coram
2752 3632 2883 3685 ﬁliis
2936 3631 3099 3684 Israel
3138 3648 3150 3683 :
3190 3633 3383 3690 Testes,
3420 3627 3623 3698 inquit,
3660 3626 3825 3681 hodie
3855 3630 3939 3681 in-

2288 3744 2411 3781 voco
2443 3728 2628 3782 ccrlum
2656 3732 2705 3781 et
2734 3731 2953 3780 terram.
2988 3726 3054 3778 Et
3085 3723 3219 3794 quia
3246 3721 3447 3776 Paulus
3478 3721 3766 3804 apostolus
3790 3721 3939 3774 mut-

2290 3824 2411 3873 tum
2463 3820 2735 3890 diligebat
2765 3818 3169 3888 Philippenses,
3211 3816 3385 3868 Deum
3427 3813 3534 3866 sibi
3575 3813 3846 3867 adhibuit
3874 3814 3933 3866 in

2288 3913 2681 3969 testimonium
2707 3912 2899 3966 dicens
2923 3928 2935 3964 :
2973 3909 3148 3964 Testis
3170 3908 3321 3961 enim
3351 3906 3492 3960 mihi
3515 3910 3599 3960 est
3626 3907 3772 3959 Deus
3795 3923 3937 3977 quo.

2289 4008 2456 4062 modo
2482 4006 2706 4078 cupiam
2732 4010 2797 4059 ut
2825 4003 3099 4058 Dominus
3144 4003 3300 4055 Jesus
3337 4000 3590 4093 Ch’ristus
3637 3999 3694 4053 in
3727 4001 3936 4054 vestris

2289 4101 2508 4155 habitet
2532 4099 2855 4154 visceribus.
2885 4099 3026 4167 Ipse,
3046 4095 3143 4167 qui
3160 4111 3261 4165 per
3286 4094 3623 4165 prophetam
3651 4093 3932 4164 loquitur,

2291 4196 2483 4249 dicens
2511 4194 2577 4248 de
2598 4192 2802 4247 sanctis
2830 4208 2843 4245 :
2874 4194 2943 4247 Et
2967 4190 3284 4244 inhabitabo
3310 4190 3367 4242 in
3396 4189 3509 4242 illis
3537 4192 3588 4242 et
3614 4188 3933 4242 inambula-

2292 4290 2372 4343 bo.
2407 4290 2473 4342 Et
2516 4288 2672 4341 idem
2706 4284 2991 4358 apostolus
3015 4283 3186 4337 alibi:
3228 4282 3494 4336 Habitare
3525 4282 3799 4338 Christum
3833 4296 3937 4352 per

2288 4383 2445 4453 fidem
2466 4384 2523 4435 in
2550 4381 2799 4435 cordibus
2822 4379 3031 4433 vestris.
3066 4377 3160 4430 Vel
3188 4381 3335 4429 certe
3362 4390 3562 4429 omnes
3590 4389 3690 4429 vos
3711 4375 3771 4428 in
3806 4376 3931 4446 ejus

2292 4477 2456 4546 cupio
2496 4476 2677 4529 inesse
2725 4472 3045 4539 visceribus,
3080 4475 3146 4525 ut
3177 4469 3252 4523 sic
3286 4485 3418 4523 cum
3447 4484 3645 4523 omnes
3672 4480 3769 4522 VOS
3797 4468 3927 4523 dili-

2292 4570 2452 4639 gatis,
2483 4573 2547 4623 ut
2575 4585 2678 4622 nec
2708 4567 2859 4621 inter
2884 4563 3306 4635 persecutiones
3353 4562 3423 4615 ab
3457 4562 3580 4632 ejus
3622 4560 3932 4615 visceribus

2291 4661 2655 4733 separemini.
2686 4664 2758 4716 Er
2781 4675 2887 4715 HOC
2911 4674 3018 4714 ouo
3045 4674 3112 4713 [τ
3143 4672 3401 4711 cunnus
3419 4671 3621 4710 vr:er
3651 4669 3821 4710 meis
3848 4671 3935 4710 AB-

2292 4772 2482 4811 UNDET.
2513 4755 2621 4809 Oro
2646 4759 2705 4809 ut
2730 4755 2909 4807 Deum
2930 4756 3047 4806 toto
3066 4752 3256 4819 corde,
3288 4754 3404 4804 toto
3424 4766 3539 4815 ore,
3572 4752 3691 4803 tota
3713 4750 3931 4817 mente,

2292 4850 2419 4904 totis
2449 4849 2755 4903 visceribus
2784 4845 3030 4917 diligatis
3072 4861 3129 4900 IN
3171 4860 3430 4910 scnssru,
3474 4860 3537 4897 ετ
3561 4859 3694 4897 om:
3742 4859 3933 4899 sexsr.

2296 4945 2354 4997 ln
2380 4942 2631 5011 scientia,
2678 4941 2813 4995 dicit
2858 4939 3061 4994 seriem
3099 4938 3313 4992 Veteris
3341 4936 3718 5004 Testamenti;
3764 4954 3934 4993 sensu

2291 5042 2506 5105 autem,
2554 5036 2859 5106 scripturas
2886 5033 3022 5087 Novi
3047 5031 3409 5087 Testamenti.
3438 5031 3617 5085 Aliter
3648 5046 3661 5083 :
3692 5031 3929 5086 scientia

2292 5147 2488 5184 omnes
2535 5130 2705 5184 series
2752 5134 2867 5183 tam
2906 5126 3137 5194 Veteris,
3181 5142 3354 5197 quam
3394 5124 3523 5178 novi
3563 5124 3927 5179 Testamenti.

2292 5225 2359 5278 Et
2408 5240 2609 5291 sensu,
2665 5227 2729 5277 ut
2775 5221 2911 5293 quid
2959 5219 3292 5292 spiritaliter
3348 5217 3664 5288 intelligere
3714 5221 3928 5285 valeas,

2290 5318 2419 5389 quia
2452 5317 2687 5371 scientia
2732 5316 2850 5369 sine
2884 5330 3053 5369 sensu
3092 5313 3234 5366 nihil
3259 5316 3341 5366 est
3368 5330 3382 5379 ;
3412 5313 3637 5366 scientia
3666 5310 3825 5365 enim
3852 5315 3927 5366 in-

2288 5414 2405 5480 ﬂat,
2438 5411 2676 5465 Charitas
2705 5414 2881 5464 autem
2909 5409 3159 5476 aediﬁcat.
3190 5409 3266 5461 Ur
3287 5421 3544 5460 PROBETIS
3573 5420 3832 5475 vomens,
3866 5419 3925 5460 Et

2291 5522 2421 5559 sms
2456 5519 2685 5569 srxcem,
2717 5520 2778 5557 ετ
2806 5518 2925 5557 smn
2953 5515 3289 5556 OFFENSIONE
3318 5516 3369 5554 IN
3403 5515 3532 5554 men
3566 5513 3800 5554 cumsri.
3832 5500 3925 5553 Po-

2290 5599 2431 5652 tiora
2457 5598 2611 5661 dicit,
2644 5597 2697 5651 id
2739 5602 2821 5650 est
2854 5595 3082 5666 majora.
3115 5593 3361 5648 Scientes
3390 5592 3509 5645 sitis
3537 5597 3600 5645 ut
3626 5592 3698 5646 de
3730 5592 3913 5646 visibi-

2288 5693 2433 5745 libus
2461 5690 2758 5745 invisibilia
2788 5689 3269 5759 comprehendere
3303 5685 3553 5740 valeatis.
3587 5686 3751 5740 Sicut
3777 5686 3921 5740 enim

2289 5803 2418 5840 cum
2464 5785 2585 5840 cibo
2630 5784 2798 5857 palati
2840 5783 3042 5838 crescit
3071 5787 3205 5838 aetas
3235 5779 3503 5853 corporis,
3536 5779 3615 5835 sic
3647 5780 3776 5837 cuir
3802 5778 3917 5835 cibo

2287 5878 2527 5952 spiritali
2557 5878 2723 5934 debet
2746 5894 2995 5933 crescere
3025 5881 3082 5933 et
3112 5892 3308 5932 sensus
3334 5873 3563 5932 mentis.
