4034 6228
198 397 306 452 845

1416 394 1481 450 ΙΝ
1522 395 1666 450 CAP.
1709 396 1728 450 l
1768 393 1855 450 AD
1893 393 2370 452 COLOSSENSES.

3460 400 3561 455 846

276 506 345 560 Ut
365 506 718 568 sitissinceri,
747 510 796 560 et
811 508 925 559 sine
945 504 1150 573 oﬂensa
1174 507 1233 558 in
1254 505 1392 558 diem
1421 505 1654 571 Christi;
1684 508 1835 558 casto
1856 516 1917 588 Α
1938 510 2019 559 est
2048 506 2232 561 fructu
2259 506 2393 561 boni
2410 506 2596 577 operis
2618 524 2633 575 ;
2665 505 2733 561 de
2751 520 2861 578 quo
2884 504 3071 560 fructu
3099 506 3252 561 idem
3278 508 3564 578 apostolus

191 597 456 654 videlicet
483 614 739 670 corpore,
767 602 824 653 et
850 597 1065 653 mundo
1090 598 1290 668 corde;
1325 598 1469 653 sicut
1512 599 1580 654 de
1613 598 1837 653 univer-

191 692 295 746 sali
322 691 569 746 Ecclesia
591 693 886 764 Apostolus
904 692 1065 747 dicit:
1100 693 1311 762 Aptavi
1325 707 1415 747 vos
1446 694 1544 746 uni
1570 695 1686 747 viro
1716 694 1831 746 vir-

191 787 373 855 ginem
393 790 601 840 castam
623 786 871 841 exhibere
895 788 1126 843 Christo.
1154 785 1454 840 Sinceritas
1473 786 1725 852 estjenim
1736 786 1835 840 ubi

194 878 309 933 duo
337 879 506 933 simul
538 880 902 945 concordant,
937 879 1169 951 spiritus
1193 878 1472 947 videlicet,
1504 882 1561 932 et
1585 896 1733 946 caro,
1766 880 1834 932 de

193 972 400 1043 quibus
424 973 699 1027 Dominus
727 973 805 1028 ait
833 992 846 1027 :
880 975 940 1030 Si
960 973 1065 1026 duo
1091 989 1158 1027 ea:
1184 972 1335 1026 nobis
1362 974 1721 1026 consenserint
1739 988 1832 1025 su-

186 1082 293 1136 per
319 1072 539 1129 terram,
572 1067 638 1120 de
665 1069 812 1121 omni
840 1082 897 1120 re
922 1067 1273 1136 quodcunque
1299 1068 1576 1135 petierint,
1606 1068 1693 1134 ﬁet
1722 1066 1833 1119 illis

195 1175 231 1213 a
262 1161 427 1214 Patre
464 1175 596 1222 meo,
649 1159 785 1214 dicit
829 1160 1122 1213 Dominus.
1169 1162 1237 1214 Et
1283 1161 1396 1214 sine
1426 1159 1647 1227 oﬂ'ensa.
1706 1158 1834 1213 Sine

195 1250 410 1307 offensa
458 1251 593 1306 dicit
644 1251 762 1307 sine
802 1252 1083 1306 criminali
1123 1252 1366 1306 actione.
1414 1254 1526 1305 Aut
1560 1255 1707 1305 certe
1756 1252 1832 1305 sic

192 1345 319 1399 sitis
343 1344 566 1410 sinceri,
598 1344 745 1399 utin
775 1344 927 1399 diem
956 1344 1163 1399 Christi
1186 1344 1341 1398 nulla
1389 1344 1593 1414 rubigo
1635 1361 1829 1415 pecca-

193 1443 388 1493 torum
429 1438 489 1492 in
520 1437 675 1491 vobis
702 1443 973 1509 appareat
1002 1454 1073 1493 ne
1103 1454 1233 1491 cum
1264 1437 1431 1492 fatuis
1460 1437 1776 1508 virginibus
1799 1455 1832 1492 a

193 1532 445 1586 thalamo
472 1531 624 1601 regis
650 1530 1051 1585 excludamini.
1084 1530 1244 1585 Diem
1274 1548 1405 1585 vero
1438 1530 1666 1600 Christi,
1690 1531 1833 1585 sicut

184 1624 316 1696 jam
363 1624 629 1691 diximus,
665 1624 818 1679 diem
851 1624 1068 1691 mortis,
1115 1624 1201 1678 vel
1231 1624 1381 1678 diem
1422 1624 1625 1694 judicii
1668 1624 1832 1679 debe-

190 1734 325 1772 mus
369 1716 703 1788 intelligere,
752 1717 811 1771 in
862 1733 974 1787 quo
1015 1716 1127 1786 die,
1172 1716 1270 1788 qui
1311 1717 1433 1771 sine
1473 1717 1688 1772 offensa
1713 1719 1832 1772 fue-

190 1811 292 1879 rit,
333 1827 366 1865 a
402 1810 646 1865 Domino
683 1810 1160 1879 remunerabitur,
1196 1811 1362 1880 juxta
1411 1811 1560 1881 quod
1607 1811 1686 1866 ait
1728 1812 1824 1866 Sa-

1937 599 2115 655 dicit:
2160 602 2383 655 Fructus
2418 602 2644 670 spiritus
2699 605 2777 654 est
2810 600 3092 669 gaudium,
3135 601 3394 665 Charitas,
3428 617 3566 671 par,

1928 695 2220 762 patientia,
2239 698 2294 747 et
2321 693 2408 746 his
2435 693 2662 747 similia.
2692 693 2850 760 Quod
2873 693 2969 763 qui
3000 693 3212 761 fecerit,
3232 694 3440 748 fruebit
3463 695 3569 765 [Ita

1938 785 2087 857 Cod]
2120 786 2277 839 illam
2297 787 2356 839 in
2373 786 2542 840 vitam
2571 792 2841 840 aeternam
2862 804 2878 854 ;
2913 786 3128 841 fructus
3148 788 3303 841 enim
3322 804 3353 840 a
3380 787 3570 842 fruen-

1936 878 2006 932 do
2037 878 2260 933 dicitur.
2287 879 2444 943 Quod
2470 878 2803 933 fructificare
2831 896 3000 933 nemo
3040 880 3268 950 poterit,
3311 880 3418 933 nisi
3467 895 3569 951 per

1933 971 2123 1026 Iesum
2166 972 2451 1025 Christum
2493 972 2591 1042 qui
2632 972 2808 1026 dicit:
2864 973 2992 1026 Sine
3033 989 3113 1027 me
3159 974 3300 1027 nihil
3344 976 3565 1043 potestis

1934 1068 2130 1132 facere.
2162 1069 2223 1120 In
2248 1066 2477 1132 gloriam
2506 1071 2555 1119 et
2584 1066 2798 1119 laudem
2844 1068 2958 1128 Dei,
2999 1071 3060 1119 ut
3099 1082 3324 1136 semper
3360 1066 3568 1137 gloriﬁ-

1935 1164 2092 1213 cetur
2122 1159 2264 1213 Deus
2292 1158 2352 1212 in
2383 1158 2581 1226 nobis;
2607 1158 2774 1228 juxta
2800 1158 2952 1229 quod
2984 1158 3090 1212 alio
3116 1160 3238 1213 loco
3266 1158 3435 1213 dicit:
3462 1159 3568 1225 Qui

1934 1254 2221 1322 gloriatur,
2244 1256 2302 1306 in
2322 1255 2545 1308 Domino
2558 1253 2837 1321 glorietur.
2863 1254 2932 1306 Et
2953 1252 3167 1306 laudem
3192 1255 3317 1317 Dei;
3356 1252 3566 1307 scilicet

1932 1352 1996 1400 ut
2025 1363 2249 1418 semper
2274 1348 2420 1400 Deus
2449 1345 2728 1411 laudetur,
2759 1344 2901 1399 sicut
2930 1346 3217 1415 psalmista
3252 1346 3385 1399 dicit
3414 1362 3427 1399 :
3462 1347 3561 1400 Be-

1932 1441 2178 1495 nedicam
2208 1443 2489 1495 Dominum
2514 1442 2573 1493 in
2602 1441 2750 1493 omni
2774 1444 3023 1508 tempore,
3055 1454 3261 1508 semper
3302 1440 3420 1493 laus
3454 1438 3566 1507 ejus

1931 1536 1989 1587 in
2020 1549 2107 1588 ore
2142 1549 2273 1588 meo.
2315 1534 2530 1587 Aliter:
2573 1535 2631 1585 in
2672 1533 2867 1601 gloria,
2912 1532 2969 1585 id
3000 1536 3083 1585 est
3120 1532 3180 1585 in
3206 1548 3378 1602 opere
3415 1532 3564 1585 bono

1930 1627 2347 1681 fructiﬁcantes.
2389 1629 2458 1682 Et
2490 1626 2705 1679 laudem
2755 1627 2870 1686 Dei,
2914 1624 2973 1678 in
3018 1624 3438 1696 praedicatione.
3485 1624 3566 1679 Sit

1932 1719 2109 1789 gloria
2132 1720 2191 1773 in
2222 1735 2412 1790 opere,
2442 1718 2563 1772 laus
2587 1718 2645 1771 in
2676 1716 2886 1785 verbis;
2909 1719 2969 1769 ut
2993 1716 3295 1788 impleatur
3318 1716 3378 1771 in
3407 1716 3567 1771 nobis

1928 1812 2069 1867 illud
2106 1813 2257 1884 quod
2293 1812 2369 1866 ait
2407 1812 2665 1866 Salvator
2696 1827 2710 1864 :
2742 1812 2831 1866 Sic
2859 1811 3035 1865 luceat
3064 1811 3160 1865 tua:
3183 1815 3363 1865 vestra
3388 1825 3569 1865 coram

189 1904 387 1959 lomon
419 1920 434 1958 :
466 1907 601 1960 Date
624 1906 674 1958 ei
694 1905 938 1971 fructum
960 1920 1220 1958 manuum
1243 1919 1487 1971 suarum,
1531 1910 1580 1958 et
1609 1905 1829 1959 laudent
1848 1885 1906 1957 B
1930 1903 2250 1970 hominibus,
2283 1907 2343 1957 ut
2366 1902 2587 1956 videant
2607 1916 2771 1969 opera
2800 1904 2976 1954 vestra
3003 1900 3160 1963 bona,
3188 1903 3237 1955 et
3273 1899 3570 1969 gloriﬁcent

191 2014 313 2053 eam
338 1999 398 2052 in
411 2000 585 2069 portis
613 2013 775 2068 opera
798 1998 929 2067 ejus.
960 1999 1193 2053 Rari.er
1221 2014 1427 2054 raucru
1458 2013 1705 2053 wsrlrm
1730 2015 1832 2054 rea

189 2092 360 2148 Insnit
415 2092 694 2146 Cnalsrvu
744 2107 798 2146 IN
856 2096 1093 2147 eLonuu
1153 2108 1216 2147 ar
1282 2107 1494 2147 manu
1563 2093 1698 2160 DEI;
1776 2092 1831 2148 id

1931 1998 2145 2051 Patrem
2168 2000 2403 2051 vestrum
2427 1997 2523 2066 qui
2550 1997 2609 2048 in
2627 1994 2768 2048 cretis
2796 1998 2891 2048 est.

1732 2371 2043 2494 XIV.

230 2567 448 2633 Lectio
478 2568 784 2652 Epistolas
813 2570 988 2634 beati
1018 2569 1201 2635 Pauli
1232 2571 1512 2653 apostoli
1542 2572 1625 2635 ad
1653 2572 2073 2636 Colossenses
2107 2572 2169 2652 (1,
2195 2572 2256 2651 9)
2292 2589 2305 2631 :
2344 2570 2637 2645 Fratres,
2665 2584 2800 2630 non
2843 2581 3167 2628 cessamus
3188 2582 3318 2646 pro
3346 2565 3527 2628 vobis

1393 2661 1651 2716 orantes
1680 2662 1741 2716 et
1757 2654 2203 2736 postulantes,
2236 2655 2357 2714 etc.

1438 2790 1857 2846 COMMENTUM
1896 2787 2317 2845 LUCULENTII.

257 2892 530 2950 Audierat
553 2891 706 2949 enim
734 2894 931 2950 beatus
959 2895 1166 2949 Paulus
1203 2896 1492 2967 apostolus
1539 2898 1827 2953 Colossen-
1924 2897 2145 2951 viamus
2177 2896 2310 2963 Deo,
2368 2891 2519 2963 quod
2561 2891 2742 2945 facere
2784 2904 2901 2942 non
2944 2902 3263 2959 possumus,
3310 2886 3419 2940 nisi
3445 2886 3566 2958 ejus

183 2986 338 3042 sium
372 2986 548 3042 fidem
580 3004 648 3042 ex
679 2987 979 3042 dilectione
1005 3005 1179 3059 quam
1213 2988 1499 3043 habebant
1534 2990 1592 3044 in
1628 2992 1823 3059 Deum,
1925 2991 2275 3046 voluntatem
2318 2986 2610 3040 faciamus.
2656 2986 2714 3038 IN
2756 2999 2890 3038 cum
2930 2997 3231 3048 SAPIENTIA,
3279 2996 3342 3035 er
3381 2997 3563 3036 ωηι-

181 3085 241 3136 et
264 3083 334 3136 ut
357 3081 418 3135 in
446 3081 750 3136 virtutibus
779 3082 1144 3153 sequentibus
1170 3100 1231 3137 se
1254 3088 1589 3146 crescerent,
1634 3085 1828 3138 orabat
1926 3100 2090 3139 LECTU
2130 3096 2413 3138 smmum.
2461 3077 2655 3133 Omnis
2690 3075 2983 3147 sapientia,
3026 3080 3082 3129 et
3125 3074 3465 3142 intellectus,
3511 3077 3567 3129 et

183 3173 384 3230 dicens
414 3194 427 3229 :
461 3175 579 3231 Non
615 3190 888 3231 CESSAMI'S
920 3192 1025 3232 rno
1057 3191 1216 3232 voms
1248 3192 1489 3233 omnes
1526 3194 1588 3233 ar
1622 3194 1823 3234 posrc-
1846 3208 1902 3283 Ο
1928 3177 2199 3249 operatio,
2239 3174 2447 3229 scilicet
2490 3173 2626 3243 quia
2668 3169 3012 3241 impossibile
3043 3173 3126 3223 est
3157 3169 3277 3223 sine
3307 3168 3417 3223 ﬁde
3444 3168 3562 3239 pla-

183 3284 406 3325 unus.
456 3270 609 3324 Hanc
649 3270 1118 3325 consuetudinem
1162 3270 1449 3325 habebant
1480 3271 1733 3342 apostoli,
1770 3278 1827 3327 et
1849 3262 1902 3283 ν
1926 3288 2051 3326 cere
2083 3271 2225 3338 Deo;
2253 3269 2331 3322 sic
2358 3270 2415 3322 et
2437 3267 2567 3335 ﬁdes
2594 3268 2711 3319 sine
2738 3264 2984 3335 cperibus
3010 3268 3223 3317 mortua
3248 3266 3342 3317 est.
3372 3262 3568 3317 Omnis

180 3379 304 3426 nos,
322 3366 519 3417 tenere
567 3362 859 3432 debemus,
899 3368 965 3418 ut
1009 3363 1250 3419 invicem
1279 3381 1524 3431 oremus,
1558 3370 1614 3419 et
1639 3366 1821 3437 magi-

183 3456 286 3511 stri
310 3472 417 3528 pro
433 3455 744 3528 discipulis,
775 3462 831 3512 et
856 3456 1111 3530 discipuli
1137 3474 1241 3529 pro
1262 3458 1568 3529 magistris,
1602 3459 1747 3513 sicut
1764 3459 1821 3512 in

182 3549 298 3604 alio
342 3549 467 3604 loco
509 3548 644 3604 dicit
680 3567 693 3604 :
733 3553 872 3605 Deus
914 3556 1093 3605 autem
1128 3554 1245 3622 spei
1293 3552 1500 3622 repleat
1546 3568 1636 3607 vos
1679 3555 1825 3606 omni

177 3643 408 3712 gaudio,
439 3647 489 3696 et
498 3658 633 3713 pace
660 3645 718 3697 in
744 3644 1024 3706 credendo,
1052 3649 1112 3698 ut
1139 3645 1426 3699 abundetis
1450 3647 1507 3699 in
1526 3660 1619 3715 Spe
1639 3650 1688 3699 et
1709 3648 1817 3699 vir-

177 3741 294 3791 tute
319 3738 560 3807 Spiritus
578 3739 773 3790 sancti.
800 3740 937 3791 Deus
957 3742 1138 3791 autem
1148 3740 1434 3807 patientiae
1460 3742 1511 3792 et
1534 3739 1721 3792 solatii
1734 3739 1823 3792 det

176 3830 329 3886 vobis
356 3829 596 3900 idipsum
637 3845 827 3900 sapere
870 3832 925 3884 in
968 3832 1292 3886 alterutrum
1330 3832 1619 3885 secundum
1646 3834 1821 3887 Iesum

177 3922 475 3986 Christum,
509 3927 570 3977 ut
614 3925 897 3978 unanimes
942 3939 1048 3977 uno
1075 3940 1163 3978 ore
1192 3925 1547 3994 honoriﬁcetis
1574 3928 1743 3979 Deum
1771 3929 1822 3980 et

174 4018 397 4072 Patrem
422 4017 643 4072 Domini
662 4019 835 4071 nostri
857 4019 981 4072 Iesu
1008 4019 1229 4075 Christi.
1265 4019 1332 4073 Et
1361 4018 1569 4072 iterum
1602 4035 1614 4071 :
1648 4019 1819 4073 Flecto

175 4126 357 4179 genua
394 4126 515 4165 mea
551 4111 627 4165 ad
662 4112 879 4165 Patrem
915 4113 1128 4166 Domini
1153 4114 1326 4167 nostri
1353 4113 1478 4166 Jesu
1504 4112 1722 4169 Christi.
1752 4113 1819 4166 Ut

177 4208 374 4258 autem
403 4207 460 4257 et
488 4201 744 4274 discipuli
779 4219 882 4274 pro
907 4204 1195 4275 magistris
1220 4220 1381 4259 orare
1404 4204 1665 4275 debeant,
1698 4204 1817 4275 ipse

178 4302 238 4352 et
268 4296 407 4351 alibi
434 4296 567 4351 dicit
592 4312 606 4350 :
638 4297 878 4367 Expedit
903 4298 1048 4352 vobis
1076 4314 1232 4353 orare
1249 4314 1354 4369 pro
1381 4299 1551 4353 nobis.
1588 4299 1730 4352 Nam
1748 4297 1818 4352 de

175 4391 346 4445 beato
373 4391 537 4444 Petro
579 4388 639 4444 in
680 4405 900 4445 carcere
938 4391 1119 4463 posito
1156 4392 1415 4464 legimus,
1460 4392 1597 4464 quia
1637 4392 1816 4446 oratio

176 4483 356 4539 ﬁebat
382 4483 501 4538 sine
532 4483 953 4540 intermissione
980 4486 1050 4539 ab
1073 4486 1301 4541 ecclesia
1322 4487 1393 4541 ad
1412 4488 1587 4542 Deum
1602 4503 1707 4558 pro
1729 4503 1815 4541 eo.

1925 3364 2201 3435 sapientia
2230 3367 2314 3417 est
2333 3378 2447 3415 non
2468 3360 2654 3413 solum
2672 3358 2963 3412 historiam
2982 3356 3198 3411 Veteris
3225 3355 3567 3411 Testamenti

1924 3459 2083 3528 scire,
2105 3457 2203 3511 sed
2225 3456 2398 3510 etiam
2419 3453 2731 3525 spiritalem
2750 3450 3181 3523 intelligentiam
3204 3465 3564 3520 cognoscere.

1924 3554 1999 3606 Ur
2040 3564 2337 3607 AMBL’LETIS
2376 3564 2536 3603 mese
2578 3547 2715 3615 Deo,
2754 3562 2854 3600 rea
2889 3560 3058 3599 OMNIA
3087 3559 3408 3599 PLACENTES.
3435 3546 3567 3597 Am-

1921 3644 2117 3699 bulare
2148 3643 2301 3709 dicit,
2333 3658 2445 3694 non
2474 3640 2653 3693 solum
2683 3654 2937 3709 corpore,
2967 3637 3063 3691 sed
3099 3641 3317 3705 mente;
3361 3637 3560 3691 ambu-

1920 3739 2034 3792 lare
2063 3738 2132 3792 de
2160 3736 2365 3790 virtute
2392 3735 2452 3788 in
2473 3734 2760 3786 virtutem.
2787 3732 2964 3803 Digne
2991 3730 3266 3798 ambulat,
3294 3730 3392 3801 qui
3413 3735 3562 3783 recte

1920 3832 2075 3901 vivit,
2112 3834 2167 3884 et
2210 3828 2349 3883 alios
2373 3844 2477 3899 per
2510 3827 2729 3880 bonum
2772 3824 3101 3894 exemplum
3131 3823 3383 3891 attrahit,
3395 3823 3563 3892 juxta

1920 3924 2061 3979 illud
2091 3941 2104 3978 :
2139 3926 2242 3991 Qui
2268 3922 2445 3984 audit,
2474 3920 2622 3974 dicat
2648 3938 2663 3973 :
2702 3920 2856 3974 Veni.
2885 3919 2998 3971 Deo
3028 3933 3130 3988 per
3155 3916 3349 3970 omnia
3379 3916 3562 3986 placet

1919 4018 2018 4091 qui
2042 4019 2149 4072 hoc
2164 4016 2435 4097 adimplet
2451 4012 2607 4085 quod
2633 4012 2894 4066 subditur
2928 4028 2941 4065 :
2977 4012 3037 4064 IN
3065 4026 3196 4065 omn
3220 4026 3393 4065 orem;
3411 4023 3558 4065 nouo

1919 4125 2390 4179 FRUCTIFICANTES,
2431 4125 2494 4163 ET
2528 4121 2864 4162 CRESCENTES
2904 4122 2958 4161 IN
3001 4120 3241 4161 SCIENTIA
3280 4104 3398 4160 DEI.
3439 4104 3561 4158 Non

1919 4207 2063 4261 dixit
2091 4206 2149 4260 in
2178 4222 2315 4273 uno,
2354 4204 2451 4257 sed
2487 4205 2544 4256 in
2584 4204 2760 4266 omni;
2805 4217 2919 4254 non
2958 4199 3092 4253 dicit
3131 4204 3449 4253 constantes
3485 4197 3559 4251 ad

1918 4305 2164 4372 tempus,
2193 4299 2287 4353 sed
2316 4299 2707 4366 fructiﬁcantes
2735 4300 2785 4349 et
2802 4298 3087 4349 crescentes
3112 4296 3170 4347 in
3200 4295 3421 4347 scientia
3441 4294 3560 4355 Dei,

1917 4394 1976 4449 id
2005 4400 2091 4449 est
2110 4394 2179 4448 de
2210 4392 2475 4447 omnibus
2518 4389 2679 4443 bonis
2708 4388 2786 4441 illi
2816 4387 3056 4442 sciamus
3085 4386 3292 4457 gratias
3320 4386 3556 4455 referre,

1910 4489 2079 4559 juxta
2110 4486 2251 4541 illud
2278 4503 2291 4540 :
2321 4485 2515 4540 Gratia
2541 4485 2638 4538 Dei
2664 4497 2804 4547 sum;
2836 4484 2893 4533 et
2920 4497 2933 4533 :
2973 4483 3091 4536 Non
3117 4479 3288 4540 nobis,
3322 4480 3561 4540 Domine,

176 4576 341 4641 Quod
368 4580 561 4632 autem
604 4590 719 4632 non
769 4578 912 4633 dixit
957 4578 1319 4650 singulariter
1355 4596 1471 4634 non
1506 4597 1680 4648 cesso,
1726 4580 1822 4635 sed
1840 4578 1901 4650 D
1921 4599 2027 4638 non
2048 4582 2220 4641 nobis,
2236 4579 2329 4634 sed
2353 4579 2559 4632 nomini
2581 4581 2670 4630 tuo
2697 4576 2769 4628 da
2792 4575 3046 4642 gloriam.
3073 4570 3355 4634 Quoniam
3378 4570 3557 4641 ipsius

176 4670 481 4742 pluraliter
521 4686 629 4725 non
664 4686 951 4735 cessamus,
997 4677 1053 4727 et
1080 4673 1147 4727 de
1179 4689 1236 4727 se
1268 4673 1374 4727 hoc
1400 4673 1638 4742 dicebat,
1668 4679 1725 4730 et
1753 4673 1822 4729 de

177 4763 302 4819 aliis
348 4763 446 4834 qui
492 4780 622 4818 cum
664 4764 763 4819 illo
802 4769 985 4820 erant.
1035 4760 1296 4829 Quamvis
1343 4782 1503 4822 orare
1538 4767 1822 4839 postulare

179 4873 364 4913 unum
393 4857 485 4925 sit,
513 4858 637 4912 hoc‘
651 4858 905 4929 interest,
936 4858 1070 4930 quia
1094 4876 1253 4915 orare
1282 4860 1520 4915 dicimus
1546 4861 1614 4916 de
1646 4862 1820 4916 levio-

178 4951 339 5006 ribus
364 4951 554 5022 rebus,
586 4952 874 5023 postulare
896 4956 1089 5007 autem
1116 4952 1184 5008 de
1204 4954 1515 5025 majoribus
1541 4959 1597 5009 et
1617 4954 1819 5009 difﬁci-

178 5044 454 5118 lioribus”
492 5045 713 5100 Orando
761 5049 865 5116 est,
906 5045 1005 5118 qui
1045 5051 1195 5102 stant
1237 5064 1307 5102 ne
1350 5048 1583 5119 cadant;
1625 5052 1819 5121 postu-

176 5138 366 5207 lando,
392 5141 459 5192 ut
486 5137 582 5210 qui
603 5139 795 5210 jaceat
825 5142 1085 5211 surgant.
1127 5142 1418 5197 Orandum
1462 5148 1548 5197 est
1588 5148 1653 5198 ut
1683 5143 1821 5215 justi

175 5237 641 5303 remunerentur,
680 5233 1088 5305 postulandum
1125 5238 1189 5289 ut
1224 5236 1473 5291 scelerati
1504 5237 1820 5308 justiticen-

173 5332 288 5383 tur.
317 5328 398 5382 Ur
424 5342 740 5383 mnuum
779 5344 833 5383 ιη
872 5344 1164 5384 AGNITIONB
1188 5345 1521 5387 vowmris
1550 5331 1666 5386 Dm.
1698 5331 1820 5386 Pri-

173 5437 338 5475 mum
394 5422 776 5492 quaerendum
824 5426 911 5476 est
935 5422 1075 5494 quid
1105 5423 1176 5477 sit
1202 5423 1370 5495 Deus,
1396 5426 1557 5495 juxta
1588 5424 1820 5496 psalmi-

174 5520 277 5571 staa
306 5530 528 5584 vocem,
558 5514 657 5586 qui
687 5514 767 5569 ait
795 5530 809 5569 :
844 5516 1078 5583 Quaerite
1107 5518 1409 5581 Dominum,
1446 5524 1496 5573 et
1536 5522 1821 5589 conﬁrma-

173 5611 345 5677 mini;
366 5611 592 5678 quzrite
609 5611 809 5676 faciem
839 5609 956 5679 ejus
983 5625 1219 5680 semper;
1248 5609 1449 5666 deinde
1475 5612 1689 5684 agnitio
1718 5630 1820 5667 vo-

173 5701 411 5763 luntatis
452 5707 575 5778 ejus
610 5707 747 5779 quid
798 5708 931 5763 velit
965 5709 1132 5778 Deus,
1177 5708 1321 5764 sicut
1352 5710 1503 5765 idem
1539 5712 1825 5783 apostolus

175 5801 298 5857 ait:
340 5802 408 5857 Ut
424 5802 667 5873 probetis
707 5818 825 5873 qua
856 5804 929 5858 sit
969 5803 1221 5859 voluntas
1268 5806 1360 5860 Dei
1404 5806 1562 5867 bona,
1607 5811 1657 5860 et
1700 5806 1826 5859 bene

169 5896 416 5968 placens,
462 5900 512 5952 et
542 5897 808 5969 perfecta.
848 5896 923 5950 De
965 5913 1079 5967 quo
1112 5894 1215 5968 [Ita
1254 5897 1403 5967 Cod]
1438 5899 1680 5968 qualiter
1706 5913 1823 5951 ser-

1925 4679 2009 4732 est
2036 4674 2202 4729 nobis
2235 4672 2507 4743 perlicere
2536 4670 2595 4723 in
2628 4684 2763 4723 01m
2791 4681 3035 4721 VIRTUTE.
3058 4664 3255 4719 Omnis
3285 4665 3462 4718 virtus
3478 4667 3563 4719 est

1923 4770 2019 4824 Dei
2049 4769 2283 4835 donum,
2306 4765 2404 4836 qui
2432 4762 2625 4818 omnia
2646 4765 2919 4833 praestare
2939 4763 3145 4830 potest.
3168 4758 3362 4813 Omnis
3382 4759 3560 4814 virtus

1923 4868 2008 4919 est
2033 4866 2090 4919 et
2116 4860 2322 4916 mentis
2343 4862 2399 4912 ct
2429 4855 2697 4927 corporis.
2738 4853 3066 4910 Conﬁrmati
3124 4869 3158 4907 a
3200 4852 3351 4924 quo?
3391 4853 3499 4908 nisi
3530 4869 3563 4907 a

1924 4956 2184 5011 Domino.
2225 4952 2379 5008 Unde
2420 4955 2477 5005 et
2521 4948 2655 5003 alibi
2702 4948 2822 5003 ait:
2872 4948 2977 5014 Qui
3020 4952 3070 5002 et
3114 4950 3448 5017 confirmavit
3466 4962 3559 5002 vos

1921 5066 2088 5121 usque
2130 5052 2190 5102 in
2232 5049 2389 5116 ﬁnem
2438 5046 2552 5098 sine
2612 5044 2860 5097 crimine.
2921 5041 3212 5097 SECUNDUM
3258 5056 3561 5097 POTENTIAM

1925 5156 2235 5200 CLARITATIS
2262 5154 2407 5205 EJL’S,
2437 5137 2493 5191 id
2520 5140 2605 5190 est
2633 5135 2945 5189 secundum
2989 5135 3109 5204 ejus
3148 5134 3439 5202 virtutem,
3469 5135 3557 5189 di-

1924 5243 2086 5293 cente
2106 5233 2397 5290 Psalmista
2420 5248 2433 5285 :
2468 5229 2861 5286 Fortitudinem
2886 5244 3059 5283 meam
3083 5228 3158 5282 ad
3179 5233 3225 5281 te
3241 5228 3561 5283 custodiam.

1924 5332 2065 5386 Hinc
2105 5328 2372 5384 Dominus
2412 5325 2533 5380 ait:
2585 5323 2711 5378 Sine
2753 5338 2834 5376 me
2878 5322 3018 5375 nihil
3054 5323 3301 5390 potestis;
3328 5323 3567 5377 Lucerna

1917 5425 2150 5495 pedibus
2189 5424 2317 5478 meis
2376 5419 2595 5474 verbum
2643 5421 2814 5478 tuum,
2876 5415 3114 5477 Domine,
3170 5418 3221 5467 et
3252 5414 3427 5469 lumen
3478 5430 3561 5469 se-

1924 5521 2070 5575 mitis
2090 5519 2237 5572 meis.
2265 5517 2317 5571 IN
2344 5530 2479 5570 omn
2514 5526 2812 5578 PATIENTIA,
2846 5508 2903 5562 id
2937 5510 3021 5562 est
3049 5523 3179 5561 cum
3208 5508 3480 5578 proximis
3510 5514 3569 5564 et

1925 5612 2189 5683 subjectis
2221 5614 2390 5681 atque
2432 5605 2731 5673 extraneis,
2763 5608 2820 5658 ct
2845 5600 3311 5673 persequentibus
3340 5619 3463 5657 nos.
3493 5604 3567 5657 Er

1924 5725 2377 5776 LONGANIMITATE,
2428 5710 2494 5761 ut
2549 5720 2776 5775 semper
2824 5702 2999 5755 simus
3057 5698 3333 5769 patientes
3386 5706 3451 5753 ut
3508 5701 3568 5754 in

1923 5803 2223 5876 prosperis,
2260 5802 2338 5856 ita
2364 5801 2422 5855 in
2449 5799 2714 5855 adversis.
2754 5797 2873 5852 CUM
2906 5809 3123 5851 caraxe.
3169 5791 3387 5846 Scilicet
3420 5796 3484 5846 ut
3510 5794 3569 5847 in

1925 5896 2384 5951 tribulationibus
2419 5909 2645 5965 semper
2694 5890 3012 5963 gaudeatis,
3057 5894 3320 5943 monente
3366 5887 3571 5942 Jacobo
