4034 6228
398 406 412 418 .
471 359 572 414 847

1961 341 2361 410 LUCULENTII

3735 357 3844 413 848

467 466 755 536 apostolo:
786 466 950 522 Omne
979 465 1241 534 gaudium
1267 465 1587 525 eaistimate,
1615 465 1818 530 fratres
1837 463 1960 524 mei,
1981 477 2100 516 cum
2122 476 2182 548 Α
2201 465 2326 518 estis
2350 479 2470 518 cum
2493 464 2878 519 maledia'erint
2910 465 3057 520 vobis
3094 466 3351 534 homines,
3383 471 3433 520 et
3453 467 3726 536 persecuti
3749 480 3846 518 vos

465 563 522 614 in
549 561 720 614 variis
741 559 1127 614 tentationibus
1144 556 1462 611 incideritis.
1493 556 1588 610 Vel
1608 571 1712 626 per
1734 553 2025 627 passiones
2046 560 2102 610 et
2199 557 2428 622 fuerint,
2456 562 2506 611 et
2534 558 2778 612 dixerint
2823 573 2974 614 omne
3011 560 3214 614 malum
3251 559 3540 614 adversum
3580 575 3672 613 vos
3698 573 3846 612 meu-

467 652 857 708 tribulationes
893 651 1150 706 futurum
1192 649 1463 720 gaudium
1501 665 1632 703 cum
1660 649 1880 704 Christo
1915 649 2098 720 perci-

2202 652 2386 705 tientes
2409 657 2633 721 propter
2649 667 2764 718 me;
2781 652 3010 720 gaudete
3035 657 3085 707 et
3110 655 3396 744 exsatiate,
3425 655 3684 722 quoniam
3705 666 3846 705 mer-

464 746 651 817 piatis,
693 744 1004 802 secundum
1038 743 1211 814 ipsius
1239 743 1583 814 promissum
1619 741 1854 798 dicentis
1886 762 1902 796 :
1949 743 2106 798 Beati
2200 759 2278 798 res
2306 749 2486 800 vestra
2515 745 2688 799 multa
2713 749 2791 800 est
2816 747 2876 799 in
2896 746 3042 800 caelo.

2020 1041 2267 1166 XV.

463 1234 678 1298 Lectio
711 1232 1013 1315 Epistolas
1044 1234 1216 1298 beati
1248 1231 1430 1328 Pauli
1461 1233 1739 1328 apostoli
1755 1234 1867 1328 ad.
1875 1233 2302 1328 Colossenses
2330 1233 2441 1326 (In,
2480 1235 2576 1328 12)
2612 1254 2625 1296 :
2661 1233 2947 1328 Fratres,
2982 1235 3232 1298 induite
3267 1253 3414 1313 vos,
3447 1237 3618 1298 sicut
3643 1235 3842 1297 electi

1296 1315 1437 1389 Dei,
1467 1313 1680 1376 sancti
1707 1321 1768 1376 et
1795 1313 2031 1389 dilecti,
2063 1315 2312 1377 viscera
2340 1313 2838 1391 misericordiae,
2873 1319 2992 1377 etc.

1708 1465 2124 1522 COMMENTUM
2165 1465 2587 1521 LUCULENTII.

531 1585 886 1642 Colossenses
925 1585 1059 1637 sunt
1099 1581 1244 1636 sicut
1297 1582 1666 1637 Laodicenses
1716 1582 1925 1637 Asiani.
1979 1581 2090 1648 His,

459 1684 685 1750 accepto
711 1677 879 1732 verbo
903 1676 1171 1742 veritatis,
1191 1675 1430 1729 ﬁrmiter
1453 1678 1728 1730 steterunt
1745 1675 1803 1729 in
1831 1675 1958 1740 fide,
1990 1692 2092 1730 nec

457 1771 622 1826 falsos
650 1774 988 1840 receperunt
1010 1769 1309 1840 apostolos.
1335 1771 1394 1823 ln
1415 1773 1634 1822 tantum
1660 1769 1891 1839 perfecti
1917 1767 2088 1840 [Cod.,

2189 1584 2331 1652 puli,
2348 1585 2398 1637 si
2419 1583 2753 1637 dilectionem
2780 1583 3076 1638 habueritis
3102 1585 3160 1637 in
3184 1585 3429 1638 invicem.
3451 1585 3526 1638 Er
3552 1597 3833 1638 nonanus

2192 1691 2618 1732 voslsnsrxrsm.
2648 1675 2708 1729 ld
2739 1681 2824 1730 est
2851 1676 3187 1732 alterutrum
3217 1676 3582 1731 dimittentes.
3617 1675 3676 1730 SI
3705 1691 3832 1738 oms

2189 1761 2464 1824 iunxisses
2489 1785 2726 1831 meum
2748 1785 2920 1824 mser
2944 1785 3248 1832 QUERELAM.
3283 1770 3341 1824 ld
3371 1771 3455 1824 est
3481 1769 3528 1822 si
3554 1771 3615 1822 tu
3643 1768 3705 1822 in
3734 1769 3833 1822 ali-

458 1839 983 1936 persecutijierant,
1027 1839 1088 1916 ut
1127 1862 1382 1932 apostolo
1430 1878 1545 1916 non
1585 1839 1928 1932 indigerent,
1980 1839 2167 1915 nisiB
2191 1879 2302 1932 quo
2345 1861 2598 1928 fratrem,
2629 1867 2727 1916 aut
2755 1863 2932 1916 frater
2963 1866 3018 1916 te
3047 1863 3210 1929 laesit,
3251 1862 3496 1916 invicem
3540 1861 3830 1916 dimittere

457 1957 850 2012 exhortatione
906 1958 1148 2010 tantum.
1209 1955 1472 2010 Hortatur
1527 1971 1621 2008 eos
1679 1955 1978 2025 Apostolus
2035 1959 2092 2010 et

453 2053 724 2107 admonet
741 2049 989 2121 qualiter
1007 2047 1293 2103 Christum
1310 2049 1566 2118 induant,
1586 2047 1804 2102 dicens:
1821 2048 2086 2118 Faunae,

457 2161 671 2202 lNDUlTE
723 2159 846 2212 VOS,
901 2158 1054 2197 SICUT
1098 2159 1281 2198 ELECTI
1333 2143 1450 2210 DEI,
1486 2157 1715 2198 VISCERA
1769 2157 2087 2198 MISERICOR-

454 2255 576 2294 om.
603 2239 746 2293 Nota
771 2237 902 2308 quia
926 2235 1050 2290 aliis
1075 2235 1362 2308 discipulis
1407 2235 1543 2290 dicit
1571 2253 1584 2290 :
1626 2236 1893 2306 Quotquot
1923 2237 2090 2290 credi-

451 2335 627 2396 distis,
662 2333 934 2390 Christum
963 2330 1254 2396 induistis;
1285 2329 1377 2383 hic
1408 2346 1540 2384 vero
1561 2329 1982 2385 Colossensibus
2010 2329 2089 2383 di-

451 2427 554 2482 cit:
589 2426 802 2481 lnduite
831 2439 942 2485 vos,
971 2425 1109 2478 sicut
1128 2425 1281 2478 electi
1300 2425 1416 2477 Dei.
1439 2426 1514 2477 Ac
1541 2423 1586 2476 si
1625 2423 1774 2476 dicat
1804 2439 1817 2478 :
1866 2422 2086 2478 Induite

451 2536 548 2573 vos
567 2521 757 2573 Jesum
781 2517 1082 2572 Christum.
1131 2518 1198 2570 Et
1231 2517 1378 2570 bene
1421 2516 1575 2584 dicit,
1625 2518 1766 2571 sicut
1803 2517 1954 2571 electi
1993 2519 2090 2572 Dei

452 2629 662 2674 SANCTI,
685 2612 816 2683 quia
841 2629 876 2665 a
899 2612 1010 2665 Deo
1037 2609 1198 2664 electi
1231 2613 1414 2676 erant,
1444 2609 1586 2664 sicut
1616 2609 1892 2664 Dominus
1917 2609 2082 2664 disci-

449 2706 600 2778 pulis
626 2706 814 2760 dicens
845 2724 862 2760 :
889 2707 1008 2763 Non
1026 2719 1118 2758 vos
1155 2719 1237 2757 me
1261 2703 1514 2770 elegistis,
1544 2703 1638 2758 sed
1673 2719 1766 2773 ego
1800 2705 1937 2774 elegi
1971 2720 2082 2758 vos.

451 2801 517 2855 Et
557 2799 889 2870 Apostolus:
942 2799 1082 2866 Quos
1119 2799 1418 2868 praescivit,
1446 2798 1536 2851 hos
1571 2802 1620 2851 et
1659 2800 1888 2852 vocavit.
1935 2799 2086 2852 Bene

446 2896 638 2956 sancti,
666 2893 798 2965 quia
821 2895 877 2946 et
905 2891 1024 2962 ipse
1051 2893 1276 2945 sanctus
1303 2894 1387 2944 est
1413 2889 1512 2961 qui
1540 2890 1675 2944 dicit
1699 2907 1712 2944 :
1740 2891 1928 2948 Sancti
1957 2895 2086 2946 esto—

449 2993 518 3049 te,
557 2988 689 3056 quia
723 3001 815 3055 ego
854 2989 1074 3039 sanctus
1105 2999 1244 3038 sum.
1277 2984 1494 3038 Viscera
1538 2983 1920 3038 misericordia
1952 2983 2086 3038 dicit

448 3078 658 3134 viscera
684 3077 929 3149 pietatis,
971 3077 1103 3147 quia
1125 3076 1190 3129 in
1228 3079 1453 3130 tantum
1485 3093 1582 3129 vos
1617 3075 1834 3146 dilexit,
1878 3081 1939 3132 ut
1970 3093 2083 3131 non

447 3173 700 3243 pretium
729 3170 884 3224 aliud
911 3186 1015 3240 pro
1035 3169 1191 3222 vobis
1212 3169 1389 3238 daret,
1413 3169 1511 3224 sed
1537 3169 1836 3240 proprium
1861 3169 2084 3241 sangui-
2104 3211 2159 3286 Ο

449 3281 574 3286 ..-μ
621 3263 881 3286 Β.-...1-....ι
949 3263 1021 3286 ἡ..
1063 3277 1168 3286 ..ι-Α
1213 3261 1342 3286 All...
1383 3263 1651 3286 -_.‘..'L-L_
1699 3263 2036 3286 _.._.]2---..-L
2068 3279 2080 3286 .

448 3281 580 3319 nem
619 3263 903 3318 funderet.
948 3263 1024 3316 De
1059 3277 1172 3332 quo
1210 3261 1346 3314 olim
1383 3263 1658 3333 propheta
1699 3263 2080 3334 praedixerat:

446 3361 550 3414 Per
577 3359 784 3412 viscera
804 3355 1186 3410 misericordiae
1210 3356 1310 3409 Dei
1327 3357 1521 3418 nostri,
1550 3357 1609 3409 in
1625 3356 1818 3425 quibus
1844 3357 2084 3410 visita—vit

447 3454 744 3522 nosoriens
773 3467 840 3504 ea:
867 3450 996 3504 alto.
1042 3449 1464 3504 Bsmemrsran.
1504 3449 1626 3503 lam
1665 3448 1864 3520 incipit
1906 3465 2080 3521 expo-

448 3562 584 3601 nere
611 3544 747 3616 quid
773 3549 872 3598 aut
891 3543 1132 3615 qualiter
1149 3541 1311 3596 indui
1332 3559 1390 3596 se
1413 3541 1656 3596 debeant
1675 3559 1804 3596 cum
1831 3542 1965 3597 dicit
1993 3544 2080 3597 be-

446 3641 784 3710 nignitatem.
813 3638 964 3692 Bene
993 3635 1132 3690 dicit
1161 3637 1572 3706 benignitatem;
1602 3634 1709 3690 hoc
1738 3639 1822 3690 est
1848 3636 2084 3691 benevo-

447 3732 702 3802 lentiam,
742 3731 850 3786 hoc
886 3734 972 3786 est
995 3735 1061 3784 ut
1089 3729 1208 3784 sitis
1229 3728 1488 3784 benevoli
1519 3727 1591 3783 ad
1623 3745 1838 3798 omnes,
1879 3731 1958 3785 ita
1997 3730 2080 3785 di-

445 3827 684 3900 ligentes
716 3829 782 3879 ut
824 3823 1186 3894 vosmetipos.
1231 3823 1628 3880 Humuuran.
1659 3824 1791 3878 Post
1813 3823 2080 3895 benigni-

448 3925 621 3976 tatem
657 3917 912 3990 sequitur
939 3915 1246 3971 humilitas.
1286 3917 1586 3972 Humilitas
1621 3934 1830 3988 magna
1869 3921 1953 3972 est
1970 3917 2080 3972 vir-

449 4022 560 4082 tus,
599 4029 727 4084 quae
765 4010 1028 4065 homines
1071 4009 1306 4080 angelos
1349 4011 1500 4066 fecit.
1563 4012 1636 4065 De
1678 4011 1782 4065 hac
1835 4027 2082 4082 namque

449 4107 656 4162 dicitur
688 4123 701 4159 :
735 4105 839 4170 Qui
859 4105 976 4158 sine
994 4103 1299 4158 humilitate
1316 4107 1569 4159 virtutem
1598 4109 1904 4174 congregat,
1926 4107 2087 4174 quasi

447 4203 546 4273 qui
582 4203 642 4254 in
685 4202 903 4254 ventum
935 4198 1214 4267 pulverem
1245 4203 1452 4268 portat,
1499 4202 1548 4252 et
1587 4201 1748 4267 quasi
1775 4201 1873 4269 qui
1893 4214 2086 4254 merces

449 4295 810 4364 congregavit,
846 4294 995 4346 misit
1031 4307 1121 4346 eas
1152 4293 1211 4346 in
1247 4292 1525 4346 sacculum
1549 4296 1848 4362 pertusum.
1877 4293 1944 4348 Et
1973 4293 2082 4346 Do-

447 4394 639 4451 minus
665 4391 832 4448 dicit:
861 4393 1056 4446 Discite
1087 4407 1123 4444 a
1160 4406 1242 4444 me
1287 4392 1418 4460 quia
1452 4391 1598 4444 mitis
1635 4405 1752 4444 sum
1787 4396 1836 4445 et
1869 4392 2086 4446 humilis

447 4489 622 4544 corde.
648 4487 989 4542 Moossrun.
1018 4483 1285 4538 Modestia
1311 4483 1432 4553 ipsa
1474 4487 1558 4536 est
1595 4487 1652 4537 et
1686 4483 2082 4554 temperantia,

2191 1954 2426 2022 debetis,
2449 1955 2505 2008 id
2527 1960 2609 2009 est
2631 1955 2863 2023 donare,
2893 1960 3128 2027 propter
3152 1955 3292 2010 illud
3323 1973 3336 2009 :
3367 1957 3648 2018 Dimittite,
3673 1959 3726 2009 et
3752 1954 3832 2008 di-

2187 2050 2432 2102 mittetur
2453 2048 2638 2114 vobis;
2672 2049 2817 2112 date,
2840 2053 2890 2104 et
2916 2049 3140 2104 dabitur
3170 2050 3356 2114 vobis;
3384 2050 3536 2120 quod
3556 2048 3656 2119 qui
3684 2047 3830 2102 fece-

2188 2141 2280 2208 rit,
2317 2141 2659 2196 fiducialiter
2699 2143 2870 2197 audet
2898 2143 3084 2198 dicere
3110 2143 3171 2197 in
3197 2143 3449 2197 oratione
3479 2141 3777 2196 Dominica
3809 2160 3823 2195 :

2187 2237 2407 2290 Dimitte
2434 2235 2585 2290 nobis
2612 2237 2793 2291 debita
2813 2242 3018 2300 nostra,
3048 2239 3187 2291 sicut
3213 2241 3264 2290 et
3287 2252 3380 2290 nos
3401 2236 3726 2290 dimittimus
3741 2235 3831 2289 de-

2191 2329 2452 2383 bitoribus
2491 2332 2710 2384 nostris.

2259 2424 2432 2478 SUPER
2482 2439 2656 2478 OMNIA
2698 2439 2875 2478 AUTEM
2932 2437 3071 2490 H/EC,
3129 2439 3465 2478 CHARITATEM
3527 2438 3824 2488 HABESTES,

2188 2533 2331 2579 oeoo
2385 2531 2479 2572 asr
2523 2533 2800 2572 vmcvwn
2863 2499 3266 2573 Psnracrxoms.
3315 2517 3452 2571 Huic
3503 2516 3686 2571 simile
3743 2521 3828 2571 est

2184 2610 2324 2664 illud
2350 2611 2591 2682 apostoli
2619 2611 2770 2665 Petri
2803 2627 2816 2663 :
2853 2613 3034 2666 Estote
3081 2612 3480 2681 prudentes,.et
3515 2612 3740 2679 vigilate
3769 2615 3828 2664 in

2186 2706 2556 2769 orationibus;
2587 2709 2711 2758 ante
2731 2707 2913 2758 omnia
2933 2709 3113 2759 autem
3137 2710 3383 2758 mutuam
3403 2707 3463 2758 in
3489 2705 3832 2774 vobismetip-

2183 2800 2258 2852 sis
2273 2799 2592 2852 charitatem
2614 2801 2923 2852 continuam
2952 2799 3222 2852 habentes.
3246 2797 3506 2852 Charitas
3531 2797 3830 2868 aliquoties

2186 2890 2335 2945 inter
2361 2895 2593 2946 caeteras
2613 2891 2848 2945 virtutes
2872 2890 3058 2962 prima
3078 2891 3310 2962 ponitur
3334 2890 3403 2946 ab
3420 2891 3672 2962 apostolo
3697 2907 3832 2962 pro-

2184 2988 2311 3055 pter
2337 2984 2692 3056 dignitatem,
2712 2985 2798 3039 vel
2829 2983 3346 3054 mansuetudinem,
3376 3001 3444 3040 eo
3471 2985 3623 3056 quod
3643 2985 3836 3055 major

2184 3077 2256 3131 sit
2287 3078 2505 3132 caeteris
2535 3078 2856 3133 virtutibus.
2888 3077 2992 3133 Ubi
3025 3093 3157 3132 vero
3185 3078 3382 3132 ultimo
3414 3079 3538 3133 loco
3567 3078 3828 3150 ponitur,

2186 3188 2299 3225 non
2341 3176 2578 3243 propter
2618 3171 2991 3243 exiguitatem
3047 3172 3134 3226 vel
3175 3171 3634 3242 diminutionem,
3668 3173 3830 3244 quod

2184 3265 2372 3319 minor
2395 3265 2486 3335 sit,
2523 3265 2621 3320 sed
2654 3271 2883 3337 propter
2906 3265 3349 3320 fundamentum
3374 3267 3463 3321 vel
3490 3266 3836 3322 solidamen-

2182 3364 2307 3412 tum
2327 3360 2576 3430 ponitur,
2607 3359 2751 3414 sicut
2779 3377 2884 3432 pro
2912 3360 3168 3432 Ephesiis
3194 3365 3318 3415 orat
3347 3360 3538 3415 dicens
3562 3377 3575 3414 :
3605 3362 3670 3416 In
3698 3363 3830 3416 cha-

2182 3454 2348 3506 ritate
2372 3453 2609 3508 radicati
2635 3457 2684 3508 et
2719 3454 2976 3521 fundati;
3005 3455 3128 3524 ipsa
3157 3458 3241 3508 est
3269 3454 3426 3508 enim
3449 3454 3610 3508 radix
3639 3455 3834 3508 omni-

2185 3561 2283 3599 um
2296 3545 2591 3614 virtutum,
2619 3547 2738 3600 sine
2765 3563 2878 3618 qua
2905 3546 3140 3600 virtutes
3157 3551 3378 3601 caetera;
3397 3547 3531 3600 vitia
3554 3551 3834 3618 reputan-

2185 3643 2297 3694 tur.
2317 3639 2469 3694 Sicut
2489 3639 2665 3710 enim,
2691 3639 2849 3694 verbi
2871 3639 3052 3712 gratia
3063 3640 3267 3709 dicam,
3283 3639 3488 3712 aliquis
3505 3640 3676 3695 homo
3697 3657 3828 3694 ma-

2184 3733 2449 3804 nipulum
2480 3734 2686 3788 faciens
2704 3750 2772 3788 ex
2788 3733 3022 3805 virgulis
3043 3733 3380 3805 agrestibus,
3407 3750 3634 3790 necesse
3655 3737 3738 3790 est
3760 3739 3832 3790 ut

2185 3843 2316 3881 cum
2340 3843 2455 3882 una
2485 3843 2554 3882 ex
2584 3826 2691 3880 illis
2715 3831 2772 3880 et
2788 3831 3018 3882 crateras
3038 3827 3411 3899 constringat,
3435 3844 3508 3882 ne
3535 3823 3647 3882 huc
3663 3827 3831 3884 illuc-

2184 3936 2296 3992 que
2325 3920 2762 3992 dispergantur;
2795 3921 2872 3976 sic
2899 3937 3126 3976 necesse
3157 3925 3239 3975 est
3263 3923 3328 3974 ut
3347 3922 3677 3994 quicunque
3709 3939 3824 3977 ca:-

2183 4022 2333 4073 teras
2346 4018 2580 4074 virtutes
2608 4017 2817 4074 habere
2834 4019 3136 4087 desiderat,
3153 4019 3360 4074 habeat
3378 4019 3672 4074 vinculum
3696 4037 3827 4092 per-

2183 4111 2463 4181 fectionis,
2498 4112 2850 4182 charitatem,
2899 4113 3029 4184 quia
3072 4115 3136 4166 ut
3174 4112 3292 4166 dixi
3334 4117 3555 4168 caeteras
3585 4114 3824 4169 virtutes

2186 4205 2304 4260 sine
2337 4206 2606 4262 charitate
2634 4205 2779 4260 nihil
2807 4211 2958 4260 sunt.
2991 4205 3129 4260 Hinc
3159 4203 3292 4260 alibi
3324 4205 3459 4260 dicit
3487 4207 3778 4277 apostolus
3805 4225 3818 4262 :

2183 4303 2244 4358 Si
2285 4299 2484 4369 linguis
2512 4299 2785 4354 hominum
2815 4293 3008 4370 loquar
3038 4304 3088 4354 et
3111 4300 3446 4369 angelorum,
3496 4301 3817 4356 charitatem

2185 4411 2292 4449 non
2329 4395 2575 4458 habeam,
2591 4396 2774 4461 factus
2793 4409 2910 4448 sum
2922 4394 3070 4448 velut
3089 4409 3157 4448 aes
3177 4409 3373 4450 sonans
3401 4397 3498 4448 aut
3511 4395 3818 4462 cymbalum

2186 4489 2437 4544 tinniens.
2466 4489 2540 4543 Er
2567 4505 2672 4544 PAX
2697 4489 2916 4544 CHRISTI
2941 4503 3202 4544 EXSULTET
3217 4503 3274 4542 1N
3303 4502 3566 4543 coeamus
3583 4505 3814 4544 vasrms.

447 4599 559 4638 una
592 4598 661 4636 ex
693 4583 941 4651 quatuor
975 4576 1278 4631 virtutibus
1322 4575 1752 4648 principalibus.
1811 4577 2162 4656 Modestus!)
2187 4583 2298 4636 Pax
2326 4587 2516 4637 nostra
2542 4581 2796 4638 Christus
2825 4585 2928 4651 est,
2973 4580 3195 4636 dicente
3239 4581 3543 4653 Apostolo:
3577 4584 3693 4653 Ipse
3742 4587 3822 4636 est

449 4677 623 4740 enim,
653 4673 712 4728 id
741 4679 824 4728 est
849 4673 1218 4743 temperatus,
1243 4669 1414 4724 debet
1439 4685 1558 4724 esse
1586 4669 1821 4741 quilibet
1846 4671 1931 4724 vir
1955 4689 2084 4742 per-

444 4770 774 4838 fectus,non
793 4766 976 4821 solum
995 4765 1056 4819 in
1076 4764 1199 4820 cibo
1219 4769 1274 4818 et
1292 4768 1428 4836 potu
1452 4768 1684 4834 propter
1707 4763 1872 4818 illud:
1901 4765 2090 4820 Atten-

449 4865 560 4920 dite
587 4879 654 4918 ne
681 4867 976 4932 graventur
1002 4860 1168 4914 corda
1196 4863 1375 4913 vestra
1405 4860 1463 4912 in
1492 4859 1722 4928 crapula
1733 4863 1784 4913 et
1809 4858 2085 4922 ebrietate,

449 4973 648 5014 verum
692 4956 861 5010 etiam
909 4954 968 5008 in
993 4951 1358 5024 cogitatione,
1401 4955 1457 5005 et
1483 4951 1786 5021 locutione,
1815 4957 1870 5006 et
1897 4968 2089 5024 opera-

448 5053 622 5121 tione,
667 5055 725 5104 et
766 5050 825 5102 in
863 5046 1021 5102 omni
1061 5050 1208 5100 actu.
1255 5046 1606 5101 PATIENTIAM.
1645 5044 1871 5099 Patiens
1921 5044 2088 5099 debet

449 5155 568 5202 esse
635 5144 720 5198 vir
770 5141 1074 5214 perfectus,
1107 5143 1376 5194 monente
1425 5139 1711 5210 Apostolo.
1758 5141 1946 5194 Pacem
2001 5154 2083 5193 se-

447 5241 688 5302 ctamini,
718 5242 772 5292 et
792 5237 1222 5292 sanctimoniam.
1258 5234 1324 5287 Et
1356 5232 1628 5287 Dominus
1666 5231 1834 5288 dicit:
1877 5235 1943 5289 In
1980 5249 2083 5302 pa-

448 5337 638 5390 tientia
693 5336 869 5388 vestra
917 5329 1263 5400 possidebitis
1313 5329 1525 5382 animas
1575 5331 1799 5382 vestras.
1855 5327 1922 5381 Et
1979 5325 2087 5380 alia

448 5429 740 5499 Scriptura
766 5425 901 5481 dicit
929 5440 942 5478 :
975 5424 1257 5492 Sapientia
1284 5423 1396 5475 viri
1418 5437 1518 5492 per
1537 5422 1863 5492 patientiam
1901 5421 2087 5488 digno-

439 5524 632 5578 scitur.
665 5521 1086 5575 SUPPORTANTES
1135 5530 1374 5570 mvrcnn.
1411 5515 1602 5586 Ipsum
1631 5518 1714 5568 est
1757 5512 1909 5584 quod
1953 5511 2086 5566 alibi

447 5615 616 5671 dicit:
640 5615 794 5670 Alter
821 5612 1048 5666 alterius
1073 5625 1239 5665 onera
1250 5613 1488 5679 portate,
1516 5613 1566 5662 et
1603 5610 1679 5662 sic
1720 5603 2086 5676 adimplebitis

445 5711 614 5780 legem
659 5708 876 5765 Christi.
914 5705 1029 5759 Lex
1069 5703 1278 5758 Christi
1321 5701 1544 5756 dilectio
1593 5705 1696 5770 est,
1751 5717 1925 5772 quam
1950 5705 2084 5756 tunc

447 5800 774 5870 implemus,
804 5799 851 5852 si
885 5797 1129 5852 invicem
1173 5813 1274 5852 nos
1317 5793 1656 5850 sufferimus.
1705 5795 1773 5850 Et
1815 5793 2085 5849 Dominus

449 5891 619 5946 dicit:
656 5893 724 5947 In
755 5892 852 5947 hoc
881 5896 1191 5957 cognoscent
1225 5904 1402 5946 omnes
1433 5889 1578 5972 quia
1610 5891 1715 5944 mei
1748 5891 1870 5944 estis
1917 5888 2080 5943 disci-

2180 4692 2300 4746 paa:
2325 4681 2532 4739 nostra,
2571 4679 2669 4746 qui
2689 4676 2820 4744 fecit
2848 4677 3078 4744 utraque
3096 4691 3282 4729 unum.
3322 4675 3390 4730 Et
3429 4675 3673 4730 iterum:
3701 4677 3823 4730 Paa:

2186 4765 2284 4820 Dei
2309 4781 2427 4835 quae
2447 4770 2733 4836 exsuperat
2763 4779 2966 4820 omnem
2984 4779 3215 4827 sensum,
3237 4764 3508 4819 custodiat
3530 4765 3690 4820 corda
3710 4779 3825 4819 ves-

2188 4865 2274 4913 tra
2303 4863 2352 4914 et
2372 4860 2756 4929 intelligentias
2775 4864 2998 4914 vestras.
3023 4859 3279 4912 Exsultat
3299 4857 3452 4913 enim
3477 4857 3536 4912 in
3558 4857 3826 4913 cordibus

2187 4956 2528 5021 sanctorum,
2563 4969 2691 5006 cum
2723 4969 2818 5006 eos
2843 4953 3116 5006 exsultare
3147 4951 3304 5006 facit.
3339 4953 3413 5006 De
3442 4967 3554 5023 qua
3581 4951 3828 5006 exsulta-

2187 5045 2338 5100 tione
2384 5046 2662 5117 propheta
2711 5045 2843 5100 dicit
2871 5063 2884 5100 :
2919 5047 3289 5102 Ercsultabunt
3317 5049 3498 5100 sancti
3534 5048 3592 5100 in
3623 5047 3822 5114 gloria.

2187 5139 2322 5192 Huic
2355 5137 2537 5194 simile
2563 5143 2649 5193 est
2677 5139 2832 5210 quod
2857 5139 3024 5193 alibi:
3055 5142 3208 5196 Misit
3236 5143 3374 5194 Deus
3399 5141 3668 5210 Spiritum
3696 5140 3830 5194 Filii

2184 5235 2272 5287 sui
2297 5235 2354 5285 in
2378 5233 2541 5286 corda
2571 5233 2895 5288 clamantem
2923 5251 2938 5286 :
2970 5233 3126 5288 Abba
3156 5235 3337 5296 Pater,
3367 5237 3422 5287 et
3451 5250 3464 5288 :
3497 5236 3616 5303 Ipse
3643 5235 3820 5304 Spiri-

2187 5330 2271 5380 tus
2320 5327 2681 5380 testimonium
2716 5327 2904 5382 reddet
2948 5329 3174 5397 spiritui
3203 5331 3404 5390 nostro,
3449 5327 3592 5396 quod
3640 5342 3826 5382 sumus

2183 5420 2290 5489 ﬁlii
2313 5420 2424 5474 Dei.

2257 5515 2312 5568 IN
2342 5529 2450 5576 ouo
2478 5529 2540 5568 nr
2571 5529 2766 5568 VOCATl
2811 5529 2978 5582 ESTlS,
3016 5513 3076 5568 id
3107 5517 3192 5568 est
3221 5512 3281 5567 in
3319 5512 3562 5583 Christo,
3609 5517 3708 5584 qui
3734 5530 3824 5570 vos

2183 5609 2394 5662 vocavit
2418 5607 2482 5662 de
2514 5609 2744 5663 tenebris
2767 5609 2826 5660 in
2851 5607 3178 5662 admirabile
3209 5606 3389 5660 lumen
3417 5623 3596 5662 suum.
3629 5609 3822 5663 Unum

2184 5717 2390 5773 corpus
2409 5699 2541 5758 dicit
2564 5703 2818 5756 sanctam
2845 5700 3167 5770 Ecclesiam,
3193 5716 3525 5772 quanquam
3540 5701 3602 5755 in
3629 5706 3820 5773 partes

2184 5793 2361 5849 divisa
2383 5793 2475 5863 sit,
2493 5794 2765 5850 membris
2779 5793 3034 5850 fidelium
3052 5799 3245 5850 tamen
3266 5792 3500 5849 collecta
3523 5803 3712 5850 unum
3739 5799 3825 5850 est

2185 5904 2406 5962 corpus.
2445 5891 2550 5946 Vos
2583 5892 2706 5946 estis
2749 5904 2942 5961 corpus
2980 5889 3200 5954 Christi,
3254 5887 3388 5944 dicit
3413 5889 3736 5964 Apostolus,
3767 5894 3820 5950 et
