  <div class='ocr_page' id='page_1' title='image "/cluster/home/n/w/nwhite01/storage/ocr_20150623/72/uva.x000827084/618.png"; bbox 0 0 4034 6228; ppageno 0'>
   <div class='ocr_carea' id='block_1_1' title="bbox 238 347 344 402">
    <p class='ocr_par' dir='ltr' id='par_1_1' title="bbox 238 347 344 402">
     <span class='ocr_line' id='line_1_1' title="bbox 238 347 344 402; baseline 0.009 -1"><span class='ocrx_word' id='word_1_1' title='bbox 238 347 344 402; x_wconf 66' lang='grc'>849</span> 
     </span>
    </p>
   </div>
   <div class='ocr_carea' id='block_1_2' title="bbox 1559 349 2285 404">
    <p class='ocr_par' dir='ltr' id='par_1_2' title="bbox 1559 349 2285 404">
     <span class='ocr_line' id='line_1_2' title="bbox 1559 349 2285 404; baseline 0.001 -3"><span class='ocrx_word' id='word_1_2' title='bbox 1559 350 1621 402; x_wconf 75' lang='lat' dir='ltr'>IN</span> <span class='ocrx_word' id='word_1_3' title='bbox 1662 350 1804 402; x_wconf 55' lang='lat' dir='ltr'>CAP.</span> <span class='ocrx_word' id='word_1_4' title='bbox 1853 349 1893 403; x_wconf 89' lang='lat' dir='ltr'>ll</span> <span class='ocrx_word' id='word_1_5' title='bbox 1934 349 2022 403; x_wconf 78' lang='lat' dir='ltr'>AD</span> <span class='ocrx_word' id='word_1_6' title='bbox 2062 350 2285 404; x_wconf 81' lang='lat' dir='ltr'>TITUM.</span> 
     </span>
    </p>
   </div>
   <div class='ocr_carea' id='block_1_3' title="bbox 3511 350 3613 406">
    <p class='ocr_par' dir='ltr' id='par_1_3' title="bbox 3511 350 3613 406">
     <span class='ocr_line' id='line_1_3' title="bbox 3511 350 3613 406; baseline -0.029 0"><span class='ocrx_word' id='word_1_7' title='bbox 3511 350 3613 406; x_wconf 73' lang='lat'>850</span> 
     </span>
    </p>
   </div>
   <div class='ocr_carea' id='block_1_4' title="bbox 234 454 3608 540">
    <p class='ocr_par' dir='ltr' id='par_1_4' title="bbox 234 454 3608 540">
     <span class='ocr_line' id='line_1_4' title="bbox 234 454 3608 540; baseline 0.001 -31"><span class='ocrx_word' id='word_1_8' title='bbox 234 455 473 509; x_wconf 86' lang='lat' dir='ltr'>membra</span> <span class='ocrx_word' id='word_1_9' title='bbox 504 455 570 508; x_wconf 86' lang='lat' dir='ltr'>de</span> <span class='ocrx_word' id='word_1_10' title='bbox 596 454 865 515; x_wconf 76' lang='lat' dir='ltr'>membris,</span> <span class='ocrx_word' id='word_1_11' title='bbox 897 457 954 507; x_wconf 89' lang='lat' dir='ltr'>et</span> <span class='ocrx_word' id='word_1_12' title='bbox 985 469 998 507; x_wconf 89' lang='lat'><strong>:</strong></span> <span class='ocrx_word' id='word_1_13' title='bbox 1038 454 1188 508; x_wconf 89' lang='lat' dir='ltr'>Sicut</span> <span class='ocrx_word' id='word_1_14' title='bbox 1228 458 1285 508; x_wconf 90' lang='lat' dir='ltr'>in</span> <span class='ocrx_word' id='word_1_15' title='bbox 1320 471 1424 510; x_wconf 88' lang='lat' dir='ltr'>uno</span> <span class='ocrx_word' id='word_1_16' title='bbox 1455 470 1674 525; x_wconf 87' lang='lat' dir='ltr'>corpore</span> <span class='ocrx_word' id='word_1_17' title='bbox 1702 459 1873 511; x_wconf 89' lang='lat' dir='ltr'>multa</span> <span class='ocrx_word' id='word_1_18' title='bbox 1897 467 1955 540; x_wconf 79' lang='grc' dir='ltr'><strong>Α</strong></span> <span class='ocrx_word' id='word_1_19' title='bbox 1975 457 2396 527; x_wconf 88' lang='lat' dir='ltr'>respuitVetus,</span> <span class='ocrx_word' id='word_1_20' title='bbox 2421 473 2537 511; x_wconf 91' lang='lat' dir='ltr'>non</span> <span class='ocrx_word' id='word_1_21' title='bbox 2565 461 2651 512; x_wconf 84' lang='lat' dir='ltr'>est</span> <span class='ocrx_word' id='word_1_22' title='bbox 2672 457 2872 513; x_wconf 88' lang='lat' dir='ltr'>doctus</span> <span class='ocrx_word' id='word_1_23' title='bbox 2893 457 3053 512; x_wconf 90' lang='lat' dir='ltr'>omni</span> <span class='ocrx_word' id='word_1_24' title='bbox 3082 456 3381 529; x_wconf 86' lang='lat' dir='ltr'>sapientia.</span> <span class='ocrx_word' id='word_1_25' title='bbox 3398 458 3608 514; x_wconf 76' lang='lat' dir='ltr'>Aliter:</span> 
     </span>
    </p>
   </div>
   <div class='ocr_carea' id='block_1_5' title="bbox 238 548 1873 619">
    <p class='ocr_par' dir='ltr' id='par_1_5' title="bbox 238 548 1873 619">
     <span class='ocr_line' id='line_1_5' title="bbox 238 548 1873 619; baseline 0.002 -18"><span class='ocrx_word' id='word_1_26' title='bbox 238 549 477 603; x_wconf 86' lang='lat' dir='ltr'>membra</span> <span class='ocrx_word' id='word_1_27' title='bbox 509 548 785 602; x_wconf 84' lang='lat' dir='ltr'>habemus.</span> <span class='ocrx_word' id='word_1_28' title='bbox 830 548 903 602; x_wconf 87' lang='grc' dir='ltr'>ΕΤ</span> <span class='ocrx_word' id='word_1_29' title='bbox 951 563 1108 602; x_wconf 78' lang='lat' dir='ltr'>eam</span> <span class='ocrx_word' id='word_1_30' title='bbox 1152 564 1368 603; x_wconf 71' lang='lat' dir='ltr'>asrora.</span> <span class='ocrx_word' id='word_1_31' title='bbox 1400 549 1459 603; x_wconf 85' lang='lat' dir='ltr'>Id</span> <span class='ocrx_word' id='word_1_32' title='bbox 1500 553 1583 603; x_wconf 89' lang='lat' dir='ltr'>est</span> <span class='ocrx_word' id='word_1_33' title='bbox 1616 551 1873 619; x_wconf 81' lang='lat' dir='ltr'>gratiosi,</span> 
     </span>
    </p>
   </div>
   <div class='ocr_carea' id='block_1_6' title="bbox 240 640 1881 712">
    <p class='ocr_par' dir='ltr' id='par_1_6' title="bbox 240 640 1881 712">
     <span class='ocr_line' id='line_1_6' title="bbox 240 640 1881 712; baseline 0.001 -16"><span class='ocrx_word' id='word_1_34' title='bbox 240 640 624 712; x_wconf 85' lang='lat' dir='ltr'>acceptabiles</span> <span class='ocrx_word' id='word_1_35' title='bbox 646 641 718 694; x_wconf 89' lang='lat' dir='ltr'>ad</span> <span class='ocrx_word' id='word_1_36' title='bbox 741 657 961 694; x_wconf 89' lang='lat' dir='ltr'>omnes.</span> <span class='ocrx_word' id='word_1_37' title='bbox 992 641 1148 695; x_wconf 85' lang='lat' dir='ltr'>Sicut</span> <span class='ocrx_word' id='word_1_38' title='bbox 1171 642 1325 695; x_wconf 89' lang='lat' dir='ltr'>idem</span> <span class='ocrx_word' id='word_1_39' title='bbox 1348 643 1419 696; x_wconf 90' lang='lat' dir='ltr'>de</span> <span class='ocrx_word' id='word_1_40' title='bbox 1442 660 1501 696; x_wconf 89' lang='lat' dir='ltr'>se</span> <span class='ocrx_word' id='word_1_41' title='bbox 1529 643 1665 697; x_wconf 88' lang='lat' dir='ltr'>dicit</span> <span class='ocrx_word' id='word_1_42' title='bbox 1689 661 1702 697; x_wconf 89' lang='lat'><strong>:</strong></span> <span class='ocrx_word' id='word_1_43' title='bbox 1727 645 1881 699; x_wconf 81' lang='lat' dir='ltr'>Sicut</span> 
     </span>
    </p>
   </div>
   <div class='ocr_carea' id='block_1_7' title="bbox 238 735 1879 804">
    <p class='ocr_par' dir='ltr' id='par_1_7' title="bbox 238 735 1879 804">
     <span class='ocr_line' id='line_1_7' title="bbox 238 735 1879 804; baseline 0.002 -17"><span class='ocrx_word' id='word_1_44' title='bbox 238 741 287 790; x_wconf 83' lang='lat' dir='ltr'>et</span> <span class='ocrx_word' id='word_1_45' title='bbox 316 751 409 803; x_wconf 85' lang='lat' dir='ltr'>ego</span> <span class='ocrx_word' id='word_1_46' title='bbox 434 751 536 804; x_wconf 79' lang='lat' dir='ltr'>per</span> <span class='ocrx_word' id='word_1_47' title='bbox 566 736 745 789; x_wconf 81' lang='lat' dir='ltr'><strong><em>omnia</em></strong></span> <span class='ocrx_word' id='word_1_48' title='bbox 778 735 1022 788; x_wconf 86' lang='lat' dir='ltr'>omnibus</span> <span class='ocrx_word' id='word_1_49' title='bbox 1049 736 1254 803; x_wconf 83' lang='lat' dir='ltr'>placeo.</span> <span class='ocrx_word' id='word_1_50' title='bbox 1288 738 1513 792; x_wconf 67' lang='lat' dir='ltr'>VERBUM</span> <span class='ocrx_word' id='word_1_51' title='bbox 1544 738 1787 803; x_wconf 79' lang='lat' dir='ltr'>CHRISTI,</span> <span class='ocrx_word' id='word_1_52' title='bbox 1820 737 1879 791; x_wconf 92' lang='lat' dir='ltr'>id</span> 
     </span>
    </p>
   </div>
   <div class='ocr_carea' id='block_1_8' title="bbox 240 828 1879 897">
    <p class='ocr_par' dir='ltr' id='par_1_8' title="bbox 240 828 1879 897">
     <span class='ocr_line' id='line_1_8' title="bbox 240 828 1879 897; baseline 0.003 -16"><span class='ocrx_word' id='word_1_53' title='bbox 240 834 331 882; x_wconf 85' lang='lat' dir='ltr'>est</span> <span class='ocrx_word' id='word_1_54' title='bbox 361 828 622 883; x_wconf 81' lang='lat' dir='ltr'>doctrina</span> <span class='ocrx_word' id='word_1_55' title='bbox 647 828 874 895; x_wconf 76' lang='lat' dir='ltr'>Christi,</span> <span class='ocrx_word' id='word_1_56' title='bbox 910 832 965 881; x_wconf 89' lang='lat' dir='ltr'>et</span> <span class='ocrx_word' id='word_1_57' title='bbox 994 830 1367 897; x_wconf 88' lang='lat' dir='ltr'>Evangelium</span> <span class='ocrx_word' id='word_1_58' title='bbox 1396 831 1623 897; x_wconf 78' lang='lat' dir='ltr'>Christi,</span> <span class='ocrx_word' id='word_1_59' title='bbox 1655 847 1879 887; x_wconf 72' lang='grc' dir='ltr'>ΗΑΒΤΤΕΤ</span> 
     </span>
    </p>
   </div>
   <div class='ocr_carea' id='block_1_9' title="bbox 237 922 1878 995">
    <p class='ocr_par' dir='ltr' id='par_1_9' title="bbox 237 922 1878 995">
     <span class='ocr_line' id='line_1_9' title="bbox 237 922 1878 995; baseline 0.002 -20"><span class='ocrx_word' id='word_1_60' title='bbox 237 940 293 977; x_wconf 62' lang='grc' dir='ltr'>ιη</span> <span class='ocrx_word' id='word_1_61' title='bbox 324 938 481 977; x_wconf 79' lang='lat' dir='ltr'>voms</span> <span class='ocrx_word' id='word_1_62' title='bbox 512 938 883 988; x_wconf 74' lang='lat' dir='ltr'>ABL‘NDANTER,</span> <span class='ocrx_word' id='word_1_63' title='bbox 922 925 983 975; x_wconf 93' lang='lat' dir='ltr'>ut</span> <span class='ocrx_word' id='word_1_64' title='bbox 1022 922 1131 976; x_wconf 91' lang='lat' dir='ltr'>hoc</span> <span class='ocrx_word' id='word_1_65' title='bbox 1170 922 1324 992; x_wconf 90' lang='lat' dir='ltr'>quod</span> <span class='ocrx_word' id='word_1_66' title='bbox 1360 923 1676 993; x_wconf 86' lang='lat' dir='ltr'>intelligitis</span> <span class='ocrx_word' id='word_1_67' title='bbox 1707 941 1878 995; x_wconf 88' lang='lat' dir='ltr'>opere</span> 
     </span>
    </p>
   </div>
   <div class='ocr_carea' id='block_1_10' title="bbox 236 1015 1878 1087">
    <p class='ocr_par' dir='ltr' id='par_1_10' title="bbox 236 1015 1878 1087">
     <span class='ocr_line' id='line_1_10' title="bbox 236 1015 1878 1087; baseline -0.001 -16"><span class='ocrx_word' id='word_1_68' title='bbox 236 1016 598 1087; x_wconf 87' lang='lat' dir='ltr'>compleatis.</span> <span class='ocrx_word' id='word_1_69' title='bbox 617 1015 996 1069; x_wconf 83' lang='lat' dir='ltr'>Abundanter</span> <span class='ocrx_word' id='word_1_70' title='bbox 1017 1016 1169 1068; x_wconf 89' lang='lat' dir='ltr'>enim</span> <span class='ocrx_word' id='word_1_71' title='bbox 1194 1016 1251 1069; x_wconf 91' lang='lat' dir='ltr'>in</span> <span class='ocrx_word' id='word_1_72' title='bbox 1275 1017 1549 1086; x_wconf 89' lang='lat' dir='ltr'>quolibet,</span> <span class='ocrx_word' id='word_1_73' title='bbox 1574 1034 1702 1071; x_wconf 90' lang='lat' dir='ltr'>cum</span> <span class='ocrx_word' id='word_1_74' title='bbox 1724 1021 1878 1071; x_wconf 90' lang='lat' dir='ltr'>recte</span> 
     </span>
    </p>
   </div>
   <div class='ocr_carea' id='block_1_11' title="bbox 237 1108 1877 1180">
    <p class='ocr_par' dir='ltr' id='par_1_11' title="bbox 237 1108 1877 1180">
     <span class='ocr_line' id='line_1_11' title="bbox 237 1108 1877 1180; baseline 0.001 -17"><span class='ocrx_word' id='word_1_75' title='bbox 237 1109 533 1180; x_wconf 81' lang='lat' dir='ltr'>intelligit,</span> <span class='ocrx_word' id='word_1_76' title='bbox 568 1113 625 1162; x_wconf 88' lang='lat' dir='ltr'>et</span> <span class='ocrx_word' id='word_1_77' title='bbox 662 1124 834 1179; x_wconf 88' lang='lat' dir='ltr'>opere</span> <span class='ocrx_word' id='word_1_78' title='bbox 872 1108 1100 1179; x_wconf 87' lang='lat' dir='ltr'>implet;</span> <span class='ocrx_word' id='word_1_79' title='bbox 1152 1110 1707 1179; x_wconf 88' lang='lat' dir='ltr'>superabundanter,</span> <span class='ocrx_word' id='word_1_80' title='bbox 1748 1128 1877 1165; x_wconf 90' lang='lat' dir='ltr'>cum</span> 
     </span>
    </p>
   </div>
   <div class='ocr_carea' id='block_1_12' title="bbox 239 1202 1881 1273">
    <p class='ocr_par' dir='ltr' id='par_1_12' title="bbox 239 1202 1881 1273">
     <span class='ocr_line' id='line_1_12' title="bbox 239 1202 1881 1273; baseline 0 -15"><span class='ocrx_word' id='word_1_81' title='bbox 239 1204 371 1258; x_wconf 86' lang='lat' dir='ltr'>aliis</span> <span class='ocrx_word' id='word_1_82' title='bbox 399 1206 619 1272; x_wconf 79' lang='lat' dir='ltr'>erogat.</span> <span class='ocrx_word' id='word_1_83' title='bbox 646 1204 885 1273; x_wconf 81' lang='lat' dir='ltr'>PrOpter</span> <span class='ocrx_word' id='word_1_84' title='bbox 912 1202 1047 1255; x_wconf 90' lang='lat' dir='ltr'>illud</span> <span class='ocrx_word' id='word_1_85' title='bbox 1079 1203 1233 1273; x_wconf 91' lang='lat' dir='ltr'>quod</span> <span class='ocrx_word' id='word_1_86' title='bbox 1263 1204 1537 1257; x_wconf 82' lang='lat' dir='ltr'>Dominus</span> <span class='ocrx_word' id='word_1_87' title='bbox 1558 1204 1691 1257; x_wconf 85' lang='lat' dir='ltr'>dicit</span> <span class='ocrx_word' id='word_1_88' title='bbox 1715 1222 1727 1258; x_wconf 89' lang='lat'><strong>:</strong></span> <span class='ocrx_word' id='word_1_89' title='bbox 1752 1206 1881 1271; x_wconf 83' lang='lat' dir='ltr'>Quis</span> 
     </span>
    </p>
   </div>
   <div class='ocr_carea' id='block_1_13' title="bbox 236 1297 1882 1367">
    <p class='ocr_par' dir='ltr' id='par_1_13' title="bbox 236 1297 1882 1367">
     <span class='ocr_line' id='line_1_13' title="bbox 236 1297 1882 1367; baseline 0.002 -18"><span class='ocrx_word' id='word_1_90' title='bbox 236 1303 408 1367; x_wconf 75' lang='lat' dir='ltr'>putas</span> <span class='ocrx_word' id='word_1_91' title='bbox 436 1302 515 1351; x_wconf 88' lang='lat' dir='ltr'>est</span> <span class='ocrx_word' id='word_1_92' title='bbox 539 1297 714 1366; x_wconf 84' lang='lat' dir='ltr'>ﬁdelis</span> <span class='ocrx_word' id='word_1_93' title='bbox 742 1298 1082 1366; x_wconf 66' lang='lat' dir='ltr'>dispensator</span> <span class='ocrx_word' id='word_1_94' title='bbox 1102 1302 1151 1350; x_wconf 85' lang='lat' dir='ltr'>et</span> <span class='ocrx_word' id='word_1_95' title='bbox 1168 1299 1407 1366; x_wconf 79' lang='lat' dir='ltr'>prudens</span> <span class='ocrx_word' id='word_1_96' title='bbox 1434 1314 1589 1367; x_wconf 87' lang='lat' dir='ltr'>quem</span> <span class='ocrx_word' id='word_1_97' title='bbox 1607 1302 1882 1353; x_wconf 76' lang='lat' dir='ltr'>constituit</span> 
     </span>
    </p>
   </div>
   <div class='ocr_carea' id='block_1_14' title="bbox 240 1391 1883 1459">
    <p class='ocr_par' dir='ltr' id='par_1_14' title="bbox 240 1391 1883 1459">
     <span class='ocr_line' id='line_1_14' title="bbox 240 1391 1883 1459; baseline 0.001 -14"><span class='ocrx_word' id='word_1_98' title='bbox 240 1394 500 1445; x_wconf 79' lang='lat' dir='ltr'>Dominus</span> <span class='ocrx_word' id='word_1_99' title='bbox 537 1406 700 1459; x_wconf 85' lang='lat' dir='ltr'>super</span> <span class='ocrx_word' id='word_1_100' title='bbox 730 1391 1010 1457; x_wconf 71' lang='lat' dir='ltr'>familiam</span> <span class='ocrx_word' id='word_1_101' title='bbox 1053 1393 1254 1444; x_wconf 86' lang='lat' dir='ltr'>suam?</span> <span class='ocrx_word' id='word_1_102' title='bbox 1296 1392 1361 1444; x_wconf 86' lang='lat' dir='ltr'>Et</span> <span class='ocrx_word' id='word_1_103' title='bbox 1406 1391 1611 1445; x_wconf 82' lang='lat' dir='ltr'>iterum</span> <span class='ocrx_word' id='word_1_104' title='bbox 1649 1409 1660 1445; x_wconf 91' lang='lat'><strong>:</strong></span> <span class='ocrx_word' id='word_1_105' title='bbox 1698 1392 1883 1446; x_wconf 88' lang='lat' dir='ltr'>Omnis</span> 
     </span>
    </p>
   </div>
   <div class='ocr_carea' id='block_1_15' title="bbox 240 1484 1877 1555">
    <p class='ocr_par' dir='ltr' id='par_1_15' title="bbox 240 1484 1877 1555">
     <span class='ocr_line' id='line_1_15' title="bbox 240 1484 1877 1555; baseline -0.001 -16"><span class='ocrx_word' id='word_1_106' title='bbox 240 1485 423 1539; x_wconf 80' lang='lat' dir='ltr'>scriba</span> <span class='ocrx_word' id='word_1_107' title='bbox 453 1484 639 1537; x_wconf 87' lang='lat' dir='ltr'>doctus</span> <span class='ocrx_word' id='word_1_108' title='bbox 668 1485 723 1536; x_wconf 90' lang='lat' dir='ltr'>in</span> <span class='ocrx_word' id='word_1_109' title='bbox 751 1500 913 1551; x_wconf 81' lang='lat' dir='ltr'>regno</span> <span class='ocrx_word' id='word_1_110' title='bbox 940 1486 1207 1546; x_wconf 74' lang='lat' dir='ltr'>calorum,</span> <span class='ocrx_word' id='word_1_111' title='bbox 1234 1486 1427 1538; x_wconf 81' lang='lat' dir='ltr'>similis</span> <span class='ocrx_word' id='word_1_112' title='bbox 1452 1490 1530 1538; x_wconf 88' lang='lat' dir='ltr'>est</span> <span class='ocrx_word' id='word_1_113' title='bbox 1558 1486 1759 1539; x_wconf 82' lang='lat' dir='ltr'>homini</span> <span class='ocrx_word' id='word_1_114' title='bbox 1774 1503 1877 1555; x_wconf 88' lang='lat' dir='ltr'>pa-</span> 
     </span>
    </p>
   </div>
   <div class='ocr_carea' id='block_1_16' title="bbox 245 1578 1876 1646">
    <p class='ocr_par' dir='ltr' id='par_1_16' title="bbox 245 1578 1876 1646">
     <span class='ocr_line' id='line_1_16' title="bbox 245 1578 1876 1646; baseline 0.001 -15"><span class='ocrx_word' id='word_1_115' title='bbox 245 1578 592 1644; x_wconf 82' lang='lat' dir='ltr'>trifamilias,</span> <span class='ocrx_word' id='word_1_116' title='bbox 615 1579 710 1646; x_wconf 86' lang='lat' dir='ltr'>qui</span> <span class='ocrx_word' id='word_1_117' title='bbox 732 1579 946 1646; x_wconf 79' lang='lat' dir='ltr'>profert</span> <span class='ocrx_word' id='word_1_118' title='bbox 964 1579 1029 1631; x_wconf 80' lang='lat' dir='ltr'>de</span> <span class='ocrx_word' id='word_1_119' title='bbox 1053 1579 1302 1631; x_wconf 82' lang='lat' dir='ltr'>thesauro</span> <span class='ocrx_word' id='word_1_120' title='bbox 1328 1594 1423 1631; x_wconf 91' lang='lat' dir='ltr'>suo</span> <span class='ocrx_word' id='word_1_121' title='bbox 1446 1595 1583 1631; x_wconf 85' lang='lat' dir='ltr'>nova</span> <span class='ocrx_word' id='word_1_122' title='bbox 1609 1583 1658 1632; x_wconf 91' lang='lat' dir='ltr'>et</span> <span class='ocrx_word' id='word_1_123' title='bbox 1678 1584 1876 1633; x_wconf 75' lang='lat' dir='ltr'>cetera.</span> 
     </span>
    </p>
   </div>
   <div class='ocr_carea' id='block_1_17' title="bbox 243 1669 1881 1736">
    <p class='ocr_par' dir='ltr' id='par_1_17' title="bbox 243 1669 1881 1736">
     <span class='ocr_line' id='line_1_17' title="bbox 243 1669 1881 1736; baseline 0.001 -11"><span class='ocrx_word' id='word_1_124' title='bbox 243 1674 303 1725; x_wconf 62' lang='grc' dir='ltr'>ιτς</span> <span class='ocrx_word' id='word_1_125' title='bbox 337 1687 471 1725; x_wconf 71' lang='lat' dir='ltr'>cum</span> <span class='ocrx_word' id='word_1_126' title='bbox 503 1686 804 1736; x_wconf 58' lang='lat' dir='ltr'>summu,</span> <span class='ocrx_word' id='word_1_127' title='bbox 836 1669 893 1723; x_wconf 92' lang='lat' dir='ltr'>id</span> <span class='ocrx_word' id='word_1_128' title='bbox 930 1674 1011 1723; x_wconf 90' lang='lat' dir='ltr'>est</span> <span class='ocrx_word' id='word_1_129' title='bbox 1044 1670 1100 1723; x_wconf 92' lang='lat' dir='ltr'>in</span> <span class='ocrx_word' id='word_1_130' title='bbox 1133 1671 1319 1724; x_wconf 89' lang='lat' dir='ltr'>Veteri</span> <span class='ocrx_word' id='word_1_131' title='bbox 1348 1675 1404 1725; x_wconf 88' lang='lat' dir='ltr'>et</span> <span class='ocrx_word' id='word_1_132' title='bbox 1432 1671 1489 1724; x_wconf 90' lang='lat' dir='ltr'>iu</span> <span class='ocrx_word' id='word_1_133' title='bbox 1524 1673 1669 1725; x_wconf 76' lang='lat' dir='ltr'>Novo</span> <span class='ocrx_word' id='word_1_134' title='bbox 1699 1673 1881 1727; x_wconf 89' lang='lat' dir='ltr'>Testa-</span> 
     </span>
    </p>
   </div>
   <div class='ocr_carea' id='block_1_18' title="bbox 249 1763 1883 1834">
    <p class='ocr_par' dir='ltr' id='par_1_18' title="bbox 249 1763 1883 1834">
     <span class='ocr_line' id='line_1_18' title="bbox 249 1763 1883 1834; baseline 0.001 -16"><span class='ocrx_word' id='word_1_135' title='bbox 249 1769 468 1818; x_wconf 91' lang='lat' dir='ltr'>mento.</span> <span class='ocrx_word' id='word_1_136' title='bbox 498 1763 607 1828; x_wconf 86' lang='lat' dir='ltr'>Qui</span> <span class='ocrx_word' id='word_1_137' title='bbox 646 1764 801 1817; x_wconf 92' lang='lat' dir='ltr'>enim</span> <span class='ocrx_word' id='word_1_138' title='bbox 847 1763 1050 1834; x_wconf 81' lang='lat' dir='ltr'>recipit</span> <span class='ocrx_word' id='word_1_139' title='bbox 1089 1765 1307 1818; x_wconf 87' lang='lat' dir='ltr'>Novum</span> <span class='ocrx_word' id='word_1_140' title='bbox 1338 1766 1791 1833; x_wconf 83' lang='lat' dir='ltr'>Testamentum,</span> <span class='ocrx_word' id='word_1_141' title='bbox 1825 1769 1883 1820; x_wconf 89' lang='lat' dir='ltr'>et</span> 
     </span>
    </p>
   </div>
   <div class='ocr_carea' id='block_1_19' title="bbox 1978 551 3611 623">
    <p class='ocr_par' dir='ltr' id='par_1_19' title="bbox 1978 551 3611 623">
     <span class='ocr_line' id='line_1_19' title="bbox 1978 551 3611 623; baseline 0.002 -19"><span class='ocrx_word' id='word_1_142' title='bbox 1978 554 2035 604; x_wconf 89' lang='lat' dir='ltr'>in</span> <span class='ocrx_word' id='word_1_143' title='bbox 2054 554 2203 605; x_wconf 86' lang='lat' dir='ltr'>omni</span> <span class='ocrx_word' id='word_1_144' title='bbox 2218 554 2509 622; x_wconf 84' lang='lat' dir='ltr'>sapientia,</span> <span class='ocrx_word' id='word_1_145' title='bbox 2530 551 2587 605; x_wconf 90' lang='lat' dir='ltr'>in</span> <span class='ocrx_word' id='word_1_146' title='bbox 2616 551 2807 606; x_wconf 83' lang='lat' dir='ltr'>littera</span> <span class='ocrx_word' id='word_1_147' title='bbox 2832 555 2890 606; x_wconf 89' lang='lat' dir='ltr'>et</span> <span class='ocrx_word' id='word_1_148' title='bbox 2916 552 3207 606; x_wconf 89' lang='lat' dir='ltr'>intellectu</span> <span class='ocrx_word' id='word_1_149' title='bbox 3229 552 3529 623; x_wconf 85' lang='lat' dir='ltr'>spirituali,</span> <span class='ocrx_word' id='word_1_150' title='bbox 3553 552 3611 608; x_wconf 88' lang='lat' dir='ltr'>in</span> 
     </span>
    </p>
   </div>
   <div class='ocr_carea' id='block_1_20' title="bbox 1980 644 3611 716">
    <p class='ocr_par' dir='ltr' id='par_1_20' title="bbox 1980 644 3611 716">
     <span class='ocr_line' id='line_1_20' title="bbox 1980 644 3611 716; baseline 0.002 -19"><span class='ocrx_word' id='word_1_151' title='bbox 1980 644 2256 714; x_wconf 77' lang='lat' dir='ltr'>allegoria</span> <span class='ocrx_word' id='word_1_152' title='bbox 2301 649 2361 697; x_wconf 90' lang='lat' dir='ltr'>ut</span> <span class='ocrx_word' id='word_1_153' title='bbox 2408 646 2515 699; x_wconf 89' lang='lat' dir='ltr'>hoc</span> <span class='ocrx_word' id='word_1_154' title='bbox 2561 645 2717 716; x_wconf 89' lang='lat' dir='ltr'>quod</span> <span class='ocrx_word' id='word_1_155' title='bbox 2747 645 2888 715; x_wconf 89' lang='lat' dir='ltr'>legit</span> <span class='ocrx_word' id='word_1_156' title='bbox 2918 645 3290 716; x_wconf 86' lang='lat' dir='ltr'>spiritualiter</span> <span class='ocrx_word' id='word_1_157' title='bbox 3333 645 3611 701; x_wconf 82' lang='lat' dir='ltr'>disserere</span> 
     </span>
    </p>
   </div>
   <div class='ocr_carea' id='block_1_21' title="bbox 1979 738 3612 807">
    <p class='ocr_par' dir='ltr' id='par_1_21' title="bbox 1979 738 3612 807">
     <span class='ocr_line' id='line_1_21' title="bbox 1979 738 3612 807; baseline 0.002 -18"><span class='ocrx_word' id='word_1_158' title='bbox 1979 738 2182 791; x_wconf 84' lang='lat' dir='ltr'>valeat.</span> <span class='ocrx_word' id='word_1_159' title='bbox 2224 740 2505 793; x_wconf 65' lang='lat' dir='ltr'>Docsnrcs</span> <span class='ocrx_word' id='word_1_160' title='bbox 2554 755 2616 793; x_wconf 77' lang='grc' dir='ltr'>ετ</span> <span class='ocrx_word' id='word_1_161' title='bbox 2657 754 3072 794; x_wconf 72' lang='lat' dir='ltr'>COMMONENTES.</span> <span class='ocrx_word' id='word_1_162' title='bbox 3121 740 3400 793; x_wconf 88' lang='lat' dir='ltr'>Docentes</span> <span class='ocrx_word' id='word_1_163' title='bbox 3450 739 3612 807; x_wconf 87' lang='lat' dir='ltr'>alios,</span> 
     </span>
    </p>
   </div>
   <div class='ocr_carea' id='block_1_22' title="bbox 1980 832 3612 903">
    <p class='ocr_par' dir='ltr' id='par_1_22' title="bbox 1980 832 3612 903">
     <span class='ocr_line' id='line_1_22' title="bbox 1980 832 3612 903; baseline 0.002 -19"><span class='ocrx_word' id='word_1_164' title='bbox 1980 835 2416 885; x_wconf 88' lang='lat' dir='ltr'>commonentes</span> <span class='ocrx_word' id='word_1_165' title='bbox 2447 832 2839 903; x_wconf 84' lang='lat' dir='ltr'>vosmetipsos.</span> <span class='ocrx_word' id='word_1_166' title='bbox 2886 832 2945 885; x_wconf 92' lang='lat' dir='ltr'>Id</span> <span class='ocrx_word' id='word_1_167' title='bbox 2974 832 3161 902; x_wconf 89' lang='lat' dir='ltr'>ipsum</span> <span class='ocrx_word' id='word_1_168' title='bbox 3189 836 3274 886; x_wconf 89' lang='lat' dir='ltr'>est</span> <span class='ocrx_word' id='word_1_169' title='bbox 3302 833 3459 903; x_wconf 89' lang='lat' dir='ltr'>quod</span> <span class='ocrx_word' id='word_1_170' title='bbox 3490 832 3612 887; x_wconf 85' lang='lat' dir='ltr'>aliis</span> 
     </span>
    </p>
   </div>
   <div class='ocr_carea' id='block_1_23' title="bbox 1981 923 3616 995">
    <p class='ocr_par' dir='ltr' id='par_1_23' title="bbox 1981 923 3616 995">
     <span class='ocr_line' id='line_1_23' title="bbox 1981 923 3616 995; baseline 0.003 -19"><span class='ocrx_word' id='word_1_171' title='bbox 1981 923 2269 994; x_wconf 89' lang='lat' dir='ltr'>discipulis</span> <span class='ocrx_word' id='word_1_172' title='bbox 2300 924 2439 977; x_wconf 89' lang='lat' dir='ltr'>dicit</span> <span class='ocrx_word' id='word_1_173' title='bbox 2462 941 2473 978; x_wconf 88' lang='lat'><strong>:</strong></span> <span class='ocrx_word' id='word_1_174' title='bbox 2508 925 2613 989; x_wconf 85' lang='lat' dir='ltr'>Qui</span> <span class='ocrx_word' id='word_1_175' title='bbox 2637 926 2787 979; x_wconf 85' lang='lat' dir='ltr'>docet</span> <span class='ocrx_word' id='word_1_176' title='bbox 2814 928 2870 979; x_wconf 88' lang='lat' dir='ltr'>in</span> <span class='ocrx_word' id='word_1_177' title='bbox 2894 926 3161 988; x_wconf 84' lang='lat' dir='ltr'>doctrina,</span> <span class='ocrx_word' id='word_1_178' title='bbox 3184 928 3281 995; x_wconf 87' lang='lat' dir='ltr'>qui</span> <span class='ocrx_word' id='word_1_179' title='bbox 3299 928 3616 981; x_wconf 72' lang='lat' dir='ltr'>emhortatur</span> 
     </span>
    </p>
   </div>
   <div class='ocr_carea' id='block_1_24' title="bbox 1981 1017 3611 1088">
    <p class='ocr_par' dir='ltr' id='par_1_24' title="bbox 1981 1017 3611 1088">
     <span class='ocr_line' id='line_1_24' title="bbox 1981 1017 3611 1088; baseline 0.002 -18"><span class='ocrx_word' id='word_1_180' title='bbox 1981 1019 2038 1071; x_wconf 87' lang='lat' dir='ltr'>in</span> <span class='ocrx_word' id='word_1_181' title='bbox 2064 1018 2416 1071; x_wconf 68' lang='lat' dir='ltr'>emhortando.</span> <span class='ocrx_word' id='word_1_182' title='bbox 2454 1017 2619 1081; x_wconf 89' lang='lat' dir='ltr'>Quod</span> <span class='ocrx_word' id='word_1_183' title='bbox 2648 1017 2727 1071; x_wconf 90' lang='lat' dir='ltr'>ibi</span> <span class='ocrx_word' id='word_1_184' title='bbox 2759 1018 2913 1085; x_wconf 85' lang='lat' dir='ltr'>dicit,</span> <span class='ocrx_word' id='word_1_185' title='bbox 2945 1021 3044 1088; x_wconf 87' lang='lat' dir='ltr'>qui</span> <span class='ocrx_word' id='word_1_186' title='bbox 3070 1020 3220 1073; x_wconf 87' lang='lat' dir='ltr'>docet</span> <span class='ocrx_word' id='word_1_187' title='bbox 3256 1022 3314 1073; x_wconf 89' lang='lat' dir='ltr'>in</span> <span class='ocrx_word' id='word_1_188' title='bbox 3339 1021 3611 1083; x_wconf 84' lang='lat' dir='ltr'>doctrina,</span> 
     </span>
    </p>
   </div>
   <div class='ocr_carea' id='block_1_25' title="bbox 1981 1110 3611 1182">
    <p class='ocr_par' dir='ltr' id='par_1_25' title="bbox 1981 1110 3611 1182">
     <span class='ocr_line' id='line_1_25' title="bbox 1981 1110 3611 1182; baseline 0.003 -19"><span class='ocrx_word' id='word_1_189' title='bbox 1981 1111 2088 1164; x_wconf 91' lang='lat' dir='ltr'>hoc</span> <span class='ocrx_word' id='word_1_190' title='bbox 2112 1114 2169 1163; x_wconf 90' lang='lat' dir='ltr'>et</span> <span class='ocrx_word' id='word_1_191' title='bbox 2197 1110 2284 1163; x_wconf 89' lang='lat' dir='ltr'>hic</span> <span class='ocrx_word' id='word_1_192' title='bbox 2308 1110 2445 1164; x_wconf 87' lang='lat' dir='ltr'>dicit</span> <span class='ocrx_word' id='word_1_193' title='bbox 2465 1112 2728 1165; x_wconf 83' lang='lat' dir='ltr'>docentes.</span> <span class='ocrx_word' id='word_1_194' title='bbox 2752 1112 2818 1165; x_wconf 84' lang='lat' dir='ltr'>Et</span> <span class='ocrx_word' id='word_1_195' title='bbox 2846 1111 2999 1181; x_wconf 92' lang='lat' dir='ltr'>quod</span> <span class='ocrx_word' id='word_1_196' title='bbox 3030 1111 3125 1178; x_wconf 91' lang='lat' dir='ltr'>ibi,</span> <span class='ocrx_word' id='word_1_197' title='bbox 3146 1113 3246 1182; x_wconf 85' lang='lat' dir='ltr'>qui</span> <span class='ocrx_word' id='word_1_198' title='bbox 3274 1115 3611 1179; x_wconf 68' lang='lat' dir='ltr'>exhortatur,</span> 
     </span>
    </p>
   </div>
   <div class='ocr_carea' id='block_1_26' title="bbox 1982 1203 3611 1262">
    <p class='ocr_par' dir='ltr' id='par_1_26' title="bbox 1982 1203 3611 1262">
     <span class='ocr_line' id='line_1_26' title="bbox 1982 1203 3611 1262; baseline 0.004 -7"><span class='ocrx_word' id='word_1_199' title='bbox 1982 1204 2089 1255; x_wconf 91' lang='lat' dir='ltr'>hoc</span> <span class='ocrx_word' id='word_1_200' title='bbox 2134 1207 2190 1256; x_wconf 89' lang='lat' dir='ltr'>et</span> <span class='ocrx_word' id='word_1_201' title='bbox 2235 1203 2326 1257; x_wconf 91' lang='lat' dir='ltr'>hic</span> <span class='ocrx_word' id='word_1_202' title='bbox 2368 1209 2754 1258; x_wconf 85' lang='lat' dir='ltr'>commonentes</span> <span class='ocrx_word' id='word_1_203' title='bbox 2800 1220 3184 1260; x_wconf 70' lang='lat' dir='ltr'>vosmm‘wsos.</span> <span class='ocrx_word' id='word_1_204' title='bbox 3228 1206 3389 1260; x_wconf 87' lang='lat' dir='ltr'>Unde</span> <span class='ocrx_word' id='word_1_205' title='bbox 3436 1208 3494 1259; x_wconf 91' lang='lat' dir='ltr'>et</span> <span class='ocrx_word' id='word_1_206' title='bbox 3537 1206 3611 1262; x_wconf 88' lang='lat' dir='ltr'>ad</span> 
     </span>
    </p>
   </div>
   <div class='ocr_carea' id='block_1_27' title="bbox 1978 1296 3606 1370">
    <p class='ocr_par' dir='ltr' id='par_1_27' title="bbox 1978 1296 3606 1370">
     <span class='ocr_line' id='line_1_27' title="bbox 1978 1296 3606 1370; baseline 0.001 -20"><span class='ocrx_word' id='word_1_207' title='bbox 1978 1296 2165 1350; x_wconf 86' lang='lat' dir='ltr'>Titum</span> <span class='ocrx_word' id='word_1_208' title='bbox 2213 1314 2225 1350; x_wconf 92' lang='lat'>:</span> <span class='ocrx_word' id='word_1_209' title='bbox 2273 1300 2394 1352; x_wconf 73' lang='lat' dir='ltr'>Haec</span> <span class='ocrx_word' id='word_1_210' title='bbox 2427 1299 2638 1367; x_wconf 86' lang='lat' dir='ltr'>loquere</span> <span class='ocrx_word' id='word_1_211' title='bbox 2685 1304 2735 1351; x_wconf 91' lang='lat' dir='ltr'>et</span> <span class='ocrx_word' id='word_1_212' title='bbox 2773 1300 3073 1352; x_wconf 63' lang='lat' dir='ltr'>exhortare.</span> <span class='ocrx_word' id='word_1_213' title='bbox 3124 1299 3238 1353; x_wconf 87' lang='lat' dir='ltr'>Sed</span> <span class='ocrx_word' id='word_1_214' title='bbox 3279 1300 3335 1353; x_wconf 89' lang='lat' dir='ltr'>in</span> <span class='ocrx_word' id='word_1_215' title='bbox 3382 1316 3496 1370; x_wconf 88' lang='lat' dir='ltr'>quo</span> <span class='ocrx_word' id='word_1_216' title='bbox 3547 1316 3606 1353; x_wconf 88' lang='lat' dir='ltr'>se</span> 
     </span>
    </p>
   </div>
   <div class='ocr_carea' id='block_1_28' title="bbox 1981 1390 3605 1463">
    <p class='ocr_par' dir='ltr' id='par_1_28' title="bbox 1981 1390 3605 1463">
     <span class='ocr_line' id='line_1_28' title="bbox 1981 1390 3605 1463; baseline 0.001 -20"><span class='ocrx_word' id='word_1_217' title='bbox 1981 1406 2354 1444; x_wconf 89' lang='lat' dir='ltr'>commonere</span> <span class='ocrx_word' id='word_1_218' title='bbox 2388 1390 2689 1456; x_wconf 85' lang='lat' dir='ltr'>deberent,</span> <span class='ocrx_word' id='word_1_219' title='bbox 2722 1391 3018 1445; x_wconf 80' lang='lat' dir='ltr'>evidenter</span> <span class='ocrx_word' id='word_1_220' title='bbox 3046 1392 3273 1463; x_wconf 90' lang='lat' dir='ltr'>aperuit</span> <span class='ocrx_word' id='word_1_221' title='bbox 3311 1409 3439 1446; x_wconf 89' lang='lat' dir='ltr'>cum</span> <span class='ocrx_word' id='word_1_222' title='bbox 3476 1392 3605 1445; x_wconf 86' lang='lat' dir='ltr'>sub—</span> 
     </span>
    </p>
   </div>
   <div class='ocr_carea' id='block_1_29' title="bbox 1974 1484 3610 1555">
    <p class='ocr_par' dir='ltr' id='par_1_29' title="bbox 1974 1484 3610 1555">
     <span class='ocr_line' id='line_1_29' title="bbox 1974 1484 3610 1555; baseline 0.002 -19"><span class='ocrx_word' id='word_1_223' title='bbox 1974 1484 2164 1553; x_wconf 84' lang='lat' dir='ltr'>junxit</span> <span class='ocrx_word' id='word_1_224' title='bbox 2196 1501 2207 1537; x_wconf 89' lang='lat'>:</span> <span class='ocrx_word' id='word_1_225' title='bbox 2238 1486 2293 1538; x_wconf 74' lang='lat' dir='ltr'>liv</span> <span class='ocrx_word' id='word_1_226' title='bbox 2328 1500 2553 1539; x_wconf 77' lang='lat' dir='ltr'>PSALMIS</span> <span class='ocrx_word' id='word_1_227' title='bbox 2596 1502 2659 1539; x_wconf 72' lang='lat' dir='ltr'>nr</span> <span class='ocrx_word' id='word_1_228' title='bbox 2703 1502 2924 1540; x_wconf 73' lang='lat' dir='ltr'>HYMNIS.</span> <span class='ocrx_word' id='word_1_229' title='bbox 2956 1486 3213 1539; x_wconf 87' lang='lat' dir='ltr'>Psalmus</span> <span class='ocrx_word' id='word_1_230' title='bbox 3250 1485 3497 1555; x_wconf 88' lang='lat' dir='ltr'>pertinet</span> <span class='ocrx_word' id='word_1_231' title='bbox 3538 1485 3610 1540; x_wconf 87' lang='lat' dir='ltr'>ad</span> 
     </span>
    </p>
   </div>
   <div class='ocr_carea' id='block_1_30' title="bbox 1981 1577 3609 1647">
    <p class='ocr_par' dir='ltr' id='par_1_30' title="bbox 1981 1577 3609 1647">
     <span class='ocr_line' id='line_1_30' title="bbox 1981 1577 3609 1647; baseline 0.001 -18"><span class='ocrx_word' id='word_1_232' title='bbox 1981 1594 2206 1647; x_wconf 87' lang='lat' dir='ltr'>corpus,</span> <span class='ocrx_word' id='word_1_233' title='bbox 2235 1577 2485 1647; x_wconf 71' lang='lat' dir='ltr'>hymnus</span> <span class='ocrx_word' id='word_1_234' title='bbox 2519 1578 2592 1631; x_wconf 90' lang='lat' dir='ltr'>ad</span> <span class='ocrx_word' id='word_1_235' title='bbox 2631 1586 2907 1641; x_wconf 87' lang='lat' dir='ltr'>mentem,</span> <span class='ocrx_word' id='word_1_236' title='bbox 2941 1578 3227 1631; x_wconf 87' lang='lat' dir='ltr'>canticum</span> <span class='ocrx_word' id='word_1_237' title='bbox 3267 1577 3338 1631; x_wconf 89' lang='lat' dir='ltr'>ad</span> <span class='ocrx_word' id='word_1_238' title='bbox 3381 1578 3609 1632; x_wconf 81' lang='lat' dir='ltr'>fortitu—</span> 
     </span>
    </p>
   </div>
   <div class='ocr_carea' id='block_1_31' title="bbox 1983 1670 2242 1724">
    <p class='ocr_par' dir='ltr' id='par_1_31' title="bbox 1983 1670 2242 1724">
     <span class='ocr_line' id='line_1_31' title="bbox 1983 1670 2242 1724; baseline 0 -1"><span class='ocrx_word' id='word_1_239' title='bbox 1983 1670 2242 1724; x_wconf 88' lang='lat' dir='ltr'>dinem...</span> 
     </span>
    </p>
   </div>
   <div class='ocr_carea' id='block_1_32' title="bbox 247 1924 3607 1955">
    <p class='ocr_par' dir='ltr' id='par_1_32' title="bbox 247 1924 3607 1955">
     <span class='ocr_line' id='line_1_32' title="bbox 247 1924 3607 1955; baseline 0.001 -4"><span class='ocrx_word' id='word_1_240' title='bbox 247 1924 3607 1955; x_wconf 46' lang='grc' dir='ltr'>Ἢ</span> 
     </span>
    </p>
   </div>
   <div class='ocr_carea' id='block_1_33' title="bbox 1786 2075 2090 2196">
    <p class='ocr_par' dir='ltr' id='par_1_33' title="bbox 1786 2075 2090 2196">
     <span class='ocr_line' id='line_1_33' title="bbox 1786 2075 2090 2196; baseline -0.003 0"><span class='ocrx_word' id='word_1_241' title='bbox 1786 2075 2090 2196; x_wconf 84' lang='lat' dir='ltr'>XVI.</span> 
     </span>
    </p>
   </div>
   <div class='ocr_carea' id='block_1_34' title="bbox 246 2261 3619 2347">
    <p class='ocr_par' dir='ltr' id='par_1_34' title="bbox 246 2261 3619 2347">
     <span class='ocr_line' id='line_1_34' title="bbox 246 2261 3619 2347; baseline 0 -21"><span class='ocrx_word' id='word_1_242' title='bbox 246 2261 461 2326; x_wconf 86' lang='lat' dir='ltr'>Lectio</span> <span class='ocrx_word' id='word_1_243' title='bbox 491 2262 796 2343; x_wconf 62' lang='lat' dir='ltr'>Epistolas</span> <span class='ocrx_word' id='word_1_244' title='bbox 825 2264 999 2327; x_wconf 83' lang='lat' dir='ltr'>beati</span> <span class='ocrx_word' id='word_1_245' title='bbox 1030 2264 1213 2329; x_wconf 84' lang='lat' dir='ltr'>Pauli</span> <span class='ocrx_word' id='word_1_246' title='bbox 1243 2265 1524 2346; x_wconf 86' lang='lat' dir='ltr'>apostoli</span> <span class='ocrx_word' id='word_1_247' title='bbox 1556 2266 1637 2327; x_wconf 90' lang='lat' dir='ltr'>ad</span> <span class='ocrx_word' id='word_1_248' title='bbox 1652 2264 1888 2347; x_wconf 82' lang='lat' dir='ltr'>Titum</span> <span class='ocrx_word' id='word_1_249' title='bbox 1918 2266 2006 2343; x_wconf 82' lang='lat'>(11,</span> <span class='ocrx_word' id='word_1_250' title='bbox 2044 2268 2145 2347; x_wconf 71' lang='lat' dir='ltr'>ll)</span> <span class='ocrx_word' id='word_1_251' title='bbox 2180 2287 2193 2326; x_wconf 92' lang='lat'>:</span> <span class='ocrx_word' id='word_1_252' title='bbox 2230 2267 2563 2347; x_wconf 70' lang='lat' dir='ltr'>Apparuit</span> <span class='ocrx_word' id='word_1_253' title='bbox 2586 2268 2809 2346; x_wconf 85' lang='lat' dir='ltr'>gratia</span> <span class='ocrx_word' id='word_1_254' title='bbox 2853 2266 2976 2329; x_wconf 88' lang='lat' dir='ltr'>Dei</span> <span class='ocrx_word' id='word_1_255' title='bbox 3014 2266 3383 2329; x_wconf 76' lang='lat' dir='ltr'>Saluatoris</span> <span class='ocrx_word' id='word_1_256' title='bbox 3409 2267 3619 2328; x_wconf 84' lang='lat' dir='ltr'>nostri</span> 
     </span>
    </p>
   </div>
   <div class='ocr_carea' id='block_1_35' title="bbox 1451 2345 2409 2422">
    <p class='ocr_par' dir='ltr' id='par_1_35' title="bbox 1451 2345 2409 2422">
     <span class='ocr_line' id='line_1_35' title="bbox 1451 2345 2409 2422; baseline -0.001 -15"><span class='ocrx_word' id='word_1_257' title='bbox 1451 2345 1752 2408; x_wconf 80' lang='lat' dir='ltr'>omnibus</span> <span class='ocrx_word' id='word_1_258' title='bbox 1823 2345 2227 2422; x_wconf 72' lang='lat' dir='ltr'>hominibus,</span> <span class='ocrx_word' id='word_1_259' title='bbox 2287 2345 2409 2408; x_wconf 84' lang='lat' dir='ltr'>etc.</span> 
     </span>
    </p>
   </div>
   <div class='ocr_carea' id='block_1_36' title="bbox 1496 2484 2371 2541">
    <p class='ocr_par' dir='ltr' id='par_1_36' title="bbox 1496 2484 2371 2541">
     <span class='ocr_line' id='line_1_36' title="bbox 1496 2484 2371 2541; baseline -0.005 -1"><span class='ocrx_word' id='word_1_260' title='bbox 1496 2484 1911 2541; x_wconf 79' lang='lat' dir='ltr'>COMMENTUM</span> <span class='ocrx_word' id='word_1_261' title='bbox 1950 2484 2371 2539; x_wconf 84' lang='lat' dir='ltr'>LUCULENTI].</span> 
     </span>
    </p>
   </div>
   <div class='ocr_carea' id='block_1_37' title="bbox 311 2610 1872 2683">
    <p class='ocr_par' dir='ltr' id='par_1_37' title="bbox 311 2610 1872 2683">
     <span class='ocr_line' id='line_1_37' title="bbox 311 2610 1872 2683; baseline 0.003 -20"><span class='ocrx_word' id='word_1_262' title='bbox 311 2610 468 2663; x_wconf 84' lang='lat' dir='ltr'>Titus</span> <span class='ocrx_word' id='word_1_263' title='bbox 492 2610 901 2683; x_wconf 81' lang='lat' dir='ltr'>interpretatur</span> <span class='ocrx_word' id='word_1_264' title='bbox 930 2629 1192 2682; x_wconf 55' lang='lat' dir='ltr'>quarens</span> <span class='ocrx_word' id='word_1_265' title='bbox 1218 2612 1437 2666; x_wconf 91' lang='lat' dir='ltr'>bonum</span> <span class='ocrx_word' id='word_1_266' title='bbox 1468 2613 1579 2668; x_wconf 86' lang='lat' dir='ltr'>sive</span> <span class='ocrx_word' id='word_1_267' title='bbox 1610 2614 1872 2669; x_wconf 89' lang='lat' dir='ltr'>luctatus.</span> 
     </span>
    </p>
   </div>
   <div class='ocr_carea' id='block_1_38' title="bbox 240 2704 1876 2776">
    <p class='ocr_par' dir='ltr' id='par_1_38' title="bbox 240 2704 1876 2776">
     <span class='ocr_line' id='line_1_38' title="bbox 240 2704 1876 2776; baseline 0.004 -22"><span class='ocrx_word' id='word_1_268' title='bbox 240 2704 477 2757; x_wconf 75' lang='lat' dir='ltr'>Secutus</span> <span class='ocrx_word' id='word_1_269' title='bbox 522 2708 607 2757; x_wconf 89' lang='lat' dir='ltr'>est</span> <span class='ocrx_word' id='word_1_270' title='bbox 645 2706 884 2759; x_wconf 88' lang='lat' dir='ltr'>Paulum</span> <span class='ocrx_word' id='word_1_271' title='bbox 923 2706 1246 2775; x_wconf 81' lang='lat' dir='ltr'>apostolum</span> <span class='ocrx_word' id='word_1_272' title='bbox 1293 2711 1349 2759; x_wconf 87' lang='lat' dir='ltr'>et</span> <span class='ocrx_word' id='word_1_273' title='bbox 1398 2710 1587 2776; x_wconf 85' lang='lat' dir='ltr'>pastor</span> <span class='ocrx_word' id='word_1_274' title='bbox 1626 2708 1876 2760; x_wconf 65' lang='lat' dir='ltr'>ecclesiae</span> 
     </span>
    </p>
   </div>
   <div class='ocr_carea' id='block_1_39' title="bbox 240 2797 1874 2867">
    <p class='ocr_par' dir='ltr' id='par_1_39' title="bbox 240 2797 1874 2867">
     <span class='ocr_line' id='line_1_39' title="bbox 240 2797 1874 2867; baseline 0.004 -20"><span class='ocrx_word' id='word_1_275' title='bbox 240 2797 356 2850; x_wconf 66' lang='lat' dir='ltr'>sive</span> <span class='ocrx_word' id='word_1_276' title='bbox 390 2798 667 2867; x_wconf 75' lang='lat' dir='ltr'>magister</span> <span class='ocrx_word' id='word_1_277' title='bbox 693 2799 762 2852; x_wconf 83' lang='lat' dir='ltr'>ab</span> <span class='ocrx_word' id='word_1_278' title='bbox 792 2799 999 2853; x_wconf 88' lang='lat' dir='ltr'>eodem</span> <span class='ocrx_word' id='word_1_279' title='bbox 1031 2799 1365 2855; x_wconf 86' lang='lat' dir='ltr'>constitutus</span> <span class='ocrx_word' id='word_1_280' title='bbox 1393 2805 1495 2866; x_wconf 88' lang='lat' dir='ltr'>est,</span> <span class='ocrx_word' id='word_1_281' title='bbox 1530 2817 1660 2853; x_wconf 91' lang='lat' dir='ltr'>cum</span> <span class='ocrx_word' id='word_1_282' title='bbox 1695 2800 1833 2853; x_wconf 88' lang='lat' dir='ltr'>dicit</span> <span class='ocrx_word' id='word_1_283' title='bbox 1862 2819 1874 2854; x_wconf 90' lang='lat'><strong>:</strong></span> 
     </span>
    </p>
   </div>
   <div class='ocr_carea' id='block_1_40' title="bbox 242 2893 1875 2963">
    <p class='ocr_par' dir='ltr' id='par_1_40' title="bbox 242 2893 1875 2963">
     <span class='ocr_line' id='line_1_40' title="bbox 242 2893 1875 2963; baseline 0.002 -18"><span class='ocrx_word' id='word_1_284' title='bbox 242 2893 424 2960; x_wconf 85' lang='lat' dir='ltr'>Hujus</span> <span class='ocrx_word' id='word_1_285' title='bbox 456 2895 537 2945; x_wconf 81' lang='lat' dir='ltr'>rei</span> <span class='ocrx_word' id='word_1_286' title='bbox 561 2896 741 2960; x_wconf 89' lang='lat' dir='ltr'>gratia</span> <span class='ocrx_word' id='word_1_287' title='bbox 774 2894 971 2962; x_wconf 51' lang='lat' dir='ltr'>reliqui</span> <span class='ocrx_word' id='word_1_288' title='bbox 992 2899 1038 2948; x_wconf 85' lang='lat' dir='ltr'>te</span> <span class='ocrx_word' id='word_1_289' title='bbox 1060 2896 1228 2949; x_wconf 74' lang='lat' dir='ltr'>Creta:</span> <span class='ocrx_word' id='word_1_290' title='bbox 1254 2900 1313 2948; x_wconf 91' lang='lat' dir='ltr'>ut</span> <span class='ocrx_word' id='word_1_291' title='bbox 1340 2911 1458 2963; x_wconf 71' lang='lat' dir='ltr'>qua:</span> <span class='ocrx_word' id='word_1_292' title='bbox 1487 2896 1681 2949; x_wconf 86' lang='lat' dir='ltr'>desunt</span> <span class='ocrx_word' id='word_1_293' title='bbox 1706 2898 1875 2949; x_wconf 85' lang='lat' dir='ltr'>corri-</span> 
     </span>
    </p>
   </div>
   <div class='ocr_carea' id='block_1_41' title="bbox 237 2989 1879 3057">
    <p class='ocr_par' dir='ltr' id='par_1_41' title="bbox 237 2989 1879 3057">
     <span class='ocr_line' id='line_1_41' title="bbox 237 2989 1879 3057; baseline 0.002 -19"><span class='ocrx_word' id='word_1_294' title='bbox 237 3000 335 3053; x_wconf 87' lang='lat' dir='ltr'>gas</span> <span class='ocrx_word' id='word_1_295' title='bbox 363 2992 412 3039; x_wconf 79' lang='lat' dir='ltr'>et</span> <span class='ocrx_word' id='word_1_296' title='bbox 438 2989 733 3040; x_wconf 80' lang='lat' dir='ltr'>constituas</span> <span class='ocrx_word' id='word_1_297' title='bbox 760 2990 1028 3056; x_wconf 78' lang='lat' dir='ltr'>episcopos</span> <span class='ocrx_word' id='word_1_298' title='bbox 1056 3004 1154 3057; x_wconf 86' lang='lat' dir='ltr'>per</span> <span class='ocrx_word' id='word_1_299' title='bbox 1180 2991 1446 3050; x_wconf 75' lang='lat' dir='ltr'>civitates,</span> <span class='ocrx_word' id='word_1_300' title='bbox 1486 2991 1623 3042; x_wconf 81' lang='lat' dir='ltr'>sicut</span> <span class='ocrx_word' id='word_1_301' title='bbox 1655 3005 1747 3057; x_wconf 85' lang='lat' dir='ltr'>ego</span> <span class='ocrx_word' id='word_1_302' title='bbox 1782 2990 1879 3043; x_wconf 81' lang='lat' dir='ltr'>tibi</span> 
     </span>
    </p>
   </div>
   <div class='ocr_carea' id='block_1_42' title="bbox 238 3078 1874 3152">
    <p class='ocr_par' dir='ltr' id='par_1_42' title="bbox 238 3078 1874 3152">
     <span class='ocr_line' id='line_1_42' title="bbox 238 3078 1874 3152; baseline 0.004 -23"><span class='ocrx_word' id='word_1_303' title='bbox 238 3079 501 3149; x_wconf 72' lang='lat' dir='ltr'>disposui.</span> <span class='ocrx_word' id='word_1_304' title='bbox 531 3078 727 3133; x_wconf 89' lang='lat' dir='ltr'>Omnis</span> <span class='ocrx_word' id='word_1_305' title='bbox 749 3080 846 3150; x_wconf 87' lang='lat' dir='ltr'>qui</span> <span class='ocrx_word' id='word_1_306' title='bbox 868 3081 1083 3134; x_wconf 87' lang='lat' dir='ltr'>bonum</span> <span class='ocrx_word' id='word_1_307' title='bbox 1114 3082 1338 3152; x_wconf 65' lang='lat' dir='ltr'>quaerit,</span> <span class='ocrx_word' id='word_1_308' title='bbox 1370 3081 1423 3135; x_wconf 89' lang='lat' dir='ltr'>id</span> <span class='ocrx_word' id='word_1_309' title='bbox 1457 3086 1540 3136; x_wconf 82' lang='lat' dir='ltr'>est</span> <span class='ocrx_word' id='word_1_310' title='bbox 1566 3081 1874 3136; x_wconf 87' lang='lat' dir='ltr'>Dominum</span> 
     </span>
    </p>
   </div>
   <div class='ocr_carea' id='block_1_43' title="bbox 236 3172 1878 3245">
    <p class='ocr_par' dir='ltr' id='par_1_43' title="bbox 236 3172 1878 3245">
     <span class='ocr_line' id='line_1_43' title="bbox 236 3172 1878 3245; baseline 0.004 -21"><span class='ocrx_word' id='word_1_311' title='bbox 236 3190 299 3225; x_wconf 88' lang='lat' dir='ltr'>ac</span> <span class='ocrx_word' id='word_1_312' title='bbox 344 3172 524 3226; x_wconf 84' lang='lat' dir='ltr'>vitam</span> <span class='ocrx_word' id='word_1_313' title='bbox 571 3176 869 3243; x_wconf 84' lang='lat' dir='ltr'>aeternam,</span> <span class='ocrx_word' id='word_1_314' title='bbox 918 3175 1229 3245; x_wconf 86' lang='lat' dir='ltr'>Epistolam</span> <span class='ocrx_word' id='word_1_315' title='bbox 1278 3176 1425 3229; x_wconf 86' lang='lat' dir='ltr'>hanc</span> <span class='ocrx_word' id='word_1_316' title='bbox 1463 3176 1534 3229; x_wconf 90' lang='lat' dir='ltr'>ad</span> <span class='ocrx_word' id='word_1_317' title='bbox 1573 3193 1631 3229; x_wconf 90' lang='lat' dir='ltr'>se</span> <span class='ocrx_word' id='word_1_318' title='bbox 1680 3181 1878 3231; x_wconf 82' lang='lat' dir='ltr'>noscat</span> 
     </span>
    </p>
   </div>
   <div class='ocr_carea' id='block_1_44' title="bbox 237 3266 1875 3339">
    <p class='ocr_par' dir='ltr' id='par_1_44' title="bbox 237 3266 1875 3339">
     <span class='ocr_line' id='line_1_44' title="bbox 237 3266 1875 3339; baseline 0.002 -20"><span class='ocrx_word' id='word_1_319' title='bbox 237 3266 645 3335; x_wconf 85' lang='lat' dir='ltr'>conscriptam,</span> <span class='ocrx_word' id='word_1_320' title='bbox 660 3285 765 3337; x_wconf 89' lang='lat' dir='ltr'>per</span> <span class='ocrx_word' id='word_1_321' title='bbox 781 3285 959 3338; x_wconf 87' lang='lat' dir='ltr'>quam</span> <span class='ocrx_word' id='word_1_322' title='bbox 977 3268 1290 3323; x_wconf 88' lang='lat' dir='ltr'>erudiatur.</span> <span class='ocrx_word' id='word_1_323' title='bbox 1308 3269 1613 3339; x_wconf 87' lang='lat' dir='ltr'>Dupliciter</span> <span class='ocrx_word' id='word_1_324' title='bbox 1630 3270 1875 3339; x_wconf 87' lang='lat' dir='ltr'>intelligi</span> 
     </span>
    </p>
   </div>
   <div class='ocr_carea' id='block_1_45' title="bbox 239 3361 1874 3430">
    <p class='ocr_par' dir='ltr' id='par_1_45' title="bbox 239 3361 1874 3430">
     <span class='ocr_line' id='line_1_45' title="bbox 239 3361 1874 3430; baseline 0.001 -16"><span class='ocrx_word' id='word_1_325' title='bbox 239 3364 427 3430; x_wconf 82' lang='lat' dir='ltr'>potest</span> <span class='ocrx_word' id='word_1_326' title='bbox 458 3361 611 3430; x_wconf 89' lang='lat' dir='ltr'>quod</span> <span class='ocrx_word' id='word_1_327' title='bbox 647 3362 801 3415; x_wconf 89' lang='lat' dir='ltr'>dicit.</span> <span class='ocrx_word' id='word_1_328' title='bbox 834 3365 1116 3417; x_wconf 68' lang='lat' dir='ltr'>Arrmnr</span> <span class='ocrx_word' id='word_1_329' title='bbox 1145 3380 1341 3417; x_wconf 54' lang='lat' dir='ltr'>enarra</span> <span class='ocrx_word' id='word_1_330' title='bbox 1372 3363 1735 3429; x_wconf 71' lang='lat' dir='ltr'>SALVATORIS;</span> <span class='ocrx_word' id='word_1_331' title='bbox 1768 3365 1874 3417; x_wconf 87' lang='lat' dir='ltr'>hoc</span> 
     </span>
    </p>
   </div>
   <div class='ocr_carea' id='block_1_46' title="bbox 237 3454 1870 3527">
    <p class='ocr_par' dir='ltr' id='par_1_46' title="bbox 237 3454 1870 3527">
     <span class='ocr_line' id='line_1_46' title="bbox 237 3454 1870 3527; baseline 0.003 -20"><span class='ocrx_word' id='word_1_332' title='bbox 237 3459 321 3508; x_wconf 85' lang='lat' dir='ltr'>est</span> <span class='ocrx_word' id='word_1_333' title='bbox 350 3455 437 3507; x_wconf 86' lang='lat' dir='ltr'>vel</span> <span class='ocrx_word' id='word_1_334' title='bbox 472 3454 587 3523; x_wconf 88' lang='lat' dir='ltr'>ipse</span> <span class='ocrx_word' id='word_1_335' title='bbox 614 3455 893 3521; x_wconf 79' lang='lat' dir='ltr'>Salvator,</span> <span class='ocrx_word' id='word_1_336' title='bbox 914 3456 984 3509; x_wconf 91' lang='lat' dir='ltr'>de</span> <span class='ocrx_word' id='word_1_337' title='bbox 1017 3474 1129 3527; x_wconf 90' lang='lat' dir='ltr'>quo</span> <span class='ocrx_word' id='word_1_338' title='bbox 1153 3458 1404 3510; x_wconf 85' lang='lat' dir='ltr'>Joannes</span> <span class='ocrx_word' id='word_1_339' title='bbox 1434 3473 1446 3510; x_wconf 91' lang='lat'>:</span> <span class='ocrx_word' id='word_1_340' title='bbox 1477 3459 1725 3512; x_wconf 82' lang='lat' dir='ltr'>Vidimus</span> <span class='ocrx_word' id='word_1_341' title='bbox 1759 3459 1870 3526; x_wconf 86' lang='lat' dir='ltr'>glo-</span> 
     </span>
    </p>
   </div>
   <div class='ocr_carea' id='block_1_47' title="bbox 235 3549 1871 3621">
    <p class='ocr_par' dir='ltr' id='par_1_47' title="bbox 235 3549 1871 3621">
     <span class='ocr_line' id='line_1_47' title="bbox 235 3549 1871 3621; baseline 0.002 -20"><span class='ocrx_word' id='word_1_342' title='bbox 235 3551 378 3602; x_wconf 86' lang='lat' dir='ltr'>riam</span> <span class='ocrx_word' id='word_1_343' title='bbox 406 3549 541 3616; x_wconf 79' lang='lat' dir='ltr'>ejus,</span> <span class='ocrx_word' id='word_1_344' title='bbox 562 3550 790 3615; x_wconf 85' lang='lat' dir='ltr'>gloriam</span> <span class='ocrx_word' id='word_1_345' title='bbox 823 3552 984 3619; x_wconf 88' lang='lat' dir='ltr'>quasi</span> <span class='ocrx_word' id='word_1_346' title='bbox 1010 3552 1278 3619; x_wconf 81' lang='lat' dir='ltr'>un-igcniti</span> <span class='ocrx_word' id='word_1_347' title='bbox 1306 3567 1336 3603; x_wconf 88' lang='lat' dir='ltr'>a</span> <span class='ocrx_word' id='word_1_348' title='bbox 1367 3552 1542 3604; x_wconf 90' lang='lat' dir='ltr'>Patre.</span> <span class='ocrx_word' id='word_1_349' title='bbox 1571 3551 1673 3614; x_wconf 90' lang='lat' dir='ltr'>Qui</span> <span class='ocrx_word' id='word_1_350' title='bbox 1698 3567 1871 3621; x_wconf 87' lang='lat' dir='ltr'>appa-</span> 
     </span>
    </p>
   </div>
   <div class='ocr_carea' id='block_1_48' title="bbox 236 3642 1876 3698">
    <p class='ocr_par' dir='ltr' id='par_1_48' title="bbox 236 3642 1876 3698">
     <span class='ocr_line' id='line_1_48' title="bbox 236 3642 1876 3698; baseline 0.001 -2"><span class='ocrx_word' id='word_1_351' title='bbox 236 3642 351 3697; x_wconf 88' lang='lat' dir='ltr'>ruit</span> <span class='ocrx_word' id='word_1_352' title='bbox 381 3642 455 3696; x_wconf 92' lang='lat' dir='ltr'>ad</span> <span class='ocrx_word' id='word_1_353' title='bbox 486 3643 593 3695; x_wconf 87' lang='lat' dir='ltr'>hoc</span> <span class='ocrx_word' id='word_1_354' title='bbox 629 3645 688 3695; x_wconf 91' lang='lat' dir='ltr'>ut</span> <span class='ocrx_word' id='word_1_355' title='bbox 714 3642 769 3696; x_wconf 90' lang='lat' dir='ltr'>in</span> <span class='ocrx_word' id='word_1_356' title='bbox 802 3660 860 3696; x_wconf 90' lang='lat' dir='ltr'>se</span> <span class='ocrx_word' id='word_1_357' title='bbox 892 3643 1254 3697; x_wconf 88' lang='lat' dir='ltr'>credentibus</span> <span class='ocrx_word' id='word_1_358' title='bbox 1281 3643 1443 3697; x_wconf 88' lang='lat' dir='ltr'>daret</span> <span class='ocrx_word' id='word_1_359' title='bbox 1469 3644 1729 3698; x_wconf 87' lang='lat' dir='ltr'>bravium</span> <span class='ocrx_word' id='word_1_360' title='bbox 1750 3644 1876 3698; x_wconf 66' lang='lat' dir='ltr'>vita:</span> 
     </span>
    </p>
   </div>
   <div class='ocr_carea' id='block_1_49' title="bbox 234 3736 1872 3808">
    <p class='ocr_par' dir='ltr' id='par_1_49' title="bbox 234 3736 1872 3808">
     <span class='ocr_line' id='line_1_49' title="bbox 234 3736 1872 3808; baseline 0.001 -19"><span class='ocrx_word' id='word_1_361' title='bbox 234 3739 491 3801; x_wconf 69' lang='lat' dir='ltr'>aeternae,</span> <span class='ocrx_word' id='word_1_362' title='bbox 526 3736 677 3806; x_wconf 88' lang='lat' dir='ltr'>quod</span> <span class='ocrx_word' id='word_1_363' title='bbox 716 3737 892 3806; x_wconf 61' lang='lat' dir='ltr'>[Co/1.,</span> <span class='ocrx_word' id='word_1_364' title='bbox 930 3739 1124 3808; x_wconf 76' lang='lat' dir='ltr'>quem}</span> <span class='ocrx_word' id='word_1_365' title='bbox 1169 3737 1357 3790; x_wconf 89' lang='lat' dir='ltr'>nullus</span> <span class='ocrx_word' id='word_1_366' title='bbox 1396 3738 1545 3791; x_wconf 89' lang='lat' dir='ltr'>valet</span> <span class='ocrx_word' id='word_1_367' title='bbox 1580 3738 1872 3807; x_wconf 88' lang='lat' dir='ltr'>consequi,</span> 
     </span>
    </p>
   </div>
   <div class='ocr_carea' id='block_1_50' title="bbox 235 3829 1875 3901">
    <p class='ocr_par' dir='ltr' id='par_1_50' title="bbox 235 3829 1875 3901">
     <span class='ocr_line' id='line_1_50' title="bbox 235 3829 1875 3901; baseline 0 -17"><span class='ocrx_word' id='word_1_368' title='bbox 235 3829 343 3884; x_wconf 87' lang='lat' dir='ltr'>nisi</span> <span class='ocrx_word' id='word_1_369' title='bbox 366 3829 611 3900; x_wconf 84' lang='lat' dir='ltr'>gratuita</span> <span class='ocrx_word' id='word_1_370' title='bbox 630 3830 728 3884; x_wconf 91' lang='lat' dir='ltr'>Dei</span> <span class='ocrx_word' id='word_1_371' title='bbox 750 3830 1162 3884; x_wconf 82' lang='lat' dir='ltr'>misericordia.</span> <span class='ocrx_word' id='word_1_372' title='bbox 1183 3832 1294 3883; x_wconf 82' lang='lat' dir='ltr'>Aut</span> <span class='ocrx_word' id='word_1_373' title='bbox 1315 3834 1464 3885; x_wconf 87' lang='lat' dir='ltr'>certe</span> <span class='ocrx_word' id='word_1_374' title='bbox 1488 3830 1673 3901; x_wconf 88' lang='lat' dir='ltr'>gratia</span> <span class='ocrx_word' id='word_1_375' title='bbox 1695 3832 1875 3885; x_wconf 86' lang='lat' dir='ltr'>sancti</span> 
     </span>
    </p>
   </div>
   <div class='ocr_carea' id='block_1_51' title="bbox 234 3923 1871 3995">
    <p class='ocr_par' dir='ltr' id='par_1_51' title="bbox 234 3923 1871 3995">
     <span class='ocr_line' id='line_1_51' title="bbox 234 3923 1871 3995; baseline 0.001 -18"><span class='ocrx_word' id='word_1_376' title='bbox 234 3923 552 3993; x_wconf 82' lang='lat' dir='ltr'>Evangelii,</span> <span class='ocrx_word' id='word_1_377' title='bbox 599 3940 727 3993; x_wconf 73' lang='lat' dir='ltr'>qua:</span> <span class='ocrx_word' id='word_1_378' title='bbox 782 3941 888 3995; x_wconf 91' lang='lat' dir='ltr'>per</span> <span class='ocrx_word' id='word_1_379' title='bbox 943 3923 1272 3977; x_wconf 85' lang='lat' dir='ltr'>universum</span> <span class='ocrx_word' id='word_1_380' title='bbox 1319 3924 1523 3977; x_wconf 85' lang='lat' dir='ltr'>claruit</span> <span class='ocrx_word' id='word_1_381' title='bbox 1565 3924 1871 3991; x_wconf 90' lang='lat' dir='ltr'>mundum,</span> 
     </span>
    </p>
   </div>
   <div class='ocr_carea' id='block_1_52' title="bbox 232 4016 1872 4087">
    <p class='ocr_par' dir='ltr' id='par_1_52' title="bbox 232 4016 1872 4087">
     <span class='ocr_line' id='line_1_52' title="bbox 232 4016 1872 4087; baseline 0 -16"><span class='ocrx_word' id='word_1_382' title='bbox 232 4017 476 4071; x_wconf 81' lang='lat' dir='ltr'>Domino</span> <span class='ocrx_word' id='word_1_383' title='bbox 505 4017 868 4087; x_wconf 62' lang='lat' dir='ltr'>praecipiente</span> <span class='ocrx_word' id='word_1_384' title='bbox 902 4016 1190 4087; x_wconf 85' lang='lat' dir='ltr'>discipulis</span> <span class='ocrx_word' id='word_1_385' title='bbox 1221 4034 1232 4071; x_wconf 94' lang='lat'>:</span> <span class='ocrx_word' id='word_1_386' title='bbox 1264 4019 1344 4071; x_wconf 89' lang='lat' dir='ltr'>Ite</span> <span class='ocrx_word' id='word_1_387' title='bbox 1376 4020 1433 4071; x_wconf 88' lang='lat' dir='ltr'>in</span> <span class='ocrx_word' id='word_1_388' title='bbox 1459 4017 1719 4071; x_wconf 89' lang='lat' dir='ltr'>mundum</span> <span class='ocrx_word' id='word_1_389' title='bbox 1748 4020 1872 4072; x_wconf 89' lang='lat' dir='ltr'>uni-</span> 
     </span>
    </p>
   </div>
   <div class='ocr_carea' id='block_1_53' title="bbox 234 4112 1874 4181">
    <p class='ocr_par' dir='ltr' id='par_1_53' title="bbox 234 4112 1874 4181">
     <span class='ocr_line' id='line_1_53' title="bbox 234 4112 1874 4181; baseline 0 -16"><span class='ocrx_word' id='word_1_390' title='bbox 234 4127 467 4175; x_wconf 74' lang='lat' dir='ltr'>versum;</span> <span class='ocrx_word' id='word_1_391' title='bbox 496 4112 789 4179; x_wconf 69' lang='lat' dir='ltr'>praedicate</span> <span class='ocrx_word' id='word_1_392' title='bbox 808 4112 1163 4177; x_wconf 79' lang='lat' dir='ltr'>Erangelium</span> <span class='ocrx_word' id='word_1_393' title='bbox 1182 4114 1326 4165; x_wconf 90' lang='lat' dir='ltr'>omni</span> <span class='ocrx_word' id='word_1_394' title='bbox 1355 4116 1631 4166; x_wconf 62' lang='lat' dir='ltr'>creatures.</span> <span class='ocrx_word' id='word_1_395' title='bbox 1658 4112 1737 4165; x_wconf 87' lang='lat' dir='ltr'>De</span> <span class='ocrx_word' id='word_1_396' title='bbox 1761 4128 1874 4181; x_wconf 86' lang='lat' dir='ltr'>qua</span> 
     </span>
    </p>
   </div>
   <div class='ocr_carea' id='block_1_54' title="bbox 233 4204 1870 4275">
    <p class='ocr_par' dir='ltr' id='par_1_54' title="bbox 233 4204 1870 4275">
     <span class='ocr_line' id='line_1_54' title="bbox 233 4204 1870 4275; baseline 0.001 -17"><span class='ocrx_word' id='word_1_397' title='bbox 233 4205 419 4268; x_wconf 63' lang='lat' dir='ltr'>gratia</span> <span class='ocrx_word' id='word_1_398' title='bbox 447 4204 582 4257; x_wconf 86' lang='lat' dir='ltr'>dicit</span> <span class='ocrx_word' id='word_1_399' title='bbox 600 4204 885 4275; x_wconf 85' lang='lat' dir='ltr'>propheta</span> <span class='ocrx_word' id='word_1_400' title='bbox 907 4221 920 4258; x_wconf 88' lang='lat'><strong>:</strong></span> <span class='ocrx_word' id='word_1_401' title='bbox 948 4207 1267 4274; x_wconf 65' lang='lat' dir='ltr'>Exarquarit</span> <span class='ocrx_word' id='word_1_402' title='bbox 1285 4208 1521 4274; x_wconf 84' lang='lat' dir='ltr'>gratiam</span> <span class='ocrx_word' id='word_1_403' title='bbox 1538 4208 1593 4259; x_wconf 90' lang='lat' dir='ltr'>in</span> <span class='ocrx_word' id='word_1_404' title='bbox 1613 4207 1870 4274; x_wconf 83' lang='lat' dir='ltr'>gratiam.</span> 
     </span>
    </p>
   </div>
   <div class='ocr_carea' id='block_1_55' title="bbox 235 4299 1873 4368">
    <p class='ocr_par' dir='ltr' id='par_1_55' title="bbox 235 4299 1873 4368">
     <span class='ocr_line' id='line_1_55' title="bbox 235 4299 1873 4368; baseline 0 -16"><span class='ocrx_word' id='word_1_405' title='bbox 235 4301 299 4354; x_wconf 76' lang='lat' dir='ltr'>Et</span> <span class='ocrx_word' id='word_1_406' title='bbox 329 4300 579 4353; x_wconf 85' lang='lat' dir='ltr'>Joannes</span> <span class='ocrx_word' id='word_1_407' title='bbox 603 4315 615 4351; x_wconf 89' lang='lat'><strong>:</strong></span> <span class='ocrx_word' id='word_1_408' title='bbox 642 4303 712 4353; x_wconf 91' lang='lat' dir='ltr'>De</span> <span class='ocrx_word' id='word_1_409' title='bbox 722 4299 1066 4368; x_wconf 80' lang='lat' dir='ltr'>plenitudine</span> <span class='ocrx_word' id='word_1_410' title='bbox 1086 4299 1200 4366; x_wconf 87' lang='lat' dir='ltr'>ejus</span> <span class='ocrx_word' id='word_1_411' title='bbox 1221 4315 1396 4353; x_wconf 88' lang='lat' dir='ltr'>omnes</span> <span class='ocrx_word' id='word_1_412' title='bbox 1426 4302 1731 4368; x_wconf 77' lang='lat' dir='ltr'>accepimus</span> <span class='ocrx_word' id='word_1_413' title='bbox 1752 4315 1873 4368; x_wconf 85' lang='lat' dir='ltr'>gra-</span> 
     </span>
    </p>
   </div>
   <div class='ocr_carea' id='block_1_56' title="bbox 230 4391 1871 4461">
    <p class='ocr_par' dir='ltr' id='par_1_56' title="bbox 230 4391 1871 4461">
     <span class='ocr_line' id='line_1_56' title="bbox 230 4391 1871 4461; baseline 0.001 -16"><span class='ocrx_word' id='word_1_414' title='bbox 230 4397 367 4447; x_wconf 85' lang='lat' dir='ltr'>tiam</span> <span class='ocrx_word' id='word_1_415' title='bbox 386 4409 489 4461; x_wconf 88' lang='lat' dir='ltr'>pro</span> <span class='ocrx_word' id='word_1_416' title='bbox 519 4395 721 4460; x_wconf 87' lang='lat' dir='ltr'>gratia.</span> <span class='ocrx_word' id='word_1_417' title='bbox 754 4391 998 4447; x_wconf 73' lang='lat' dir='ltr'>OMNIBUS</span> <span class='ocrx_word' id='word_1_418' title='bbox 1030 4407 1348 4459; x_wconf 77' lang='lat' dir='ltr'>HOMINIBUS,</span> <span class='ocrx_word' id='word_1_419' title='bbox 1367 4392 1481 4446; x_wconf 87' lang='lat' dir='ltr'>sive</span> <span class='ocrx_word' id='word_1_420' title='bbox 1507 4392 1736 4459; x_wconf 65' lang='lat' dir='ltr'>Judaeis,</span> <span class='ocrx_word' id='word_1_421' title='bbox 1758 4391 1871 4446; x_wconf 85' lang='lat' dir='ltr'>sive</span> 
     </span>
    </p>
   </div>
   <div class='ocr_carea' id='block_1_57' title="bbox 231 4485 1875 4557">
    <p class='ocr_par' dir='ltr' id='par_1_57' title="bbox 231 4485 1875 4557">
     <span class='ocr_line' id='line_1_57' title="bbox 231 4485 1875 4557; baseline 0.001 -17"><span class='ocrx_word' id='word_1_422' title='bbox 231 4486 503 4541; x_wconf 88' lang='lat' dir='ltr'>omnibus</span> <span class='ocrx_word' id='word_1_423' title='bbox 522 4485 851 4540; x_wconf 88' lang='lat' dir='ltr'>nationibus</span> <span class='ocrx_word' id='word_1_424' title='bbox 872 4503 1000 4557; x_wconf 71' lang='lat' dir='ltr'>quae</span> <span class='ocrx_word' id='word_1_425' title='bbox 1024 4487 1079 4540; x_wconf 88' lang='lat' dir='ltr'>in</span> <span class='ocrx_word' id='word_1_426' title='bbox 1101 4503 1231 4539; x_wconf 90' lang='lat' dir='ltr'>eum</span> <span class='ocrx_word' id='word_1_427' title='bbox 1254 4486 1645 4541; x_wconf 88' lang='lat' dir='ltr'>crediderunt.</span> <span class='ocrx_word' id='word_1_428' title='bbox 1663 4486 1749 4539; x_wconf 87' lang='lat' dir='ltr'>Ad</span> <span class='ocrx_word' id='word_1_429' title='bbox 1766 4487 1875 4541; x_wconf 90' lang='lat' dir='ltr'>hoc</span> 
     </span>
    </p>
   </div>
   <div class='ocr_carea' id='block_1_58' title="bbox 230 4579 1868 4649">
    <p class='ocr_par' dir='ltr' id='par_1_58' title="bbox 230 4579 1868 4649">
     <span class='ocr_line' id='line_1_58' title="bbox 230 4579 1868 4649; baseline 0 -16"><span class='ocrx_word' id='word_1_430' title='bbox 230 4579 343 4633; x_wconf 88' lang='lat' dir='ltr'>illis</span> <span class='ocrx_word' id='word_1_431' title='bbox 366 4579 648 4649; x_wconf 83' lang='lat' dir='ltr'>apparuit,</span> <span class='ocrx_word' id='word_1_432' title='bbox 667 4583 745 4646; x_wconf 89' lang='lat' dir='ltr'>ut,</span> <span class='ocrx_word' id='word_1_433' title='bbox 763 4579 959 4634; x_wconf 87' lang='lat' dir='ltr'>relicta</span> <span class='ocrx_word' id='word_1_434' title='bbox 976 4584 1253 4645; x_wconf 86' lang='lat' dir='ltr'>creatura,</span> <span class='ocrx_word' id='word_1_435' title='bbox 1271 4580 1510 4633; x_wconf 88' lang='lat' dir='ltr'>adorent</span> <span class='ocrx_word' id='word_1_436' title='bbox 1525 4580 1868 4635; x_wconf 88' lang='lat' dir='ltr'>Creatorem.</span> 
     </span>
    </p>
   </div>
   <div class='ocr_carea' id='block_1_59' title="bbox 230 4673 1870 4743">
    <p class='ocr_par' dir='ltr' id='par_1_59' title="bbox 230 4673 1870 4743">
     <span class='ocr_line' id='line_1_59' title="bbox 230 4673 1870 4743; baseline 0 -16"><span class='ocrx_word' id='word_1_437' title='bbox 230 4675 509 4728; x_wconf 72' lang='lat' dir='ltr'>ERL‘omxs</span> <span class='ocrx_word' id='word_1_438' title='bbox 556 4688 677 4729; x_wconf 62' lang='lat' dir='ltr'>nos.</span> <span class='ocrx_word' id='word_1_439' title='bbox 728 4673 788 4727; x_wconf 83' lang='lat' dir='ltr'>id</span> <span class='ocrx_word' id='word_1_440' title='bbox 832 4678 934 4743; x_wconf 82' lang='lat' dir='ltr'>est,</span> <span class='ocrx_word' id='word_1_441' title='bbox 986 4673 1195 4727; x_wconf 86' lang='lat' dir='ltr'>docens</span> <span class='ocrx_word' id='word_1_442' title='bbox 1236 4689 1360 4727; x_wconf 87' lang='lat' dir='ltr'>nos.</span> <span class='ocrx_word' id='word_1_443' title='bbox 1404 4673 1671 4727; x_wconf 86' lang='lat' dir='ltr'>Eruditus</span> <span class='ocrx_word' id='word_1_444' title='bbox 1714 4673 1870 4728; x_wconf 90' lang='lat' dir='ltr'>enim</span> 
     </span>
    </p>
   </div>
   <div class='ocr_carea' id='block_1_60' title="bbox 227 4766 1869 4845">
    <p class='ocr_par' dir='ltr' id='par_1_60' title="bbox 227 4766 1869 4845">
     <span class='ocr_line' id='line_1_60' title="bbox 227 4766 1869 4845; baseline -0.002 -23"><span class='ocrx_word' id='word_1_445' title='bbox 227 4767 440 4822; x_wconf 87' lang='lat' dir='ltr'>dicitur</span> <span class='ocrx_word' id='word_1_446' title='bbox 480 4766 699 4834; x_wconf 87' lang='lat' dir='ltr'>doctus,</span> <span class='ocrx_word' id='word_1_447' title='bbox 745 4766 999 4821; x_wconf 88' lang='lat' dir='ltr'>imbutus</span> <span class='ocrx_word' id='word_1_448' title='bbox 1045 4771 1218 4838; x_wconf 85' lang='lat' dir='ltr'>atque</span> <span class='ocrx_word' id='word_1_449' title='bbox 1264 4767 1592 4821; x_wconf 89' lang='lat' dir='ltr'>instructus.</span> <span class='ocrx_word' id='word_1_450' title='bbox 1647 4767 1801 4845; x_wconf 83' lang='lat' dir='ltr'>Sicut</span> <span class='ocrx_word' id='word_1_451' title='bbox 1839 4783 1869 4819; x_wconf 89' lang='lat' dir='ltr'>e</span> 
     </span>
    </p>
   </div>
   <div class='ocr_carea' id='block_1_61' title="bbox 1980 2605 3615 2677">
    <p class='ocr_par' dir='ltr' id='par_1_61' title="bbox 1980 2605 3615 2677">
     <span class='ocr_line' id='line_1_61' title="bbox 1980 2605 3615 2677; baseline 0 -16"><span class='ocrx_word' id='word_1_452' title='bbox 1980 2608 2050 2673; x_wconf 89' lang='lat' dir='ltr'>ci,</span> <span class='ocrx_word' id='word_1_453' title='bbox 2090 2607 2321 2661; x_wconf 89' lang='lat' dir='ltr'>Barbari</span> <span class='ocrx_word' id='word_1_454' title='bbox 2361 2613 2417 2661; x_wconf 89' lang='lat' dir='ltr'>et</span> <span class='ocrx_word' id='word_1_455' title='bbox 2456 2606 2701 2677; x_wconf 61' lang='lat' dir='ltr'>Scythen,</span> <span class='ocrx_word' id='word_1_456' title='bbox 2739 2606 2883 2659; x_wconf 88' lang='lat' dir='ltr'>servi</span> <span class='ocrx_word' id='word_1_457' title='bbox 2924 2610 2981 2661; x_wconf 90' lang='lat' dir='ltr'>et</span> <span class='ocrx_word' id='word_1_458' title='bbox 3016 2605 3254 2675; x_wconf 89' lang='lat' dir='ltr'>domini,</span> <span class='ocrx_word' id='word_1_459' title='bbox 3297 2606 3615 2661; x_wconf 89' lang='lat' dir='ltr'>circumcisi</span> 
     </span>
    </p>
   </div>
   <div class='ocr_carea' id='block_1_62' title="bbox 1981 2699 3614 2772">
    <p class='ocr_par' dir='ltr' id='par_1_62' title="bbox 1981 2699 3614 2772">
     <span class='ocr_line' id='line_1_62' title="bbox 1981 2699 3614 2772; baseline 0 -18"><span class='ocrx_word' id='word_1_460' title='bbox 1981 2705 2039 2754; x_wconf 87' lang='lat' dir='ltr'>et</span> <span class='ocrx_word' id='word_1_461' title='bbox 2069 2700 2350 2772; x_wconf 65' lang='lat' dir='ltr'>prteputia</span> <span class='ocrx_word' id='word_1_462' title='bbox 2377 2700 2662 2766; x_wconf 85' lang='lat' dir='ltr'>habentis,</span> <span class='ocrx_word' id='word_1_463' title='bbox 2686 2699 2919 2753; x_wconf 85' lang='lat' dir='ltr'>masculi</span> <span class='ocrx_word' id='word_1_464' title='bbox 2940 2703 2996 2753; x_wconf 90' lang='lat' dir='ltr'>et</span> <span class='ocrx_word' id='word_1_465' title='bbox 3018 2699 3266 2766; x_wconf 68' lang='lat' dir='ltr'>feminae,</span> <span class='ocrx_word' id='word_1_466' title='bbox 3289 2700 3387 2754; x_wconf 86' lang='lat' dir='ltr'>sed</span> <span class='ocrx_word' id='word_1_467' title='bbox 3411 2715 3614 2754; x_wconf 87' lang='lat' dir='ltr'>omnes</span> 
     </span>
    </p>
   </div>
   <div class='ocr_carea' id='block_1_63' title="bbox 1980 2792 3610 2863">
    <p class='ocr_par' dir='ltr' id='par_1_63' title="bbox 1980 2792 3610 2863">
     <span class='ocr_line' id='line_1_63' title="bbox 1980 2792 3610 2863; baseline 0.001 -16"><span class='ocrx_word' id='word_1_468' title='bbox 1980 2795 2037 2847; x_wconf 90' lang='lat' dir='ltr'>in</span> <span class='ocrx_word' id='word_1_469' title='bbox 2069 2795 2290 2849; x_wconf 87' lang='lat' dir='ltr'>Christo</span> <span class='ocrx_word' id='word_1_470' title='bbox 2318 2808 2497 2847; x_wconf 89' lang='lat' dir='ltr'>unum</span> <span class='ocrx_word' id='word_1_471' title='bbox 2528 2810 2745 2847; x_wconf 90' lang='lat' dir='ltr'>sumus.</span> <span class='ocrx_word' id='word_1_472' title='bbox 2770 2795 2892 2847; x_wconf 84' lang='lat' dir='ltr'>Non</span> <span class='ocrx_word' id='word_1_473' title='bbox 2925 2796 3007 2846; x_wconf 82' lang='lat' dir='ltr'>est</span> <span class='ocrx_word' id='word_1_474' title='bbox 3044 2792 3199 2846; x_wconf 89' lang='lat' dir='ltr'>enim</span> <span class='ocrx_word' id='word_1_475' title='bbox 3231 2809 3610 2863; x_wconf 90' lang='lat' dir='ltr'>personarum</span> 
     </span>
    </p>
   </div>
   <div class='ocr_carea' id='block_1_64' title="bbox 1981 2886 3613 2959">
    <p class='ocr_par' dir='ltr' id='par_1_64' title="bbox 1981 2886 3613 2959">
     <span class='ocr_line' id='line_1_64' title="bbox 1981 2886 3613 2959; baseline 0.001 -19"><span class='ocrx_word' id='word_1_476' title='bbox 1981 2891 2263 2959; x_wconf 87' lang='lat' dir='ltr'>acceptor,</span> <span class='ocrx_word' id='word_1_477' title='bbox 2290 2890 2387 2957; x_wconf 84' lang='lat' dir='ltr'>qui</span> <span class='ocrx_word' id='word_1_478' title='bbox 2412 2903 2591 2941; x_wconf 87' lang='lat' dir='ltr'>omnes</span> <span class='ocrx_word' id='word_1_479' title='bbox 2613 2888 2731 2941; x_wconf 81' lang='lat' dir='ltr'>vult</span> <span class='ocrx_word' id='word_1_480' title='bbox 2751 2887 2928 2940; x_wconf 77' lang='lat' dir='ltr'>salvos</span> <span class='ocrx_word' id='word_1_481' title='bbox 2946 2889 3084 2955; x_wconf 83' lang='lat' dir='ltr'>ﬁeri,</span> <span class='ocrx_word' id='word_1_482' title='bbox 3112 2889 3162 2939; x_wconf 85' lang='lat' dir='ltr'>et</span> <span class='ocrx_word' id='word_1_483' title='bbox 3191 2886 3266 2940; x_wconf 89' lang='lat' dir='ltr'>ad</span> <span class='ocrx_word' id='word_1_484' title='bbox 3288 2889 3613 2953; x_wconf 87' lang='lat' dir='ltr'>agnitionem</span> 
     </span>
    </p>
   </div>
   <div class='ocr_carea' id='block_1_65' title="bbox 1978 2978 3609 3047">
    <p class='ocr_par' dir='ltr' id='par_1_65' title="bbox 1978 2978 3609 3047">
     <span class='ocr_line' id='line_1_65' title="bbox 1978 2978 3609 3047; baseline 0 -12"><span class='ocrx_word' id='word_1_485' title='bbox 1978 2984 2224 3035; x_wconf 79' lang='lat' dir='ltr'>veritatis</span> <span class='ocrx_word' id='word_1_486' title='bbox 2244 2984 2444 3034; x_wconf 79' lang='lat' dir='ltr'>venire.</span> <span class='ocrx_word' id='word_1_487' title='bbox 2471 2980 2682 3034; x_wconf 82' lang='lat' dir='ltr'>Omnes</span> <span class='ocrx_word' id='word_1_488' title='bbox 2706 2980 2860 3033; x_wconf 90' lang='lat' dir='ltr'>enim</span> <span class='ocrx_word' id='word_1_489' title='bbox 2882 2978 2953 3032; x_wconf 89' lang='lat' dir='ltr'>ad</span> <span class='ocrx_word' id='word_1_490' title='bbox 2974 2995 3216 3047; x_wconf 82' lang='lat' dir='ltr'>regnum</span> <span class='ocrx_word' id='word_1_491' title='bbox 3238 2996 3403 3033; x_wconf 89' lang='lat' dir='ltr'>suum</span> <span class='ocrx_word' id='word_1_492' title='bbox 3429 2984 3609 3047; x_wconf 88' lang='lat' dir='ltr'>vocat;</span> 
     </span>
    </p>
   </div>
   <div class='ocr_carea' id='block_1_66' title="bbox 1979 3072 3608 3145">
    <p class='ocr_par' dir='ltr' id='par_1_66' title="bbox 1979 3072 3608 3145">
     <span class='ocr_line' id='line_1_66' title="bbox 1979 3072 3608 3145; baseline -0.001 -17"><span class='ocrx_word' id='word_1_493' title='bbox 1979 3092 2183 3129; x_wconf 89' lang='lat' dir='ltr'>omnes</span> <span class='ocrx_word' id='word_1_494' title='bbox 2215 3078 2340 3145; x_wconf 84' lang='lat' dir='ltr'>post</span> <span class='ocrx_word' id='word_1_495' title='bbox 2379 3074 2658 3127; x_wconf 75' lang='lat' dir='ltr'>offensam</span> <span class='ocrx_word' id='word_1_496' title='bbox 2700 3072 2842 3126; x_wconf 80' lang='lat' dir='ltr'>Patri</span> <span class='ocrx_word' id='word_1_497' title='bbox 2883 3076 3080 3126; x_wconf 89' lang='lat' dir='ltr'>nostro</span> <span class='ocrx_word' id='word_1_498' title='bbox 3126 3089 3318 3126; x_wconf 89' lang='lat' dir='ltr'>sumus</span> <span class='ocrx_word' id='word_1_499' title='bbox 3354 3074 3608 3128; x_wconf 89' lang='lat' dir='ltr'>reconci-</span> 
     </span>
    </p>
   </div>
   <div class='ocr_carea' id='block_1_67' title="bbox 1976 3166 3614 3237">
    <p class='ocr_par' dir='ltr' id='par_1_67' title="bbox 1976 3166 3614 3237">
     <span class='ocr_line' id='line_1_67' title="bbox 1976 3166 3614 3237; baseline 0 -17"><span class='ocrx_word' id='word_1_500' title='bbox 1976 3168 2176 3234; x_wconf 87' lang='lat' dir='ltr'>liandi,</span> <span class='ocrx_word' id='word_1_501' title='bbox 2215 3184 2328 3220; x_wconf 91' lang='lat' dir='ltr'>non</span> <span class='ocrx_word' id='word_1_502' title='bbox 2367 3184 2469 3237; x_wconf 87' lang='lat' dir='ltr'>per</span> <span class='ocrx_word' id='word_1_503' title='bbox 2495 3166 2703 3220; x_wconf 88' lang='lat' dir='ltr'>merita</span> <span class='ocrx_word' id='word_1_504' title='bbox 2732 3169 2948 3232; x_wconf 88' lang='lat' dir='ltr'>nostra,</span> <span class='ocrx_word' id='word_1_505' title='bbox 2977 3166 3072 3219; x_wconf 88' lang='lat' dir='ltr'>sed</span> <span class='ocrx_word' id='word_1_506' title='bbox 3104 3183 3206 3237; x_wconf 91' lang='lat' dir='ltr'>per</span> <span class='ocrx_word' id='word_1_507' title='bbox 3225 3167 3471 3236; x_wconf 76' lang='lat' dir='ltr'>gratiam</span> <span class='ocrx_word' id='word_1_508' title='bbox 3495 3167 3614 3221; x_wconf 89' lang='lat' dir='ltr'>Sal-</span> 
     </span>
    </p>
   </div>
   <div class='ocr_carea' id='block_1_68' title="bbox 1978 3259 3610 3330">
    <p class='ocr_par' dir='ltr' id='par_1_68' title="bbox 1978 3259 3610 3330">
     <span class='ocr_line' id='line_1_68' title="bbox 1978 3259 3610 3330; baseline 0.001 -17"><span class='ocrx_word' id='word_1_509' title='bbox 1978 3261 2205 3327; x_wconf 87' lang='lat' dir='ltr'>vatoris,</span> <span class='ocrx_word' id='word_1_510' title='bbox 2238 3261 2290 3314; x_wconf 91' lang='lat' dir='ltr'>id</span> <span class='ocrx_word' id='word_1_511' title='bbox 2329 3264 2415 3313; x_wconf 82' lang='lat' dir='ltr'>est</span> <span class='ocrx_word' id='word_1_512' title='bbox 2456 3260 2595 3313; x_wconf 90' lang='lat' dir='ltr'>Filii.</span> <span class='ocrx_word' id='word_1_513' title='bbox 2645 3259 2783 3323; x_wconf 67' lang='lat' dir='ltr'>Qum</span> <span class='ocrx_word' id='word_1_514' title='bbox 2828 3259 3014 3330; x_wconf 87' lang='lat' dir='ltr'>gratia</span> <span class='ocrx_word' id='word_1_515' title='bbox 3056 3260 3253 3329; x_wconf 87' lang='lat' dir='ltr'>patris,</span> <span class='ocrx_word' id='word_1_516' title='bbox 3292 3262 3390 3313; x_wconf 86' lang='lat' dir='ltr'>aut</span> <span class='ocrx_word' id='word_1_517' title='bbox 3431 3260 3610 3330; x_wconf 83' lang='lat' dir='ltr'>gratia</span> 
     </span>
    </p>
   </div>
   <div class='ocr_carea' id='block_1_69' title="bbox 1977 3353 3605 3425">
    <p class='ocr_par' dir='ltr' id='par_1_69' title="bbox 1977 3353 3605 3425">
     <span class='ocr_line' id='line_1_69' title="bbox 1977 3353 3605 3425; baseline 0 -18"><span class='ocrx_word' id='word_1_518' title='bbox 1977 3354 2138 3407; x_wconf 82' lang='lat' dir='ltr'>Filii?</span> <span class='ocrx_word' id='word_1_519' title='bbox 2168 3371 2281 3425; x_wconf 85' lang='lat' dir='ltr'>qua</span> <span class='ocrx_word' id='word_1_520' title='bbox 2315 3354 2593 3424; x_wconf 87' lang='lat' dir='ltr'>redempti</span> <span class='ocrx_word' id='word_1_521' title='bbox 2624 3370 2837 3419; x_wconf 88' lang='lat' dir='ltr'>sumus,</span> <span class='ocrx_word' id='word_1_522' title='bbox 2866 3353 2957 3406; x_wconf 91' lang='lat' dir='ltr'>cui</span> <span class='ocrx_word' id='word_1_523' title='bbox 2984 3353 3192 3407; x_wconf 90' lang='lat' dir='ltr'>dicitur</span> <span class='ocrx_word' id='word_1_524' title='bbox 3218 3369 3323 3425; x_wconf 88' lang='lat' dir='ltr'>per</span> <span class='ocrx_word' id='word_1_525' title='bbox 3359 3354 3605 3425; x_wconf 75' lang='lat' dir='ltr'>prophe~</span> 
     </span>
    </p>
   </div>
   <div class='ocr_carea' id='block_1_70' title="bbox 1976 3447 2867 3501">
    <p class='ocr_par' dir='ltr' id='par_1_70' title="bbox 1976 3447 2867 3501">
     <span class='ocr_line' id='line_1_70' title="bbox 1976 3447 2867 3501; baseline -0.001 -1"><span class='ocrx_word' id='word_1_526' title='bbox 1976 3450 2093 3501; x_wconf 89' lang='lat' dir='ltr'>tam</span> <span class='ocrx_word' id='word_1_527' title='bbox 2129 3464 2140 3500; x_wconf 91' lang='lat'>:</span> <span class='ocrx_word' id='word_1_528' title='bbox 2166 3450 2268 3501; x_wconf 86' lang='lat' dir='ltr'>Pro</span> <span class='ocrx_word' id='word_1_529' title='bbox 2296 3449 2463 3500; x_wconf 86' lang='lat' dir='ltr'>nihilo</span> <span class='ocrx_word' id='word_1_530' title='bbox 2488 3447 2727 3500; x_wconf 71' lang='lat' dir='ltr'>saleabis</span> <span class='ocrx_word' id='word_1_531' title='bbox 2754 3461 2867 3501; x_wconf 90' lang='lat' dir='ltr'>nos.</span> 
     </span>
    </p>
   </div>
   <div class='ocr_carea' id='block_1_71' title="bbox 2047 3539 3604 3609">
    <p class='ocr_par' dir='ltr' id='par_1_71' title="bbox 2047 3539 3604 3609">
     <span class='ocr_line' id='line_1_71' title="bbox 2047 3539 3604 3609; baseline 0.001 -16"><span class='ocrx_word' id='word_1_532' title='bbox 2047 3542 2124 3594; x_wconf 77' lang='lat' dir='ltr'>Ur</span> <span class='ocrx_word' id='word_1_533' title='bbox 2155 3556 2494 3595; x_wconf 69' lang='lat' dir='ltr'>ABNEGANTES</span> <span class='ocrx_word' id='word_1_534' title='bbox 2540 3556 2885 3594; x_wconf 71' lang='lat' dir='ltr'>IMPIETATEM.</span> <span class='ocrx_word' id='word_1_535' title='bbox 2938 3539 3319 3609; x_wconf 87' lang='lat' dir='ltr'>lmpietatem,</span> <span class='ocrx_word' id='word_1_536' title='bbox 3370 3539 3604 3595; x_wconf 86' lang='lat' dir='ltr'>idolola-</span> 
     </span>
    </p>
   </div>
   <div class='ocr_carea' id='block_1_72' title="bbox 1977 3631 3609 3703">
    <p class='ocr_par' dir='ltr' id='par_1_72' title="bbox 1977 3631 3609 3703">
     <span class='ocr_line' id='line_1_72' title="bbox 1977 3631 3609 3703; baseline 0.001 -17"><span class='ocrx_word' id='word_1_537' title='bbox 1977 3634 2170 3699; x_wconf 87' lang='lat' dir='ltr'>triam,</span> <span class='ocrx_word' id='word_1_538' title='bbox 2220 3635 2303 3686; x_wconf 89' lang='lat' dir='ltr'>vel</span> <span class='ocrx_word' id='word_1_539' title='bbox 2352 3633 2753 3686; x_wconf 83' lang='lat' dir='ltr'>inﬁdelitatem</span> <span class='ocrx_word' id='word_1_540' title='bbox 2796 3631 2934 3685; x_wconf 88' lang='lat' dir='ltr'>dicit</span> <span class='ocrx_word' id='word_1_541' title='bbox 2987 3649 2998 3685; x_wconf 89' lang='lat'>:</span> <span class='ocrx_word' id='word_1_542' title='bbox 3048 3632 3170 3702; x_wconf 90' lang='lat' dir='ltr'>ipsa</span> <span class='ocrx_word' id='word_1_543' title='bbox 3215 3635 3301 3685; x_wconf 90' lang='lat' dir='ltr'>est</span> <span class='ocrx_word' id='word_1_544' title='bbox 3343 3632 3609 3703; x_wconf 85' lang='lat' dir='ltr'>impietas</span> 
     </span>
    </p>
   </div>
   <div class='ocr_carea' id='block_1_73' title="bbox 1976 3724 3604 3797">
    <p class='ocr_par' dir='ltr' id='par_1_73' title="bbox 1976 3724 3604 3797">
     <span class='ocr_line' id='line_1_73' title="bbox 1976 3724 3604 3797; baseline 0.001 -18"><span class='ocrx_word' id='word_1_545' title='bbox 1976 3743 2147 3797; x_wconf 88' lang='lat' dir='ltr'>quam</span> <span class='ocrx_word' id='word_1_546' title='bbox 2190 3726 2486 3780; x_wconf 84' lang='lat' dir='ltr'>Zacharias</span> <span class='ocrx_word' id='word_1_547' title='bbox 2516 3725 2798 3797; x_wconf 85' lang='lat' dir='ltr'>propheta</span> <span class='ocrx_word' id='word_1_548' title='bbox 2834 3724 2973 3778; x_wconf 90' lang='lat' dir='ltr'>vidit</span> <span class='ocrx_word' id='word_1_549' title='bbox 3017 3725 3218 3778; x_wconf 91' lang='lat' dir='ltr'>sedere</span> <span class='ocrx_word' id='word_1_550' title='bbox 3246 3742 3415 3796; x_wconf 89' lang='lat' dir='ltr'>super</span> <span class='ocrx_word' id='word_1_551' title='bbox 3454 3743 3604 3781; x_wconf 86' lang='lat' dir='ltr'>mas-</span> 
     </span>
    </p>
   </div>
   <div class='ocr_carea' id='block_1_74' title="bbox 1976 3817 3604 3890">
    <p class='ocr_par' dir='ltr' id='par_1_74' title="bbox 1976 3817 3604 3890">
     <span class='ocr_line' id='line_1_74' title="bbox 1976 3817 3604 3890; baseline 0.001 -16"><span class='ocrx_word' id='word_1_552' title='bbox 1976 3837 2098 3874; x_wconf 87' lang='lat' dir='ltr'>sam</span> <span class='ocrx_word' id='word_1_553' title='bbox 2127 3820 2476 3890; x_wconf 85' lang='lat' dir='ltr'>plumbeam,</span> <span class='ocrx_word' id='word_1_554' title='bbox 2522 3819 2577 3871; x_wconf 90' lang='lat' dir='ltr'>in</span> <span class='ocrx_word' id='word_1_555' title='bbox 2630 3817 2913 3872; x_wconf 84' lang='lat' dir='ltr'>foramine</span> <span class='ocrx_word' id='word_1_556' title='bbox 2945 3818 3260 3888; x_wconf 60' lang='lat' dir='ltr'>amphorae.</span> <span class='ocrx_word' id='word_1_557' title='bbox 3291 3819 3604 3875; x_wconf 68' lang='lat' dir='ltr'>S.ECULARIA</span> 
     </span>
    </p>
   </div>
   <div class='ocr_carea' id='block_1_75' title="bbox 1975 3912 3603 3985">
    <p class='ocr_par' dir='ltr' id='par_1_75' title="bbox 1975 3912 3603 3985">
     <span class='ocr_line' id='line_1_75' title="bbox 1975 3912 3603 3985; baseline -0.001 -16"><span class='ocrx_word' id='word_1_558' title='bbox 1975 3930 2253 3969; x_wconf 60' lang='lat' dir='ltr'>nasmema</span> <span class='ocrx_word' id='word_1_559' title='bbox 2285 3913 2421 3966; x_wconf 88' lang='lat' dir='ltr'>dicit</span> <span class='ocrx_word' id='word_1_560' title='bbox 2441 3915 2599 3965; x_wconf 88' lang='lat' dir='ltr'>actus</span> <span class='ocrx_word' id='word_1_561' title='bbox 2625 3912 2902 3981; x_wconf 88' lang='lat' dir='ltr'>carnales,</span> <span class='ocrx_word' id='word_1_562' title='bbox 2933 3928 3076 3982; x_wconf 90' lang='lat' dir='ltr'>quos</span> <span class='ocrx_word' id='word_1_563' title='bbox 3100 3914 3402 3983; x_wconf 79' lang='lat' dir='ltr'>Apostolus</span> <span class='ocrx_word' id='word_1_564' title='bbox 3429 3930 3603 3985; x_wconf 81' lang='lat' dir='ltr'>expo-</span> 
     </span>
    </p>
   </div>
   <div class='ocr_carea' id='block_1_76' title="bbox 1977 4008 3605 4076">
    <p class='ocr_par' dir='ltr' id='par_1_76' title="bbox 1977 4008 3605 4076">
     <span class='ocr_line' id='line_1_76' title="bbox 1977 4008 3605 4076; baseline 0.001 -16"><span class='ocrx_word' id='word_1_565' title='bbox 1977 4008 2061 4061; x_wconf 90' lang='lat' dir='ltr'>nit</span> <span class='ocrx_word' id='word_1_566' title='bbox 2093 4025 2105 4062; x_wconf 91' lang='lat'>:</span> <span class='ocrx_word' id='word_1_567' title='bbox 2134 4009 2425 4073; x_wconf 83' lang='lat' dir='ltr'>Manifesta</span> <span class='ocrx_word' id='word_1_568' title='bbox 2455 4012 2580 4060; x_wconf 88' lang='lat' dir='ltr'>sunt</span> <span class='ocrx_word' id='word_1_569' title='bbox 2604 4022 2766 4076; x_wconf 84' lang='lat' dir='ltr'>opera</span> <span class='ocrx_word' id='word_1_570' title='bbox 2787 4008 2985 4068; x_wconf 84' lang='lat' dir='ltr'>carnis,</span> <span class='ocrx_word' id='word_1_571' title='bbox 3008 4022 3128 4075; x_wconf 73' lang='lat' dir='ltr'>qua:</span> <span class='ocrx_word' id='word_1_572' title='bbox 3148 4011 3276 4061; x_wconf 88' lang='lat' dir='ltr'>sunt</span> <span class='ocrx_word' id='word_1_573' title='bbox 3292 4008 3605 4074; x_wconf 85' lang='lat' dir='ltr'>fornicatio,</span> 
     </span>
    </p>
   </div>
   <div class='ocr_carea' id='block_1_77' title="bbox 1974 4100 3609 4174">
    <p class='ocr_par' dir='ltr' id='par_1_77' title="bbox 1974 4100 3609 4174">
     <span class='ocr_line' id='line_1_77' title="bbox 1974 4100 3609 4174; baseline 0 -19"><span class='ocrx_word' id='word_1_574' title='bbox 1974 4102 2339 4163; x_wconf 86' lang='lat' dir='ltr'>immunditia,</span> <span class='ocrx_word' id='word_1_575' title='bbox 2378 4101 2622 4163; x_wconf 69' lang='lat' dir='ltr'>luxuria,</span> <span class='ocrx_word' id='word_1_576' title='bbox 2658 4100 2925 4153; x_wconf 85' lang='lat' dir='ltr'>idolorum</span> <span class='ocrx_word' id='word_1_577' title='bbox 2951 4102 3200 4154; x_wconf 85' lang='lat' dir='ltr'>servitus.</span> <span class='ocrx_word' id='word_1_578' title='bbox 3241 4101 3308 4153; x_wconf 87' lang='lat' dir='ltr'>Et</span> <span class='ocrx_word' id='word_1_579' title='bbox 3341 4100 3609 4174; x_wconf 86' lang='lat' dir='ltr'>adjungit</span> 
     </span>
    </p>
   </div>
   <div class='ocr_carea' id='block_1_78' title="bbox 1975 4194 3603 4265">
    <p class='ocr_par' dir='ltr' id='par_1_78' title="bbox 1975 4194 3603 4265">
     <span class='ocr_line' id='line_1_78' title="bbox 1975 4194 3603 4265; baseline 0.002 -18"><span class='ocrx_word' id='word_1_580' title='bbox 1975 4196 2209 4249; x_wconf 85' lang='lat' dir='ltr'>virtutes</span> <span class='ocrx_word' id='word_1_581' title='bbox 2253 4212 2383 4248; x_wconf 91' lang='lat' dir='ltr'>cum</span> <span class='ocrx_word' id='word_1_582' title='bbox 2423 4194 2559 4248; x_wconf 87' lang='lat' dir='ltr'>dicit</span> <span class='ocrx_word' id='word_1_583' title='bbox 2597 4211 2609 4249; x_wconf 90' lang='lat'><strong>:</strong></span> <span class='ocrx_word' id='word_1_584' title='bbox 2650 4197 2876 4249; x_wconf 86' lang='lat' dir='ltr'>Fructus</span> <span class='ocrx_word' id='word_1_585' title='bbox 2922 4194 3159 4263; x_wconf 83' lang='lat' dir='ltr'>Spiritus</span> <span class='ocrx_word' id='word_1_586' title='bbox 3201 4200 3278 4249; x_wconf 88' lang='lat' dir='ltr'>est</span> <span class='ocrx_word' id='word_1_587' title='bbox 3319 4196 3603 4265; x_wconf 85' lang='lat' dir='ltr'>gaudium,</span> 
     </span>
    </p>
   </div>
   <div class='ocr_carea' id='block_1_79' title="bbox 1967 4289 3605 4359">
    <p class='ocr_par' dir='ltr' id='par_1_79' title="bbox 1967 4289 3605 4359">
     <span class='ocr_line' id='line_1_79' title="bbox 1967 4289 3605 4359; baseline 0.002 -17"><span class='ocrx_word' id='word_1_588' title='bbox 1967 4305 2104 4359; x_wconf 64' lang='lat' dir='ltr'>pax,</span> <span class='ocrx_word' id='word_1_589' title='bbox 2134 4292 2426 4358; x_wconf 82' lang='lat' dir='ltr'>patientia,</span> <span class='ocrx_word' id='word_1_590' title='bbox 2466 4289 2869 4358; x_wconf 82' lang='lat' dir='ltr'>longanimitas,</span> <span class='ocrx_word' id='word_1_591' title='bbox 2901 4289 3132 4348; x_wconf 79' lang='lat' dir='ltr'>bonitas,</span> <span class='ocrx_word' id='word_1_592' title='bbox 3166 4289 3485 4358; x_wconf 88' lang='lat' dir='ltr'>benignitas.</span> <span class='ocrx_word' id='word_1_593' title='bbox 3524 4292 3605 4345; x_wconf 86' lang='lat' dir='ltr'>lta</span> 
     </span>
    </p>
   </div>
   <div class='ocr_carea' id='block_1_80' title="bbox 1974 4380 3601 4452">
    <p class='ocr_par' dir='ltr' id='par_1_80' title="bbox 1974 4380 3601 4452">
     <span class='ocr_line' id='line_1_80' title="bbox 1974 4380 3601 4452; baseline 0.001 -16"><span class='ocrx_word' id='word_1_594' title='bbox 1974 4383 2081 4437; x_wconf 90' lang='lat' dir='ltr'>hoc</span> <span class='ocrx_word' id='word_1_595' title='bbox 2108 4382 2166 4435; x_wconf 90' lang='lat' dir='ltr'>in</span> <span class='ocrx_word' id='word_1_596' title='bbox 2199 4382 2324 4437; x_wconf 89' lang='lat' dir='ltr'>loco</span> <span class='ocrx_word' id='word_1_597' title='bbox 2354 4382 2552 4437; x_wconf 87' lang='lat' dir='ltr'>omnia</span> <span class='ocrx_word' id='word_1_598' title='bbox 2577 4382 2714 4436; x_wconf 86' lang='lat' dir='ltr'>vitia</span> <span class='ocrx_word' id='word_1_599' title='bbox 2740 4380 3179 4452; x_wconf 88' lang='lat' dir='ltr'>comprehendit</span> <span class='ocrx_word' id='word_1_600' title='bbox 3208 4398 3337 4435; x_wconf 91' lang='lat' dir='ltr'>cum</span> <span class='ocrx_word' id='word_1_601' title='bbox 3362 4383 3439 4436; x_wconf 87' lang='lat' dir='ltr'>ait</span> <span class='ocrx_word' id='word_1_602' title='bbox 3463 4400 3474 4436; x_wconf 89' lang='lat'><strong>:</strong></span> <span class='ocrx_word' id='word_1_603' title='bbox 3500 4386 3601 4437; x_wconf 89' lang='lat' dir='ltr'>De-</span> 
     </span>
    </p>
   </div>
   <div class='ocr_carea' id='block_1_81' title="bbox 1973 4475 3605 4546">
    <p class='ocr_par' dir='ltr' id='par_1_81' title="bbox 1973 4475 3605 4546">
     <span class='ocr_line' id='line_1_81' title="bbox 1973 4475 3605 4546; baseline 0.001 -16"><span class='ocrx_word' id='word_1_604' title='bbox 1973 4478 2117 4531; x_wconf 91' lang='lat' dir='ltr'>clina</span> <span class='ocrx_word' id='word_1_605' title='bbox 2138 4493 2169 4530; x_wconf 93' lang='lat' dir='ltr'>a</span> <span class='ocrx_word' id='word_1_606' title='bbox 2191 4478 2351 4531; x_wconf 88' lang='lat' dir='ltr'>malo.</span> <span class='ocrx_word' id='word_1_607' title='bbox 2379 4476 2717 4546; x_wconf 86' lang='lat' dir='ltr'>Pcrstringit</span> <span class='ocrx_word' id='word_1_608' title='bbox 2742 4480 2797 4528; x_wconf 90' lang='lat' dir='ltr'>et</span> <span class='ocrx_word' id='word_1_609' title='bbox 2826 4475 3093 4528; x_wconf 87' lang='lat' dir='ltr'>virtutem</span> <span class='ocrx_word' id='word_1_610' title='bbox 3128 4490 3258 4527; x_wconf 90' lang='lat' dir='ltr'>cum</span> <span class='ocrx_word' id='word_1_611' title='bbox 3284 4475 3363 4528; x_wconf 85' lang='lat' dir='ltr'>ait</span> <span class='ocrx_word' id='word_1_612' title='bbox 3390 4492 3402 4528; x_wconf 89' lang='lat'><strong>:</strong></span> <span class='ocrx_word' id='word_1_613' title='bbox 3425 4477 3495 4529; x_wconf 88' lang='lat' dir='ltr'>Et</span> <span class='ocrx_word' id='word_1_614' title='bbox 3513 4478 3605 4542; x_wconf 81' lang='lat' dir='ltr'>fac</span> 
     </span>
    </p>
   </div>
   <div class='ocr_carea' id='block_1_82' title="bbox 1973 4566 3601 4637">
    <p class='ocr_par' dir='ltr' id='par_1_82' title="bbox 1973 4566 3601 4637">
     <span class='ocr_line' id='line_1_82' title="bbox 1973 4566 3601 4637; baseline -0.001 -14"><span class='ocrx_word' id='word_1_615' title='bbox 1973 4570 2183 4623; x_wconf 86' lang='lat' dir='ltr'>bonum.</span> <span class='ocrx_word' id='word_1_616' title='bbox 2225 4570 2439 4625; x_wconf 72' lang='lat' dir='ltr'>Somne.</span> <span class='ocrx_word' id='word_1_617' title='bbox 2474 4569 2784 4633; x_wconf 86' lang='lat' dir='ltr'>Sobrietas,</span> <span class='ocrx_word' id='word_1_618' title='bbox 2820 4570 2880 4620; x_wconf 88' lang='lat' dir='ltr'>ut</span> <span class='ocrx_word' id='word_1_619' title='bbox 2922 4583 2955 4620; x_wconf 90' lang='lat' dir='ltr'>a</span> <span class='ocrx_word' id='word_1_620' title='bbox 2996 4566 3307 4636; x_wconf 86' lang='lat' dir='ltr'>majoribus</span> <span class='ocrx_word' id='word_1_621' title='bbox 3336 4567 3601 4637; x_wconf 84' lang='lat' dir='ltr'>traditur,</span> 
     </span>
    </p>
   </div>
   <div class='ocr_carea' id='block_1_83' title="bbox 1972 4659 3605 4732">
    <p class='ocr_par' dir='ltr' id='par_1_83' title="bbox 1972 4659 3605 4732">
     <span class='ocr_line' id='line_1_83' title="bbox 1972 4659 3605 4732; baseline 0.001 -17"><span class='ocrx_word' id='word_1_622' title='bbox 1972 4678 2087 4715; x_wconf 88' lang='lat' dir='ltr'>una</span> <span class='ocrx_word' id='word_1_623' title='bbox 2109 4664 2278 4715; x_wconf 79' lang='lat' dir='ltr'>estex</span> <span class='ocrx_word' id='word_1_624' title='bbox 2302 4665 2545 4732; x_wconf 88' lang='lat' dir='ltr'>quatuor</span> <span class='ocrx_word' id='word_1_625' title='bbox 2571 4661 2870 4715; x_wconf 86' lang='lat' dir='ltr'>virtutibus</span> <span class='ocrx_word' id='word_1_626' title='bbox 2897 4659 3324 4730; x_wconf 89' lang='lat' dir='ltr'>principalibus.</span> <span class='ocrx_word' id='word_1_627' title='bbox 3349 4660 3605 4724; x_wconf 87' lang='lat' dir='ltr'>Quatuor</span> 
     </span>
    </p>
   </div>
   <div class='ocr_carea' id='block_1_84' title="bbox 1971 4752 3600 4827">
    <p class='ocr_par' dir='ltr' id='par_1_84' title="bbox 1971 4752 3600 4827">
     <span class='ocr_line' id='line_1_84' title="bbox 1971 4752 3600 4827; baseline 0.001 -18"><span class='ocrx_word' id='word_1_628' title='bbox 1971 4756 2208 4809; x_wconf 86' lang='lat' dir='ltr'>virtutes</span> <span class='ocrx_word' id='word_1_629' title='bbox 2252 4754 2613 4825; x_wconf 88' lang='lat' dir='ltr'>principales,</span> <span class='ocrx_word' id='word_1_630' title='bbox 2656 4753 2982 4825; x_wconf 87' lang='lat' dir='ltr'>prudentia,</span> <span class='ocrx_word' id='word_1_631' title='bbox 3032 4752 3328 4820; x_wconf 87' lang='lat' dir='ltr'>fortitudo,</span> <span class='ocrx_word' id='word_1_632' title='bbox 3377 4758 3600 4827; x_wconf 87' lang='lat' dir='ltr'>tempe-</span> 
     </span>
    </p>
   </div>
   <div class='ocr_carea' id='block_1_85' title="bbox 227 4851 3603 4954">
    <p class='ocr_par' dir='ltr' id='par_1_85' title="bbox 227 4851 3603 4954">
     <span class='ocr_line' id='line_1_85' title="bbox 227 4851 3603 4954; baseline -0.001 -43"><span class='ocrx_word' id='word_1_633' title='bbox 227 4864 450 4923; x_wconf 71' lang='lat' dir='ltr'>rontra,</span> <span class='ocrx_word' id='word_1_634' title='bbox 483 4860 800 4916; x_wconf 86' lang='lat' dir='ltr'>ineruditus</span> <span class='ocrx_word' id='word_1_635' title='bbox 828 4861 1036 4914; x_wconf 90' lang='lat' dir='ltr'>dicitur</span> <span class='ocrx_word' id='word_1_636' title='bbox 1064 4861 1284 4927; x_wconf 87' lang='lat' dir='ltr'>brutus,</span> <span class='ocrx_word' id='word_1_637' title='bbox 1315 4861 1447 4915; x_wconf 91' lang='lat' dir='ltr'>ideo</span> <span class='ocrx_word' id='word_1_638' title='bbox 1481 4860 1636 4931; x_wconf 89' lang='lat' dir='ltr'>quod</span> <span class='ocrx_word' id='word_1_639' title='bbox 1673 4876 1869 4915; x_wconf 88' lang='lat' dir='ltr'>carere</span> <span class='ocrx_word' id='word_1_640' title='bbox 1890 4882 1949 4954; x_wconf 85' lang='lat' dir='ltr'><strong>D</strong></span> <span class='ocrx_word' id='word_1_641' title='bbox 1972 4853 2181 4921; x_wconf 85' lang='lat' dir='ltr'>rantia,</span> <span class='ocrx_word' id='word_1_642' title='bbox 2209 4851 2449 4923; x_wconf 86' lang='lat' dir='ltr'>justitia.</span> <span class='ocrx_word' id='word_1_643' title='bbox 2482 4851 2773 4905; x_wconf 88' lang='lat' dir='ltr'>Sobrietas</span> <span class='ocrx_word' id='word_1_644' title='bbox 2804 4851 2925 4922; x_wconf 89' lang='lat' dir='ltr'>ipsa</span> <span class='ocrx_word' id='word_1_645' title='bbox 2953 4854 3038 4904; x_wconf 90' lang='lat' dir='ltr'>est</span> <span class='ocrx_word' id='word_1_646' title='bbox 3068 4853 3480 4922; x_wconf 87' lang='lat' dir='ltr'>temperantia;</span> <span class='ocrx_word' id='word_1_647' title='bbox 3521 4859 3603 4909; x_wconf 86' lang='lat' dir='ltr'>cst</span> 
     </span>
    </p>
   </div>
   <div class='ocr_carea' id='block_1_86' title="bbox 227 4949 1871 5025">
    <p class='ocr_par' dir='ltr' id='par_1_86' title="bbox 227 4949 1871 5025">
     <span class='ocr_line' id='line_1_86' title="bbox 227 4949 1871 5025; baseline 0.001 -20"><span class='ocrx_word' id='word_1_648' title='bbox 227 4949 458 5008; x_wconf 79' lang='lat' dir='ltr'>videtur</span> <span class='ocrx_word' id='word_1_649' title='bbox 493 4970 658 5008; x_wconf 87' lang='lat' dir='ltr'>sensu</span> <span class='ocrx_word' id='word_1_650' title='bbox 690 4956 776 5008; x_wconf 88' lang='lat' dir='ltr'>vel</span> <span class='ocrx_word' id='word_1_651' title='bbox 817 4954 1141 5025; x_wconf 87' lang='lat' dir='ltr'>prudentia.</span> <span class='ocrx_word' id='word_1_652' title='bbox 1177 4955 1415 5008; x_wconf 86' lang='lat' dir='ltr'>Erudire</span> <span class='ocrx_word' id='word_1_653' title='bbox 1449 4954 1672 5021; x_wconf 89' lang='lat' dir='ltr'>dicitur,</span> <span class='ocrx_word' id='word_1_654' title='bbox 1709 4953 1871 5025; x_wconf 87' lang='lat' dir='ltr'>quasi</span> 
     </span>
    </p>
   </div>
   <div class='ocr_carea' id='block_1_87' title="bbox 226 5047 1870 5119">
    <p class='ocr_par' dir='ltr' id='par_1_87' title="bbox 226 5047 1870 5119">
     <span class='ocr_line' id='line_1_87' title="bbox 226 5047 1870 5119; baseline 0 -17"><span class='ocrx_word' id='word_1_655' title='bbox 226 5067 259 5102; x_wconf 88' lang='lat' dir='ltr'>a</span> <span class='ocrx_word' id='word_1_656' title='bbox 293 5064 428 5101; x_wconf 87' lang='lat' dir='ltr'>rure</span> <span class='ocrx_word' id='word_1_657' title='bbox 469 5048 784 5102; x_wconf 85' lang='lat' dir='ltr'>sublevare.</span> <span class='ocrx_word' id='word_1_658' title='bbox 831 5048 1068 5102; x_wconf 87' lang='lat' dir='ltr'>Erudire</span> <span class='ocrx_word' id='word_1_659' title='bbox 1114 5065 1216 5102; x_wconf 90' lang='lat' dir='ltr'>nos</span> <span class='ocrx_word' id='word_1_660' title='bbox 1250 5047 1449 5115; x_wconf 86' lang='lat' dir='ltr'>voluit,</span> <span class='ocrx_word' id='word_1_661' title='bbox 1489 5047 1584 5118; x_wconf 88' lang='lat' dir='ltr'>qui</span> <span class='ocrx_word' id='word_1_662' title='bbox 1618 5047 1776 5119; x_wconf 87' lang='lat' dir='ltr'>ligna</span> <span class='ocrx_word' id='word_1_663' title='bbox 1818 5051 1870 5102; x_wconf 88' lang='lat' dir='ltr'>ct</span> 
     </span>
    </p>
   </div>
   <div class='ocr_carea' id='block_1_88' title="bbox 228 5140 1874 5214">
    <p class='ocr_par' dir='ltr' id='par_1_88' title="bbox 228 5140 1874 5214">
     <span class='ocr_line' id='line_1_88' title="bbox 228 5140 1874 5214; baseline 0 -19"><span class='ocrx_word' id='word_1_664' title='bbox 228 5140 451 5212; x_wconf 87' lang='lat' dir='ltr'>lapides</span> <span class='ocrx_word' id='word_1_665' title='bbox 506 5141 857 5210; x_wconf 88' lang='lat' dir='ltr'>colebamus,</span> <span class='ocrx_word' id='word_1_666' title='bbox 900 5158 957 5196; x_wconf 90' lang='lat' dir='ltr'>se</span> <span class='ocrx_word' id='word_1_667' title='bbox 1004 5157 1350 5214; x_wconf 81' lang='lat' dir='ltr'>cognoscere</span> <span class='ocrx_word' id='word_1_668' title='bbox 1390 5141 1543 5195; x_wconf 87' lang='lat' dir='ltr'>fecit.</span> <span class='ocrx_word' id='word_1_669' title='bbox 1593 5140 1749 5197; x_wconf 89' lang='lat' dir='ltr'>Sicut</span> <span class='ocrx_word' id='word_1_670' title='bbox 1799 5141 1874 5195; x_wconf 87' lang='lat' dir='ltr'>ad</span> 
     </span>
    </p>
   </div>
   <div class='ocr_carea' id='block_1_89' title="bbox 224 5233 1874 5306">
    <p class='ocr_par' dir='ltr' id='par_1_89' title="bbox 224 5233 1874 5306">
     <span class='ocr_line' id='line_1_89' title="bbox 224 5233 1874 5306; baseline 0 -19"><span class='ocrx_word' id='word_1_671' title='bbox 224 5235 543 5288; x_wconf 84' lang='lat' dir='ltr'>Jerusalem</span> <span class='ocrx_word' id='word_1_672' title='bbox 568 5235 945 5305; x_wconf 89' lang='lat' dir='ltr'>peccatricem</span> <span class='ocrx_word' id='word_1_673' title='bbox 968 5251 1071 5306; x_wconf 86' lang='lat' dir='ltr'>per</span> <span class='ocrx_word' id='word_1_674' title='bbox 1088 5235 1400 5291; x_wconf 84' lang='lat' dir='ltr'>Jeremiam</span> <span class='ocrx_word' id='word_1_675' title='bbox 1429 5235 1770 5306; x_wconf 86' lang='lat' dir='ltr'>prophetam</span> <span class='ocrx_word' id='word_1_676' title='bbox 1794 5233 1874 5287; x_wconf 88' lang='lat' dir='ltr'>di-</span> 
     </span>
    </p>
   </div>
   <div class='ocr_carea' id='block_1_90' title="bbox 225 5328 1868 5393">
    <p class='ocr_par' dir='ltr' id='par_1_90' title="bbox 225 5328 1868 5393">
     <span class='ocr_line' id='line_1_90' title="bbox 225 5328 1868 5393; baseline -0.001 -12"><span class='ocrx_word' id='word_1_677' title='bbox 225 5328 377 5383; x_wconf 87' lang='lat' dir='ltr'>citur</span> <span class='ocrx_word' id='word_1_678' title='bbox 410 5346 422 5383; x_wconf 91' lang='lat'><strong>:</strong></span> <span class='ocrx_word' id='word_1_679' title='bbox 458 5329 709 5393; x_wconf 83' lang='lat' dir='ltr'>Erudire,</span> <span class='ocrx_word' id='word_1_680' title='bbox 758 5330 1077 5390; x_wconf 86' lang='lat' dir='ltr'>Jerusalem,</span> <span class='ocrx_word' id='word_1_681' title='bbox 1120 5346 1213 5383; x_wconf 89' lang='lat' dir='ltr'>nec</span> <span class='ocrx_word' id='word_1_682' title='bbox 1252 5330 1466 5384; x_wconf 84' lang='lat' dir='ltr'>recedat</span> <span class='ocrx_word' id='word_1_683' title='bbox 1498 5330 1681 5382; x_wconf 75' lang='lat' dir='ltr'>anirmi</span> <span class='ocrx_word' id='word_1_684' title='bbox 1723 5345 1757 5381; x_wconf 94' lang='lat' dir='ltr'>a</span> <span class='ocrx_word' id='word_1_685' title='bbox 1802 5333 1868 5382; x_wconf 90' lang='lat' dir='ltr'>te.</span> 
     </span>
    </p>
   </div>
   <div class='ocr_carea' id='block_1_91' title="bbox 226 5421 1873 5493">
    <p class='ocr_par' dir='ltr' id='par_1_91' title="bbox 226 5421 1873 5493">
     <span class='ocr_line' id='line_1_91' title="bbox 226 5421 1873 5493; baseline -0.001 -18"><span class='ocrx_word' id='word_1_686' title='bbox 226 5424 293 5475; x_wconf 85' lang='lat' dir='ltr'>Et</span> <span class='ocrx_word' id='word_1_687' title='bbox 324 5422 476 5476; x_wconf 89' lang='lat' dir='ltr'>bene</span> <span class='ocrx_word' id='word_1_688' title='bbox 498 5425 625 5492; x_wconf 86' lang='lat' dir='ltr'>post</span> <span class='ocrx_word' id='word_1_689' title='bbox 652 5421 993 5493; x_wconf 85' lang='lat' dir='ltr'>decalogum</span> <span class='ocrx_word' id='word_1_690' title='bbox 1018 5422 1313 5488; x_wconf 74' lang='lat' dir='ltr'>doctrinm,</span> <span class='ocrx_word' id='word_1_691' title='bbox 1339 5422 1473 5493; x_wconf 87' lang='lat' dir='ltr'>quid</span> <span class='ocrx_word' id='word_1_692' title='bbox 1504 5421 1713 5475; x_wconf 77' lang='lat' dir='ltr'>senex?</span> <span class='ocrx_word' id='word_1_693' title='bbox 1735 5421 1873 5493; x_wconf 87' lang='lat' dir='ltr'>quid</span> 
     </span>
    </p>
   </div>
   <div class='ocr_carea' id='block_1_92' title="bbox 226 5514 1871 5587">
    <p class='ocr_par' dir='ltr' id='par_1_92' title="bbox 226 5514 1871 5587">
     <span class='ocr_line' id='line_1_92' title="bbox 226 5514 1871 5587; baseline -0.001 -17"><span class='ocrx_word' id='word_1_694' title='bbox 226 5515 413 5570; x_wconf 84' lang='lat' dir='ltr'>anus?</span> <span class='ocrx_word' id='word_1_695' title='bbox 456 5514 593 5586; x_wconf 90' lang='lat' dir='ltr'>quid</span> <span class='ocrx_word' id='word_1_696' title='bbox 632 5515 922 5584; x_wconf 83' lang='lat' dir='ltr'>virgines?</span> <span class='ocrx_word' id='word_1_697' title='bbox 968 5516 1103 5587; x_wconf 85' lang='lat' dir='ltr'>quid</span> <span class='ocrx_word' id='word_1_698' title='bbox 1152 5516 1587 5571; x_wconf 86' lang='lat' dir='ltr'>adolescentes?</span> <span class='ocrx_word' id='word_1_699' title='bbox 1632 5514 1767 5585; x_wconf 91' lang='lat' dir='ltr'>quid</span> <span class='ocrx_word' id='word_1_700' title='bbox 1800 5515 1871 5569; x_wconf 90' lang='lat' dir='ltr'>ad</span> 
     </span>
    </p>
   </div>
   <div class='ocr_carea' id='block_1_93' title="bbox 225 5608 1869 5665">
    <p class='ocr_par' dir='ltr' id='par_1_93' title="bbox 225 5608 1869 5665">
     <span class='ocr_line' id='line_1_93' title="bbox 225 5608 1869 5665; baseline -0.001 -4"><span class='ocrx_word' id='word_1_701' title='bbox 225 5614 550 5663; x_wconf 80' lang='lat' dir='ltr'>extremum</span> <span class='ocrx_word' id='word_1_702' title='bbox 602 5626 795 5664; x_wconf 85' lang='lat' dir='ltr'>servos</span> <span class='ocrx_word' id='word_1_703' title='bbox 840 5609 1151 5664; x_wconf 87' lang='lat' dir='ltr'>admonere</span> <span class='ocrx_word' id='word_1_704' title='bbox 1196 5608 1525 5665; x_wconf 79' lang='lat' dir='ltr'>debuisset?</span> <span class='ocrx_word' id='word_1_705' title='bbox 1577 5625 1775 5663; x_wconf 85' lang='lat' dir='ltr'>omnes</span> <span class='ocrx_word' id='word_1_706' title='bbox 1813 5608 1869 5660; x_wconf 87' lang='lat' dir='ltr'>in</span> 
     </span>
    </p>
   </div>
   <div class='ocr_carea' id='block_1_94' title="bbox 226 5702 1872 5775">
    <p class='ocr_par' dir='ltr' id='par_1_94' title="bbox 226 5702 1872 5775">
     <span class='ocr_line' id='line_1_94' title="bbox 226 5702 1872 5775; baseline -0.003 -16"><span class='ocrx_word' id='word_1_707' title='bbox 226 5720 405 5759; x_wconf 88' lang='lat' dir='ltr'>unum</span> <span class='ocrx_word' id='word_1_708' title='bbox 438 5702 884 5775; x_wconf 88' lang='lat' dir='ltr'>comprehendit</span> <span class='ocrx_word' id='word_1_709' title='bbox 923 5703 1119 5759; x_wconf 87' lang='lat' dir='ltr'>dicens</span> <span class='ocrx_word' id='word_1_710' title='bbox 1147 5722 1159 5759; x_wconf 89' lang='lat'><strong>:</strong></span> <span class='ocrx_word' id='word_1_711' title='bbox 1193 5706 1471 5775; x_wconf 85' lang='lat' dir='ltr'>Apparuit</span> <span class='ocrx_word' id='word_1_712' title='bbox 1508 5704 1648 5757; x_wconf 88' lang='lat' dir='ltr'>enim</span> <span class='ocrx_word' id='word_1_713' title='bbox 1689 5704 1872 5769; x_wconf 88' lang='lat' dir='ltr'>gratia</span> 
     </span>
    </p>
   </div>
   <div class='ocr_carea' id='block_1_95' title="bbox 219 5796 1868 5860">
    <p class='ocr_par' dir='ltr' id='par_1_95' title="bbox 219 5796 1868 5860">
     <span class='ocr_line' id='line_1_95' title="bbox 219 5796 1868 5860; baseline -0.003 -8"><span class='ocrx_word' id='word_1_714' title='bbox 219 5799 527 5856; x_wconf 77' lang='lat' dir='ltr'>Saluatoris</span> <span class='ocrx_word' id='word_1_715' title='bbox 584 5800 757 5852; x_wconf 86' lang='lat' dir='ltr'>nostri</span> <span class='ocrx_word' id='word_1_716' title='bbox 792 5798 1039 5852; x_wconf 88' lang='lat' dir='ltr'>omnibus</span> <span class='ocrx_word' id='word_1_717' title='bbox 1085 5799 1408 5860; x_wconf 87' lang='lat' dir='ltr'>hominibus,</span> <span class='ocrx_word' id='word_1_718' title='bbox 1451 5796 1701 5851; x_wconf 87' lang='lat' dir='ltr'>erudiens</span> <span class='ocrx_word' id='word_1_719' title='bbox 1743 5810 1868 5855; x_wconf 88' lang='lat' dir='ltr'>nos;</span> 
     </span>
    </p>
   </div>
   <div class='ocr_carea' id='block_1_96' title="bbox 225 5889 1872 5963">
    <p class='ocr_par' dir='ltr' id='par_1_96' title="bbox 225 5889 1872 5963">
     <span class='ocr_line' id='line_1_96' title="bbox 225 5889 1872 5963; baseline -0.002 -16"><span class='ocrx_word' id='word_1_720' title='bbox 225 5892 361 5963; x_wconf 87' lang='lat' dir='ltr'>quia</span> <span class='ocrx_word' id='word_1_721' title='bbox 393 5891 553 5947; x_wconf 88' lang='lat' dir='ltr'>nulla</span> <span class='ocrx_word' id='word_1_722' title='bbox 582 5893 670 5945; x_wconf 89' lang='lat' dir='ltr'>est</span> <span class='ocrx_word' id='word_1_723' title='bbox 701 5890 853 5961; x_wconf 89' lang='lat' dir='ltr'>apud</span> <span class='ocrx_word' id='word_1_724' title='bbox 886 5892 1050 5949; x_wconf 89' lang='lat' dir='ltr'>illum</span> <span class='ocrx_word' id='word_1_725' title='bbox 1080 5891 1423 5959; x_wconf 71' lang='lat' dir='ltr'>differentia,</span> <span class='ocrx_word' id='word_1_726' title='bbox 1452 5889 1633 5944; x_wconf 70' lang='lat' dir='ltr'>Judaei</span> <span class='ocrx_word' id='word_1_727' title='bbox 1655 5892 1712 5943; x_wconf 91' lang='lat' dir='ltr'>et</span> <span class='ocrx_word' id='word_1_728' title='bbox 1729 5889 1872 5945; x_wconf 66' lang='lat' dir='ltr'>Grae-</span> 
     </span>
    </p>
   </div>
   <div class='ocr_carea' id='block_1_97' title="bbox 1973 4944 3600 5018">
    <p class='ocr_par' dir='ltr' id='par_1_97' title="bbox 1973 4944 3600 5018">
     <span class='ocr_line' id='line_1_97' title="bbox 1973 4944 3600 5018; baseline 0 -16"><span class='ocrx_word' id='word_1_729' title='bbox 1973 4947 2130 5002; x_wconf 89' lang='lat' dir='ltr'>enim</span> <span class='ocrx_word' id='word_1_730' title='bbox 2154 4944 2540 5017; x_wconf 87' lang='lat' dir='ltr'>temperantia</span> <span class='ocrx_word' id='word_1_731' title='bbox 2562 4944 2617 4997; x_wconf 89' lang='lat' dir='ltr'>in</span> <span class='ocrx_word' id='word_1_732' title='bbox 2640 4944 2764 4999; x_wconf 85' lang='lat' dir='ltr'>cibo</span> <span class='ocrx_word' id='word_1_733' title='bbox 2787 4948 2841 4999; x_wconf 89' lang='lat' dir='ltr'>et</span> <span class='ocrx_word' id='word_1_734' title='bbox 2862 4947 3021 5015; x_wconf 88' lang='lat' dir='ltr'>potu,</span> <span class='ocrx_word' id='word_1_735' title='bbox 3043 4948 3277 5016; x_wconf 85' lang='lat' dir='ltr'>propter</span> <span class='ocrx_word' id='word_1_736' title='bbox 3296 4946 3431 5001; x_wconf 91' lang='lat' dir='ltr'>illud</span> <span class='ocrx_word' id='word_1_737' title='bbox 3448 4948 3600 5018; x_wconf 90' lang='lat' dir='ltr'>quod</span> 
     </span>
    </p>
   </div>
   <div class='ocr_carea' id='block_1_98' title="bbox 1973 5039 3602 5107">
    <p class='ocr_par' dir='ltr' id='par_1_98' title="bbox 1973 5039 3602 5107">
     <span class='ocr_line' id='line_1_98' title="bbox 1973 5039 3602 5107; baseline -0.002 -10"><span class='ocrx_word' id='word_1_738' title='bbox 1973 5040 2246 5097; x_wconf 88' lang='lat' dir='ltr'>Dominus</span> <span class='ocrx_word' id='word_1_739' title='bbox 2277 5039 2353 5094; x_wconf 88' lang='lat' dir='ltr'>ait</span> <span class='ocrx_word' id='word_1_740' title='bbox 2389 5055 2401 5092; x_wconf 91' lang='lat'><strong>:</strong></span> <span class='ocrx_word' id='word_1_741' title='bbox 2432 5039 2708 5093; x_wconf 83' lang='lat' dir='ltr'>Attendite</span> <span class='ocrx_word' id='word_1_742' title='bbox 2738 5054 2800 5092; x_wconf 88' lang='lat' dir='ltr'>ne</span> <span class='ocrx_word' id='word_1_743' title='bbox 2826 5044 3124 5107; x_wconf 86' lang='lat' dir='ltr'>graventur</span> <span class='ocrx_word' id='word_1_744' title='bbox 3148 5040 3312 5094; x_wconf 86' lang='lat' dir='ltr'>corda</span> <span class='ocrx_word' id='word_1_745' title='bbox 3341 5047 3520 5095; x_wconf 79' lang='lat' dir='ltr'>vestra</span> <span class='ocrx_word' id='word_1_746' title='bbox 3547 5044 3602 5094; x_wconf 86' lang='lat' dir='ltr'>in</span> 
     </span>
    </p>
   </div>
   <div class='ocr_carea' id='block_1_99' title="bbox 1972 5130 3602 5205">
    <p class='ocr_par' dir='ltr' id='par_1_99' title="bbox 1972 5130 3602 5205">
     <span class='ocr_line' id='line_1_99' title="bbox 1972 5130 3602 5205; baseline -0.001 -16"><span class='ocrx_word' id='word_1_747' title='bbox 1972 5135 2195 5205; x_wconf 86' lang='lat' dir='ltr'>crapula</span> <span class='ocrx_word' id='word_1_748' title='bbox 2222 5138 2272 5188; x_wconf 88' lang='lat' dir='ltr'>et</span> <span class='ocrx_word' id='word_1_749' title='bbox 2292 5133 2566 5188; x_wconf 83' lang='lat' dir='ltr'>ebrietate.</span> <span class='ocrx_word' id='word_1_750' title='bbox 2601 5131 2715 5184; x_wconf 87' lang='lat' dir='ltr'>Sed</span> <span class='ocrx_word' id='word_1_751' title='bbox 2739 5130 2794 5184; x_wconf 91' lang='lat' dir='ltr'>in</span> <span class='ocrx_word' id='word_1_752' title='bbox 2822 5131 3173 5201; x_wconf 86' lang='lat' dir='ltr'>cogitatione</span> <span class='ocrx_word' id='word_1_753' title='bbox 3197 5149 3424 5204; x_wconf 84' lang='lat' dir='ltr'>quoque</span> <span class='ocrx_word' id='word_1_754' title='bbox 3448 5136 3502 5187; x_wconf 90' lang='lat' dir='ltr'>et</span> <span class='ocrx_word' id='word_1_755' title='bbox 3526 5135 3602 5188; x_wconf 83' lang='lat' dir='ltr'>lo-</span> 
     </span>
    </p>
   </div>
   <div class='ocr_carea' id='block_1_100' title="bbox 1973 5223 3598 5297">
    <p class='ocr_par' dir='ltr' id='par_1_100' title="bbox 1973 5223 3598 5297">
     <span class='ocr_line' id='line_1_100' title="bbox 1973 5223 3598 5297; baseline -0.001 -14"><span class='ocrx_word' id='word_1_756' title='bbox 1973 5228 2199 5283; x_wconf 85' lang='lat' dir='ltr'>cutione</span> <span class='ocrx_word' id='word_1_757' title='bbox 2232 5230 2287 5282; x_wconf 90' lang='lat' dir='ltr'>et</span> <span class='ocrx_word' id='word_1_758' title='bbox 2312 5223 2667 5296; x_wconf 89' lang='lat' dir='ltr'>operatione,</span> <span class='ocrx_word' id='word_1_759' title='bbox 2704 5223 2759 5277; x_wconf 91' lang='lat' dir='ltr'>in</span> <span class='ocrx_word' id='word_1_760' title='bbox 2798 5225 2958 5277; x_wconf 89' lang='lat' dir='ltr'>omni</span> <span class='ocrx_word' id='word_1_761' title='bbox 2988 5230 3118 5279; x_wconf 88' lang='lat' dir='ltr'>actu</span> <span class='ocrx_word' id='word_1_762' title='bbox 3150 5228 3343 5279; x_wconf 90' lang='lat' dir='ltr'>nostro</span> <span class='ocrx_word' id='word_1_763' title='bbox 3376 5229 3598 5297; x_wconf 89' lang='lat' dir='ltr'>tempe-</span> 
     </span>
    </p>
   </div>
   <div class='ocr_carea' id='block_1_101' title="bbox 1972 5317 3599 5389">
    <p class='ocr_par' dir='ltr' id='par_1_101' title="bbox 1972 5317 3599 5389">
     <span class='ocr_line' id='line_1_101' title="bbox 1972 5317 3599 5389; baseline -0.002 -14"><span class='ocrx_word' id='word_1_764' title='bbox 1972 5321 2081 5376; x_wconf 90' lang='lat' dir='ltr'>rati</span> <span class='ocrx_word' id='word_1_765' title='bbox 2114 5337 2234 5374; x_wconf 86' lang='lat' dir='ltr'>esse</span> <span class='ocrx_word' id='word_1_766' title='bbox 2274 5319 2565 5383; x_wconf 85' lang='lat' dir='ltr'>debemus,</span> <span class='ocrx_word' id='word_1_767' title='bbox 2597 5317 2730 5389; x_wconf 90' lang='lat' dir='ltr'>quia</span> <span class='ocrx_word' id='word_1_768' title='bbox 2758 5333 2929 5371; x_wconf 89' lang='lat' dir='ltr'>omne</span> <span class='ocrx_word' id='word_1_769' title='bbox 2960 5317 3114 5388; x_wconf 89' lang='lat' dir='ltr'>quod</span> <span class='ocrx_word' id='word_1_770' title='bbox 3151 5317 3321 5371; x_wconf 88' lang='lat' dir='ltr'>nimis</span> <span class='ocrx_word' id='word_1_771' title='bbox 3352 5322 3455 5385; x_wconf 90' lang='lat' dir='ltr'>est,</span> <span class='ocrx_word' id='word_1_772' title='bbox 3486 5321 3599 5373; x_wconf 84' lang='lat' dir='ltr'>sive</span> 
     </span>
    </p>
   </div>
   <div class='ocr_carea' id='block_1_102' title="bbox 1974 5411 3602 5482">
    <p class='ocr_par' dir='ltr' id='par_1_102' title="bbox 1974 5411 3602 5482">
     <span class='ocr_line' id='line_1_102' title="bbox 1974 5411 3602 5482; baseline -0.001 -13"><span class='ocrx_word' id='word_1_773' title='bbox 1974 5416 2043 5471; x_wconf 90' lang='lat' dir='ltr'>de</span> <span class='ocrx_word' id='word_1_774' title='bbox 2075 5430 2301 5469; x_wconf 88' lang='lat' dir='ltr'>sursum</span> <span class='ocrx_word' id='word_1_775' title='bbox 2330 5414 2419 5480; x_wconf 89' lang='lat' dir='ltr'>sit,</span> <span class='ocrx_word' id='word_1_776' title='bbox 2450 5412 2562 5466; x_wconf 90' lang='lat' dir='ltr'>sive</span> <span class='ocrx_word' id='word_1_777' title='bbox 2591 5411 2660 5465; x_wconf 90' lang='lat' dir='ltr'>dc</span> <span class='ocrx_word' id='word_1_778' title='bbox 2685 5411 2975 5476; x_wconf 87' lang='lat' dir='ltr'>deorsum,</span> <span class='ocrx_word' id='word_1_779' title='bbox 3009 5412 3067 5465; x_wconf 89' lang='lat' dir='ltr'>in</span> <span class='ocrx_word' id='word_1_780' title='bbox 3095 5411 3293 5465; x_wconf 84' lang='lat' dir='ltr'>vitium</span> <span class='ocrx_word' id='word_1_781' title='bbox 3320 5413 3602 5482; x_wconf 85' lang='lat' dir='ltr'>reputabi-</span> 
     </span>
    </p>
   </div>
   <div class='ocr_carea' id='block_1_103' title="bbox 1972 5504 3597 5574">
    <p class='ocr_par' dir='ltr' id='par_1_103' title="bbox 1972 5504 3597 5574">
     <span class='ocr_line' id='line_1_103' title="bbox 1972 5504 3597 5574; baseline -0.002 -9"><span class='ocrx_word' id='word_1_782' title='bbox 1972 5516 2083 5566; x_wconf 89' lang='lat' dir='ltr'>tur.</span> <span class='ocrx_word' id='word_1_783' title='bbox 2130 5512 2200 5564; x_wconf 79' lang='grc' dir='ltr'>ΕΤ</span> <span class='ocrx_word' id='word_1_784' title='bbox 2234 5524 2415 5573; x_wconf 76' lang='lat' dir='ltr'>JL&#39;STE,</span> <span class='ocrx_word' id='word_1_785' title='bbox 2452 5506 2509 5561; x_wconf 87' lang='lat' dir='ltr'>id</span> <span class='ocrx_word' id='word_1_786' title='bbox 2546 5509 2629 5560; x_wconf 89' lang='lat' dir='ltr'>est</span> <span class='ocrx_word' id='word_1_787' title='bbox 2665 5504 2928 5559; x_wconf 75' lang='lat' dir='ltr'>fideliter.</span> <span class='ocrx_word' id='word_1_788' title='bbox 2978 5507 3162 5559; x_wconf 86' lang='lat' dir='ltr'>Justus</span> <span class='ocrx_word' id='word_1_789' title='bbox 3207 5522 3273 5559; x_wconf 69' lang='lat' dir='ltr'>ea:</span> <span class='ocrx_word' id='word_1_790' title='bbox 3304 5507 3409 5574; x_wconf 76' lang='lat' dir='ltr'>fide</span> <span class='ocrx_word' id='word_1_791' title='bbox 3443 5510 3597 5561; x_wconf 72' lang='lat' dir='ltr'>uiuit.</span> 
     </span>
    </p>
   </div>
   <div class='ocr_carea' id='block_1_104' title="bbox 1972 5598 3603 5668">
    <p class='ocr_par' dir='ltr' id='par_1_104' title="bbox 1972 5598 3603 5668">
     <span class='ocr_line' id='line_1_104' title="bbox 1972 5598 3603 5668; baseline -0.003 -10"><span class='ocrx_word' id='word_1_792' title='bbox 1972 5603 2133 5658; x_wconf 89' lang='lat' dir='ltr'>Unde</span> <span class='ocrx_word' id='word_1_793' title='bbox 2167 5606 2224 5657; x_wconf 91' lang='lat' dir='ltr'>et</span> <span class='ocrx_word' id='word_1_794' title='bbox 2247 5604 2496 5657; x_wconf 85' lang='lat' dir='ltr'>Joannes</span> <span class='ocrx_word' id='word_1_795' title='bbox 2529 5618 2541 5655; x_wconf 89' lang='lat'><strong>:</strong></span> <span class='ocrx_word' id='word_1_796' title='bbox 2585 5602 2766 5657; x_wconf 87' lang='lat' dir='ltr'>Omnis</span> <span class='ocrx_word' id='word_1_797' title='bbox 2794 5601 2889 5668; x_wconf 90' lang='lat' dir='ltr'>qui</span> <span class='ocrx_word' id='word_1_798' title='bbox 2921 5601 3057 5665; x_wconf 83' lang='lat' dir='ltr'>facit</span> <span class='ocrx_word' id='word_1_799' title='bbox 3076 5598 3378 5666; x_wconf 82' lang='lat' dir='ltr'>justitiam,</span> <span class='ocrx_word' id='word_1_800' title='bbox 3407 5616 3474 5655; x_wconf 76' lang='lat' dir='ltr'>ear:</span> <span class='ocrx_word' id='word_1_801' title='bbox 3502 5604 3603 5656; x_wconf 68' lang='lat' dir='ltr'>Deo</span> 
     </span>
    </p>
   </div>
   <div class='ocr_carea' id='block_1_105' title="bbox 1972 5690 3606 5768">
    <p class='ocr_par' dir='ltr' id='par_1_105' title="bbox 1972 5690 3606 5768">
     <span class='ocr_line' id='line_1_105' title="bbox 1972 5690 3606 5768; baseline -0.004 -16"><span class='ocrx_word' id='word_1_802' title='bbox 1972 5703 2068 5753; x_wconf 88' lang='lat' dir='ltr'>cst.</span> <span class='ocrx_word' id='word_1_803' title='bbox 2127 5697 2296 5767; x_wconf 84' lang='lat' dir='ltr'>Cujus</span> <span class='ocrx_word' id='word_1_804' title='bbox 2356 5694 2660 5768; x_wconf 89' lang='lat' dir='ltr'>participes</span> <span class='ocrx_word' id='word_1_805' title='bbox 2709 5696 2860 5757; x_wconf 89' lang='lat' dir='ltr'>sunt,</span> <span class='ocrx_word' id='word_1_806' title='bbox 2923 5690 3209 5764; x_wconf 86' lang='lat' dir='ltr'>pudicitia,</span> <span class='ocrx_word' id='word_1_807' title='bbox 3252 5693 3495 5761; x_wconf 81' lang='lat' dir='ltr'>castitas,</span> <span class='ocrx_word' id='word_1_808' title='bbox 3550 5700 3606 5749; x_wconf 81' lang='lat' dir='ltr'>et</span> 
     </span>
    </p>
   </div>
   <div class='ocr_carea' id='block_1_106' title="bbox 1973 5786 3603 5857">
    <p class='ocr_par' dir='ltr' id='par_1_106' title="bbox 1973 5786 3603 5857">
     <span class='ocr_line' id='line_1_106' title="bbox 1973 5786 3603 5857; baseline -0.003 -12"><span class='ocrx_word' id='word_1_809' title='bbox 1973 5792 2181 5845; x_wconf 90' lang='lat' dir='ltr'>horum</span> <span class='ocrx_word' id='word_1_810' title='bbox 2212 5790 2436 5844; x_wconf 88' lang='lat' dir='ltr'>similia.</span> <span class='ocrx_word' id='word_1_811' title='bbox 2471 5791 2544 5843; x_wconf 89' lang='grc' dir='ltr'>ΕΤ</span> <span class='ocrx_word' id='word_1_812' title='bbox 2572 5806 2658 5844; x_wconf 77' lang='lat' dir='ltr'>rm</span> <span class='ocrx_word' id='word_1_813' title='bbox 2686 5804 2941 5855; x_wconf 66' lang='grc' dir='ltr'>νινΑΜιέ,</span> <span class='ocrx_word' id='word_1_814' title='bbox 2966 5787 3072 5842; x_wconf 90' lang='lat' dir='ltr'>hoc</span> <span class='ocrx_word' id='word_1_815' title='bbox 3101 5788 3185 5840; x_wconf 86' lang='lat' dir='ltr'>est</span> <span class='ocrx_word' id='word_1_816' title='bbox 3213 5786 3497 5857; x_wconf 83' lang='lat' dir='ltr'>religiose.</span> <span class='ocrx_word' id='word_1_817' title='bbox 3525 5788 3603 5842; x_wconf 84' lang='lat' dir='ltr'>Ne</span> 
     </span>
    </p>
   </div>
   <div class='ocr_carea' id='block_1_107' title="bbox 1972 5880 3604 5955">
    <p class='ocr_par' dir='ltr' id='par_1_107' title="bbox 1972 5880 3604 5955">
     <span class='ocr_line' id='line_1_107' title="bbox 1972 5880 3604 5955; baseline -0.004 -16"><span class='ocrx_word' id='word_1_818' title='bbox 1972 5883 2127 5940; x_wconf 88' lang='lat' dir='ltr'>enim</span> <span class='ocrx_word' id='word_1_819' title='bbox 2151 5883 2538 5939; x_wconf 87' lang='lat' dir='ltr'>immoderata</span> <span class='ocrx_word' id='word_1_820' title='bbox 2562 5882 2634 5938; x_wconf 89' lang='lat' dir='ltr'>sit</span> <span class='ocrx_word' id='word_1_821' title='bbox 2653 5882 2896 5955; x_wconf 87' lang='lat' dir='ltr'>justitia,</span> <span class='ocrx_word' id='word_1_822' title='bbox 2925 5882 3108 5955; x_wconf 88' lang='lat' dir='ltr'>pietas</span> <span class='ocrx_word' id='word_1_823' title='bbox 3138 5880 3467 5937; x_wconf 86' lang='lat' dir='ltr'>comitanda</span> <span class='ocrx_word' id='word_1_824' title='bbox 3498 5884 3604 5948; x_wconf 81' lang='lat' dir='ltr'>est,</span> 
     </span>
    </p>
   </div>
  </div>
