4034 6228
470 317 568 371 851

1963 311 2088 366 LUC
2096 310 2360 366 ULENTII

3738 311 3854 364 852

471 437 600 494 quae
629 437 760 492 pars
784 423 869 474 est
884 419 1142 491 justitiae.
1163 420 1231 474 Et
1255 417 1396 472 sicut
1421 417 1622 472 beatus
1641 417 1993 486 Augustinus
2013 416 2101 470 di-
2125 428 2184 501 Α
2207 417 2364 474 Sicut
2386 417 2542 472 idem
2573 418 2860 488 apostolus
2889 417 3028 472 dicit
3055 432 3068 471 :
3105 415 3358 472 Tradidit
3375 417 3720 486 semetipsum
3741 429 3852 486 pro

471 515 568 583 cit,
603 515 700 570 Dei
729 515 911 569 cultor
940 513 1297 584 intelligitur.
1327 513 1384 567 IN
1417 525 1523 566 HOC
1557 525 1793 576 saeuo,
1831 510 1891 564 id
1923 514 2010 564 est
2043 510 2104 564 in

470 609 738 682 praesenti
769 609 903 674 vita,
937 610 1173 678 propter
1197 605 1336 659 illud
1366 605 1520 676 quod
1549 605 1827 658 Dominus
1858 604 1974 659 ait:
2001 605 2108 670 Qui

468 705 887 775 perseverath
907 717 1074 770 usque
1092 703 1151 753 in
1168 702 1346 768 ﬁnem,
1369 700 1454 752 hic
1473 699 1655 752 salvus
1677 700 1796 752 erit.
1819 699 1956 761 Quae
1983 699 2100 768 pie-

473 800 559 850 tas
615 811 902 852 ADVENTUM
954 809 1161 848 GLORLE
1214 808 1277 846 ΕΤ
1334 792 1672 846 SALVALORIS
1728 806 1920 846 NOSTRI
1971 793 2102 846 JESU

471 891 690 947 Cnnlsrl
723 891 1030 959 exspectat,
1064 901 1264 940 secura
1300 885 1370 938 de
1408 885 1523 938 ﬁde
1551 887 1607 938 et
1639 901 1811 955 opere
1849 901 1981 953 suo;
2025 885 2098 940 si-

468 987 564 1038 cut
591 1001 620 1038 e
642 985 840 1038 contra
865 979 1130 1050 impietas
1157 977 1518 1033 reformidat.
1551 979 1770 1034 BEATAM
1800 995 1934 1034 seen
1965 979 2102 1034 dicit

472 1079 758 1132 cmlestem
781 1075 1049 1147 patriam.
1075 1075 1170 1128 Est
1187 1073 1344 1127 enim
1367 1089 1495 1143 spes
1515 1072 1856 1144 exspectatio
1880 1073 2098 1128 futuro-

469 1186 600 1224 rum
629 1170 935 1224 bonorum.
961 1168 1102 1240 Spes
1121 1167 1271 1221 dicta
1300 1171 1402 1232 est,
1427 1165 1582 1237 quasi
1611 1168 1764 1220 recte
1797 1165 2100 1236 gradiendi

469 1279 588 1334 pes.
623 1265 700 1318 De
741 1280 856 1334 qua
890 1262 1195 1333 Apostolus
1227 1277 1240 1314 :
1277 1263 1407 1330 Spes
1450 1276 1572 1330 qum
1605 1261 1839 1321 videtur,
1877 1275 1984 1314 non
2025 1262 2102 1314 est

466 1373 604 1427 spes.
635 1356 936 1412 Contraria
965 1359 1051 1410 est
1079 1355 1158 1409 illi
1187 1354 1533 1424 desperatio,
1561 1353 1652 1408 cui
1679 1353 1836 1406 nulla
1861 1357 1948 1406 est
1979 1369 2096 1424 poe-

467 1451 693 1506 nitendi
735 1451 993 1505 facultas.
1046 1448 1313 1514 Quandiu
1364 1448 1519 1501 enim
1572 1447 1747 1501 homo
1799 1450 2100 1517 peccatum

466 1543 642 1612 amat,
677 1545 926 1598 futuram
950 1543 1364 1598 beatitudinem
1397 1558 1512 1595 non
1545 1545 1760 1611 sperat;
1797 1541 1897 1595 sed
1921 1541 2012 1594 ille
2041 1541 2102 1594 li-

469 1637 771 1692 ducialiter
799 1638 1106 1707 exspectat,
1140 1635 1237 1706 qui
1267 1635 1388 1704 ejus
1413 1633 1716 1706 przeceptis
1743 1633 1802 1688 in
1837 1635 2101 1689 omnibus

469 1731 851 1801 obtemperat.
882 1731 960 1784 De
987 1746 1100 1800 qua
1133 1745 1249 1782 non
1285 1727 1470 1798 potuit
1495 1727 1741 1798 amplius
1771 1727 2004 1794 sentire,
2039 1733 2101 1782 ut

2204 512 2358 566 nobis
2384 513 2704 567 oblationem
2732 516 2783 567 et
2808 513 3041 566 hostiam.
3068 512 3174 565 Deo
3201 512 3259 564 in
3286 509 3501 564 odorem
3527 508 3851 564 suavitatis.

2205 605 2394 671 Quare
2426 622 2564 676 ergo
2597 603 3137 676 culpamusJudaeos
3157 603 3240 657 vel
3264 602 3492 669 ludam,
3524 617 3660 656 cum
3692 600 3852 654 dicat

2203 700 2528 770 Apostolus,
2557 699 2690 770 quia
2716 699 2840 769 ipse
2869 715 2927 751 se
2963 696 3241 751 tradidit?
3289 695 3600 751 Sciendum
3643 697 3850 748 tamen

2205 797 2290 847 est
2323 793 2458 864 quia
2487 791 2726 848 tradidit
2753 808 2886 846 eum
2917 791 3092 846 Judas
3130 792 3365 861 propter
3386 789 3712 854 avaritiam,
3745 788 3846 842 Ju-

2202 887 2311 942 daei
2365 893 2596 958 propter
2635 885 2930 950 invidiam,
2977 886 3127 939 Deus
3165 886 3335 938 Pater
3367 899 3470 954 pro
3509 887 3709 936 nostra
3749 897 3846 936 re-

2203 981 2560 1052 demptione,
2590 979 2760 1034 Filius
2789 979 2908 1050 ipse
2940 995 2999 1032 se
3035 977 3274 1032 tradidit
3299 993 3402 1048 pro
3425 979 3623 1030 nostra
3647 974 3848 1030 chari-

2203 1079 2340 1130 tate.
2375 1075 2533 1129 Sicut
2557 1074 2616 1128 in
2645 1071 2985 1144 Apocalypsi
3017 1071 3156 1126 dicit
3182 1072 3432 1126 Joannes
3465 1087 3480 1124 :
3511 1071 3619 1137 Qui
3645 1069 3853 1124 dilexit

2200 1185 2315 1231 nos,
2348 1173 2398 1223 et
2438 1169 2572 1224 lavit
2607 1183 2701 1222 nos
2737 1184 2772 1220 a
2802 1168 3040 1236 peccatis
3078 1167 3274 1220 nostris
3321 1167 3377 1218 in
3415 1165 3683 1232 sanguine
3721 1177 3845 1218 suo.

2201 1262 2382 1316 Aliter
2411 1278 2550 1332 ergo
2584 1277 2717 1315 eum
2753 1261 2779 1315 ⁴1
2789 1260 2928 1314 udas
2959 1259 3212 1326 tradidit,
3244 1259 3410 1314 aliter
3437 1256 3638 1323 Judaei,
3672 1255 3850 1310 aliter

2201 1357 2390 1422 Pater,
2420 1355 2586 1409 aliter
2614 1354 2734 1425 ipse
2760 1372 2820 1408 se
2849 1353 3104 1408 tradidit.

2273 1451 2350 1504 Ur
2401 1464 2500 1505 nos
2547 1464 2848 1504 REDIMERET
2899 1464 2967 1502 AB
3015 1463 3148 1503 om
3198 1461 3524 1509 INIQUITATE.
3571 1443 3850 1499 Redemit

2203 1561 2307 1599 nos
2327 1544 2398 1598 ab
2424 1543 2586 1598 omni
2616 1541 2939 1612 iniquitate,
2971 1540 3266 1595 fundendo
3291 1556 3396 1611 pro
3426 1538 3590 1594 nobis
3611 1537 3849 1608 sangui-

2203 1655 2338 1692 nem
2371 1653 2576 1703 suum;
2608 1636 2814 1690 eodem
2850 1635 3074 1689 dicente
3109 1651 3122 1688 :
3157 1636 3340 1704 Empti
3364 1637 3505 1688 enim
3522 1635 3648 1688 estis
3661 1633 3846 1701 pretio

2198 1747 2414 1800 magno.
2464 1731 2532 1785 Et
2569 1730 2851 1801 propheta
2895 1727 3032 1782 dicit
3073 1745 3092 1786 ι
3131 1728 3316 1784 Gratis
3350 1726 3649 1782 venundati
3689 1727 3844 1780 estis.

467 1841 597 1880 eam
624 1824 1000 1889 beatiﬁcaret,
1027 1839 1201 1893 quam
1235 1839 1362 1876 cum
1393 1823 1508 1876 ait:
1538 1823 1948 1876 EXSPECTANTES
1973 1822 2096 1876 bea-
2118 1795 2175 1866 B
2199 1825 2286 1879 Ab
2326 1827 2473 1879 omni
2506 1825 2816 1892 iniquitate.
2859 1823 2920 1875 ln
2952 1821 3261 1892 baptismo,
3299 1820 3394 1874 ubi
3436 1817 3743 1888 originalia
3782 1820 3843 1870 et

469 1923 580 1972 tam
608 1933 774 1987 spem.
807 1917 954 1970 Bene
989 1917 1198 1969 beatam
1222 1931 1388 1984 spem,
1419 1913 1552 1985 quia
1588 1929 1681 1969 nec
1714 1915 1896 1968 oculus
1935 1913 2094 1976 vidit,

464 2027 558 2065 nec
583 2013 737 2065 auris
775 2011 1008 2070 audivit,
1043 2024 1136 2063 nec
1179 2011 1238 2062 in
1279 2023 1366 2062 cor
1403 2009 1633 2062 hominis
1661 2008 1926 2068 ascendit,
1956 2008 2100 2076 quod

457 2105 798 2174 praeparavit
819 2105 1072 2157 Dominus
1097 2103 1448 2169 diligentibus
1470 2117 1542 2155 se.
1577 2100 1772 2154 Nullus
1793 2100 1948 2154 enim
1972 2117 2098 2154 nar-

461 2214 589 2252 rare
645 2199 834 2268 potest
885 2195 1067 2266 qualis
1113 2199 1198 2248 est
1245 2195 1340 2248 illa
1389 2193 1688 2248 beatitudo
1734 2196 2094 2260 sanctorum;

464 2290 619 2362 quod
657 2292 905 2346 Joannes
947 2288 1316 2343 considerans
1355 2287 1584 2341 dicebat
1616 2305 1628 2341 :
1664 2290 1818 2345 Nunc
1855 2288 1962 2356 ﬁlii
2001 2289 2098 2343 Dei

463 2401 668 2447 sumus,
691 2388 740 2438 et
770 2383 1008 2437 nondum
1037 2386 1267 2452 apparet
1292 2382 1438 2451 quod
1468 2383 1686 2435 erimus.

531 2480 601 2532 Et
629 2478 919 2531 adventum
955 2477 1140 2545 gloriae
1175 2491 1343 2530 nAcNI
1386 2475 1504 2528 Dm.
1540 2475 1865 2527 Adventum
1897 2473 2096 2544 glorise

462 2570 600 2624 dicit
619 2569 774 2623 diem
795 2569 1016 2639 judicii,
1061 2568 1294 2638 quando
1325 2583 1501 2622 omnes
1530 2568 1825 2622 astabimus
1855 2573 1982 2622 ante
2003 2571 2097 2622 tri-

463 2665 631 2717 bunal
659 2663 878 2717 Christi.
908 2665 1058 2716 Bene
1085 2664 1274 2730 magni
1301 2664 1418 2722 Dei,
1449 2660 1585 2731 quia
1609 2675 1857 2730 magnus
1882 2660 2092 2726 veniet,

461 2756 559 2826 qui
589 2756 778 2827 primo
815 2755 1048 2810 humilis
1088 2754 1259 2821 venit,
1289 2755 1434 2808 sicut
1468 2753 1588 2824 ipse
1623 2753 1760 2806 dicit
1789 2770 1802 2808 :
1836 2753 1968 2808 Cum
2010 2769 2093 2808 se-

459 2851 600 2904 derit
625 2865 723 2904 rea:
747 2852 806 2903 in
832 2850 965 2904 solio
1003 2851 1158 2917 regni
1189 2851 1298 2910 sui,
1326 2847 1795 2916 congregabantur
1823 2851 1951 2900 ante
1977 2863 2098 2900 eum

459 2959 634 2998 omnes
659 2948 856 3013 gentes.
889 2943 956 2997 Et
986 2942 1193 2996 iterum
1229 2958 1242 2996 :
1277 2945 1422 2996 Tunc
1459 2941 1718 2995 videbunt
1757 2941 1952 2995 Filium
2001 2942 2092 2994 ho-

459 3039 618 3092 minis
667 3039 964 3091 venientem
1009 3039 1068 3090 in
1119 3037 1281 3097 nube,
1325 3051 1442 3088 cum
1489 3038 1754 3104 potestate
1810 3049 2008 3102 magna
2047 3039 2097 3088 et

2201 1917 2447 1972 actualia
2496 1920 2732 1988 peccata
2771 1915 3171 1982 dimittuntur;
3222 1915 3366 1981 sive,
3421 1912 3565 1968 sicut
3618 1911 3841 1966 dictum

2200 2015 2304 2078 est,
2351 2010 2650 2064 fundendo
2703 2009 3046 2079 sanguinem
3099 2025 3263 2062 suum
3306 2023 3410 2078 pro
3457 2005 3643 2070 nobis,
3674 2005 3842 2074 juxta

2199 2105 2507 2175 praefatum
2535 2101 2934 2158 testimonium
2969 2119 2982 2156 :
3016 2104 3120 2170 Qui
3155 2103 3350 2156 dilemit
3378 2115 3471 2155 nos
3499 2104 3548 2154 et
3577 2099 3714 2153 lavit
3743 2113 3842 2152 nos

2198 2215 2232 2252 a
2271 2200 2504 2268 peccatis
2545 2200 2746 2252 nostris
2781 2199 2840 2250 in
2871 2198 3135 2265 sanguine
3163 2209 3278 2250 suo.
3310 2193 3474 2258 Quod
3505 2191 3644 2247 dicit
3667 2193 3836 2246 Joan-

2201 2308 2300 2345 nes
2330 2308 2342 2346 :
2380 2294 2518 2347 Fecit
2545 2307 2640 2345 nos
2675 2293 2780 2345 Deo
2822 2294 3002 2344 nostro
3036 2305 3280 2358 regnum,
3308 2287 3606 2342 sacerdotes
3647 2288 3754 2341 Deo
3791 2289 3842 2339 et

2201 2387 2370 2448 Patri,
2402 2385 2512 2438 hoc
2543 2388 2599 2438 et
2625 2384 2716 2438 hic
2741 2383 2877 2438 dicit
2903 2383 3225 2454 Apostolus.
3265 2383 3523 2436 Poruuru
3563 2394 3834 2435 ACCEPTA-

2197 2495 2377 2549 ausu,
2408 2477 2468 2532 id
2493 2481 2579 2531 est
2605 2477 2878 2548 placitum
2907 2477 2990 2530 vel
3031 2476 3368 2546 perfectum,
3399 2477 3461 2527 ut
3494 2475 3609 2528 Deo
3639 2472 3712 2526 sit
3743 2487 3834 2525 ac.-

2198 2576 2412 2642 ceptus,
2447 2573 2506 2625 et
2549 2571 2646 2641 qui
2689 2574 2822 2624 ante
2869 2570 3105 2636 diaboli,
3142 2585 3292 2623 nunc
3319 2567 3419 2622 Dei
3451 2570 3538 2622 est
3566 2566 3834 2637 populus,

2198 2665 2454 2720 dicentes
2485 2681 2617 2718 cum
2647 2663 2945 2720 Psalmista
2977 2679 2990 2717 :
3027 2666 3132 2722 Nos
3155 2668 3334 2717 autem
3361 2662 3593 2732 papulas
3629 2659 3748 2727 ejus
3789 2662 3841 2713 et

2197 2775 2314 2814 oves
2359 2773 2578 2828 pascuae
2627 2757 2756 2827 ejus.
2801 2759 3157 2812 Securoueu
3194 2771 3454 2812 BONORUH
3493 2768 3734 2818 ornavit,
3781 2751 3842 2806 id

2199 2855 2303 2918 est,
2335 2851 2628 2905 virtutum.
2686 2850 2844 2904 Sicut
2896 2849 3054 2904 idem
3106 2849 3245 2903 dicit
3290 2867 3302 2903 :
3355 2851 3422 2904 Ut
3475 2851 3536 2903 in
3587 2849 3844 2905 omnibus

2195 2945 2538 3000 emhibeamus
2575 2947 2923 3013 nosmetipsos
2945 2945 3086 2998 sicut
3121 2945 3218 2998 Dei
3252 2945 3546 3004 ministros,
3573 2945 3632 2996 in
3661 2944 3844 2998 multa

2190 3039 2486 3108 patientia,
2542 3039 2602 3091 in
2649 3037 2877 3106 vigiliis,
2921 3039 2979 3090 in
3020 3035 3268 3106 jejuniis,
3325 3039 3374 3090 et
3421 3037 3687 3090 charitate
3730 3051 3843 3091 non

458 3130 733 3230 majestate
777 3116 861 3184 De
893 3131 1000 3184 hoc
1031 3129 1168 3182 dicit
1189 3132 1247 3183 et
1273 3130 1474 3183 Petrus
1502 3144 1515 3182 :
1549 3116 1869 3230 Inveniatur
1889 3129 1948 3181 in
1975 3127 2092 3181 lau-
2119 3157 2172 3230 Ο
2195 3133 2338 3201 ﬁcta,
2365 3147 2466 3201 per
2491 3146 2647 3184 arma
2662 3131 2898 3200 justitiae
2922 3146 2956 3184 a
2983 3130 3192 3184 dea-tris
3233 3134 3284 3183 et
3319 3146 3355 3184 a
3391 3131 3643 3184 sinistris.
3684 3130 3845 3199 Ergo

460 3223 580 3277 dem
620 3228 670 3278 et
709 3224 942 3291 gloriam
989 3227 1039 3275 et
1081 3223 1460 3276 reuelationem
1494 3224 1620 3276 Jesu
1655 3221 1854 3275 Christi
1885 3222 2102 3274 Domini
2129 3221 2172 3230 ν
2200 3227 2508 3279 sectatores
2556 3223 2828 3278 debemus
2865 3240 2987 3278 esse
3027 3223 3314 3278 bonorum
3365 3239 3628 3294 operum,
3673 3225 3738 3276 ut
3775 3223 3844 3278 in

463 3318 656 3376 nostri,
689 3321 739 3370 et
779 3315 1083 3370 Saluatoris
1125 3317 1298 3368 nostri
1335 3317 1462 3368 Jcsu
1501 3315 1720 3370 Christi.
1767 3313 2097 3367 Notandum

459 3408 612 3479 quod
640 3407 698 3461 in
727 3408 834 3461 hac
859 3407 1012 3460 brevi
1043 3406 1292 3478 Epistola
1312 3405 1400 3460 bis
1431 3407 1611 3460 Deum
1641 3405 1966 3460 nominavit
1987 3406 2092 3460 Do-

461 3501 684 3556 minum
713 3503 940 3565 Jesum;
976 3516 1148 3571 supra
1181 3499 1278 3554 ubi
1309 3499 1388 3554 ait
1419 3518 1432 3553 :
1462 3499 1744 3570 Apparuit
1768 3502 1950 3568 gratia
1969 3500 2094 3556 Sal-

457 3599 660 3650 uatoris
695 3597 866 3649 nostri
898 3597 1010 3649 Dei.
1048 3595 1118 3648 Et
1157 3593 1251 3647 hic
1279 3609 1410 3647 cum
1443 3593 1579 3647 dicit
1611 3609 1624 3646 :
1657 3593 1951 3648 adventum
1980 3595 2092 3663 glo-

460 3692 557 3744 ria
583 3691 771 3756 magni
796 3690 892 3744 Dei
926 3694 975 3743 et
1001 3687 1304 3742 Saluatoris
1332 3689 1504 3742 nostri
1535 3690 1659 3742 Jesu
1689 3688 1906 3744 Christi.
1936 3688 2098 3741 Jcsus

458 3782 758 3853 proprium
803 3797 1016 3835 nomen
1065 3782 1168 3849 est,
1211 3780 1625 3850 interpretatur
1673 3779 1934 3834 Salvator
1981 3780 2095 3833 sive

459 3875 740 3930 salutaris.
763 3874 1018 3931 Christus
1037 3891 1172 3928 vero
1201 3873 1272 3928 ab
1299 3873 1568 3928 unctione
1596 3871 1822 3928 dicitur.
1841 3873 2098 3928 Chrisma

461 3985 714 4039 namque
736 3968 930 4022 unctio
958 3968 1388 4038 interpretatur.
1413 3969 1624 4022 Unctus
1645 3969 1730 4020 est
1747 3966 1868 4037 ipse
1888 3967 2096 4038 specia-

459 4061 591 4115 liter
620 4077 738 4131 praa
776 4061 1047 4116 omnibus
1087 4061 1241 4114 dono
1283 4059 1528 4130 Spiritus
1555 4059 1754 4128 sancti,
1784 4061 1928 4115 sicut
1959 4061 2097 4115 dicit

460 4154 744 4225 propheta
775 4171 788 4208 :
829 4156 993 4210 Unmit
1023 4158 1072 4208 te
1094 4157 1252 4216 Deus,
1285 4156 1420 4208 Deus
1455 4158 1580 4208 tuus
1613 4154 1723 4209 oleo
1753 4155 1954 4209 laetitiae
1978 4171 2096 4224 pre

457 4248 786 4304 consortibus
825 4250 952 4302 tuis.
993 4246 1202 4300 Idcirco
1231 4249 1425 4300 autem
1454 4248 1744 4318 apostolus
1779 4247 1868 4302 bis
1910 4249 2092 4303 Deum

458 4341 798 4410 nominavit,
828 4343 892 4396 ut
929 4342 1056 4412 plus
1094 4341 1344 4395 mulceat
1374 4339 1693 4395 audientes.
1723 4340 1881 4396 Sicut
1918 4342 2092 4397 etiam

460 4435 519 4490 in
544 4435 783 4490 Psalmis
815 4435 1023 4490 dicitur
1051 4452 1064 4488 :
1094 4438 1254 4497 Deus,
1289 4438 1424 4490 Deus
1461 4449 1628 4497 meus,
1658 4437 1860 4504 reSpice
1891 4437 1950 4490 in
1989 4452 2089 4491 me.

2197 3318 2366 3372 bonis
2419 3317 2690 3390 operibus
2737 3333 3079 3372 crescamus.
3126 3319 3187 3372 In
3237 3316 3347 3372 illis
3389 3316 3655 3370 videlicet
3701 3333 3843 3387 quas

2199 3411 2505 3481 Apostolus
2545 3413 2850 3464 enumerat
2897 3409 3092 3464 dicens
3141 3427 3153 3464 ε
3204 3412 3427 3466 Fructus
3463 3411 3702 3480 Spiritus
3735 3414 3841 3464 est.

2199 3506 2322 3558 Haec
2363 3504 2576 3573 loquere
2605 3508 2655 3558 et
2692 3505 2996 3559 exhortare.
3043 3504 3301 3574 Loquere
3348 3503 3554 3570 verbis,
3595 3503 3708 3557 hoc
3748 3507 3846 3557 est

2198 3596 2476 3668 praedica;
2505 3597 2806 3651 exhortare
2830 3597 3135 3668 exemplis;
3169 3597 3319 3667 quod
3351 3595 3510 3662 dicis,
3533 3597 3623 3650 fac
3650 3597 3838 3666 prius.

2196 3691 2351 3745 Tunc
2383 3689 2540 3744 enim
2583 3690 2692 3745 erit
2716 3694 2851 3761 apta
2879 3690 3111 3758 locutio,
3144 3690 3190 3744 si
3217 3690 3368 3761 quod
3398 3689 3675 3760 praedicat
3705 3706 3839 3744 ma-

2199 3783 2396 3855 gister,
2423 3785 2583 3855 prius
2613 3788 2883 3855 operatus
2908 3784 3098 3848 fuerit,
3123 3784 3268 3838 sicut
3293 3785 3360 3838 de
3391 3783 3634 3839 Domino
3661 3783 3844 3856 scrip-

2197 3881 2318 3932 tum
2351 3881 2439 3931 est
2468 3895 2482 3932 :
2511 3878 2650 3944 Quia
2678 3880 2834 3947 coepit
2861 3880 3010 3932 Iesus
3036 3879 3215 3944 facere
3239 3882 3290 3932 et
3318 3877 3520 3932 docere.
3552 3877 3665 3932 Sed
3691 3894 3722 3932 e
3752 3877 3842 3932 di-

2195 3987 2358 4026 verso
2381 3971 2643 4026 nonnulli
2664 3970 2889 4040 majora
2905 3970 3122 4036 dicunt,
3139 3971 3367 4025 minora
3387 3971 3579 4025 facere
3601 3971 3835 4037 nolunt,

2197 4063 2339 4119 sicut
2384 4064 2592 4118 Scribas
2636 4067 2694 4117 et
2724 4063 3014 4131 Pharisaei,
3045 4063 3114 4118 de
3147 4063 3353 4135 quibus
3383 4063 3654 4135 scriptum
3692 4069 3781 4119 est
3819 4083 3834 4119 :

2195 4159 2445 4228 Alligant
2472 4173 2634 4213 onera
2661 4160 2855 4227 gravia
2891 4162 2942 4212 et
2969 4159 3252 4228 imponunt
3282 4159 3340 4212 in
3383 4159 3628 4212 humeros
3653 4159 3836 4214 homi-

2195 4267 2344 4314 num,
2370 4252 2542 4321 digito
2571 4255 2748 4306 autem
2775 4267 2878 4306 sua
2905 4252 3093 4306 volunt
3124 4249 3226 4322 [Ita
3253 4249 3492 4324 Cod.]‘ea
3511 4267 3738 4308 movere.
3764 4255 3838 4311 Et

2196 4341 2332 4415 quia
2359 4346 2594 4398 noverat
2617 4344 2820 4399 beatus
2839 4345 3044 4398 Paulus
3070 4345 3362 4416 apostolus
3389 4345 3662 4418 scriptum
3687 4363 3702 4402 :
3727 4349 3838 4416 Qui

2192 4439 2412 4494 sol-verit
2433 4453 2602 4492 unum
2628 4437 2694 4492 de
2717 4438 2996 4493 mandatis
3016 4440 3136 4494 istis
3159 4440 3395 4495 minimis
3419 4443 3468 4494 et
3494 4439 3739 4497 docuerit
3755 4445 3835 4498 sic

460 4528 564 4593 QUI
608 4545 768 4584 DEDIT
826 4545 1153 4584 SEMETIPSUM
1199 4543 1300 4584 Ριὶο
1347 4543 1523 4584 NOBIS.
1569 4529 1730 4582 Jcsus
1776 4513 1946 4583 Filius
1992 4528 2446 4600 DeiDhomines,
2481 4532 2736 4586 minimus
2760 4532 3038 4587 vocabitur
3080 4535 3140 4588 in
3175 4549 3336 4603 regno
3373 4535 3650 4600 caelorum;
3695 4535 3830 4592 ideo

459 4623 619 4677 dedit
642 4622 1014 4694 semetipsum
1047 4639 1152 4694 pro
1184 4621 1370 4690 nobis,
1403 4621 1538 4694 quia
1563 4638 1668 4693 pro
1708 4623 1889 4676 salute
1922 4623 2098 4678 totius

459 4715 684 4784 generis
712 4713 952 4770 humani
983 4733 1041 4770 se
1072 4715 1365 4771 immolari
1395 4715 1656 4786 permisit
1681 4715 1739 4769 in
1769 4732 1869 4770 ara
1895 4716 2094 4771 crucis.

2199 4624 2487 4679 exhortari
2517 4623 2732 4680 curavit
2759 4624 3118 4696 discipulum,
3153 4630 3214 4680 ut
3251 4643 3379 4698 qua:
3423 4626 3670 4684 docebat
3698 4645 3832 4685 ver-

2196 4717 2306 4786 bis,
2335 4717 2604 4790 operibus
2631 4717 2902 4790 impleret
2925 4719 3102 4790 prius.

1961 4953 2332 5076 XVII.

531 5140 748 5205 Lectio
779 5139 1082 5224 Epistolas
1114 5141 1286 5204 beati
1320 5141 1504 5230 Pau_li
1535 5143 1813 5230 appstoli
1843 5142 1926 5205 ad
1971 5142 2280 5230 Hebraeos
2313 5145 2376 5224 (ι,
2415 5147 2472 5226 1)
2508 5165 2535 5230 :_
2555 5145 2928 5226 Multi/aris
2963 5147 3312 5230 multisque
3341 5149 3552 5214 modis
3580 5149 3742 5213 olim

1415 5223 1598 5286 Deus
1618 5223 1884 5304 loquens
1901 5223 2212 5306 patribus
2244 5225 2312 5285 in
2335 5223 2694 5308 prophetis,
2729 5223 2851 5289 etc.

1695 5343 2112 5399 COMMENTUM
2149 5343 2574 5400 LUCULENTII.

521 5436 739 5491 Hebraei
761 5437 832 5490 ab
855 5437 1039 5492 Heber
1061 5423 1434 5511 sumpserunt
1453 5456 1686 5511 nomen,
1713 5439 1811 5512 qui
1836 5440 1944 5494 fuit
1963 5457 2086 5512 sep-

451 5528 622 5582 timus
657 5529 728 5584 ab
765 5529 971 5585 Adam.
1019 5531 1288 5587 Hebraeus
1330 5533 1742 5604 interpretatur
1776 5533 2080 5600 transiens,

447 5621 669 5678 Hebrai
715 5625 1100 5695 transeuntes,
1135 5642 1312 5697 quam
1358 5629 1593 5698 gentem
1637 5628 1787 5683 Deus
1834 5629 2079 5682 multum

2183 5441 2312 5510 ejus.
2359 5441 2628 5514 Legimus
2668 5441 2727 5496 in
2760 5441 2904 5498 libro
2945 5444 3233 5499 Geneseos
3277 5445 3432 5516 quod
3482 5449 3827 5519 congregati

2183 5534 2284 5588 filii
2323 5536 2457 5590 Noae
2496 5540 2626 5606 post
2657 5552 2838 5606 aquas
2881 5535 3078 5590 diluvii
3107 5537 3165 5591 in
3199 5540 3352 5592 terra
3381 5537 3604 5594 Senaar
3631 5557 3822 5613 coepe-

2182 5631 2317 5682 runt
2344 5627 2629 5684 aediﬁcare
2658 5631 2898 5697 turrem,
2929 5629 3000 5684 de
3029 5646 3144 5702 qua
3172 5631 3458 5702 dixerunt,
3477 5633 3634 5705 quod
3661 5650 3827 5690 cacu-

449 5711 662 5782 dilexit,
713 5715 771 5769 in
819 5719 1044 5772 tantum
1101 5721 1164 5772 ut
1215 5719 1369 5774 dicat
1412 5736 1426 5772 :
1483 5722 1654 5776 Israel
1691 5723 2080 5792 primogenitus
2180 5737 2315 5776 men
2341 5720 2492 5776 illius
2522 5721 2879 5794 pertingeret
2905 5740 3086 5795 usque
3113 5724 3184 5779 ad
3210 5725 3436 5792 caelum,
3461 5729 3518 5782 et
3538 5727 3585 5782 si
3609 5725 3824 5785 iterum

445 5816 626 5871 meus;
679 5811 730 5862 et
779 5813 997 5866 sanctus
1045 5813 1218 5868 Israel
1253 5815 1496 5877 Domino,
1547 5816 1812 5884 primitiae
1848 5817 2078 5886 frugum
2179 5814 2510 5874 inundasset
2541 5815 2819 5873 diluvium
2859 5835 2972 5874 non
3011 5817 3285 5889 perirent,
3319 5818 3466 5877 sicut
3494 5819 3717 5878 dudum
3743 5822 3822 5878 illi
