4034 6228
104 318 231 374 853

1407 317 1469 371 ΙΝ
1511 319 1657 372 CAP.
1705 319 1719 371 Ι
1763 318 1849 373 AD
1892 319 2235 373 llEBlt.l.US.

3408 320 3511 374 834

110 424 223 497 qui
266 429 401 480 ante
440 441 543 481 eos
582 424 937 480 exstiterant.
970 425 1093 479 Non
1134 422 1576 479 reminiscentes
1612 424 1767 495 quod
1792 428 1927 511 Ain
1950 426 2199 480 adventu
2220 426 2341 482 Filii
2362 427 2461 481 Dei
2482 425 2853 497 Spiritualiter
2874 425 3048 480 fuisse
3067 424 3404 497 adimpleta.
3429 428 3509 482 De

107 519 351 575 dixerat
380 522 530 575 Deus
560 519 633 574 ad
662 520 776 574 Noe
810 536 822 572 :
850 521 1055 573 Ponam
1082 534 1267 572 arcum
1304 529 1478 573 meum
1524 522 1581 572 in
1618 520 1772 573 nubi-

110 614 219 668 bus
254 615 394 675 cozli,
445 619 497 667 et
536 613 862 667 recordabor
891 613 1109 679 fu’dcris
1150 615 1274 673 mei,
1318 617 1375 665 ut
1414 628 1519 665 non
1543 613 1775 681 perdam

111 710 285 776 aquis
316 708 520 761 diluvii
555 722 761 759 onmem
795 721 1026 759 carnem.
1062 706 1373 758 Creverant
1395 706 1551 758 enim
1582 705 1772 771 nimis,

115 804 177 853 et
212 800 391 853 simul
420 798 680 853 habitare
711 816 823 852 non
860 801 1165 869 poterant:
1213 802 1524 867 antequam
1557 798 1771 850 divide-

114 896 334 948 rentur
363 893 423 947 in
454 892 721 962 regiones
768 892 853 944 vel
886 895 1085 955 terras,
1115 890 1417 943 voluerunt
1444 891 1544 943 sibi
1576 889 1772 959 acqui-

114 1002 257 1041 rere
317 1002 535 1040 nomen
590 985 1019 1055 sempiternale.
1068 983 1513 1052 Habueruntque
1566 984 1774 1036 lateres

113 1097 229 1150 pro
255 1079 406 1134 saxis
433 1083 489 1133 et
516 1078 804 1132 bitumum
822 1080 926 1147 {Ita
950 1078 1099 1149 Cod.j
1126 1094 1229 1148 pro
1252 1080 1558 1142 memento,
1590 1080 1647 1128 et
1673 1093 1776 1129 cce-

116 1177 345 1245 perunt
376 1173 663 1227 aediﬁcare
695 1172 854 1241 cujus
880 1170 1071 1241 operis
1109 1174 1310 1224 auctor
1353 1169 1563 1222 exstitit
1604 1170 1775 1222 Nem-

116 1267 329 1337 phrot.
355 1267 570 1320 Videns
600 1282 735 1319 vero
762 1265 911 1318 Deus
933 1280 1135 1318 eorum
1172 1262 1539 1316 irrevocabile
1570 1279 1777 1332 propo-

118 1362 328 1426 situm,
366 1360 448 1413 ait
498 1376 511 1413 :
552 1362 737 1415 Venite
778 1359 1132 1412 ascendamus
1172 1362 1219 1411 et
1268 1357 1671 1423 confundamus
1704 1356 1781 1408 ibi

123 1455 383 1521 linguam
406 1468 611 1507 eorum.
643 1452 847 1521 Sicque
896 1451 1114 1505 factum
1146 1454 1229 1503 est
1274 1453 1335 1502 ut
1362 1448 1457 1520 qui
1489 1465 1663 1502 unam
1694 1448 1777 1502 lo-

126 1547 488 1617 quebantur,
512 1545 904 1599 dividerentur
926 1544 983 1597 in
1003 1543 1367 1613 septuaginta
1394 1542 1528 1596 duo.
1559 1540 1780 1610 Lingua

127 1656 291 1706 vero,
323 1656 438 1710 qua
466 1655 669 1693 omnes
708 1637 1094 1707 loquebantur
1122 1640 1312 1704 antea,
1349 1652 1463 1689 non
1504 1634 1781 1689 remansit

130 1734 246 1787 nisi
282 1732 648 1787 solummodo
676 1732 734 1785 in
764 1730 942 1784 domo
975 1730 1178 1783 lleber.

1874 537 1987 591 qua
2016 522 2265 590 Epistula
2292 521 2457 575 multi
2484 520 2815 574 Latinorum
2856 520 3072 584 dicunt,
3104 519 3259 590 quod
3289 536 3403 575 non
3433 520 3507 575 sit

1874 615 2116 684 apostoli
2168 615 2347 679 Pauli,
2403 630 2470 669 eo
2529 613 2683 684 quod
2740 630 2954 667 nomen
3008 613 3183 683 ipsius
3230 613 3287 668 in
3320 613 3507 683 capite

1876 708 2284 778 praetitulatum
2314 723 2427 760 non
2460 708 2546 772 sit,
2575 707 2675 760 sed
2714 706 2988 760 Barnabas
3016 707 3178 776 juxta
3204 707 3506 761 Tertullia-

1877 818 2039 865 num,
2072 802 2157 853 vel
2191 801 2371 864 Luem,
2401 804 2501 852 aut
2524 800 2856 865 Clementis,
2887 803 2986 852 aut
3025 799 3264 868 alicujus
3298 817 3363 853 ex
3393 800 3506 853 dis-

1876 893 2075 963 cipulis
2137 895 2546 963 apostolorum.
2608 893 2823 956 Quibus
2873 893 3343 962 respondendum
3403 897 3507 959 est,

1878 987 2011 1057 quia
2039 987 2083 1039 si
2114 986 2356 1056 apostoli
2388 986 2541 1039 Pauli
2579 1003 2693 1038 non
2728 990 2833 1054 est,
2868 1002 2970 1055 pro
3000 1002 3068 1039 eo
3104 985 3257 1055 quod
3293 1002 3509 1041 nomen

1879 1081 2053 1151 ipsius
2078 1080 2135 1133 in
2162 1079 2347 1149 capite
2380 1078 2789 1149 praetitulatum
2824 1096 2939 1132 non
2968 1082 3071 1143 est,
3107 1095 3245 1147 ergo
3278 1096 3381 1132 nec
3414 1080 3512 1133 ali-

1879 1175 2038 1244 cujus
2077 1174 2307 1227 illorum
2346 1172 2473 1237 erit,
2522 1172 2653 1242 quia
2690 1172 2874 1224 nullus
2916 1188 3115 1224 eorum
3163 1172 3409 1226 habetur
3452 1171 3510 1226 in

1879 1268 2083 1337 capite.
2115 1267 2227 1321 Sed
2261 1266 2498 1320 omnino
2542 1265 2681 1318 seire
2712 1265 2991 1318 debemus
3018 1264 3191 1334 ipsius
3217 1282 3338 1318 esse
3363 1266 3511 1319 hanc

1880 1361 2209 1431 Epistulam.
2243 1359 2409 1423 Quod
2436 1376 2568 1412 vero
2601 1374 2812 1411 nomen
2841 1375 3006 1411 suum
3035 1358 3091 1410 in
3122 1358 3305 1428 capite
3330 1358 3514 1428 praeti-

1881 1456 2064 1507 tulare
2094 1452 2317 1521 noluit,
2357 1452 2429 1505 ob
2474 1451 2660 1505 varias
2699 1468 2895 1503 causas
2933 1451 3070 1520 egit.
3118 1451 3306 1504 Prima
3341 1468 3513 1505 causa

1882 1548 2108 1612 exstitit,
2142 1546 2275 1617 quia
2305 1548 2545 1600 noverat
2574 1544 2649 1597 ibi
2678 1546 2860 1597 Deum
2884 1547 2940 1597 et
2972 1544 3311 1613 magistrum
3344 1562 3513 1601 suum

1882 1642 2321 1695 fundamentum
2354 1638 2624 1709 posuisse.
2654 1637 2787 1690 Ideo
2828 1654 2943 1690 non
2983 1637 3090 1690 fuit
3122 1654 3289 1690 ausus
3314 1640 3519 1704 funda-

1884 1739 2115 1788 mentum
2138 1749 2334 1803 ponere
2360 1738 2558 1801 przeter
2594 1732 2653 1784 id
2693 1731 2836 1799 quod
2860 1733 3099 1799 positum
3140 1735 3236 1791 est,
3270 1732 3414 1800 quod
3443 1737 3518 1787 est

205 1828 291 1881 De
308 1826 470 1896 cuius
495 1826 669 1880 domo
693 1826 866 1893 longo
887 1827 1013 1894 P0St
1038 1827 1295 1892 ιθηψυυθ
1320 1826 1486 1875 "alus
1508 1825 1591 1873 est
1610 1821 1781 1873 Abl‘ﬂ-
1800 1797 1859 1869 B
1885 1830 2127 1885 Christus
2147 1830 2313 1881 .lcsus.
2366 1824 2622 1878 Secunda
2665 1840 2834 1877 causa
2865 1823 2990 1885 fuit,
3029 1824 3163 1893 quia
3210 1840 3324 1877 non
3358 1840 3516 1879 acce-

128 1922 298 1986 ham,
334 1936 506 1989 quem
538 1919 686 1972 Deus
712 1920 958 1971 multum
990 1916 1205 1969 dilexit.
1248 1914 1412 1969 Dedit
1450 1913 1499 1966 ei
1543 1912 1783 1966 circum-

130 2014 419 2067 cisionem
460 2012 821 2082 signaculum
866 2010 1021 2076 ﬁdei,
1067 2015 1116 2063 et
1158 2012 1468 2078 reputatum
1501 2012 1578 2061 est
1615 2008 1664 2059 ei
1709 2005 1783 2059 ad

117 2109 452 2175 justitiam:
482 2106 720 2175 insuper
747 2104 1096 2175 premissum
1116 2105 1202 2155 est
1224 2102 1274 2155 ei
1298 2101 1451 2171 quod
1480 2100 1537 2153 in
1563 2099 1781 2153 semine

131 2201 266 2268 ejus
296 2198 715 2253 benedicentur
742 2213 943 2251 omnes
974 2200 1196 2266 gentes,
1226 2195 1311 2248 his
1333 2193 1517 2247 verbis
1550 2192 1777 2246 dicens:

129 2296 200 2348 In
236 2295 437 2348 semine
466 2296 556 2347 tuo
586 2292 958 2346 benedicentur
985 2306 1162 2343 omnes
1189 2292 1386 2356 gentes.
1410 2286 1572 2351 Quod
1603 2302 1779 2355 expo-

135 2403 290 2441 nens
319 2387 789 2457 ApostoluszNon
820 2385 971 2445 dicit,
1004 2382 1208 2453 inquit,
1237 2388 1286 2435 et
1311 2381 1604 2436 seminibus
1626 2381 1784 2449 quasi

135 2485 194 2533 in
248 2481 459 2541 multis,
508 2480 604 2533 sed
637 2481 797 2547 quasi
850 2481 905 2531 in
952 2494 1078 2537 uno,
1116 2482 1164 2530 et
1207 2478 1398 2529 semini
1445 2480 1533 2528 tuo
1577 2476 1674 2542 qui
1706 2479 1783 2528 rst

136 2575 409 2632 Christus.
448 2572 613 2627 Dedit
645 2572 697 2625 ei
738 2573 887 2624 Isaac
933 2570 1113 2623 ﬁlium
1158 2585 1323 2621 suum
1363 2568 1418 2621 in
1466 2570 1779 2631 senectute,

136 2684 318 2738 quem
346 2667 438 2720 die
466 2669 664 2720 octavo
696 2663 1052 2718 circumcidit
1078 2663 1134 2716 in
1168 2666 1365 2732 typum
1388 2662 1567 2714 nostri
1598 2662 1785 2714 Salva-

139 2760 280 2815 toris
315 2776 327 2813 :
362 2764 420 2813 et
466 2762 617 2814 Isaac
642 2758 838 2823 Jacob,
878 2760 937 2810 et
975 2755 1150 2811 Jacob
1199 2755 1503 2809 duodecim
1542 2754 1779 2824 patriar-

138 2855 298 2919 chas,
330 2853 428 2923 qui
479 2852 631 2906 ducti
682 2853 835 2906 fame
878 2850 1299 2903 descenderunt
1347 2847 1404 2901 in
1454 2850 1780 2916 ngyptum,

141 2947 241 3002 ubi
270 2945 637 3017 multiplicati
662 2944 830 2998 nimis
860 2942 1055 2997 afﬂicti
1082 2946 1214 2995 sunt
1242 2942 1634 2995 vehementer.
1671 2940 1783 2993 Sed

144 3042 201 3094 in
244 3057 429 3095 manu
464 3038 652 3093 valida
694 3037 936 3101 liberati,
972 3037 1030 3089 in
1076 3035 1252 3106 signis
1299 3038 1355 3088 et
1400 3033 1682 3105 portentis
1713 3033 1784 3085 de

142 3137 389 3205 .ligypto
420 3132 631 3198 educti,
656 3132 1009 3186 transierunt
1036 3147 1195 3183 mare
1224 3128 1496 3195 Rubrum,
1528 3144 1628 3198 per
1648 3144 1785 3197 qua-
1806 3162 1860 3235 Ο

144 3228 417 3297 draginta
458 3242 638 3280 annos
676 3242 891 3279 manna
926 3224 1042 3277 aliti
1074 3227 1223 3289 sunt,
1255 3239 1373 3276 non
1414 3227 1546 3274 sunt
1589 3220 1784 3274 attrita

146 3321 491 3375 vestimenta
512 3336 732 3373 eorum.
756 3320 901 3372 Deus
920 3317 1079 3372 dedit
1103 3316 1214 3369 illis
1240 3318 1447 3385 legem,
1478 3315 1781 3384 templum,

146 3432 331 3481 aram,
375 3430 660 3477 mensam,
700 3430 878 3483 panes
924 3410 1360 3481 propositionis,
1404 3410 1589 3461 velum
1634 3408 1783 3460 intc-

146 3509 283 3574 rius,
310 3507 590 3573 victimas,
616 3506 967 3570 holocausta,
1001 3503 1292 3557 sacriﬁcia.
1324 3505 1557 3572 Insuper
1577 3500 1786 3571 promi-

147 3604 218 3656 sit
243 3607 303 3656 et
333 3601 537 3654 Filium
567 3616 733 3653 suum
762 3599 831 3652 de
860 3599 1059 3651 eadem
1078 3598 1250 3667 stirpe
1274 3596 1647 3649 nasciturum.
1679 3592 1786 3657 Qui

147 3695 385 3750 veniens
414 3692 751 3764 adimplevit
783 3709 909 3763 qum
938 3693 1107 3745 Pater
1148 3689 1506 3761 promiserat,
1548 3687 1685 3757 quia
1716 3687 1786 3739 de

150 3805 356 3843 eorum
404 3788 580 3857 stirpe
628 3786 941 3841 secundum
983 3800 1220 3838 carnem
1278 3785 1459 3841 natus.
1488 3784 1591 3846 est,
1647 3779 1789 3833 sicut

150 3885 397 3936 testatur
428 3882 637 3935 Paulus
675 3896 687 3933 :
730 3882 853 3934 Dico
894 3881 1033 3932 enim
1074 3878 1344 3931 Christum
1387 3878 1563 3930 Jcsum
1597 3875 1785 3927 minis-

152 3982 294 4030 trum
336 3977 509 4043 fuisse
552 3975 967 4027 circumcisionis
1001 3976 1227 4041 propter
1264 3971 1543 4023 veritatem
1592 3968 1684 4021 Dei
1716 3966 1791 4019 ad

147 4068 553 4139 conﬁrmandus
591 4069 970 4137 promissiones
1026 4069 1267 4133 patrum.
1308 4062 1489 4125 Quem
1535 4058 1789 4113 videntes

153 4179 267 4217 non
295 4161 443 4215 sicut
471 4160 795 4215 debuerant
820 4159 1180 4228 receperunt,
1204 4155 1302 4209 sed
1328 4154 1621 4224 ejicicntes
1636 4154 1792 4205 extra

152 4257 380 4310 vineam
409 4253 761 4308 occiderunt.
806 4253 930 4306 Non
963 4251 1031 4305 de
1065 4249 1331 4305 omnibus
1370 4248 1518 4314 dico,
1553 4246 1686 4316 quia
1721 4261 1791 4298 ex

152 4350 231 4404 eis
262 4348 544 4420 processit
576 4346 736 4400 radix
782 4348 981 4400 sancta
1018 4347 1074 4398 et
1109 4360 1318 4405 massa,
1354 4342 1461 4395 hoc
1492 4344 1577 4393 est
1612 4337 1792 4392 sancti

152 4442 402 4514 apostoli
429 4444 487 4495 et
510 4439 682 4510 primi
709 4439 1028 4503 credentes,
1058 4436 1157 4490 sed
1187 4452 1359 4507 quam
1392 4435 1582 4505 plures
1604 4431 1663 4485 in
1692 4447 1792 4486 caa-

1882 1924 2051 1992 perat
2082 1920 2137 1972 in
2162 1922 2241 1971 eis
2265 1918 2517 1971 ofﬁcium
2548 1915 2987 1987 przcdicationis,
3013 1916 3111 1969 sed
3140 1917 3198 1970 in
3230 1917 3516 1986 gentibus,

1885 2014 2111 2068 dicente
2154 2012 2367 2082 Spiritu
2415 2015 2610 2064 sancto
2647 2027 2659 2063 :
2702 2012 2987 2077 Segregate
3034 2011 3168 2063 mihi
3209 2011 3441 2064 Paulum
3470 2017 3521 2066 et

1882 2108 2214 2171 Barnabum,
2247 2108 2304 2159 in
2328 2120 2462 2174 opus
2490 2120 2592 2172 quo
2619 2104 2889 2171 assumpsi
2914 2118 3015 2155 eos.
3047 2102 3191 2165 Quia
3222 2104 3520 2174 unusquis-

1885 2218 1993 2270 que
2026 2216 2186 2253 suam
2228 2197 2581 2268 provinciam
2623 2196 2695 2249 ad
2737 2195 3166 2265 praedicandum
3201 2200 3517 2267 acceperat,

1885 2294 2036 2347 unde
2070 2293 2187 2362 ipse
2225 2292 2305 2345 ait
2339 2308 2350 2343 :
2387 2292 2491 2357 Qui
2517 2294 2768 2359 operatus
2811 2294 2886 2342 est
2920 2291 3075 2342 Petro
3112 2291 3168 2342 in
3211 2291 3521 2358 apostolatu

1882 2388 2320 2441 circumcisimzis.
2348 2390 2599 2452 operatus
2621 2387 2697 2436 est
2722 2388 2770 2435 ct
2791 2383 2924 2435 mihi
2942 2384 3083 2434 inter
3106 2387 3305 2449 gentes.
3331 2384 3520 2437 Tertia

1885 2497 2054 2535 causa
2096 2479 2202 2532 fuit
2240 2478 2374 2548 quia
2416 2492 2649 2530 exosum
2692 2492 2824 2528 eum
2873 2474 3163 2528 habebant
3201 2474 3402 2541 Judaei,
3450 2492 3519 2531 eo

1886 2573 2035 2643 quod
2051 2574 2349 2626 evacuaret
2372 2585 2602 2624 omnem
2628 2568 2796 2622 ritum
2818 2566 2977 2636 legis.
3004 2566 3247 2631 Quidam
3269 2568 3425 2621 enim
3448 2568 3521 2623 ad

1888 2668 2060 2719 ﬁdem
2088 2665 2400 2729 venientes,
2436 2664 2582 2716 lilios
2615 2678 2746 2714 suos
2779 2660 3070 2731 baptizare
3100 2661 3315 2730 pariter
3337 2665 3393 2714 et
3414 2662 3519 2716 cir-

1887 2760 2212 2813 cumcidere
2234 2758 2523 2819 volebant,
2550 2755 2705 2825 quod
2728 2755 2932 2809 Paulus
2953 2754 3207 2807 funditus
3234 2755 3527 2824 prohibuit

1889 2854 2084 2907 dicens
2111 2869 2123 2906 :
2158 2854 2216 2907 Si
2235 2851 2699 2910 circumcidimini,
2725 2849 2966 2902 Christus
2992 2849 3139 2901 vobis
3166 2850 3306 2901 nihil
3336 2849 3525 2917 prode-

1885 2950 1979 3007 rit,
2002 2949 2062 2999 in
2084 2946 2292 3000 Christo
2313 2947 2450 2997 enim
2471 2946 2594 2996 Iesu
2623 2957 2788 3010 neque
2812 2943 3141 2994 circumcisio
3166 2942 3380 3010 aliquid
3422 2958 3519 2996 va-

1890 3041 1978 3101 let,
2010 3055 2180 3108 neque
2205 3039 2553 3106 praeputium,
2595 3036 2689 3088 sed
2734 3035 2864 3102 ﬁdes
2904 3050 3024 3103 qua:
3064 3035 3524 3104 prazdilectionem

1888 3138 2162 3202 operatur.
2199 3129 2363 3194 Quod
2395 3130 2440 3181 si
2466 3145 2678 3182 nomen
2710 3144 2875 3181 suum
2904 3127 3309 3197 praetitulasset
3334 3128 3391 3181 in
3432 3145 3520 3195 ea,

1886 3226 2124 3280 forsitan
2168 3241 2281 3278 non
2325 3240 2451 3276 eam
2492 3221 2844 3291 reciperent,
2892 3221 3024 3291 quia
3070 3221 3310 3291 quilibet
3350 3221 3522 3276 homo

1886 3338 2020 3375 eum
2068 3337 2240 3389 quem
2281 3318 2413 3371 odio
2470 3317 2660 3383 habet,
2694 3333 2810 3369 non
2852 3317 3037 3369 solum
3069 3316 3372 3385 epistolam
3403 3316 3525 3387 ejus

1890 3432 2003 3467 non
2038 3412 2255 3482 recipit,
2287 3412 2385 3464 sed
2415 3411 2585 3463 etiam
2608 3427 2824 3463 nomen
2848 3409 2995 3462 illitis
3013 3409 3211 3463 audire
3240 3426 3356 3463 non
3386 3411 3521 3464 vult.

1890 3508 2100 3570 Quarta
2132 3522 2302 3558 causa
2344 3503 2685 3556 humilitatis
2716 3502 2947 3568 exstitit,
2981 3502 3162 3555 sciens
3192 3519 3392 3556 eorum
3431 3520 3523 3557 su-

1891 3599 2145 3669 perbiam
2175 3601 2231 3650 et
2261 3614 2421 3649 suam
2458 3595 2866 3655 humilitatem,
2894 3610 3108 3647 nomen
3141 3611 3307 3647 suum
3343 3595 3525 3649 noluit

1890 3695 2022 3745 ante
2053 3707 2288 3761 ponere.
2316 3689 2490 3758 Hujus
2516 3687 2598 3740 rei
2628 3704 2797 3740 causa
2825 3686 3001 3739 etiam
3028 3686 3229 3740 beatus
3254 3687 3524 3753 Joannes,

1889 3786 1946 3839 in
1980 3784 2163 3855 capite
2192 3782 2457 3852 Epistolze
2490 3797 2605 3833 sure
2646 3796 2762 3833 non
2806 3779 3060 3849 protulit.
3104 3779 3308 3833 Dicunt
3351 3780 3526 3835 etiam

1892 3896 2019 3934 eam
2042 3878 2171 3931 ideo
2202 3893 2317 3930 non
2347 3891 2465 3928 esse
2492 3872 2671 3939 Pauli,
2703 3872 2837 3943 quia
2861 3875 3096 3925 caeteras
3115 3872 3394 3943 Epistolas
3412 3890 3525 3928 non

1892 3972 1969 4025 sic
1997 3969 2282 4024 rhetorico
2329 3983 2595 4021 sermone
2638 3964 2975 4036 composuit,
3007 3968 3065 4018 et
3103 3983 3169 4019 ex
3200 3966 3390 4019 Veteri
3414 3968 3524 4021 No-

1892 4082 2072 4134 voque
2102 4063 2468 4118 Testamento
2504 4059 2735 4126 fulcivit,
2760 4058 3051 4129 quomodo
3077 4059 3185 4112 ista
3208 4061 3529 4130 composita

1894 4162 1979 4212 est
2004 4173 2132 4228 quae
2159 4156 2231 4209 ad
2261 4155 2521 4209 Hebrmos
2550 4154 2776 4223 legitur.
2812 4152 3027 4216 Quibus
3056 4152 3529 4223 respondendum

1895 4251 1997 4313 est,
2046 4246 2179 4318 quia
2232 4248 2467 4299 cmteras
2516 4242 2794 4313 Epistolas
2840 4241 2897 4294 in
2944 4242 3252 4311 peregrina
3306 4242 3530 4314 scripsit

1894 4341 2110 4411 lingua,
2151 4340 2299 4392 hanc
2344 4354 2474 4392 vero
2522 4336 2579 4390 in
2627 4335 2881 4407 propria,
2928 4338 3165 4388 caeteras
3212 4334 3269 4387 in
3314 4336 3527 4404 Graeca,

1895 4435 2044 4487 hanc
2075 4433 2131 4485 in
2166 4432 2423 4486 Hebrzea.
2458 4431 2567 4484 Nec
2596 4429 2808 4483 mirum
2831 4428 2873 4480 si
2898 4427 3278 4497 eloquentior,
3310 4444 3436 4498 quae
3470 4429 3529 4482 in

152 4537 324 4592 citate
355 4537 790 4599 remanserunt;
826 4532 896 4585 de
923 4530 1128 4601 quibus
1155 4529 1429 4599 scriptum
1458 4531 1543 4580 est
1574 4543 1587 4579 :
1626 4526 1789 4583 θερεί-
1812 4526 1871 4598 D
1894 4525 2126 4597 propria
2172 4525 2366 4595 lingua
2415 4524 2626 4593 scripta
2674 4524 2777 4588 est,
2820 4536 2993 4591 quam
3041 4536 3168 4590 qua:
3209 4520 3265 4573 in
3312 4521 3527 4575 Greece.

155 4636 239 4685 tas
265 4645 336 4685 ear
351 4633 509 4698 parte
531 4628 755 4694 contigit
782 4628 839 4679 in
862 4625 1032 4680 Israel
1059 4624 1223 4678 donec
1246 4621 1532 4693 plenitudo
1558 4621 1794 4688 gentium

158 4726 414 4785 introeat,
440 4725 490 4775 et
514 4723 592 4776 sic
612 4721 784 4775 omnis
806 4718 978 4774 Israel
1003 4718 1187 4771 salvus
1216 4718 1335 4770 erit.
1370 4714 1436 4767 Hi
1456 4729 1590 4766 vero
1610 4710 1706 4783 qui
1734 4710 1792 4764 in

160 4815 499 4870 inﬁdelitate
541 4815 966 4878 remanserunt,
1001 4826 1099 4865 eos
1140 4809 1237 4880 qui
1277 4808 1351 4861 ad
1388 4806 1565 4860 ﬁdem
1607 4804 1794 4859 venie-

159 4911 302 4964 bant
337 4924 540 4961 eorum
582 4905 963 4961 substantiam
1004 4902 1374 4972 diripiebant,
1407 4899 1507 4953 sed
1551 4898 1657 4969 ipsi
1699 4913 1794 4967 pa-

163 5004 373 5056 tienter
401 5001 814 5056 substinebant.
849 4998 1002 5062 Quos
1027 4994 1317 5050 collaudat
1339 4992 1626 5064 apostolus
1655 4991 1796 5045 Pau-

164 5100 248 5150 lus
277 5113 291 5149 :
325 5098 468 5149 Nam
505 5099 556 5148 et
594 5096 765 5148 cincti
790 5093 1055 5161 compassi
1081 5092 1225 5150 estis,
1262 5093 1313 5142 et
1355 5090 1608 5157 rapinam
1636 5085 1797 5137 bono-

162 5206 282 5245 rum
301 5194 597 5243 vestrorum
621 5204 740 5242 cum
775 5186 978 5254 gaudio
1004 5184 1328 5253 suscepistis.
1360 5182 1571 5234 Eorum
1602 5192 1801 5231 curam

161 5300 375 5355 gerens
397 5298 500 5354 per
533 5281 787 5352 singulos
820 5295 1003 5334 annos
1020 5278 1318 5334 collectam
1342 5272 1587 5328 faciebat
1608 5271 1803 5325 dicens

164 5377 438 5433 fratribus
470 5393 483 5430 :
511 5375 889 5431 Recordamini
910 5375 1155 5440 fratrum
1186 5368 1360 5440 [ϐοείη
1386 5364 1675 5437 fratribus]
1709 5365 1807 5434 qui

162 5476 288 5527 sunt
307 5474 368 5525 in
392 5470 720 5534 Jerusalem;
756 5465 1140 5535 mittebatque
1173 5461 1273 5516 eis.

235 5564 508 5621 Scriberis
537 5561 713 5616 etiam
740 5559 1053 5631 Epistolam
1084 5555 1240 5610 misit
1266 5555 1367 5619 eis,
1392 5553 1451 5606 in
1482 5567 1597 5622 qua
1627 5547 1807 5602 voluit

170 5657 499 5722 ostendere,
530 5654 729 5709 omnia
755 5669 880 5724 quia
903 5654 1041 5706 tunc
1062 5649 1136 5704 ad
1158 5648 1409 5702 litteram
1437 5643 1805 5715 gerebantur,

170 5756 481 5811 sabbatum
520 5752 757 5819 scilicet,
787 5746 1303 5811 circumcisionem,
1339 5739 1727 5803 neomeniam,
1755 5741 1812 5791 et

171 5854 387 5906 caetera
413 5863 544 5919 qua
565 5847 655 5901 lex
678 5842 1064 5917 principiebat,
1095 5837 1297 5895 omnia
1319 5835 1510 5908 typica
1534 5831 1726 5898 fuisse,
1756 5834 1814 5886 et

1894 4620 2143 4689 Dignum
2173 4618 2326 4670 enim
2354 4617 2431 4670 sic
2463 4619 2586 4669 erat
2615 4619 2675 4669 ut
2696 4632 2764 4670 ea
2786 4631 2962 4685 quam
2992 4613 3051 4667 in
3078 4613 3310 4685 propria
3334 4613 3531 4684 lingua

1896 4711 2178 4767 scribebat
2210 4711 2339 4780 plus
2381 4710 2675 4763 luculento
2726 4725 2996 4763 sermone
3042 4711 3433 4778 componeret,
3477 4712 3535 4761 et

1896 4804 2083 4860 Veteri
2110 4804 2380 4872 Novoque
2413 4803 2774 4856 Testamento
2818 4802 3062 4857 fulciret.
3102 4801 3272 4872 Cujus
3301 4817 3533 4855 sensum

1898 4903 1956 4954 et
1981 4897 2244 4953 ordinem
2274 4899 2473 4949 tenens
2509 4896 2855 4965 evangelista
2888 4897 3063 4949 Lucas
3094 4898 3221 4967 post
3248 4912 3537 4949 excessum

1897 4991 2138 5064 apostoli
2165 4988 2320 5044 Pauli
2354 4989 2549 5041 Graeco
2586 5004 2853 5041 sermone
2893 4989 3233 5059 composuit.
3270 4989 3382 5044 Sed
3403 4989 3532 5058 jam

1901 5103 2051 5140 nunc
2086 5085 2267 5155 ipsam
2302 5080 2676 5152 apostolicam
2716 5080 3030 5151 Epistolam
3063 5085 3373 5136 tractemus
3413 5097 3540 5151 quae

1901 5179 1981 5234 ita
2010 5177 2304 5233 exordium
2333 5174 2525 5229 habet.

1972 5272 2302 5327 MULTIFARIE
2346 5281 2648 5328 MULTISQL’E
2698 5280 2862 5319 MODIS
2918 5282 3047 5322 oua
3114 5284 3248 5321 DEus
3296 5281 3542 5331 Logrgxs

1905 5381 2163 5421 ruamus
2196 5380 2248 5419 ιχ
2285 5376 2604 5417 Paornerls.
2637 5357 2801 5422 Quod
2824 5358 2959 5413 dicit
2991 5359 3315 5426 multi/aris,
3348 5365 3541 5415 osten-

1904 5458 1987 5514 dit
2017 5457 2309 5529 quoddam
2347 5452 2681 5509 vaticinium
2730 5450 2901 5504 fuisse
2935 5468 3000 5504 ex
3037 5450 3171 5504 Filio
3212 5451 3332 5504 Dei.
3373 5452 3542 5506 Phari

1907 5554 2119 5618 Grzece,
2156 5551 2353 5605 Latine
2388 5547 2545 5619 loqui
2582 5545 2808 5601 dicitur.
2840 5542 3139 5597 Multifaric
3166 5540 3321 5605 dicit,
3352 5545 3547 5597 multis

1909 5644 2311 5700 locationibus.
2332 5640 2516 5698 Multis
2535 5640 2689 5694 enim
2717 5637 2905 5692 modis
2930 5638 3151 5691 locutus
3171 5635 3253 5685 est
3272 5635 3546 5688 Dominus

1912 5738 2296 5792 anteriorihus
2336 5735 2618 5802 Patribus,
2649 5732 2745 5803 qui
2774 5732 3001 5786 fuerunt
3039 5728 3099 5781 in
3128 5724 3315 5778 Veteri
3352 5727 3543 5779 Testa~

1914 5834 2114 5885 mento
2140 5846 2153 5885 :
2178 5829 2483 5901 aliquoties
2512 5844 2613 5899 per
2637 5826 2903 5893 visiones,
2938 5819 3239 5894 aliquoties
3264 5833 3367 5889 per
3395 5819 3549 5873 simi-
