4034 6228
1663 590 2089 714 XVIII.

186 787 409 851 Lectio
436 786 742 870 Epistolas
772 785 798 850 l
826 787 1001 878 beati
1030 787 1205 878 Petri
1234 789 1511 878 apostoli
1548 791 1652 878 (v,
1671 790 1745 878 6)_
1768 810 1782 852 :
1808 789 2236 878 Qharissimi,
2267 792 2724 878 humiliamini
2744 794 2866 859 sub
2889 797 3144 878 potenti
3165 812 3371 859 manu
3397 794 3551 873 Dei,

901 838 1512 951 ὗὶύὶὲἷὰοἶζέἷῦἓῇ
1545 838 1813 933 ὲᾶἐτουίίάι

1841 871 1911 933 in
1959 879 2244 954 tempore
2270 874 2688 953 uisitationis,
2719 879 2841 938 etc.

1543 1002 1961 1062 COMMENTUM
1999 1006 2420 1063 LUCULENTII.

256 1120 583 1177 Humiliatio
598 1120 750 1175 enim
769 1120 972 1176 ultima
992 1119 1506 1192 intelligitur;nam
1525 1122 1825 1194 unusquis-
1843 1134 1904 1208 Α
1925 1123 2185 1179 Diabolus
2220 1125 2375 1181 enim
2412 1126 2764 1181 adversarius
2805 1130 2975 1198 atque
3015 1124 3191 1180 hostis
3219 1127 3304 1180 est
3329 1124 3554 1196 generis

176 1231 294 1286 que
322 1231 382 1270 se
409 1214 712 1269 humiliare
742 1214 908 1269 debet
928 1214 1260 1286 jejunando,
1293 1216 1525 1285 orando,
1553 1215 1821 1271 obedien-

177 1308 272 1373 do,
304 1307 591 1379 patienter
622 1307 855 1362 adversa
880 1308 1191 1377 tolerando,
1225 1312 1460 1379 propter
1492 1308 1632 1363 illud
1672 1310 1824 1380 quod

174 1402 458 1472 scriptum
495 1406 617 1455 est:
650 1403 833 1458 Omnis
873 1405 970 1471 qui
1012 1418 1068 1457 se
1104 1403 1311 1458 exultat
1345 1403 1744 1467 humiliabitur,
1772 1408 1824 1458 et

173 1498 276 1565 qui
303 1511 362 1550 se
382 1496 636 1549 humiliat
679 1496 1026 1551 exaltabitur.
1079 1495 1375 1550 Humiliari
1418 1513 1523 1551 nos
1565 1497 1824 1569 praecipit

173 1589 469 1661 apostolus
512 1590 708 1643 Petrus
752 1588 947 1643 dicens
989 1605 1027 1642 z-
1054 1590 1413 1644 HUMILIAIINI
1454 1606 1553 1645 sua
1593 1607 1819 1646 POTENTI

172 1698 329 1739 uersu
347 1684 467 1738 DEI.
491 1682 786 1736 Humilitas
801 1682 958 1737 enim
982 1682 1348 1738 multiformis
1373 1688 1459 1738 est
1479 1685 1683 1756 gratia.
1702 1686 1818 1739 Hu-

169 1776 343 1855 miles
367 1792 481 1830 non
507 1778 733 1847 oportet
765 1792 883 1830 esse
909 1780 1145 1847 propter
1178 1776 1317 1831 illud
1349 1778 1501 1849 quod
1550 1779 1821 1835 Dominus

169 1870 249 1925 ait
280 1887 295 1924 :
330 1872 525 1925 Discite
564 1886 600 1923 a
633 1885 715 1924 me
741 1871 871 1939 quia
908 1872 1073 1931 mitis,
1115 1885 1255 1933 sum,
1281 1877 1331 1925 et
1373 1872 1593 1926 humilis
1641 1873 1817 1928 corde.

172 1964 237 2018 Et
262 1962 400 2018 alibi
434 1979 448 2017 :
479 1965 651 2032 Super
674 1978 831 2032 quem
854 1965 1200 2033 requiescam,
1233 1966 1343 2019 nisi
1363 1979 1525 2035 super
1544 1966 1815 2029 humilem,

169 2062 220 2111 et
248 2060 516 2127 quietum,
548 2061 598 2110 et
636 2061 942 2111 trementem
967 2073 1230 2112 sermones
1276 2060 1458 2112 meos?
1480 2060 1590 2115 Sub
1610 2061 1823 2129 potenti

167 2166 341 2204 manu
364 2152 479 2205 Dei.
508 2150 701 2203 Manus
730 2148 884 2203 enim
911 2149 1008 2204 Dei
1036 2149 1334 2221 aliquoties
1370 2150 1708 2223 intelligitur
1736 2152 1816 2205 Fi-

166 2244 301 2313 lius,
333 2241 631 2314 aliquoties
674 2243 949 2314 protectio
992 2242 1212 2312 divina;
1255 2243 1426 2298 Filius
1478 2244 1817 2317 intelligitur

166 2354 398 2406 manus,
441 2340 509 2391 ut
552 2341 636 2392 est
680 2336 817 2392 illud
863 2337 1263 2408 propheticum
1296 2356 1310 2392 :
1350 2340 1550 2394 Emitte
1597 2355 1815 2395 manum

166 2438 324 2486 tuam
352 2431 419 2486 de
442 2431 575 2486 alto.
602 2430 880 2486 Protectio
909 2430 1116 2498 divina,
1145 2435 1211 2486 ut
1236 2435 1320 2486 est
1335 2431 1475 2486 illud
1500 2449 1513 2486 :
1543 2434 1711 2488 Facta
1737 2439 1814 2489 est

166 2540 336 2597 super
348 2540 434 2579 me
448 2540 642 2579 manus
658 2527 889 2580 Domini.
914 2524 1021 2580 Sed
1044 2525 1101 2579 in
1121 2526 1229 2580 hoc
1249 2525 1370 2581 loco
1390 2525 1665 2597 protectio
1684 2527 1820 2583 divi-
1840 2501 1895 2573 B

170 2635 248 2675 na
274 2617 638 2690 intelligitur,
661 2621 802 2673 teste
827 2618 1153 2690 psalmista:
1183 2621 1474 2675 Protemisti
1494 2636 1593 2684 me,
1609 2624 1769 2684 Deus,
1785 2639 1819 2677 a

170 2716 437 2767 conventu
452 2713 891 2782 malignantium.
910 2712 1025 2768 Sub
1038 2712 1200 2783 cujus
1217 2729 1392 2768 manu
1410 2730 1513 2768 nos
1530 2714 1818 2769 humiliari

171 2805 470 2873 debemus,
489 2805 700 2860 scilicet
723 2805 827 2860 sub
851 2806 1040 2861 divina
1058 2806 1430 2877 proiectione,
1447 2812 1509 2862 ut
1538 2824 1641 2863 nos
1660 2809 1815 2863 exal-

171 2906 293 2956 tare
321 2899 591 2971 dignetur
614 2900 674 2953 in
703 2898 793 2953 die
817 2898 1167 2954 visitationis.
1200 2901 1272 2954 Er
1314 2917 1369 2955 IN
1405 2917 1653 2957 TEHPORE
1681 2918 1815 2958 VISI-

172 3008 429 3049 TATIONIS
446 3011 465 3062 ;
492 2993 599 3047 hoc
629 2998 712 3047 est
738 2992 797 3046 in
820 2993 910 3047 die
933 2993 1137 3063 judicii
1164 2994 1392 3065 quando
1419 3011 1618 3050 omnes
1633 2996 1821 3050 humi-

170 3087 253 3143 les
283 3086 519 3142 exaltari
552 3086 943 3154 merebuntur,
975 3090 1031 3141 et
1057 3087 1283 3158 superbi
1325 3088 1637 3157 humiliari,
1674 3090 1818 3144 sicut

165 3182 289 3251 jam
317 3180 578 3251 superius
603 3179 818 3234 dictum
846 3182 931 3233 est
963 3196 976 3234 :
1008 3180 1191 3235 Omnis
1217 3184 1317 3251 qui
1331 3196 1385 3236 se
1404 3183 1613 3238 emaltat
1639 3184 1813 3238 humi-

174 3276 426 3337 liabitur,
455 3278 506 3329 et
532 3276 627 3343 qui
650 3289 705 3328 se
729 3274 981 3329 humiliat
1006 3275 1361 3330 exaltabitur.
1396 3277 1463 3330 Et
1500 3292 1697 3332 omnes
1727 3294 1814 3332 re-

171 3367 339 3440 probi
365 3383 480 3422 una
504 3383 634 3422 cum
660 3366 842 3438 capite
871 3384 973 3423 suo
1013 3367 1391 3439 projicientur
1418 3368 1478 3423 in
1503 3369 1814 3427 infernum.

174 3463 374 3518 OMNEM
413 3475 854 3517 SOLLICITUDINEM
898 3477 1141 3516 VESTRAM
1182 3477 1557 3518 PBOJICIENTES
1596 3480 1650 3518 ΙΝ
1686 3480 1813 3532 EUM,

174 3571 424 3619 quorum
452 3572 554 3611 IPSI
586 3571 725 3612 cum
746 3571 841 3610 EST
873 3570 938 3610 DE
967 3570 1143 3611 VOBlS.
1174 3555 1365 3610 Simile
1396 3560 1481 3611 est
1506 3556 1646 3611 illud
1665 3558 1818 3629 quod

170 3650 249 3704 ait
292 3649 588 3704 Psalmista
623 3666 636 3703 :
674 3652 830 3704 Jacta
877 3651 1167 3717 cogitatum
1208 3653 1360 3704 tuum
1391 3651 1449 3704 in
1480 3652 1717 3705 Domino.
1753 3652 1818 3705 Et

171 3744 450 3798 Dominus
472 3743 533 3797 in
568 3742 868 3815 Evangelio
900 3760 912 3797 :
954 3744 1133 3799 Nolite
1156 3743 1377 3798 solliciti
1401 3759 1510 3799 esse
1535 3744 1768 3799 dicentes
1796 3764 1813 3798 :

171 3837 318 3903 Quid
344 3838 912 3899 manducabimus,aut
932 3837 1068 3907 quid
1085 3837 1360 3891 bibemus?
1374 3839 1474 3891 scit
1493 3839 1632 3891 enim
1652 3840 1815 3892 Pater
1833 3870 1888 3944 Ο

172 3936 347 3986 vester
371 3932 507 4000 quid
531 3932 680 3986 vobis
706 3947 839 4002 opus
865 3936 962 3985 est.
984 3930 1110 3984 Ideo
1130 3946 1360 3985 omnem
1381 3929 1814 3985 sollicitudinem

172 4029 431 4080 nostram
461 4025 521 4079 in
548 4040 680 4080 eum
709 4025 987 4096 projicere
1017 4023 1312 4092 debemus,
1337 4040 1371 4077 a
1388 4040 1501 4094 quo
1533 4040 1701 4079 omne
1722 4025 1817 4079 bo—

172 4136 315 4175 num
341 4119 541 4191 largiri
569 4118 870 4174 credimus.
900 4119 966 4172 Et
985 4117 1263 4190 quidquid
1288 4117 1623 4189 perfectum,
1657 4118 1817 4190 quid-

174 4213 315 4286 quid
358 4213 571 4267 bonum
615 4216 697 4267 est
743 4212 892 4284 quod
937 4212 1057 4283 agit
1097 4212 1289 4282 homo,
1322 4212 1391 4267 ab
1430 4211 1551 4283 ipso
1591 4212 1812 4285 accipit,

173 4306 548 4382 teste-Iacobo
576 4305 673 4377 qui
700 4305 837 4361 dicit
866 4321 879 4359 :
911 4306 1073 4362 Omne
1100 4306 1291 4360 datum
1317 4309 1577 4377 optimum
1599 4311 1649 4361 et
1667 4322 1818 4361 omne

175 4403 376 4456 donum
410 4402 709 4470 perfectum
746 4399 1025 4454 desursum
1066 4404 1162 4454 est.
1208 4400 1277 4454 Et
1324 4399 1456 4453 alibi
1498 4400 1812 4471 scriptum:

174 4496 307 4561 Quis
328 4496 569 4565 speravit
587 4495 644 4547 in
672 4495 896 4549 Domino
926 4497 977 4547 et
1011 4495 1266 4560 confusus
1294 4496 1416 4548 est?

244 4589 431 4644 SOBBII
458 4603 665 4642 asrora.
696 4585 975 4641 Sobrietas
1004 4585 1160 4640 enim
1190 4602 1305 4640 non
1329 4586 1513 4640 solum
1542 4587 1813 4658 corporis,

174 4683 269 4738 sed
300 4686 356 4736 et
392 4681 597 4735 animae
642 4678 1008 4750 intelligenda
1048 4682 1153 4733 est.
1202 4679 1357 4734 Sicut
1398 4679 1552 4734 enim
1598 4680 1818 4735 sobrius

174 4777 342 4831 debet
380 4790 500 4830 esse
542 4774 715 4829 homo
745 4772 1011 4839 exterior,
1043 4788 1244 4844 parcus
1270 4773 1525 4828 videlicet
1549 4791 1582 4827 a
1608 4773 1732 4828 cibo
1762 4776 1819 4829 et

176 4875 333 4940 potu,
364 4872 598 4940 propter
640 4867 781 4921 illud
820 4866 970 4938 quod
1012 4866 1279 4921 Dominus
1328 4866 1464 4920 dicit
1496 4883 1509 4920 :
1540 4868 1817 4923 Attendite

175 4981 236 5018 ne
262 4965 560 5033 graventur
587 4961 752 5016 corda
795 4964 979 5015 vestra
1004 4962 1060 5014 in
1085 4960 1311 5029 crapula
1340 4965 1391 5014 et
1419 4961 1708 5027 ebrietate;
1740 4960 1818 5015 ita

175 5059 351 5112 homo
379 5055 617 5111 interior
654 5055 715 5108 in
748 5053 977 5125 vigiliis,
1001 5053 1256 5125 jejuniis,
1286 5058 1343 5108 et
1366 5053 1731 5123 orationibus,
1762 5059 1818 5109 et

174 5150 396 5207 caeteris
430 5149 594 5204 bonis
631 5148 915 5220 operibus.
969 5149 1042 5202 Er
1083 5163 1326 5203 VIGILATE
1357 5147 1530 5218 jnste.
1568 5147 1816 5219 Vigilare

1922 1217 2179 1287 humani,
2211 1218 2308 1289 qui
2334 1219 2405 1273 ab
2431 1218 2591 1274 initio
2629 1219 2827 1274 mundi
2864 1235 3091 1291 semper
3117 1222 3335 1272 sanctos
3361 1233 3552 1289 perse-

1922 1310 2021 1382 qui
2056 1327 2171 1367 non
2216 1311 2448 1382 destitit,
2489 1317 2662 1385 atque
2705 1312 2889 1367 caulas
2931 1312 3184 1367 fidelium
3228 1311 3555 1382 dispergere

1922 1404 2142 1460 nititur.
2186 1406 2295 1460 Leo
2333 1422 2582 1478 namque
2623 1407 2829 1462 dicitur
2864 1405 3139 1472 diabolus,
3172 1422 3287 1460 non
3324 1408 3557 1477 propter

1920 1497 2328 1568 fortitudinem,
2362 1500 2459 1554 sed
2486 1502 2718 1571 propter
2741 1499 3042 1568 saevitiam;
3065 1498 3197 1571 quia
3223 1515 3339 1553 non
3370 1497 3555 1552 solum

1920 1592 2136 1647 occulte
2163 1592 2476 1662 insidiatur,
2497 1610 2696 1648 verum
2722 1594 2893 1648 etiam
2910 1597 3102 1664 aperte
3128 1592 3305 1646 saevit.
3328 1591 3557 1646 Occulta

1920 1684 2238 1752 insidiatur,
2273 1687 2405 1757 quia
2442 1703 2859 1758 nonnunquam
2903 1703 3005 1758 per
3057 1686 3298 1741 nefarias
3343 1684 3550 1755 cogita-

1917 1778 2103 1833 tiones
2130 1779 2329 1834 suadet
2345 1781 2615 1851 aliquem,
2631 1794 2734 1851 per
2753 1780 3228 1851 gastrimargiam,
3248 1795 3350 1850 per
3369 1777 3551 1832 ebrie-

1920 1875 2112 1941 tatem,
2143 1889 2247 1944 per
2265 1873 2582 1941 avaritiam,
2606 1874 2933 1945 supplantat
2954 1872 3264 1940 iracundia,
3290 1871 3373 1927 vel
3393 1872 3556 1926 luxu-

1918 1964 2005 2019 ria
2048 1965 2307 2037 inquinat
2353 1984 2366 2021 :
2408 1967 2655 2038 aliquem
2704 1984 2834 2022 vero
2884 1973 2948 2022 ut
2999 1967 3088 2022 leo
3139 1966 3315 2035 suevit,
3362 1968 3558 2036 aperte

1916 2059 2276 2130 persequitur
2302 2059 2615 2128 hominem,
2650 2061 2793 2115 sicut
2821 2060 2914 2115 hic
2941 2059 3074 2114 dicit
3104 2060 3301 2114 Petrus
3332 2062 3552 2130 aposto-

1916 2151 2002 2205 lus
2032 2168 2044 2205 :
2075 2152 2442 2207 Adversarius
2461 2158 2637 2208 vester
2651 2154 2898 2208 diabolus
2922 2158 3184 2223 tanquam
3210 2153 3288 2207 leo
3312 2154 3553 2221 rugiens,

1915 2246 2108 2299 circuit
2140 2262 2384 2315 quzerens
2426 2263 2584 2317 quem
2624 2248 2856 2303 devoret.
2888 2246 3151 2301 Diabolus
3176 2245 3332 2301 enim
3357 2243 3556 2300 circuit

1919 2355 2388 2411 unumquemque
2415 2343 2694 2410 nostrum,
2712 2340 3058 2413 prospiciens
3083 2339 3189 2394 sibi
3206 2339 3427 2395 aditum
3451 2354 3553 2410 per

1919 2448 2092 2503 quem
2123 2432 2441 2504 irrumpere
2467 2434 2660 2506 possit,
2681 2439 2851 2506 atque
2880 2433 3159 2505 decipere,
3182 2433 3240 2488 in
3265 2449 3379 2505 qua
3396 2436 3554 2504 parte

1919 2526 1986 2581 ad
2015 2528 2362 2598 peccandum
2386 2528 2537 2583 videt
2563 2544 2683 2584 esse
2708 2528 3103 2600 procliviorem
3128 2527 3190 2581 in
3217 2543 3282 2581 ea
3309 2526 3554 2597 amplius

1920 2620 2242 2675 inardescit.
2276 2621 2500 2677 Scilicet
2531 2627 2629 2677 aut
2665 2638 2769 2694 per
2791 2622 3079 2678 dexteram
3103 2639 3120 2691 ;
3156 2624 3377 2676 tentans
3401 2619 3554 2674 enim

1918 2712 2211 2769 hominem
2240 2712 2298 2769 in
2324 2715 2544 2786 majora
2567 2715 2724 2781 vitia,
2755 2715 2801 2770 si
2826 2715 3082 2787 decipere
3117 2730 3233 2769 non
3266 2713 3552 2785 przevalet,

1918 2806 2141 2861 minora
2184 2807 2378 2878 infert,
2426 2813 2482 2864 et
2533 2809 2602 2864 de
2644 2809 2794 2864 bono
2836 2808 2989 2880 quod
3033 2808 3183 2862 videt
3226 2806 3554 2877 superbiam

1919 2900 2147 2971 ingerit,
2163 2901 2317 2956 utsic
2332 2917 2436 2972 per
2455 2902 2744 2957 dexteram
2765 2906 2984 2973 partem
3004 2901 3376 2973 ingrediatur.
3389 2898 3550 2967 Quia,

1918 2998 1981 3048 ut
2006 2994 2123 3048 dixi
2146 2994 2215 3048 ab
2242 2994 2423 3065 initio,
2458 3011 2527 3050 ex
2554 3012 2666 3068 quo
2692 2996 2910 3067 primus
2942 2996 3114 3050 homo
3133 2995 3323 3065 justus
3350 2992 3491 3048 Abel
3520 3009 3554 3046 a

1932 3088 2048 3142 Can
2082 3088 2254 3143 fratre
2284 3105 2387 3144 suo
2419 3105 2521 3159 per
2545 3088 2815 3144 invidiam
2845 3093 2929 3144 est
2954 3088 3350 3159 interemptus,
3372 3102 3553 3157 usque

1918 3180 1991 3235 ad
2020 3180 2291 3235 ultimum
2318 3186 2597 3252 sanetum,
2626 3182 2725 3254 qui
2762 3182 2823 3237 in
2865 3182 3038 3237 finem
3084 3181 3401 3235 nasciturus
3446 3182 3550 3247 est,

1918 3273 2170 3329 diabolus
2216 3276 2478 3347 persequi
2524 3291 2640 3330 non
2677 3278 2872 3330 cessat.
2911 3277 3010 3332 Cm
3048 3289 3319 3330 RESISTITE
3360 3288 3553 3327 vomas

1918 3384 1971 3423 1N
2005 3384 2144 3423 FIDE.
2177 3368 2483 3423 Imitamini
2509 3385 2646 3440 ergo
2671 3368 2980 3439 Christum,
3004 3368 3100 3440 qui
3127 3367 3413 3423 diabolum
3433 3370 3553 3421 ten-

1917 3465 2157 3516 tatorem
2184 3462 2240 3516 in
2269 3462 2490 3517 deserto
2520 3462 2669 3518 vicit.
2704 3464 2768 3517 Et
2794 3467 2949 3532 nota,
2981 3462 3112 3534 quia
3146 3478 3277 3516 cum
3307 3460 3442 3516 dicit
3466 3476 3549 3515 re-

1913 3557 2104 3618 sistite,
2135 3554 2350 3610 addidit
2387 3559 2446 3610 in
2486 3557 2612 3626 ﬁde,
2643 3556 2777 3627 quia
2804 3556 2964 3611 nulla
3005 3556 3181 3609 virtus
3225 3553 3303 3608 sic
3345 3552 3554 3623 poterit

1915 3648 2204 3703 diabolum
2235 3653 2515 3719 prostrare
2545 3649 2830 3720 quomodo
2859 3649 2996 3703 ﬁdes
3030 3648 3303 3719 perfecta,
3338 3646 3408 3702 de
3435 3663 3551 3717 qua

1915 3743 2189 3797 Dominus
2224 3758 2237 3796 :
2271 3742 2333 3797 Si
2355 3743 2621 3798 haberetis
2643 3743 2803 3813 fidem
2838 3746 2898 3798 ut
2932 3758 3163 3810 granum
3214 3742 3422 3811 sinapis
3460 3740 3547 3794 di-

1913 3839 2098 3892 ceretis
2124 3837 2246 3891 huic
2264 3839 2451 3899 monti,
2481 3838 2737 3898 transire,
2766 3837 3002 3891 obediret
3025 3836 3192 3890 vobis.

1986 3930 2246 3986 SCIENTES
2280 3946 2500 3985 EAMDEM
2534 3945 2838 3986 PASSIONEM
2874 3947 2925 3986 EI
2957 3945 3077 3993 QUAS
3115 3946 3168 3985 IN
3206 3944 3389 3985 MUNDO
3434 3944 3547 3995 EST,

1916 4040 2124 4080 vasrnza
2188 4039 2601 4080 rnaraanrrms
2663 4040 2824 4079 nam.
2896 4024 3165 4079 Eamdem
3228 4022 3549 4094 passionem

1917 4117 2054 4171 dicit
2076 4118 2138 4172 in
2161 4118 2397 4186 mundo,
2420 4117 2631 4172 scilicet
2660 4134 2833 4190 quam
2866 4117 3124 4173 universa
3141 4117 3354 4188 patitur
3372 4116 3554 4171 Eccle-

1916 4211 2016 4267 sia.
2048 4211 2243 4267 Nullus
2270 4212 2425 4267 enim
2459 4212 2638 4267 fidelis
2663 4212 2725 4267 in
2763 4212 2978 4267 mundo
3013 4214 3117 4281 est,
3153 4211 3254 4283 qni
3294 4210 3553 4266 bravium

1917 4305 2043 4361 vita:
2086 4311 2312 4361 aeternas
2356 4307 2644 4378 percipere
2686 4307 2894 4377 cupiat,
2928 4310 2989 4360 ut
3023 4305 3144 4359 sine
3182 4304 3437 4375 passione
3482 4303 3552 4358 ad

1916 4404 2144 4470 portum
2174 4401 2467 4472 pervenire
2493 4400 2686 4471 possit,
2717 4401 2883 4471 juxta
2920 4399 3071 4470 quod
3111 4398 3381 4467 scriptum
3423 4400 3548 4450 est:

1917 4495 2103 4550 Multa
2127 4495 2499 4548 tribulationes
2515 4495 2813 4563 justorum,
2830 4500 2881 4548 et
2899 4494 2964 4548 de
2985 4496 3067 4546 his
3093 4491 3334 4545 omnibus
3362 4491 3554 4544 libera-

1918 4591 1995 4641 vit
2022 4602 2124 4641 eos.
2164 4589 2232 4641 Et
2261 4587 2408 4656 ideo,
2441 4588 2485 4640 si
2512 4587 2786 4642 fuerimus
2817 4586 2950 4639 socii
2982 4583 3274 4656 passionis,
3305 4583 3469 4637 simul
3497 4587 3555 4637 et

1918 4679 2343 4734 resurrectionis
2369 4680 2600 4735 erimus.
2624 4682 2690 4734 Et
2708 4678 2839 4733 alibi
2872 4695 2885 4733 :
2914 4682 3035 4737 Non
3063 4678 3429 4739 coronabitur,
3445 4678 3555 4731 nisi

1917 4775 2014 4845 qui
2056 4774 2288 4841 legitime
2330 4776 2632 4828 certaverit.
2694 4775 2761 4827 Et
2806 4773 3007 4827 Paulus
3049 4772 3331 4843 apostolus
3362 4790 3376 4825 :
3406 4772 3555 4827 Foris

1910 4883 2131 4939 pugnae,
2178 4869 2325 4920 intus
2370 4868 2601 4920 timores.
2653 4869 2910 4921 Attamen
2953 4882 3062 4920 non
3105 4871 3231 4921 sunt
3275 4866 3555 4933 condigna

1915 4963 2190 5032 passiones
2214 4960 2371 5029 hujus
2399 4962 2652 5029 temporis
2679 4960 2754 5013 ad
2775 4962 3027 5028 futuram
3050 4961 3303 5028 gloriam,
3330 4976 3450 5031 qua:
3476 4976 3555 5013 re-

1916 5055 2184 5109 velabitur
2204 5056 2261 5108 in
2280 5054 2449 5108 nobis.
2484 5055 2623 5108 Deus
2662 5070 2838 5110 ,1υ11111
2876 5070 3044 5111 eurus
3085 5071 3312 5121 enarra,
3346 5070 3437 5117 QUI
3467 5070 3571 5128 νοτ

1919 5164 2075 5203 CAVIT
2110 5163 2212 5203 N05
2246 5164 2297 5202 IN
2326 5162 2585 5201 [ΕΤΕΠΝΑΜ
2623 5164 2763 5203 SI'AM
2803 5165 3037 5204 GRATIAM
3067 5166 3121 5204 ΙΝ
3159 5163 3387 5203 CHRISTO
3425 5150 3553 5201 JESU

176 5265 273 5299 nos
301 5248 528 5316 oportet
555 5245 787 5314 propter
814 5241 954 5295 illud
989 5240 1138 5311 quod
1168 5240 1443 5312 scriptum
1468 5245 1550 5295 est
1584 5257 1596 5294 :
1630 5242 1699 5294 Et
1727 5243 1811 5294 vi—
1832 5243 1892 5315 Ι)
1916 5256 2161 5297 uomens!
2189 5255 2410 5295 rassos.
2436 5240 2659 5294 Vocavit
2687 5240 2839 5295 enim
2878 5257 2982 5296 nos
3018 5243 3162 5295 Dens
3190 5241 3249 5294 in
3277 5245 3552 5293 aeternam

172 5343 337 5404 gi'ate
370 5340 541 5406 juste,
572 5341 623 5390 et
648 5336 813 5391 nolite
832 5350 1071 5405 peccare.
1119 5335 1186 5387 Et
1224 5334 1495 5388 Dominus
1535 5333 1593 5387 iu
1634 5335 1815 5389 Evan-

174 5434 319 5503 gelio
351 5448 365 5485 :
402 5431 639 5497 Vigilate
662 5445 728 5483 ne
755 5433 853 5498 ﬁat
880 5432 1019 5498 fuga
1043 5432 1222 5482 vestra
1251 5429 1440 5489 hieme,
1465 5429 1549 5481 vel
1570 5428 1812 5482 sabbato.

175 5528 235 5581 Et
263 5527 476 5580 iterum
506 5542 519 5578 :
548 5525 659 5578 Hoc
681 5527 862 5578 autem
882 5524 1068 5576 scitote
1102 5523 1233 5589 quia
1278 5523 1330 5575 si
1366 5523 1524 5575 sciret
1558 5523 1813 5591 paterfa-

173 5621 352 5675 milias
372 5634 483 5688 qua
510 5618 644 5672 hora
672 5618 769 5683 fur
792 5617 1015 5677 veniret,
1045 5614 1298 5682 vigilaret
1332 5617 1534 5683 utique.
1572 5613 1680 5667 Sed
1709 5612 1816 5668 hoc

174 5714 228 5768 in
257 5714 385 5769 loco
404 5714 639 5783 propter
654 5709 790 5781 quid
808 5724 915 5763 nos
932 5711 1157 5778 oportet
1174 5706 1429 5778 vigilare,
1453 5706 1817 5778 insequenter

173 5806 508 5875 ostenditur,
544 5820 671 5868 011111
719 5816 1088 5859 ADVERSARIUS
1130 5817 1326 5856 vasrsn
1374 5815 1636 5855 DIABOLL'S
1679 5816 1810 5854 TAN-

175 5917 321 5966 QUAH
370 5916 470 5959 LBO
513 5912 742 5956 BUGIENS
789 5910 1002 5952 CIRCUIT
1052 5909 1307 5957 QUJ‘IRENS
1356 5910 1500 5956 QUEM
1549 5909 1807 5949 DEVURET.

1921 5346 2081 5385 suam
2110 5329 2350 5401 gloriam
2379 5329 2565 5401 primo
2591 5330 2658 5384 de
2685 5330 2913 5384 tenebris
2944 5332 3001 5383 in
3026 5329 3351 5383 admirabile
3376 5329 3553 5382 lumen

1916 5440 2094 5487 suum,
2128 5424 2264 5496 quia
2290 5440 2421 5495 quos
2443 5426 2719 5495 praesciuit
2747 5428 2798 5479 et
2818 5423 3233 5493 prwdestinavit
3255 5424 3551 5489 con/armes

1913 5521 2033 5587 ﬁeri
2058 5520 2308 5587 imaginis
2333 5519 2436 5588 ﬁlii
2459 5521 2566 5581 sui,
2594 5524 2654 5574 ut
2677 5520 2749 5572 sit
2773 5520 2886 5588 ipse
2901 5519 3295 5588 primogenitus
3324 5518 3383 5570 in
3418 5517 3554 5571 mul-

1917 5616 1984 5667 tis
2012 5615 2301 5681 fratribus.
2332 5615 2545 5668 Tamen
2584 5612 2873 5684 praesentis
2914 5610 3185 5681 temporis
3228 5610 3410 5682 gloria
3436 5627 3551 5665 non

1915 5712 2000 5761 est
2040 5712 2274 5773 aeterna,
2320 5707 2454 5778 quia
2498 5722 2907 5778 nonnunquam
2944 5704 3145 5773 deﬁcit,
3181 5705 3248 5757 de
3278 5721 3387 5774 qua
3418 5704 3553 5757 dicit

1911 5802 2155 5855 Joannes
2197 5820 2210 5855 :
2261 5802 2461 5864 Filioli,
2509 5817 2646 5856 nunc
2698 5802 2802 5870 ﬁlii
2846 5802 2939 5856 Dei
2976 5815 3176 5862 sumus,
3225 5804 3273 5854 et
3314 5798 3551 5852 nondum

1913 5900 2144 5962 apparet
2178 5895 2314 5963 quid
2350 5897 2570 5951 erimus.
2602 5895 2693 5949 llla
2724 5900 2803 5948 est
2836 5899 3067 5963 aeterna,
3100 5910 3227 5965 quae
3259 5897 3556 5965 permanet
