4034 6228
492 346 594 398 859

1632 349 1948 415 JOANNES,
1990 350 2423 405 BICLARENSIS
2463 350 2691 405 ABBAS.

3751 348 3866 403 860

489 467 620 505 cum
647 454 784 518 Deo,
830 455 890 507 in
926 470 1040 525 qua
1063 456 1219 511 ibunt
1243 454 1417 511 sancti
1448 455 1513 511 de
1538 454 1737 512 virtute
1758 458 1817 511 in
1841 459 2118 512 virtutem.
2145 470 2203 543 Α
2225 459 2355 512 sunt
2366 454 2436 512 ad
2450 454 2942 529 comparationem
2959 456 3164 511 futurae
3176 454 3568 511 beatitudinis.
3585 455 3679 511 Sic
3695 454 3868 509 enim

493 544 559 597 Et
580 544 686 599 hoc
700 547 758 598 in
785 546 993 603 Christo
1009 551 1152 612 Jesu,
1177 550 1311 619 quia
1329 566 1429 619 per
1455 549 1658 603 Filium
1687 567 1883 605 sumus
1905 550 2126 606 redem-

493 636 593 707 pti,
624 641 681 691 et
700 655 804 709 per
833 639 1019 711 ipsum
1042 642 1418 696 remunerati.
1442 643 1590 696 Deus
1610 645 1777 698 Pater
1804 661 1906 715 per
1922 644 2121 700 Filium

491 747 655 787 suum
686 748 791 786 nos
817 733 1088 800 redemit,
1121 751 1226 806 per
1257 752 1430 806 quem
1458 739 1516 789 et
1544 737 1783 804 vocavit,
1818 754 1989 809 quem
2020 755 2122 808 pro

490 822 895 895 redemptione
918 827 1150 896 generis
1184 827 1421 883 humani
1450 829 1736 883 iucarnari
1769 831 1944 900 [Cod.,
1974 832 2125 885 inco-

492 918 708 988 ronari]
741 919 1053 973 constituit.
1084 921 1355 975 Modicum
1379 939 1583 992 passos.
1632 923 1781 976 Bene
1826 923 1980 989 dicit,
2011 941 2118 979 mo-

490 1011 671 1065 dicam
680 1027 890 1082 passos,
919 1013 1053 1083 quia
1075 1015 1368 1083 passiones
1391 1016 1559 1085 hujus
1580 1016 1857 1087 temporis
1881 1016 2123 1071 modicae

2224 551 2304 606 ait
2329 550 2640 606 Dominus:
2676 551 2853 609 Nolite
2891 551 3074 604 timere
3114 565 3197 605 eos
3223 552 3321 620 qui
3350 549 3600 604 occidunt
3638 563 3863 619 corpus,

2222 646 2462 699 animum
2493 649 2672 698 autem
2714 660 2820 699 non
2844 648 3071 714 possunt
3099 644 3353 698 occidere.
3384 644 3505 697 Ipse
3555 658 3861 704 pennam,

2225 738 2437 791 scilicet
2465 740 2630 803 Deus,
2655 738 2750 808 qui
2777 738 2996 792 vocavit
3018 754 3121 792 nos
3146 737 3206 791 in
3236 742 3514 791 aeternam
3540 751 3708 789 suam
3742 736 3868 806 glo-

2225 830 2393 899 riam,
2424 831 2681 901 perﬁciet
2712 848 2971 902 corpore,
3001 846 3354 885 coxrmiumr
3387 829 3603 894 animo,
3634 844 3863 883 sonos-

2225 941 2310 980 BIT
2340 924 2575 997 spiritu:
2612 924 2869 995 perﬁciet
2898 925 2956 979 in
2988 923 3409 996 perseverantia
3454 922 3595 976 boni
3642 921 3864 992 operis,

2225 1017 2592 1072 conﬁrmabit
2620 1017 2879 1089 prmmio,
2911 1017 3171 1071 solidabit
3199 1016 3396 1071 bravio
3427 1015 3556 1069 vitae
3597 1018 3863 1068 uterne.

3793 1176 3860 1185 l:

1893 1302 2103 1349 EODEM
2146 1302 2453 1349 TEMPORE.

1595 1426 2734 1655 JOANNES,

974 1708 2261 1830 ARELATBNSIS
2342 1707 3362 1828 EPISGOPUS.

1648 1996 1925 2059 JOANNIS,
1961 1995 2382 2047 ARELATENSIS
2414 1995 2720 2057 EPISCOPI,

610 2099 1159 2189 EPISTOLA
1228 2106 1372 2189 AD
1443 2105 1971 2191 VIRGINES
2041 2105 2734 2191 MONASTERII
2809 2102 3265 2189 SANGT/E
3322 2096 3745 2183 MARL‘E.

2024 1900 2259 1911 ...υ-..η

568 2346 790 2402 Sanctis
817 2365 881 2403 ac
918 2353 1257 2407 venerandis
1290 2355 1351 2407 in
1388 2355 1610 2410 Christo
1650 2356 1957 2423 sororibus,
1993 2356 2126 2427 ipsis
2147 2370 2203 2441 Β
2229 2356 2441 2427 itaque,
2470 2356 2825 2428 postulantes
2851 2355 3107 2408 sanctam
3136 2349 3474 2406 charitatem
3505 2350 3780 2411 vestram,
3801 2348 3867 2397 ut

496 2439 703 2509 quibus
735 2446 947 2495 sanctae
986 2447 1283 2500 memoriae
1311 2448 1700 2518 praedecessor
1733 2456 1924 2505 noster
1953 2453 2126 2504 Aure-

494 2531 681 2586 lianus
721 2534 1018 2606 episcopus
1068 2540 1484 2594 monasterium
1524 2546 1733 2596 sanctm
1764 2544 1949 2598 Maria:
1980 2544 2128 2599 intra

495 2640 692 2680 muros
708 2628 1055 2683 Arelatensis
1074 2632 1228 2687 urbis
1250 2633 1564 2701 constituit,
1592 2640 1879 2707 przecepta
1900 2636 2127 2691 vivendi

494 2717 749 2785 sancivit,
779 2722 1049 2790 Joannes,
1076 2726 1265 2795 gratia
1296 2728 1520 2782 Domini
1556 2745 1619 2782 ac
1652 2729 1752 2783 Dei
1786 2730 1964 2785 nostri
1995 2731 2127 2785 Jcsu

493 2810 719 2879 Christi,
750 2814 1071 2887 episcopus.

568 2906 709 2961 Cum
736 2908 1071 2980 plenissime
1098 2912 1269 2967 series
1294 2917 1506 2985 regulae
1528 2916 1689 2970 vobis
1710 2917 2033 2971 constituta!
2056 2918 2127 2971 vi-

496 3002 617 3054 ctus
645 3003 702 3053 et
729 3002 962 3057 vestitus
1009 3006 1347 3076 qualitatem
1394 3012 1451 3063 et
1494 3010 1877 3080 quantitatem
1926 3014 2127 3065 vestrae

496 3093 813 3150 sanctitatis
832 3097 1145 3168 contineat,
1174 3101 1430 3173 nihilque
1456 3103 1761 3173 indignum
1792 3104 1847 3157 in
1864 3122 1949 3171 ea,
1974 3105 2129 3175 quod

496 3185 569 3240 ad
601 3190 1073 3246 emendationem
1102 3194 1366 3249 formula:
1392 3196 1514 3266 ejus
1542 3197 1847 3267 pertineat,
1872 3198 2124 3252 invenia-

494 3283 622 3345 tur;
659 3284 852 3337 tamcn
882 3302 988 3355 pro
1030 3287 1308 3342 charitate
1357 3293 1414 3342 et
1456 3306 1591 3343 cura
1637 3291 1919 3360 ejusdem,
1953 3308 2128 3362 quam

499 3372 778 3428 Dominus
807 3378 1063 3432 Ecclesia:
1092 3397 1206 3434 suae
1235 3383 1685 3450 commendavit,
1718 3384 2125 3451 admonemus,

384 3536 393 3539 _
495 3469 559 3520 ut
575 3483 703 3521 cum
724 3473 941 3540 quanta
960 3489 1261 3543 possumus
1288 3475 1569 3531 industria
1589 3477 1909 3548 vigilemus,
1937 3495 2009 3531 ne
2031 3478 2127 3531 ali-

496 3576 671 3630 quam
723 3564 1081 3621 occasionem
1138 3570 1377 3640 antiquo
1427 3571 1573 3625 hosti
1610 3571 1967 3642 subripiendi
1996 3589 2124 3625 san-

495 3658 650 3709 ctum
704 3674 944 3729 gregem
999 3662 1436 3733 relinquamus;
1488 3665 1769 3736 nobisque
1809 3666 1999 3719 futuro
2031 3666 2123 3736 ju-

496 3747 645 3803 dicio
687 3768 925 3807 censura
968 3772 1071 3825 pro
1124 3757 1370 3828 torporis
1417 3758 1777 3828 negligentia
1810 3736 2202 3829 justissimeC

495 3840 828 3914 inferatur;
886 3847 1077 3918 aliqua
1148 3854 1348 3905 vestra)
1420 3852 1710 3905 sanctitati
1768 3851 2127 3919 addicimus,

496 3951 598 4005 per
663 3954 810 4008 quae,
870 3926 947 3994 ut,
996 3942 1157 3995 nobis
1219 3943 1480 4012 videtur,
1534 3945 1729 3999 liberis
1803 3945 2125 4015 gressibus,

497 4029 780 4101 nullisque
884 4035 1371 4104 przepcdientibus
1483 4038 1874 4093 occasionibus
1980 4039 2130 4092 inter

497 4119 683 4189 [forte
751 4122 903 4195 iter]
959 4128 1201 4181 caelestis
1265 4131 1628 4198 Jerusalem,
1707 4132 1928 4186 Christo
2015 4133 2124 4185 Do-

496 4212 658 4269 mino
717 4217 1058 4288 prmviante,
1111 4220 1376 4275 incedere
1442 4225 1696 4279 valeatis.
1763 4224 2128 4296 Praecipimus

2229 2450 2287 2504 in
2319 2450 2452 2520 ipsis
2494 2448 2867 2520 temporibus,
2902 2446 3105 2518 quibus
3126 2441 3431 2516 jejunandi
3472 2444 3531 2495 et
3562 2436 3865 2494 reficiendi

2228 2543 2386 2598 vobis
2412 2546 2623 2597 statuta
2652 2544 2942 2614 praecepta
2971 2543 3123 2606 sunt,
3151 2539 3305 2593 nulla
3329 2536 3402 2589 sit
3428 2533 3590 2589 vobis
3616 2548 3748 2587 cum
3777 2531 3860 2583 vi-

2228 2638 2304 2692 ris
2332 2640 2430 2691 aut
2450 2636 2785 2691 mulieribus
2818 2633 3099 2705 religiosis
3124 2634 3221 2686 aut
3245 2629 3423 2696 laicis,
3448 2627 3715 2699 quamvis
3742 2624 3866 2695 qui-

2229 2730 2474 2785 buslibet
2514 2729 2849 2801 propinquis
2880 2730 2977 2782 aut
3004 2724 3306 2790 extraneis,
3337 2721 3576 2795 potandi
3604 2717 3860 2773 licentia.

2230 2825 2343 2880 Sed
2387 2829 2445 2878 et
2491 2828 2717 2878 tantum
2759 2822 2912 2893 ipsis,
2961 2820 3166 2891 quibus
3214 2816 3435 2889 praefati
3488 2830 3707 2882 sumus,
3755 2827 3864 2883 pro

2228 2917 2521 2973 charitatis
2557 2917 2767 2983 ofﬁcio,
2797 2916 2940 2969 sicut
2982 2912 3263 2968 concedat
3288 2913 3536 2965 vestram
3587 2905 3863 2960 sanctita-

2228 3017 2366 3076 tem,
2411 3011 2665 3082 pociolos
2706 3010 2909 3065 offerre
2957 3006 3335 3079 praecipimus.
3383 3005 3493 3057 Vos
3534 3007 3742 3056 tamen
3802 2998 3867 3052 in

2230 3121 2431 3159 eorum
2458 3104 2763 3175 praesentia
2783 3103 2841 3157 in
2864 3101 3129 3156 omnibus
3152 3098 3432 3153 abstinete
3463 3114 3475 3162 ;
3502 3112 3575 3149 ne
3603 3094 3649 3147 si
3680 3092 3867 3147 licen-

2231 3199 2339 3252 tius
2382 3215 2513 3252 cum
2546 3197 2627 3251 eis
2673 3196 2895 3250 indulta
2931 3194 3229 3249 occasione
3262 3195 3472 3263 potataa
3523 3187 3769 3252 fueritis,
3804 3186 3869 3240 in

2230 3292 2575 3346 resolutione
2602 3289 2839 3362 potandi
2864 3291 2961 3343 aut
2990 3304 3088 3342 cor
3116 3289 3367 3341 vestrum
3392 3282 3682 3338 contraria
3710 3280 3872 3351 cogi-

2228 3386 2368 3439 tatio
2413 3384 2708 3455 subripiat,
2753 3386 2851 3436 aut
2887 3382 3053 3452 jocus
3097 3381 3367 3435 indecens
3413 3394 3519 3449 per
3560 3375 3758 3430 oculos
3807 3377 3872 3427 et

2229 3495 2413 3545 aures,
2446 3482 2503 3532 et
2519 3477 2692 3531 verba
2724 3480 2822 3531 aut
2841 3474 3151 3530 cachinnos
3182 3474 3537 3545 prorumpat.
3571 3468 3683 3525 Sed
3716 3467 3873 3522 sicut

2229 3572 2494 3639 diximus,
2524 3572 2595 3625 ab
2639 3569 2973 3640 hujusmodi
3017 3568 3246 3622 licentia
3280 3566 3338 3620 in
3376 3564 3649 3619 omnibus
3681 3561 3870 3616 absti-

2230 3671 2451 3731 nentes,
2491 3668 2547 3717 ct
2592 3681 2694 3735 per
2720 3663 2932 3733 gradus
2977 3662 3233 3731 singulos
3277 3660 3491 3730 regula:
3538 3656 3871 3711 constituta

2229 3759 2613 3826 ambulantes,
2642 3759 2771 3811 vita:
2800 3755 3095 3827 praesentis
3122 3770 3349 3808 cursum
3372 3751 3616 3806 feliciter
3635 3749 3874 3820 gradia-

2228 3852 2367 3906 mini
2396 3870 2409 3918 ;
2440 3855 2497 3905 et
2515 3851 2641 3906 vitae
2669 3855 2895 3904 aeternae
2921 3849 3248 3903 mansiones
3269 3845 3647 3919 permissione
3676 3844 3873 3898 Domi—

2228 3945 2284 3999 ni
2315 3944 2493 3999 nostri
2520 3946 2649 3999 Jcsu
2679 3943 2884 3999 Christi
2914 3941 3141 4014 ingredi
3180 3940 3481 3996 festinetis.
3522 3937 3687 4003 Quod
3738 3938 3869 4008 ipse

2228 4042 2498 4110 praestare
2528 4038 2818 4109 dignetur,
2847 4037 2945 4109 qui
2976 4053 3105 4091 cum
3131 4037 3298 4090 Patre
3327 4038 3385 4088 et
3413 4032 3630 4105 Spiritu
3666 4038 3871 4087 sancto

2230 4149 2377 4186 unus
2399 4133 2544 4185 Deus
2574 4136 2879 4202 permanet
2899 4148 2931 4185 a
2951 4130 3187 4197 saeculis,
3218 4145 3321 4200 per
3349 4128 3575 4193 saecula,
3603 4127 3663 4181 in
3691 4142 3871 4180 saecu-

2229 4226 2283 4279 la
2314 4225 2674 4280 saeculorum.

1902 4524 2110 4568 EODEM
2155 4524 2463 4568 TEMPORE.

1611 4634 2753 4860 JOANNES,

1212 4909 2422 5030 BIGLABENSIS
2501 4910 3146 5030 ABBAS.

1688 5067 2029 5151 {Galland.
2063 5068 2370 5133 Biblz'oth.
2411 5076 2455 5131 t.
2490 5068 2676 5150 XII.)

982 5202 1399 5211 ,βψ-ᾔ...-

1917 5301 2419 5395 ΝΟΤΙΤΙΑ.

567 5522 603 5575 ι.
631 5523 900 5589 Joannes,
932 5522 1129 5578 Gothis
1158 5523 1455 5590 oriundus,
1480 5523 1704 5578 Scalabi
1735 5525 1791 5577 in
1823 5521 2131 5577 Lusitania:

498 5614 789 5683 provincia
818 5620 1007 5671 ortum
1046 5618 1222 5672 duxit.
1255 5618 1335 5671 De
1382 5634 1450 5672 eo
1479 5617 1601 5671 haec
1632 5617 1882 5671 Isidorus
1930 5615 2127 5686 Hispa-

497 5709 670 5764 lensis
692 5711 803 5781 (a):
837 5732 865 5764 α
898 5714 997 5768 Hic
1040 5732 1171 5769 cum
1224 5719 1373 5768 esset
1416 5715 1770 5780 adolescens,
1803 5712 2126 5768 Constanti-

576 5860 648 5923 (α)
670 5856 797 5910 lsid.
832 5858 1009 5929 Hisp.,
1038 5862 1114 5915 lib
1143 5863 1213 5917 de
1240 5862 1354 5915 Vir.
1381 5862 1605 5932 illustr.,
1633 5878 1755 5933 cap.
1791 5864 1875 5917 3i.

2233 5523 2488 5593 nopolim
2514 5522 2784 5593 perrexit,
2812 5520 3006 5592 ibique
3026 5521 3222 5576 Graeca
3243 5524 3299 5575 et
3315 5519 3521 5574 Latina
3541 5519 3869 5576 eruditione

2233 5616 2497 5683 nutritus,
2531 5620 2662 5688 post
2687 5616 2889 5671 decem
2917 5619 2975 5671 et
3011 5617 3234 5687 septem
3276 5630 3463 5670 annos
3503 5613 3563 5669 in
3596 5614 3867 5686 Hispania

2232 5725 2491 5765 reversus
2515 5712 2601 5764 est
2622 5710 2827 5766 eodem
2846 5712 3103 5781 tempore
3120 5724 3255 5781 quo,
3284 5707 3567 5764 incitante
3581 5724 3724 5780 rege
3740 5709 3869 5764 Leu-
