4034 6228
82 342 175 395 861

1634 336 1920 394 ΝΟΤΙΤΙΑ.

3361 341 3464 394 802

84 454 315 526 vigildo,
345 455 569 510 Ariana
599 455 859 510 fervebat
884 454 1127 510 insania.
1157 454 1318 509 Hunc
1346 470 1518 526 supra
1544 453 1728 509 dictus
1753 466 1812 540 Α
1832 455 1948 509 nici
1995 455 2279 511 editiones
2309 472 2321 510 :
2371 456 2553 510 altera
2597 454 2881 510 Francisci
2924 454 3143 510 Schotti
3171 453 3254 524 (j),
3287 453 3467 509 altera

88 566 178 602 rex
206 564 342 602 cum
377 548 458 603 ad
490 547 756 603 nefandae
788 548 1022 605 haeresis
1050 547 1450 605 credulitatem
1478 549 1735 620 compel-

90 645 248 709 leret,
281 645 343 696 et
361 642 462 697 hic
488 642 729 697 omnino
759 642 1070 709 resisteret,
1101 641 1296 696 exsilio
1320 646 1507 696 trusus
1529 646 1586 696 et
1607 643 1732 697 Bar-

88 737 356 790 cinonem
400 737 715 806 relegatus,
748 752 852 807 per
885 736 1088 790 decem
1122 752 1303 791 annos
1342 736 1555 791 multas
1598 736 1731 791 insi-

92 830 209 883 dias
236 831 297 882 et
337 829 776 900 persecutiones
807 830 880 882 ab
903 829 1129 884 Arianis
1158 846 1460 900 perpessus
1489 831 1591 884 est.
1622 829 1728 894 Qui

91 931 283 998 postea
327 926 596 981 condidit
641 926 1075 993 monasterium,
1126 928 1281 998 quod
1314 944 1466 981 nunc
1510 928 1727 983 Biclaro

92 1021 312 1075 dicitur.
334 1041 364 1067 »
404 1020 536 1074 Haec
569 1020 684 1074 ille.
714 1020 853 1074 Hinc
882 1023 1078 1074 noster
1112 1025 1312 1075 auctor
1342 1022 1593 1075 Joannes
1622 1022 1725 1076 ab-

89 1114 185 1169 bas
216 1113 566 1168 Biclarensis
592 1113 785 1168 vocari
809 1114 1124 1167 consuevit.
1158 1115 1237 1167 De
1267 1114 1375 1167 hoc
1397 1117 1590 1169 autem
1612 1132 1722 1170 cu:-

90 1207 257 1262 nobio
290 1206 521 1262 Biclaro
543 1206 733 1276 (Vallis
757 1206 944 1273 clarae)
970 1206 1280 1277 appellato,
1312 1207 1571 1278 plerique
1599 1211 1728 1279 post

90 1301 337 1355 Mariana
379 1299 478 1369 (α),
508 1301 900 1354 constructum
929 1300 1003 1354 ad
1034 1300 1293 1371 Pyrenei
1334 1301 1550 1355 montis
1580 1297 1728 1357 radi-

93 1410 178 1447 ces
193 1392 530 1464 perhibent.
551 1392 675 1456 Qua
698 1393 765 1447 de
792 1409 853 1447 re
876 1393 1261 1448 consulendus
1285 1394 1524 1450 omnino
1540 1394 1729 1449 Mabil-

94 1487 269 1541 lonius
303 1487 398 1555 (b).
435 1485 718 1556 Deinceps
747 1503 882 1541 vero
910 1504 944 1540 a
978 1487 1273 1542 Recaredo
1299 1504 1436 1558 rege
1466 1488 1723 1542 christia-

94 1579 321 1634 nissimo
367 1580 445 1633 ab
472 1579 669 1634 exsilio
704 1583 1022 1647 revocatus,
1067 1580 1141 1635 ad
1168 1580 1470 1636 ecclesiam
1504 1582 1723 1636 Gerun~

1832 547 2144 604 doctissimi
2175 548 2481 605 cardinalis
2507 548 2579 604 de
2606 548 2847 620 Aguirre
2874 548 2963 620 (k).
2983 547 3070 602 Ad
3098 550 3353 602 nostram
3373 563 3465 601 ve-

1830 658 1894 697 ro
1938 643 2093 714 quod
2134 644 2358 710 attinet,
2394 642 2847 713 Scaligerianam
2891 641 3254 714 potissimum
3286 640 3465 695 secuti

1831 752 2055 801 sumus;
2085 752 2259 808 quam
2292 736 2448 792 enim
2482 736 2795 807 Basnagius
2817 753 2882 789 ex
2911 736 3137 791 Canisio
3179 734 3466 806 evulgavit

1830 829 1908 898 (ι),
1930 829 2085 883 haud
2106 829 2301 901 paucis
2321 826 2553 884 mendis‘
2566 829 2810 884 obsitam
2840 820 2979 899 qdin
3000 832 3058 883 et
3079 828 3284 883 alicubi
3313 828 3460 883 hiul-

1829 938 1957 978 cam
1994 923 2507 978 animadvertimus
2540 940 2553 978 :
2585 923 2741 995 quod
2772 926 2830 977 et
2858 922 3099 994 contigit
3146 921 3205 976 in
3236 921 3462 977 Victore

1826 1016 2178 1083 Tununensi,
2211 1019 2275 1071 ut
2302 1016 2556 1087 pluribus
2578 1016 2839 1087 superius
2869 1016 3189 1071 docuimus.

1899 1112 1987 1166 lll.
2017 1111 2219 1181 Opera:
2244 1126 2416 1181 porro
2453 1109 2706 1181 pretium
2746 1126 2850 1164 nos
2896 1110 3145 1164 facturos
3176 1109 3458 1177 ducimus,

1828 1203 1873 1258 si
1900 1203 2050 1257 notis
2096 1220 2237 1274 quas
2267 1203 2550 1259 Chronico
2594 1203 2844 1259 auctoris
2877 1203 3060 1258 nostri
3089 1202 3457 1273 subjecimus,

1829 1313 2006 1352 unam
2022 1300 2081 1351 et
2094 1298 2337 1352 alteram
2363 1297 2454 1353 hic
2476 1296 2839 1368 adjiciamus,
2866 1300 2995 1369 post
3015 1296 3206 1368 operis
3223 1296 3465 1367 impres-

1828 1389 2049 1445 sionem
2082 1390 2248 1446 nobis
2274 1391 2463 1446 obiter
2489 1390 2836 1446 observatas.
2866 1392 2933 1445 Et
2952 1391 3185 1462 primun
3222 1390 3459 1462 quidem

1829 1483 1903 1538 ad
1927 1499 2146 1538 annum
2173 1490 2204 1539 7
2247 1484 2452 1540 Justini
2490 1484 2758 1554 junioris,
2787 1485 2910 1538 hanc
2940 1484 3117 1539 abbas
3148 1484 3235 1553 (m)
3268 1485 3458 1541 Leoni-

1825 1576 2010 1645 gildus
2053 1578 2344 1633 Sabariam
2384 1579 2680 1644 ingressus,
2732 1578 2899 1635 Sabos
2935 1581 3137 1638 vastat,
3170 1580 3223 1631 et
3243 1578 3463 1646 provin-

95 1674 325 1727 densem
364 1673 692 1743 regendam
722 1673 831 1727 fuit
857 1677 1086 1728 evectus
1114 1691 1268 1729 anno
1298 1677 1420 1741 592,
1450 1678 1516 1729 ut
1538 1675 1729 1745 arguit
1826 1672 1968 1725 ciam
1990 1672 2168 1740 ipsam
2192 1672 2251 1724 in
2272 1685 2430 1725 suam
2452 1670 2653 1740 redigit
2669 1671 2950 1725 ditionem.
2969 1670 3054 1724 Ad
3075 1685 3250 1740 quem
3277 1669 3464 1723 locum

96 1765 347 1820 Nicotaus
373 1765 660 1820 Antonius
705 1766 791 1837 (ο).
829 1768 1002 1821 Porro
1048 1766 1289 1821 concilio
1322 1768 1725 1822 Barcinonensi
1748 1835 1781 1837 _
1828 1762 2054 1818 dubitat
2081 1762 2489 1833 Wesselingius
2524 1764 2620 1833 (η),
2663 1763 2811 1818 sitne
2858 1762 3083 1817 abbatis
3110 1763 3346 1819 Sabaria
3381 1765 3463 1814 at-

96 1859 493 1930 subscripsisse
546 1835 834 1915 annov599
881 1860 1233 1931 comperitur
1276 1860 1348 1931 (ει)
1396 1878 1460 1915 ac
1490 1861 1726 1916 demum

1835 1872 1940 1927 que
1968 1856 2026 1911 in
2061 1856 2261 1911 lsidori
2288 1858 2498 1912 Chron.
2546 1858 2739 1924 60th.,
2779 1873 2894 1912 aera
2923 1860 3049 1926 608,
3093 1857 3335 1918 Sibart'a,
3369 1870 3462 1909 ea-

96 1952 383 2007 Svinthilee
415 1952 577 2023 regis
603 1956 792 2019 aetate,
826 1952 885 2007 id
916 1956 1021 2019 est,
1054 1957 1184 2024 post
1212 1970 1431 2008 annum
1460 1958 1585 2021 621,
1614 1971 1727 2026 quo
1829 1949 1963 2004 dem
1989 1954 2160 2020 atque
2200 1951 2421 2007 Sibart'a
2449 1950 2507 2004 in
2551 1951 2851 2005 ltinerario
2882 1949 3163 2005 Antonini
3197 1947 3459 2019 Augusti.

98 2045 183 2099 ille
213 2061 463 2115 regnare
503 2045 691 2116 coepit,
723 2045 989 2101 Sisebuto
1021 2049 1078 2100 et
1118 2047 1411 2101 Recaredo
1444 2047 1567 2117 ejus
1609 2048 1727 2102 lilio
1830 2062 1858 2094 α
1890 2042 2170 2097 Videntur
2215 2043 2396 2110 enim,
2442 2043 2649 2115 inquit,
2692 2042 3051 2114 provinciam
3094 2041 3269 2097 fuisse
3310 2040 3461 2097 indi-

99 2141 275 2193 morte
307 2138 574 2204 sublatis,
596 2138 786 2210 ipsum
818 2138 891 2193 ad
913 2140 1086 2213 caelos
1117 2140 1422 2211 migrasse,
1455 2140 1730 2195 ecclesiae-

99 2247 199 2302 que
224 2231 619 2287 Gerundensis
650 2232 914 2303 regimen
939 2233 1152 2300 Nonito
1178 2233 1498 2304 reliquisse,
1526 2234 1730 2289 litteris

98 2324 529 2379 commendavit
556 2325 820 2380 laudatus
849 2325 1102 2380 Mariana
1123 2326 1209 2398 (e).
1241 2328 1418 2382 Paulo
1449 2327 1617 2382 aliter
1643 2327 1731 2382 Ni-

99 2420 279 2473 colaus
306 2419 618 2486 Antonius,
648 2436 716 2473 ex
743 2435 858 2490 quo
885 2436 1019 2474 eum
1064 2420 1240 2474 vitam
1274 2420 1608 2491 produxisse
1637 2437 1727 2476 us-

103 2528 205 2582 que
230 2512 302 2567 ad
327 2529 554 2567 annum
584 2515 687 2567 620
713 2512 1027 2568 edocemur
1055 2513 1139 2583 (Γ).

167 2607 226 2661 ll.
272 2605 515 2677 Scripsit
547 2605 875 2662 Chronicon
918 2607 990 2661 ab
1036 2623 1190 2661 anno
1233 2610 1336 2661 566
1382 2623 1495 2677 quo
1539 2608 1732 2663 Victor

102 2699 453 2754 Tununensis
477 2699 666 2766 desiit,
697 2716 877 2770 usque
900 2699 974 2753 ad
1000 2717 1220 2754 annum
1248 2703 1372 2769 590,
1421 2700 1478 2755 id
1525 2705 1629 2765 est,
1658 2702 1729 2755 ab

106 2808 248 2847 anno
280 2796 299 2847 1
342 2793 550 2847 Justini
581 2792 830 2863 junioris
861 2793 935 2847 ad
964 2809 1183 2848 annum
1211 2796 1243 2848 8
1269 2794 1514 2849 Mauritii
1545 2794 1726 2865 impe-

107 2886 298 2940 ratoris
319 2889 377 2940 et
396 2886 679 2941 Recaredi
705 2886 859 2957 regis
882 2887 936 2941 4.
962 2886 1147 2941 Adisis
1172 2887 1412 2958 Pagium
1441 2887 1534 2957 (g).
1568 2888 1730 2942 Unde

107 2978 319 3033 Vossius
343 2979 745 3050 corrigendos,
770 2979 867 3050 qui
886 2979 1133 3035 Mauritii
1164 2996 1385 3035 annum
1410 2982 1443 3036 8
1473 2983 1532 3036 et
1560 2982 1733 3036 Reca-

108 3070 221 3125 redi
240 3072 274 3126 4
292 3073 493 3127 statuit
513 3071 719 3128 Christi
742 3088 963 3127 annum
986 3074 1108 3127 594.
1132 3075 1310 3128 Porro
1331 3090 1399 3128 ex
1416 3078 1731 3146 purpurato

112 3167 259 3232 patre
285 3165 356 3219 de
398 3164 644 3236 Aguirre
685 3165 1063 3236 intelligimus
1098 3166 1192 3237 (h),
1222 3170 1444 3222 exstare
1486 3169 1640 3239 apud
1673 3186 1731 3223 se

111 3255 454 3314 additionem
510 3258 711 3313 incerti
758 3258 1006 3313 auctoris
1059 3259 1135 3314 ad
1182 3260 1335 3314 istud
1384 3261 1729 3329 Chronicon,

113 3352 585 3421 complectentem
616 3354 776 3423 gesta
808 3353 880 3406 ab
918 3370 1072 3407 anno
1092 3353 1298 3408 Christi
1329 3357 1423 3409 601
1451 3337 1733 3426 usquead

113 3459 315 3498 annum
340 3446 443 3501 742
474 3462 651 3517 quam
675 3462 733 3499 se
756 3446 814 3499 in
857 3447 1043 3499 lucem
1086 3445 1376 3501 editurum
1408 3449 1729 3518 pollicetur.

114 3536 229 3591 Haec
242 3537 449 3607 Pagius
470 3538 553 3609 (ἰ).
578 3537 873 3609 Ejusmodi
889 3554 1024 3592 vero
1043 3538 1223 3593 nostri
1243 3541 1502 3610 praesulis
1519 3542 1596 3596 Ge
1605 3558 1734 3597 run-

115 3628 291 3683 densis
310 3630 660 3698 Chronicon,
686 3631 1037 3702 descriptum
1060 3632 1132 3687 ab
1152 3632 1386 3687 Andrea
1406 3633 1643 3690 Schotto
1665 3653 1732 3690 ex

116 3722 306 3778 Codice
323 3724 688 3780 bibliotheca:
704 3726 1013 3793 Toletante,
1032 3726 1251 3797 primus
1269 3726 1479 3797 publici
1492 3728 1640 3798 juris
1656 3729 1734 3784 fe-

117 3814 183 3868 cit
200 3817 529 3887 Ingolstadii
547 3834 701 3873 anno
718 3822 873 3885 1600,
892 3834 1023 3873 cum
1040 3818 1266 3873 Victore
1284 3820 1636 3888 Tununensi,
1660 3823 1735 3877 le-

119 3907 334 3975 gatione
355 3910 691 3982 Luitprandi
719 3911 791 3965 ad
812 3911 1195 3982 Nicephorum
1217 3913 1471 3968 Phocam
1490 3918 1548 3968 et
1562 3932 1730 3985 syno-

120 3998 184 4053 do
201 4000 458 4058 Bavarica
482 4002 757 4058 Henricus
778 4004 1064 4071 Canisius;
1089 4005 1245 4076 quod
1262 4008 1463 4076 postea
1479 4007 1734 4078 Scaliger

119 4094 464 4151 emendatius
484 4096 885 4151 excudendum
911 4097 1129 4152 curavit
1152 4098 1392 4154 Amstel.
1418 4116 1571 4155 anno
1600 4104 1731 4155 1606

117 4182 170 4237 in
193 4185 474 4245 Thesauro
501 4191 850 4261 Temporum
879 4207 1011 4245 cum
1032 4190 1276 4247 Eusebio
1302 4191 1543 4263 aliisque
1563 4193 1733 4247 Chro-

122 4281 432 4351 nographis.
456 4284 597 4338 Aliae
618 4283 745 4338 duae
761 4286 1045 4355 praeterea
1064 4287 1285 4340 exstant
1303 4285 1539 4357 hujusce
1561 4286 1734 4342 Chro-

186 4446 553 4525 (cibariam,
570 4450 641 4506 de
670 4450 811 4525 Reb.
832 4451 1014 4525 ωειλ,
1039 4452 1138 4507 lib.
1169 4469 1219 4519 ν,
1255 4470 1380 4525 cap.
1413 4457 1496 4521 13,
1525 4457 1666 4510 tom.
1689 4458 1729 4523 Ι,

125 4531 172 4583 ρ.
194 4519 323 4592 .188,
343 4521 478 4577 edit.
512 4523 652 4592 Hag.
685 4522 891 4579 Comit.
926 4519 1078 4577 1733.

128 4671 174 4723 p.
200 4659 281 4712 66.

189 4727 251 4799 (c)
283 4730 396 4808 Nic.
417 4735 577 4808 Ant.,
613 4734 752 4789 Bibl.
776 4738 887 4789 vet.
920 4734 1097 4806 Hisp.,
1124 4737 1223 4792 lib.
1253 4753 1326 4804 Iv,
1353 4753 1479 4808 cap.
1512 4740 1563 4804 5,
1587 4739 1731 4792 tom.

128 4797 162 4859 1,
183 4797 343 4875 pagg.
372 4806 473 4859 227
502 4797 622 4875 seq.

131 4868 499 4993 ιᾶῗιξϐοηεϋ.
554 4868 697 4931 tom.
748 4877 837 4943 Vl,
888 4893 944 4947 p.
985 4878 1138 4943 1340,
1186 4895 1235 4946 c,
1283 4878 1420 4933 edit.
1486 4882 1503 4932 1
1559 4880 1731 4934 Ven.-

182 5009 244 5216 ge)
270 5012 498 5094 Μξὼὶυη
532 5018 639 5073 loc.
676 5019 772 5073 cit.

201 5082 242 5148 f)
268 5084 380 5139 Nic.
414 5089 571 5154 Ant.,
601 5089 708 5144 loc.
738 5107 772 5145 c‘

202 5150 254 5216 9)
278 5155 454 5216 Pagi"
484 5159 558 5214 ad
596 5177 732 5215 ann.
764 5165 772 5214 ε

201 5082 244 5155 f)_
268 5084 380 5139 Nic.
414 5082 571 5154 Ant.,
601 5089 708 5144 loc.
738 5089 834 5145 cit.
994 5148 1001 5155 ,

123 5213 149 5287 ξ
176 5150 254 5274 ζἕρ)
278 5155 454 5228 Pagi.,
484 5150 567 5214 ad
596 5177 732 5215 ann.
764 5164 886 5229 589,
916 5161 946 5234 §
978 5150 1009 5216 ἡ
1037 5180 1054 5228 ;
1087 5165 1144 5217 et
1175 5165 1298 5229 591,
1336 5163 1366 5236 §
1399 5169 1429 5218 5
1460 5182 1476 5234 ;
1522 5166 1579 5217 et
1609 5166 1732 5231 593,

124 5269 149 5287 u
181 5269 357 5380 @116
383 5300 637 5380 Aguirr.,
663 5303 837 5380 Notit.
866 5303 1156 5380 concilior.
1191 5306 1446 5378 Hispan.,
1480 5321 1612 5379 pag.
1644 5308 1730 5362 95.

189 5358 545 5443 (³)Ῥθςί.ξάἀ
573 5358 708 5429 ann.
739 5358 861 5444 589,
891 5358 994 5448 δὴ.

1828 2151 1980 2201 care,
2024 2152 2362 2207 quanquam
2410 2139 2466 2190 et
2498 2153 2566 2191 ea
2594 2137 2666 2191 ab
2718 2136 2857 2190 urbe
2888 2150 3217 2206 cognomen
3250 2134 3461 2189 ducere

1830 2228 2099 2298 potuerit.
2126 2230 2198 2282 Ut
2224 2232 2285 2282 ut
2311 2233 2416 2295 est,
2435 2228 2577 2284 nihil
2609 2246 2751 2301 opus
2782 2228 2890 2283 erit
2917 2229 2990 2283 ad
3012 2228 3269 2299 episcopi
3298 2227 3460 2283 Siba-

1831 2322 2034 2377 riensis
2053 2322 2310 2377 Januarii
2331 2323 2427 2394 qui
2446 2322 2808 2378 llliberitanas
2835 2322 3053 2393 synodo
3080 2321 3362 2390 interfuit,
3382 2336 3469 2375 se-

1830 2415 1964 2470 dem
1993 2416 2457 2471 constituendam
2490 2416 2658 2488 nugis
2693 2415 2986 2487 Higuerree
3025 2432 3096 2470 ex
3125 2413 3465 2486 Luitprandi

1830 2509 2201 2577 Adversariis,
2231 2527 2389 2564 num.
2420 2513 2544 2578 226,
2560 2527 2594 2564 a
2616 2510 2842 2582 quibus,
2867 2510 3023 2581 quod
3047 2509 3233 2564 obiter
3252 2523 3465 2564 moneo

1830 2619 1948 2658 non
1979 2603 2128 2658 bene
2155 2604 2260 2658 sibi
2291 2604 2439 2659 cavit
2480 2605 2657 2676 ampl.
2686 2606 2941 2675 Cuperus
2987 2603 3063 2658 ad
3107 2602 3467 2658 Lactantium

1832 2697 1903 2751 de
1927 2698 2152 2752 Mortib.
2182 2702 2462 2769 persecat.
2488 2701 2661 2770 caput
2686 2701 2768 2753 16.
2801 2720 2828 2747 »
2854 2699 2982 2751 Haec
3003 2697 3120 2752 ille.
3143 2698 3299 2751 Alter
3326 2712 3471 2766 pra:-

1832 2795 1991 2846 terea
2016 2792 2174 2846 locus
2200 2795 2384 2847 exstat
2402 2792 2477 2846 ad
2503 2808 2724 2846 annum
2752 2794 2784 2845 9
2802 2790 3026 2857 Justini,
3056 2790 3154 2861 qui
3181 2790 3259 2844 sic
3287 2805 3346 2842 se
3373 2789 3470 2843 ha-

1832 2885 1930 2938 bet
1950 2884 2019 2953 (o)
2051 2902 2065 2939 :
2096 2884 2519 2941 Aramundarus
2542 2887 2934 2943 Saracenorum
2958 2899 3058 2938 rea:
3086 2883 3466 2941 Constantino-

1826 2978 1997 3049 polim
2048 2980 2198 3033 venit
2241 2983 2291 3033 et
2335 2994 2453 3034 cum
2497 2983 2720 3034 stemate
2763 2992 2877 3045 suo,
2921 2980 3028 3031 etc.
3084 2976 3188 3031 Ubi
3238 2974 3463 3031 Cotele-

1834 3071 1950 3124 rius
1979 3071 2077 3141 (p).

1907 3184 1935 3215 «
1959 3165 2179 3236 Reponi
2196 3168 2404 3236 potest,
2429 3166 2636 3238 inquit,
2665 3168 2949 3234 schemate,
2978 3182 3078 3220 seu
3105 3164 3295 3236 potius
3312 3168 3469 3219 stem-

1832 3264 2015 3325 mate;
2074 3268 2242 3331 σχῆμα
2291 3259 2468 3327 enim,
2512 3262 2744 3323 schema,
2801 3261 3037 3323 habitus,
3098 3258 3312 3330 passim
3360 3257 3470 3312 hoc

1834 3370 2006 3408 sensu
2021 3357 2328 3408 occurrunt
2350 3371 2363 3409 :
2387 3374 2414 3405 ι)
2443 3362 2633 3424 στέμμα
2657 3359 3074 3421 vero,stemma,
3096 3353 3155 3407 id
3184 3355 3289 3418 est,
3317 3366 3467 3407 coro-

1834 3463 1927 3515 na,
1954 3452 2176 3503 sertum.
2227 3448 2449 3502 Tertius
2483 3448 2734 3519 denique
2766 3449 2923 3503 locus
2954 3447 3194 3501 habetur
3241 3446 3315 3500 ad
3365 3461 3466 3499 an-

1836 3557 1974 3596 num
2010 3545 2040 3595 3
2069 3541 2334 3608 Mauritii,
2370 3541 2463 3595 ubi
2504 3541 2584 3596 sic
2614 3541 2683 3611 (q)
2712 3558 2725 3595 :
2758 3541 3007 3595 Castrum
3035 3556 3158 3595 vero
3184 3539 3329 3609 quod
3354 3542 3466 3594 Ho-

1832 3635 2018 3689 dierno
2042 3639 2281 3689 vocatur.
2326 3634 2423 3688 Hic
2473 3637 2666 3688 autem
2707 3650 2809 3703 pro
2853 3633 3126 3690 Hodierno
3156 3630 3466 3700 legendum

1839 3729 2107 3797 Ugernum
2134 3744 2202 3781 ex
2232 3726 2511 3797 Gregorio
2540 3726 2858 3781 Turonensi
2886 3726 3086 3797 liquet,
3123 3724 3221 3796 qui
3248 3738 3470 3777 memo-

1834 3823 1922 3874 rat
1968 3823 2235 3889 Ugernum
2263 3821 2580 3876 Arelatense
2622 3824 2861 3874 castrum
2899 3818 2987 3888 (ν).
3019 3818 3107 3872 Ad
3135 3833 3264 3888 quae
3293 3815 3470 3870 verba

1833 3913 2027 3967 videas
2057 3913 2333 3968 adnotata
2359 3913 2675 3969 Ruinartio.
2710 3914 2790 3968 De
2820 3912 3060 3967 celebris
3098 3910 3268 3981 hujus
3298 3908 3468 3966 castri

1837 4007 2073 4062 nomine
2102 4008 2269 4079 plura
2302 4008 2441 4062 item
2470 4008 2737 4062 observat
2766 4006 2974 4078 Pagius
3004 4004 3068 4078 (ε)
3116 4007 3246 4077 post
3273 4002 3468 4059 Adria-

1835 4117 1974 4155 num
2003 4101 2288 4156 Valé’sium
2318 4101 2396 4171 (t),
2422 4104 2478 4156 et
2506 4105 2635 4173 post
2654 4102 2895 4174 Pagium
2928 4097 3333 4170 Wesselingius
3349 4112 3469 4152 mo-

1835 4193 1908 4249 do
1935 4194 2200 4250 laudatus
2226 4194 2321 4267 (ιι).

1903 4458 1963 4597 $3)
1992 4461 2080 4515 Fr.
2113 4461 2354 4528 Schott.,
2385 4461 2616 4533 Hispan.
2652 4462 2854 4516 illustr.
2888 4463 3033 4515 tom.
3064 4461 3151 4523 1V,

1926 4532 1973 4599 k)
2006 4532 2085 4585 De
2115 4532 2366 4599 Aguirr.,
2395 4532 2608 4587 Concil.
2640 4532 2873 4599 Hispan.
2912 4536 3052 4585 tom.
3082 4531 3146 4595 Il,

2006 4461 2080 4515 Fr.
2113 4461 2354 4528 Schott.,
2385 4461 2616 4533 Hispan.
2652 4462 2854 4516 illustr.
2888 4463 3033 4515 tom.
3064 4461 3151 4523 1V,
3183 4475 3239 4528 p.
3274 4461 3394 4512 153.

2006 4532 2085 4585 De
2115 4532 2366 4601 Aguirr.,
2395 4532 2608 4587 Concil.
2640 4532 2873 4601 Hispan.
2912 4536 3052 4585 tom.
3082 4531 3146 4595 Il,
3177 4545 3245 4601 ρ.
3269 4529 3393 4581 421.

3177 4545 3232 4599 p.
3269 4529 3393 4581 421.

187 4587 262 4712 (ἑὲ
276 4572 1178 4661 Μέιῖίὶἰξ,”Ᾰῗτήἔιῖ”ὗέηὲ-θέ1ἶξἸὼ,
1215 4610 1300 4664 ιιι,
1333 4593 1363 4665 §
1391 4598 1478 4661 35.
1506 4596 1656 4649 tom.
1689 4596 1730 4663 ι,
1753 4572 1811 4644 Ι)
1836 4572 1973 4727 33ξὶί
1996 4572 3247 4673 ἔᾶεὸέῗεῗῗ³ϊὴὲἔῗ”1ῑὸτὶἶὶἶι’ῗ’ἕοὲῑ.’“ἐοίἱί.¹’”ι
3265 4572 3463 4669 ,’“ῥέιε.

1927 4742 2000 4813 m)
2029 4741 2250 4810 Biclar.,
2284 4743 2518 4811 Chron.,
2546 4743 2715 4799 infra.
2755 4743 2885 4811 (Col.
2916 4742 3062 4813 864.)

1925 4813 1981 4874 η)
2008 4815 2414 4886 Ψθεεθιηίγθῑ.
2442 4816 2684 4869 Roman.
2712 4815 2930 4881 Itiner.,
2960 4830 3092 4886 pag.
3118 4814 3242 4870 435.

1930 4885 1980 5012 οξ
2009 4885 2233 4950 Biclar.,
2261 4884 2495 4952 Chron.,
2528 4886 2700 4940 infra.
2732 4887 2861 4954 (Col.
2896 4884 3055 5012 865.{

1930 4971 1962 5012 υ
2004 4956 2271 5012 Coteler..
2304 4956 2450 5010 Eccl.
2479 4957 2571 5011 Gr.
2597 4957 2848 5012 Monum.
2872 4960 3012 5011 tom.

2004 4956 2450 5037 gotelerwhliccl.
2479 4957 2571 5037 Gr.
2597 4957 2848 5037 bonum:
2872 4956 3075 5037 tem],
3106 4974 3161 5028 p.
3192 4958 3316 5023 806,
3341 4973 3392 5011 e.

1930 5027 1983 5096 q)
2017 5027 2242 5094 Biclar.,
2265 5027 2703 5108 Chron.,.int‘ra.
2729 5028 2862 5099 (Col.
2882 5028 3041 5108 .867.)
3109 5027 3123 5028 ί

1926 5096 1975 5180 ν)
2001 5098 2169 5180 Ereg.
2200 5099 2433 5180 Turon.,
2632 5100 2835 5180 graue:
2858 5099 2955 5153 11b.
2988 5115 3109 5169 VIII,
3140 5115 3265 5169 cap.
3305 5101 3391 5151 30.

1928 5171 1971 5243 ε)
2001 5169 2289 5243 Ρεξεὶ.,ᾳᾶ
2319 5186 2455 5243 ann.
2484 5169 2743 5243 584,Ϋὲ4.

1932 5239 1971 5309 t)
1998 5240 2133 5294 Adr.
2159 5241 2369 5307 Vales.,
2397 5240 2570 5295 Notit.
2598 5239 2846 5305 Gallian,
2877 5239 3049 5295 verbo
3082 5242 3367 5309 Haemum.

1928 5310 1985 5382 ιι)
2018 5312 2273 5381 Wessel.,
2306 5313 2413 5368 loc.
2443 5311 2562 5380 cit.,
2589 5328 2723 5385 pag.
2755 5313 2874 5366 553.
