4034 6228
1346 518 1799 593 JOANNIS
1823 570 1847 611 ,
1901 518 2353 592 ABBATIS
2403 518 3097 594 BICLARENSIS
3119 571 3144 611 ,

1463 798 1475 809 .
1573 678 2924 855 CHRONICON,

1697 907 2086 952 CONTINUANS
2129 909 2232 951 UBI
2273 906 2495 953 VICTOR
2539 906 2804 951 DESINIT.

637 1085 770 1137 Post
798 1082 1129 1149 Eusebium,
1156 1084 1519 1138 Caesariensis
1545 1086 1806 1139 Ecclesiae
1838 1088 2190 1157 episcopum,
2216 1098 2272 1170 Α
2365 1087 2530 1139 Anno
2580 1101 2633 1140 1v
2674 1084 2878 1139 Justini
2926 1084 3293 1154 imperatoris
3333 1084 3433 1154 qui
3481 1087 3569 1137 est
3624 1081 3971 1153 Leovigildi

566 1176 980 1245 Hieronymum
1022 1179 1144 1230 toto
1191 1176 1329 1231 orbe
1374 1181 1577 1232 notum
1617 1179 2037 1249 presbyterum,
2089 1197 2194 1233 nec

567 1283 683 1321 non
701 1271 759 1321 et
776 1269 1139 1339 Prosperum,
1154 1269 1337 1324 virum
1354 1270 1706 1341 religiosum,
1722 1274 1893 1343 atque
1908 1273 2193 1327 Victorem

562 1361 922 1415 Tununensis
967 1363 1229 1416 Ecclesiae
1258 1363 1541 1418 Africanae
1576 1365 1927 1436 episcopum,
1962 1366 2059 1435 qui
2104 1367 2192 1420 hi-

565 1455 801 1508 storiam
834 1454 1095 1509 omnium
1122 1473 1271 1527 pene
1301 1457 1562 1527 gentium
1583 1475 1811 1513 summa
1833 1459 2111 1515 brevitate
2140 1465 2198 1515 et

564 1547 865 1618 diligentia
894 1554 1195 1603 contexere
1216 1550 1319 1604 visi
1347 1555 1498 1619 sunt,
1534 1555 1590 1606 et
1621 1569 1799 1622 usque
1832 1552 1905 1606 ad
1937 1556 2194 1608 nostram

564 1644 795 1695 aetatem
831 1643 1163 1713 congeriem
1208 1645 1601 1714 perduxerunt
1630 1662 1937 1714 annorum,
1984 1652 2041 1700 et
2066 1664 2195 1718 quae

566 1737 692 1789 acta
720 1738 851 1789 sunt
882 1736 941 1789 in
969 1737 1190 1791 mundo
1223 1738 1296 1791 ad
1326 1738 1686 1809 agnitionem
1730 1743 1989 1794 nostram
2015 1745 2198 1795 trans-

563 1827 847 1882 miserunt
874 1846 887 1883 :
914 1846 1018 1885 nos
1041 1847 1179 1901 ergo
1203 1831 1262 1884 in
1288 1832 1577 1901 adjutorio
1612 1833 1839 1887 Domini
1867 1834 2045 1887 nostri
2066 1837 2195 1889 Jesu

562 1921 788 1988 Christi,
820 1939 947 1994 qua:
975 1924 1332 1995 temporibus
1372 1925 1582 1979 nostris
1609 1931 1735 1980 acta
1759 1931 1910 1993 sunt,
1940 1945 2006 1981 ex
2034 1932 2195 1999 parte

562 2016 719 2086 quod
763 2018 987 2071 oculata
1034 2016 1146 2071 ﬁde
1186 2018 1554 2088 pervidimus,
1586 2022 1642 2074 et
1685 2036 1749 2074 ex
1780 2024 1941 2091 parte
1971 2038 2098 2092 quae
2130 2039 2198 2076 ex

560 2110 1038 2165 relatulﬁdelium
1081 2111 1403 2178 didicimus,
1455 2113 1777 2168 studuimus
1822 2114 1895 2169 ad
1939 2119 2197 2186 posteros

563 2203 914 2259 noteseenda
940 2204 1097 2259 brevi
1127 2205 1273 2275 stylo
1299 2206 1713 2261 transmittere.

632 2296 839 2360 Quinta
869 2297 1095 2352 decima
1116 2315 1255 2369 ergo
1284 2299 1616 2366 indictione,
1650 2304 1714 2355 ut
1736 2300 1950 2356 dictum
1979 2304 2084 2369 est,
2107 2304 2198 2357 Ju-

563 2390 813 2445 stiniano
847 2394 1097 2458 mortuo,
1126 2392 1383 2446 Justinus
1402 2393 1605 2463 junior
1634 2411 1815 2465 nepos
1839 2396 1961 2465 ejus
1992 2397 2198 2451 Roma-

563 2499 771 2537 norum
799 2483 1047 2537 efﬁcitur
1071 2484 1408 2555 imperator.

635 2577 1033 2631 Romanorum
1070 2578 1202 2643 Llll,
1240 2582 1450 2649 regnat
1490 2596 1741 2635 wsrmcs
1784 2582 1986 2652 junior
2028 2585 2196 2639 annis

564 2685 636 2723 ιιι.
662 2669 767 2734 Qui
795 2670 1050 2725 Justinus
1076 2688 1230 2725 anno
1258 2673 1445 2743 primo
1473 2675 1640 2745 regni
1672 2676 1779 2741 sui,
1809 2692 1878 2729 ea
1904 2693 2031 2747 quas
2057 2694 2191 2732 con-

562 2765 651 2816 tra
673 2763 958 2833 synodum
988 2765 1519 2821 Chalcedonensem
1540 2768 2191 2839 fuerantcommentata,

563 2855 840 2911 destruxit
854 2858 1302 2930 symbolumque
1323 2864 1654 2916 sanctorum
1680 2879 1743 2916 CL
1762 2865 1996 2917 Patrum
2025 2868 2196 2920 Cons-

564 2950 903 3021 tantinopoli
928 2956 1437 3022 congregatarum,
1467 2960 1524 3009 et
1550 2955 1607 3008 in
1639 2957 1858 3026 synodo
1888 2958 2196 3013 Chalcedo-

562 3044 727 3097 nensi
754 3046 1118 3100 laudabiliter
1146 3051 1465 3118 receptum,
1499 3048 1555 3102 in
1586 3050 1744 3103 omni
1772 3052 2052 3106 catholica
2090 3054 2197 3106 Ee-‘

560 3137 731 3192 clesia
746 3155 777 3192 a
800 3140 1014 3209 populo
1042 3141 1465 3196 concinendum
1484 3141 1819 3211 intromisit,
1839 3145 1997 3214 prius
2019 3162 2193 3217 quam

560 3231 858 3285 Dominica
884 3231 1107 3286 dicatur
1135 3233 1338 3287 oratio.

631 3326 1020 3378 Armenorum
1068 3342 1209 3395 gens
1256 3331 1312 3380 et
1348 3326 1666 3395 Iberorum,
1706 3331 1869 3400 quia
1915 3332 2188 3401 pradica-

563 3417 719 3470 tione
759 3420 1149 3488 apostolorum
1185 3420 1389 3475 Christi
1422 3427 1794 3493 susceperunt
1823 3424 2019 3491 ﬁdem,
2051 3426 2190 3479 dum

562 3527 595 3563 a
619 3510 835 3565 Cosdra
865 3513 1165 3567 Persarum
1206 3514 1559 3586 imperatore
1588 3516 1661 3570 ad
1688 3518 1970 3572 culturam
2014 3519 2193 3574 idolo-

560 3621 692 3658 rum
718 3608 1222 3676 compellerentur,
1251 3613 1561 3664 renuentes
1582 3615 1703 3664 tam
1730 3611 1966 3683 impiam
1980 3614 2188 3683 jussio-

560 3715 714 3765 nem,
757 3699 1034 3754 Romanis
1066 3717 1123 3755 se
1152 3718 1285 3755 cum
1314 3704 1619 3773 provinciis
1646 3704 1761 3758 suis
1791 3706 2189 3775 tradiderunt;

560 3808 688 3863 quae
736 3809 826 3846 res
878 3794 1029 3847 inter
1078 3795 1368 3851 Romanos
1414 3800 1470 3851 et
1517 3799 1716 3852 Persas
1768 3799 1923 3869 pacis
1977 3801 2193 3855 foedera

558 3886 732 3957 rupit.

630 3980 798 4033 Anno
827 3997 866 4033 ιι
894 3984 1200 4036 memorati
1230 3984 1525 4055 principis,
1556 3985 1613 4039 in
1645 3986 1804 4056 regia
1831 3988 1969 4041 urbe
1999 3988 2188 4043 [Ethe-

556 4072 674 4125 rius
696 4075 754 4125 et
782 4072 1024 4127 Additus
1044 4076 1288 4145 patricii,
1308 4077 1448 4131 dum
1463 4079 1685 4133 Justino
1710 4084 1957 4134 mortem
1980 4083 2192 4134 vellent

555 4180 776 4219 veneno
809 4166 999 4236 potius
1026 4184 1203 4237 quam
1232 4170 1382 4224 ferro
1412 4188 1514 4241 per
1538 4173 1789 4227 medicos
1816 4173 2050 4241 inferre,
2081 4175 2179 4228 de-

555 4258 713 4325 tecti,
743 4259 972 4329 capitali
1003 4262 1288 4315 sententia
1304 4264 1493 4333 puniri
1506 4265 1669 4333 jussi,
1702 4267 1905 4336 priora
1931 4268 2067 4321 feris
2096 4268 2190 4321 de-

506 4360 511 4365 '
558 4355 806 4419 voratus,
855 4354 1140 4407 secundus
1180 4354 1459 4410 incendiis
1503 4362 1901 4413 concrematus
1949 4361 2185 4415 interiit.

552 4446 807 4501 Justinus
828 4447 978 4501 ﬁlius
1009 4449 1281 4503 Germani
1308 4451 1552 4521 patricii,
1581 4453 1956 4508 consobrinus
1984 4455 2186 4509 Justiui

553 4539 933 4611 imperatoris,
977 4542 1223 4597 factione
1273 4544 1500 4615 Sophia:
1534 4548 1807 4617 Augusta:
1837 4547 1893 4601 in
1943 4549 2183 4603 Alexan-

556 4633 683 4687 dria
708 4635 1004 4689 occiditur.
1036 4637 1128 4690 His
1160 4638 1517 4709 temporibus
1550 4641 1927 4695 Athanaildus
1956 4659 2055 4696 rex
2080 4624 2182 4697 Go-

554 4726 785 4781 thorum
804 4728 863 4782 in
884 4730 1155 4801 Hispania
1180 4732 1308 4785 vitae
1327 4734 1501 4787 ﬁnem
1523 4734 1788 4805 suscepit,
1808 4739 1865 4789 et
1887 4735 2059 4789 Luiba
2083 4753 2184 4805 pro

553 4836 622 4874 eo
653 4820 711 4873 in
739 4838 985 4891 regnum
1016 4825 1366 4894 provehitur.

622 4916 787 4968 Anno
816 4932 875 4969 ιιι
900 4917 1136 4971 Justinis
1176 4919 1541 4989 imperatoris
1570 4924 1943 4976 Garamantes
1973 4939 2073 4993 per
2111 4923 2184 4976 lc-

553 5010 736 5078 gatos,
771 5008 896 5079 paci
924 5010 987 5064 Β.
1019 5011 1076 5064 Ρ.
1114 5016 1169 5065 et
1196 5013 1327 5065 ﬁdei
1361 5014 1695 5069 Christianae
1728 5015 1922 5070 sociari
1958 5016 2179 5070 deside-

550 5105 745 5155 rantes
778 5107 1063 5173 poscunt:
1111 5105 1208 5175 qui
1254 5107 1445 5160 statim
1498 5114 1803 5181 utrumque
1848 5110 2179 5181 impetrant.

548 5195 880 5250 Theodorus
900 5199 1199 5268 praefectus
1224 5200 1425 5254 Africa
1449 5218 1482 5254 a
1502 5202 1706 5256 Mauris
1727 5204 2061 5258 interfectus
2077 5207 2179 5258 est.

549 5290 918 5344 Mauritarum
942 5307 1083 5361 gens
1110 5291 1198 5345 his
1229 5294 1586 5365 temporibus
1617 5296 1793 5350 ﬁdem
1823 5297 2041 5367 recipit.
2078 5299 2183 5351 Hu-

542 5383 637 5453 jus
668 5383 893 5454 imperii
932 5401 1087 5440 anno
1122 5402 1179 5441 ιιι
1216 5387 1574 5457 Leovigildus
1606 5406 1916 5459 germanus
1944 5390 2182 5444 Luibani

550 5476 721 5547 regis.
751 5478 1051 5548 superstite
1084 5480 1280 5545 fratre,
1312 5480 1367 5533 in
1404 5498 1649 5551 regnum
1685 5483 1965 5538 citerioris
1992 5484 2182 5554 Hispa-

547 5568 657 5622 niae
686 5571 1082 5639 constituitur;
1131 5573 1505 5633 Gosuintham
1557 5576 1810 5630 relictam
1850 5577 2179 5631 Athanaildi

546 5661 605 5714 in
627 5662 961 5733 conjugium
984 5666 1188 5737 accipit
1218 5684 1231 5731 ;
1258 5672 1313 5721 et
1334 5668 1689 5738 provinciam
1712 5670 2026 5725 Gothorum
2050 5688 2181 5742 qua}

542 5752 664 5820 jam
694 5770 799 5822 pro
831 5755 1143 5813 rebellione
1163 5760 1518 5815 diversorum
1543 5762 1729 5817 fuerat
1749 5762 2054 5831 diminuta,
2078 5766 2181 5821 mi-

550 5843 806 5899 rabiliter
832 5846 903 5900 ad
933 5849 1202 5917 pristinos
1229 5859 1456 5908 revocat
1484 5854 1780 5911 terminos.

2292 1178 2448 1248 regis
2474 1177 2760 1232 secundns
2776 1193 2982 1244 annus,
3004 1177 3357 1233 Theoetistus
3380 1176 3667 1246 magister
3689 1175 3963 1230 militum

2293 1272 2602 1343 provinciae
2646 1270 2930 1326 Africana:
2975 1287 3010 1325 a
3037 1270 3245 1326 Mauris
3298 1270 3450 1325 bello
3498 1273 3815 1339 superatus
3864 1270 3966 1322 in-

2294 1366 2468 1420 teriit.

2366 1458 2725 1528 Leovigildus
2743 1474 2841 1512 rex
2866 1458 2991 1512 loca
3004 1457 3283 1512 Bastaniaz
3306 1460 3365 1511 et
3384 1456 3747 1512 Malacitanae
3763 1458 3961 1525 urbis,

2292 1554 2533 1624 repulsis
2561 1552 2857 1616 militibus,
2881 1553 3084 1617 vastat,
3114 1555 3171 1605 et
3197 1551 3377 1605 victor
3403 1551 3547 1605 solio
3577 1550 3755 1604 redit.
3780 1551 3969 1605 Justi—

2295 1665 2401 1702 nus
2428 1647 2744 1717 imperator
2769 1661 2873 1715 per
2899 1644 3185 1699 Tiberium
3218 1644 3615 1699 excubitorum
3660 1645 3959 1698 comitem

2294 1745 2353 1799 in
2384 1744 2623 1800 Thracia
2646 1744 2871 1797 bellum
2892 1743 3051 1813 genti
3084 1742 3469 1797 Barbarorum
3497 1741 3737 1812 ingerit,
3762 1745 3822 1794 et
3842 1742 3967 1795 vic-

2294 1842 2386 1894 tor
2407 1838 2665 1893 Tiberius
2711 1836 3273 1907 Constantinopolim
3317 1836 3487 1890 redit.
3537 1837 3597 1889 ln
3644 1835 3961 1905 provincia

2294 1933 2597 1998 Gallaeciae,
2630 1930 2768 1985 Miro
2816 1934 2947 2001 post
2988 1930 3442 1985 Theodomirum
3488 1929 3821 1984 Suevorum
3848 1945 3957 1983 rex

2297 2022 2562 2076 efﬁcitur.
3275 2034 3281 2040 '

2365 2118 2529 2169 Anno
2567 2132 2602 2166 v
2624 2115 2828 2169 Justini
2876 2112 3239 2185 imperatoris
3281 2112 3382 2183 qui
3415 2116 3501 2167 est
3526 2128 3588 2167 ιιι
3620 2112 3957 2183 Leovigildi

2295 2209 2448 2280 regis
2477 2225 2683 2275 annus,
2708 2207 2963 2263 Justinus
3014 2207 3332 2278 imperator
3361 2205 3705 2262 Armeniam
3731 2209 3793 2261 et
3820 2206 3949 2259 Ibe-

2295 2304 2461 2369 riam,
2487 2303 2731 2374 repulsis
2761 2301 2965 2368 Persis,
2996 2302 3286 2356 Romanas
3318 2300 3650 2371 provincias
3677 2300 3855 2353 facit:
3892 2304 3957 2352 et

2294 2398 2513 2451 bellum
2556 2398 2855 2450 Persarum
2892 2396 3209 2466 imperator
3237 2410 3338 2464 per
3368 2394 3545 2449 duces
3576 2393 3765 2464 parcit
3797 2394 3954 2463 [per-

2216 2485 2272 2557 B
2296 2491 2457 2561 agit].
2486 2490 2764 2544 Amabilis
2793 2489 3069 2559 magister
3095 2488 3317 2542 militiae
3346 2487 3635 2541 Africana:
3667 2503 3700 2551 a
3728 2487 3951 2540 Mauris

2297 2584 2590 2638 occiditur.
2647 2583 3006 2653 Leovigildus
3054 2599 3151 2635 rex
3197 2580 3511 2635 Asinodam
3555 2579 3947 2634 fortissimam

2296 2678 2603 2743 civitatem,
2634 2676 2958 2747 proditione
3003 2674 3304 2745 cujusdam
3354 2673 3721 2728 Frainidanei
3767 2679 3946 2727 nocte

2296 2776 2538 2841 occupat
2560 2788 2573 2824 :
2594 2769 2941 2823 etmilitibus
2964 2768 3298 2836 interfectis,
3316 2771 3702 2821 memoratam
3726 2766 3945 2820 urbem

2296 2864 2369 2918 ad
2395 2865 2712 2918 Gothorum
2750 2866 2973 2916 revocat
2992 2862 3146 2933 jura.
3196 2864 3451 2916 Donatus
3480 2860 3659 2935 abbas
3704 2877 3948 2914 monas-

2296 2957 2421 3010 terii
2450 2956 2741 3011 Pernitani
2768 2956 3123 3009 mirabilium
3152 2960 3424 3025 operator
3441 2956 3629 3008 clarus
3660 2953 3942 3007 habetur.

2366 3053 2532 3104 Anno
2565 3067 2617 3102 v1
2641 3049 2847 3104 Justini
2876 3048 3239 3119 imperatoris
3268 3048 3365 3117 qui
3394 3050 3479 3101 est
3505 3046 3831 3116 Leovigildi
3856 3064 3944 3101 re-

2295 3144 2382 3214 gis
2422 3161 2475 3197 IV
2508 3160 2714 3211 annus,
2760 3142 3109 3213 Gepidarum
3158 3157 3405 3211 regnum
3451 3141 3632 3194 finem
3689 3141 3942 3211 accepit,

2296 3238 2458 3307 quia
2506 3236 2899 3306 Langobardis
2939 3235 3137 3305 praelio
3178 3234 3451 3305 superati,
3498 3233 3947 3289 Cunicmundus

2294 3346 2390 3383 rex
2420 3347 2627 3400 campo
2655 3329 2922 3383 occubuit
2949 3347 2964 3397 ;
3012 3333 3069 3382 et
3098 3328 3352 3382 thesauri
3386 3328 3510 3397 ejus
3539 3344 3645 3397 per
3675 3327 3941 3381 Trasari-

2294 3439 2423 3476 cum
2452 3402 2708 3476 Arrianae
2735 3426 2902 3475 sectm
2933 3422 3287 3492 episcopum,
3318 3424 3376 3474 et
3407 3420 3781 3491 Reptilanem
3829 3423 3943 3476 Cn-

2294 3516 2593 3570 nicmundi
2613 3520 2884 3586 nepotem
2900 3516 3120 3570 Justino
3148 3515 3498 3584 imperatore
3522 3514 3947 3568 Constantino-

2292 3609 2471 3680 polim
2500 3609 2575 3663 ad
2608 3610 2900 3680 integrum
2946 3609 3205 3679 perducti
3234 3612 3385 3661 sunt.
3424 3606 3796 3676 Leovigildus
3840 3624 3949 3661 rex

2295 3703 2616 3758 Cordubam
2646 3702 2936 3757 civitatem
2970 3703 3069 3756 diu
3098 3702 3296 3757 Gothis
3322 3700 3599 3754 rebellem
3634 3704 3813 3755 nocte
3844 3718 3941 3755 oc-

2297 3800 2487 3867 cupat,
2516 3802 2572 3851 et
2597 3796 2754 3850 exesis
2788 3796 3044 3851 hostibus
3069 3795 3365 3866 propriam
3396 3794 3569 3857 facit;
3600 3794 3938 3865 multasque

2294 3890 2463 3943 urbes
2492 3894 2550 3944 et
2596 3891 2863 3956 castella,
2915 3889 3215 3944 interfecta
3270 3886 3617 3942 rusticorum
3678 3888 3935 3941 multitu-

2291 3983 2447 4052 dine,
2477 3984 2535 4037 in
2569 3984 2889 4038 Gothorum
2917 3982 3239 4037 dominium
3272 3984 3516 4035 revocat.
3550 3980 3692 4034 Miro
3725 3980 3935 4035 Suevo-

2294 4093 2425 4131 rum
2453 4094 2550 4130 rex
2591 4077 2807 4131 bellum
2837 4080 3036 4130 contra
3079 4079 3379 4145 Aragones
3425 4080 3645 4128 movet.‘
3672 4075 3933 4128 Domnus

2293 4171 2627 4224 Helenensis
2650 4169 2911 4224 Ecclesiae
2943 4169 3245 4239 episcopus
3270 4169 3456 4221 clarus
3475 4167 3749 4221 habetur.

2360 4268 2525 4319 Anno
2555 4281 2631 4318 vu
2660 4263 2863 4319 Justini
2907 4261 3270 4332 imperatoris
3302 4261 3398 4331 qui
3426 4266 3511 4314 est
3544 4260 3867 4330 Leovigildi
3900 4278 3927 4308 v

2292 4376 2496 4428 annus,
2537 4351 2808 4412 Alboiuus
2839 4355 3352 4427 Langobardorum
3387 4371 3483 4407 rex
3511 4353 3768 4407 factione
3802 4370 3929 4407 con-

2284 4452 2440 4522 jugis
2472 4468 2588 4506 sure
2619 4468 2652 4505 a
2688 4452 2801 4505 suis
2840 4452 3005 4504 nocte
3062 4448 3421 4503 interﬁcitur.
3474 4446 3754 4525 Thesauri
3796 4464 3925 4501 vero

2291 4546 2414 4615 ejus
2459 4561 2588 4599 cum
2636 4544 2756 4615 ipsa
2794 4543 2999 4614 regina
3045 4542 3102 4596 in
3147 4541 3477 4612 reipublicae
3533 4541 3818 4594 Romana:
3850 4541 3927 4594 di-

2286 4640 2503 4694 tionem
2557 4638 2905 4706 obveniunt,
2958 4640 3015 4689 et
3078 4634 3441 4706 Langobardi
3494 4634 3616 4689 sine
3686 4650 3823 4705 rege
3873 4639 3927 4687 et

2288 4732 2557 4786 thesauro
2610 4747 2964 4785 remansere.
3022 4729 3117 4783 llis
3166 4729 3369 4783 diebus
3424 4728 3603 4781 Luiba
3654 4744 3754 4781 rex
3805 4729 3928 4783 vita:

2288 4827 2461 4880 finem
2490 4825 2728 4896 accepit,
2782 4827 2838 4877 et
2869 4822 3140 4893 Hispania
3179 4821 3367 4875 omnis
3398 4821 3456 4875 in
3504 4837 3689 4891 regno
3735 4824 3793 4873 et
3827 4838 3923 4891 po-

2289 4924 2489 4974 testate
2517 4916 2828 4988 Leovigildi
2860 4917 3013 4987 regis
3039 4916 3333 4986 Galliaque
3374 4914 3768 4968 Narbonensis
3800 4931 3926 4969 con-

2286 5012 2478 5067 currit.
2507 5012 2756 5066 Justinus
2784 5010 3098 5081 imperator
3125 5008 3279 5080 gravi
3311 5007 3642 5062 inﬁrmitate
3682 5008 3925 5062 concuti-

2287 5116 2379 5166 tur
2434 5129 2447 5165 :
2511 5127 2638 5181 quae
2696 5108 3001 5163 infirmitas
3074 5108 3145 5161 ab
3202 5106 3328 5161 aliis
3389 5105 3625 5178 quidem
3706 5107 3922 5161 cerebri

2287 5205 2483 5273 motio,
2540 5205 2611 5258 ab
2665 5203 2790 5257 aliis
2841 5204 3174 5257 daemonum
3214 5200 3435 5255 vexatio
3485 5200 3820 5271 putabatur.
3868 5203 3921 5255 In

2284 5299 2446 5369 regia
2501 5298 2640 5351 urbe
2711 5297 3032 5351 mortalitas
3115 5293 3428 5365 inguinalis
3502 5295 3691 5363 plaga:
3762 5311 3919 5348 exar-

2284 5393 2494 5455 descit,
2562 5392 2618 5445 in
2682 5407 2795 5462 qua
2850 5390 3032 5442 multa
3086 5388 3267 5441 millia
3323 5387 3625 5441 hominum
3683 5387 3918 5441 vidimus

2282 5486 2579 5540 defecisse.
2622 5482 2984 5552 Leovigildus
3017 5498 3113 5534 rex
3153 5480 3454 5535 Sabariam
3496 5480 3795 5548 ingressus
3833 5481 3916 5535 Sa-

2282 5581 2386 5636 bos
2439 5582 2643 5645 vastat,
2686 5581 2743 5631 et
2782 5574 3135 5646 provinciam
3186 5573 3365 5643 ipsam
3406 5573 3464 5626 in
3504 5588 3671 5626 suam
3715 5573 3915 5643 redigit

2283 5672 2562 5728 ditionem
2592 5688 2605 5726 :
2638 5670 2896 5741 duosque
2933 5667 3081 5723 filios
3121 5684 3252 5721 suos
3283 5683 3347 5720 ex
3394 5665 3605 5719 amissa
3647 5668 3909 5738 conjuge,

2279 5765 2751 5837 Ermenegildum
2792 5769 2849 5817 et
2887 5761 3267 5827 Recaredum,
3298 5764 3595 5815 consortes
3625 5762 3797 5832 regni
3831 5762 3909 5816 fa-

2280 5860 2375 5916 cit.
2394 5859 2594 5932 Legati
2610 5859 2797 5930 gentis
2816 5856 3221 5914 Macuritarum
3243 5852 3809 5927 Constantinopolim
3828 5872 3910 5911 ve-
