4034 6228
90 312 217 367 865

1040 312 1334 375 JOANNIS,
1375 312 1649 368 ABBATIS
1692 312 2147 382 BlCLARENSlS,
2188 312 2593 368 CHRONICON.

3400 319 3503 371 866

91 421 294 474 niunt
322 437 336 474 :
388 420 592 474 dentes
618 420 1015 491 elephantinos
1053 425 1111 474 et
1139 421 1645 492 camelopardalim
1679 423 1771 476 Ju-
1794 433 1851 505 Α
1874 422 2147 476 Romana:
2176 422 2438 476 Ecclesiae
2462 420 2728 491 Pelagius
2746 419 2946 492 junior
2965 417 3269 477 ordinatur
3289 423 3505 493 episco-

93 514 270 568 stino
308 514 557 584 principi
586 531 831 568 munera
861 515 1165 570 afferentes
1191 515 1299 569 sibi
1330 532 1461 569 cum
1492 515 1768 570 Romanis
1871 533 1993 587 pus.
2022 518 2232 571 Praeest
2258 516 2425 570 annis
2447 532 2524 570 xi.

94 607 411 661 amicitias
438 607 768 661 conciliant.
803 609 936 662 Post
968 610 1251 663 Joannem
1282 609 1555 663 Romamn
1580 610 1766 663 Eccle-

97 702 212 753 siae
250 700 602 754 Benedictus
629 701 930 755 ordinatur
966 702 1285 773 episcopus.
1325 703 1560 756 Praefuit
1601 703 1769 756 annis

100 810 185 847 iv.
220 794 507 847 Mausona
538 792 912 848 Emeritensis
942 795 1203 849 Ecclesiae
1231 795 1529 866 episcopus
1567 795 1624 849 in
1662 814 1763 850 no—

100 891 233 940 stro
273 886 554 957 dogmata
583 889 769 942 clarus
797 887 1060 943 habetur.

183 985 364 1034 Anno
410 997 505 1035 vm
560 981 786 1048 Justini,
839 981 937 1051 qui
976 984 1033 1036 et
1086 981 1401 1052 Leovigildi
1448 998 1502 1037 v1
1557 998 1763 1048 annus,

100 1075 312 1127 Persa
341 1091 476 1128 cum
502 1074 775 1129 Romanis
801 1076 957 1146 pacis
988 1075 1204 1130 fmdera
1233 1077 1538 1145 rumpunt;
1563 1080 1620 1129 et
1637 1092 1767 1129 con-

105 1168 428 1237 gressione
468 1169 619 1222 facta
659 1169 837 1222 Daras
880 1169 1170 1223 civitatem
1210 1169 1583 1223 fortissimam
1614 1169 1764 1223 bello

107 1264 424 1332 superant,
459 1264 516 1315 et
546 1278 691 1315 caesa
723 1262 1092 1316 multitudine
1121 1262 1515 1317 Romanorum
1542 1280 1761 1317 memo-

108 1358 313 1408 ratam
338 1355 545 1407 urbem
574 1355 818 1425 ingressi
850 1355 1182 1426 depopulati
1205 1360 1356 1409 sunt.

189 1447 292 1501 His
319 1448 526 1501 diebus
556 1448 918 1517 Leovigildus
950 1465 1046 1502 rex
1076 1448 1443 1503 Cantabriam
1472 1448 1765 1520 ingressus

109 1541 439 1613 provinciae
490 1558 817 1611 pervaseres
859 1543 1176 1608 interﬁcit;
1220 1543 1440 1613 Amaya
1483 1547 1760 1613 occupat:

115 1651 260 1705 opes
292 1651 502 1689 eorum
527 1636 810 1706 pervadit,
842 1640 896 1690 et
928 1636 1285 1709 provinciam
1322 1636 1380 1689 in
1418 1652 1574 1691 suam
1602 1653 1760 1691 revo-

114 1732 212 1782 cat
243 1728 556 1783 ditionem.

1938 612 2104 663 Anno
2144 625 2197 664 χι
2241 610 2410 679 regni
2460 609 2544 663 sui
2582 608 2834 663 Justinus
2883 608 3037 664 diem
3078 610 3282 666 clausit
3309 614 3496 666 extre-

1869 718 2048 769 mum,
2081 705 2139 757 et
2166 702 2422 756 Tiberius
2454 703 2742 773 singulare
2771 702 3019 757 obtinuit
3042 703 3372 775 imperium.

1940 797 2331 850 Romanorum
2355 797 2484 863 LIV,
2516 798 2771 851 Tmenws
2800 799 3011 867 regnat
3035 798 3203 851 annis
3231 815 3305 853 v1.

1936 892 2104 943 Anno
2132 906 2271 959 ergo
2303 890 2490 960 primo
2520 889 2747 960 imperii
2773 889 3000 958 Tiberii,
3038 892 3135 962 qui
3179 897 3264 947 est
3301 893 3495 948 Leovi-

1869 983 2007 1053 gildi
2037 1001 2223 1039 annus
2253 1001 2325 1051 Ix,
2358 986 2572 1039 Abares
2599 984 2867 1039 Thracias
2906 988 3150 1054 vastant,
3191 992 3250 1041 et
3275 989 3498 1059 regiam

1869 1077 2072 1131 urbem
2126 1094 2160 1132 a
2208 1094 2375 1131 muro
2421 1079 2594 1148 longe
2648 1078 2931 1133 obsident.
2987 1080 3347 1151 Leovigildus
3399 1099 3499 1137 rex

1867 1170 2223 1241 Orospedam
2256 1171 2599 1242 ingreditur,
2647 1176 2705 1225 et
2756 1172 3012 1227 civitates
3061 1177 3234 1246 atque
3265 1177 3499 1230 castella

1866 1263 2125 1334 ejusdem
2176 1265 2482 1335 provinciae
2532 1268 2792 1336 occupat,
2834 1270 2892 1321 et
2937 1283 3097 1321 suam
3141 1269 3494 1339 provinciam

1865 1357 2033 1423 facit;
2068 1362 2126 1412 et
2157 1375 2269 1412 non
2301 1360 2483 1412 multo
2513 1362 2645 1431 post
2678 1359 2819 1412 inibi
2850 1360 3060 1415 Rustici
3092 1362 3439 1416 rebellantes
3463 1380 3496 1416 a

1865 1451 2061 1505 Gothis
2092 1452 2527 1523 opprimuntur;
2561 1457 2620 1507 et
2648 1456 2777 1523 post
2807 1453 2927 1508 haec
2960 1454 3186 1524 integra
3226 1472 3260 1509 a
3297 1455 3496 1510 Gothis

1864 1544 2189 1614 possidetur
2213 1545 2524 1616 Orospeda.

1934 1641 2157 1692 Annon
2183 1638 2391 1692 Tiberii
2422 1638 2787 1709 imperatoris
2814 1640 2909 1711 qui
2937 1645 3023 1694 est
3048 1642 3363 1711 Leovigildi
3390 1659 3491 1698 an—

1868 1747 1975 1783 nus
2002 1747 2054 1797 x,
2077 1730 2407 1785 Gennadius
2426 1732 2701 1802 magister
2716 1732 2966 1787 militum
2985 1733 3043 1786 in
3068 1733 3256 1788 Africa
3275 1735 3498 1791 Mauros

187 1823 456 1877 Justinus
502 1822 818 1893 imperator
846 1824 1137 1879 Tiberium
1164 1840 1339 1895 quem
1376 1824 1637 1895 superius
1668 1840 1761 1877 ex-
1788 1805 1844 1875 B
1867 1827 2082 1890 vastat;
2115 1824 2445 1878 Gasmulem
2477 1825 2854 1880 fortissimum
2882 1842 3083 1897 regem
3118 1827 3217 1897 qui
3226 1827 3351 1897 jam
3379 1831 3495 1883 tres

116 1915 455 1970 cubitorum
476 1917 751 1970 comitem
773 1917 1039 1983 diximus,
1062 1918 1347 1972 Caesarem
1370 1918 1524 1984 facit,
1557 1921 1616 1971 et
1647 1934 1761 1971 non

117 2010 312 2063 multo
336 2014 465 2079 post
488 2010 774 2080 imperiali
807 2011 1032 2081 fastigio
1064 2011 1327 2081 provehit
1348 2015 1406 2064 et
1434 2011 1763 2081 reipublicae

116 2103 451 2173 principem
483 2103 765 2174 designat.
800 2105 978 2173 Hujus
1005 2104 1212 2158 Tiberii
1240 2105 1478 2159 Caesaris
1509 2104 1602 2157 die
1646 2104 1760 2175 pri-

120 2213 219 2250 ma
248 2196 310 2250 in
342 2197 501 2265 regia
532 2197 672 2250 urbe
706 2197 1016 2267 inguinalis
1041 2199 1213 2269 plaga
1244 2198 1447 2252 sedata
1476 2200 1580 2252 est.

192 2292 367 2344 Anno
400 2307 455 2344 Ix
492 2290 697 2344 Justini
740 2290 1123 2361 imperatoris,
1177 2291 1274 2361 qui
1321 2295 1405 2345 est
1451 2290 1764 2362 Leovigildi

118 2383 281 2454 regis
309 2400 383 2439 vn
413 2400 619 2449 annus,
650 2384 929 2438 Cosdroes
956 2387 1261 2439 Persarum
1290 2384 1609 2455 imperator
1631 2402 1761 2439 cum

121 2476 311 2531 nimia
340 2477 710 2530 multitudine
739 2479 1022 2532 exercitus
1051 2478 1125 2531 ad
1150 2478 1455 2533 vastandos
1481 2479 1766 2534 Romano-

123 2587 257 2624 rum
292 2570 574 2624 terminos
598 2576 930 2641 promovet:
979 2572 1066 2624 cui
1108 2572 1463 2625 Justinianus
1494 2571 1605 2626 dux
1652 2574 1762 2627 Ro-

124 2679 321 2718 manas
342 2663 560 2717 militia:
583 2668 642 2717 et
658 2665 935 2734 magister
950 2664 1200 2719 militum
1227 2665 1463 2719 orientis
1480 2681 1513 2718 a
1538 2665 1763 2720 Tiberio

125 2756 450 2811 destinatus
494 2758 707 2811 bellum
764 2761 961 2828 parat;
1013 2762 1071 2812 et
1122 2758 1179 2811 in
1223 2758 1440 2829 campis
1472 2760 1569 2829 qui
1616 2760 1767 2817 inter

123 2850 304 2905 Daras
332 2854 391 2903 et
418 2851 679 2905 Nezinios
715 2851 1005 2921 [Nezivios]
1048 2855 1360 2922 ponuntur,
1395 2852 1530 2905 forti
1573 2869 1767 2923 pugna

125 2960 492 3015 congressus,
537 2945 756 2998 habens
795 2962 989 2998 secum
1018 2948 1220 3015 gentes
1260 2945 1603 3000 fortissimas
1634 2963 1764 3017 quas

124 3037 377 3092 barbaro
390 3039 932 3093 sermoneHermam
948 3042 1766 3109 nuncupantur,memoratum

1866 1916 2035 1971 duces
2060 1916 2318 1987 superius
2343 1917 2674 1972 nominatos
2694 1920 2936 1973 Romani
2961 1920 3237 1974 exercitus
3256 1921 3495 1976 interfe-

1864 2015 2036 2076 cerat,
2068 2010 2220 2064 bello
2241 2015 2493 2081 superat,
2522 2014 2580 2064 et
2598 2011 2787 2082 ipsum
2813 2028 3010 2083 regem
3046 2013 3240 2082 gladio
3279 2014 3494 2069 interﬁ-

1864 2104 1957 2157 cit.
1993 2103 2250 2158 Tiberius
2282 2104 2611 2158 Mauricium
2643 2105 3039 2159 excubitorum
3065 2106 3340 2161 comitem
3366 2124 3489 2162 ma-

1867 2196 2107 2266 gistrum
2144 2196 2362 2251 militias
2399 2197 2637 2251 orientis
2670 2197 2935 2265 instituit,
2975 2201 3033 2252 et
3056 2198 3130 2253 ad
3156 2216 3489 2271 repugnan-

1865 2290 2000 2343 dum
2026 2290 2211 2344 Persis
2231 2289 2454 2344 direxit.
2489 2290 2736 2345 Romani
2762 2295 2964 2347 contra
2990 2292 3399 2363 Langobardos
3432 2295 3489 2349 in

1863 2383 2019 2437 Italia
2049 2383 2415 2455 lacrymabile
2444 2383 2659 2437 bellum
2680 2389 2907 2455 gerunt.

1936 2476 2292 2546 Leovigildus
2316 2494 2434 2544 rex,
2454 2475 2713 2531 extinctis
2740 2477 2995 2549 undique
3018 2480 3273 2549 tyrannis
3297 2483 3356 2534 et
3374 2497 3495 2551 per-

1864 2569 2158 2624 vasoribus
2192 2569 2477 2641 Hispaniae
2506 2571 2802 2641 superatis,
2827 2572 3060 2625 sortitus
3089 2589 3329 2643 requem
3360 2591 3492 2645 pro-

1864 2663 1992 2733 pria
2023 2679 2154 2716 cum
2179 2662 2345 2733 plebe
2378 2663 2607 2729 resedit,
2653 2667 2711 2717 et
2752 2663 3038 2718 civitatem
3090 2666 3146 2718 in
3190 2666 3496 2721 Celtiberia

1868 2774 1933 2809 ex
1956 2756 2189 2810 nomine
2210 2755 2310 2810 ﬁlii
2332 2756 2604 2822 condidit,
2629 2773 2757 2827 quas
2783 2758 3085 2828 Recepolis
3110 2765 3493 2830 nuncupatur,

1867 2866 2043 2920 quam
2074 2849 2222 2903 miro
2249 2852 2510 2920 opereet
2537 2849 2823 2903 maenibus
2855 2854 2913 2904 et
2953 2852 3293 2906 suburbanis
3326 2854 3493 2908 ador-

1868 2959 2013 2996 nans
2042 2942 2340 3013 privilegia
2368 2943 2581 3013 populo
2604 2959 2765 2996 novae
2788 2943 2944 2997 urbis
2968 2944 3497 3001 instituit.Joannes

1866 3036 2165 3107 presbyter
2193 3035 2455 3089 Ecclesia:
2479 3035 2851 3091 Emeritensis
2877 3038 3064 3092 clarus
3093 3038 3358 3093 habetur.

130 3131 544 3202 imperatorem
575 3131 725 3186 bello
753 3135 1002 3202 superat.
1038 3132 1161 3196 Quo
1208 3149 1341 3187 cum
1385 3149 1485 3187 suo
1518 3133 1762 3188 exercitu
1785 3172 1841 3245 C
1936 3133 2102 3184 Anno
2128 3146 2190 3184 ιιι
2216 3129 2424 3184 Tiberii
2458 3129 2821 3201 imperatoris
2857 3132 2956 3202 qui
2990 3135 3077 3186 est
3107 3133 3418 3204 Leovigildi
3440 3150 3494 3189 χι

130 3225 183 3245 1..
223 3225 417 3245 D_-_--xx
457 3241 614 3245 __-___
678 3228 844 3245 ---ιηΑ
896 3226 1319 3245 ,Ξημηᾼκ-κκλξιγ
1368 3229 1409 3245 ,Δ
1462 3244 1471 3245 κ
1517 3227 1613 3245 μέν’
1699 3228 1707 3236 ·
1748 3244 1751 3245 ,
1866 3240 2044 3245 -__.____
2108 3224 2307 3245 AL__.-_
2338 3241 2359 3245 _
2393 3223 2598 3245 n_2L___
2626 3223 2871 3245 ωι---ε..
2904 3226 3193 3245 --ιι,,-.ι--η
3244 3230 3453 3245 Αιηκνιν

130 3225 191 3278 in
223 3225 426 3294 fugam
457 3241 641 3291 verso,
669 3228 855 3280 castra
887 3226 1010 3295 ejus
1036 3226 1324 3297 pervadit;
1358 3229 1417 3280 et
1458 3227 1763 3298 provincias
1789 3223 1841 3245 ν
1863 3240 2067 3292 annus,
2094 3224 2310 3278 Abares
2335 3241 2367 3277 a
2393 3223 2601 3277 finibus
2626 3223 2875 3279 Thraciae
2904 3226 3215 3295 pelluntur,
3236 3230 3495 3298 etpartes

133 3317 377 3373 Persida:
408 3318 553 3372 ﬁnes
578 3319 758 3373 victor
784 3319 1140 3373 Justinianus
1166 3323 1368 3388 vastat,
1419 3320 1765 3392 exuviasque

135 3428 329 3467 eorum
365 3428 469 3483 pro
497 3411 790 3484 triumpho
819 3413 1374 3485 Constantinopolim
1402 3413 1616 3484 dirigit,
1640 3430 1765 3469 xxw

133 3506 472 3578 elephantos
502 3506 655 3560 inter
681 3509 902 3573 caetera,
936 3507 1034 3577 qui
1064 3523 1342 3578 magnum
1380 3509 1766 3579 spectaculum

134 3599 410 3653 Romanis
449 3599 507 3652 in
544 3600 680 3654 urbe
716 3600 876 3671 regia
902 3600 1303 3655 exhibuerunt.
1336 3601 1598 3656 Praadam
1628 3618 1764 3656 vero

1864 3317 2089 3372 Grascim
2116 3321 2288 3389 atque
2316 3318 2629 3373 Pannoniae
2661 3322 2961 3389 occupant.
2992 3319 3356 3390 Leovigildus
3397 3338 3494 3376 rex

1866 3410 2308 3482 Hermenegildo
2335 3411 2451 3466 filio
2470 3428 2573 3466 suo
2594 3411 2773 3466 ﬁliam
2802 3412 3033 3467 Sisberti
3062 3414 3214 3483 regis
3248 3415 3493 3470 Franco-

1865 3521 1994 3558 rum
2012 3503 2071 3558 in
2093 3504 2529 3559 matrimonium
2560 3504 2752 3572 tradit,
2777 3508 2835 3559 et
2854 3506 3162 3575 provinciae
3182 3511 3407 3578 partem
3423 3508 3497 3564 ad

1866 3599 2226 3669 regnandum
2262 3598 2482 3652 tribuit.
2546 3598 2876 3668 Leovigildo
2933 3615 3073 3669 ergo
3109 3601 3305 3671 quieta
3355 3618 3496 3672 pace

135 3693 203 3747 de
228 3692 521 3747 manubiis
552 3694 1015 3748 Romanorum...
1038 3695 1343 3748 Persarum
1360 3694 1669 3749 multitudo
1693 3695 1765 3749 ob
1865 3695 2149 3763 regnante
2179 3691 2635 3745 adversariorum
2667 3691 2982 3746 domestica
3012 3692 3137 3747 rixa
3172 3694 3495 3749 conturbat.

138 3786 373 3840 nimiam
414 3786 691 3841 vilitatem
726 3803 967 3841 nummo
998 3786 1220 3857 publico
1253 3788 1581 3842 venundata
1612 3791 1762 3841 sunt.

138 3879 494 3951 Leovigildus
524 3897 620 3934 rex
652 3884 971 3952 Aregenses
1009 3881 1302 3935 montibus
1327 3880 1763 3953 [Arzcgonenses

140 3975 385 4044 montes]
436 3972 778 4045 ingreditur.
819 3974 1118 4045 Aspidium
1158 3975 1273 4029 loci
1314 3975 1605 4029 seniorem
1637 3992 1767 4029 cum

1866 3787 2011 3840 Nam
2028 3785 2236 3840 eodem
2257 3801 2409 3839 anno
2424 3784 2571 3838 ﬁlius
2592 3784 2715 3854 ejus
2739 3785 3221 3856 Hermenegildus
3248 3787 3498 3842 factione

1868 3878 2195 3933 Gosuintha:
2222 3878 2440 3949 reginae
2460 3878 2833 3949 tyrannidem
2853 3895 3177 3946 assumens,
3204 3879 3263 3934 in
3281 3881 3498 3952 Hispali

1868 3972 2091 4028 civitate
2121 3972 2434 4027 rebellione
2460 3972 2614 4027 facta
2632 3973 2967 4039 recluditur,
2998 3977 3056 4027 et
3076 3974 3217 4028 alias
3242 3974 3498 4030 civitates

140 4084 306 4122 uxore
334 4071 394 4121 et
422 4067 552 4121 filiis
580 4067 832 4138 captivos
863 4067 1039 4135 ducit,
1086 4084 1333 4140 opesque
1369 4068 1492 4139 ejus
1536 4084 1601 4123 ac
1641 4068 1767 4123 loca
1867 4070 2039 4138 atque
2066 4067 2301 4122 castella
2338 4082 2533 4121 secum
2574 4069 2775 4121 contra
2800 4069 3026 4138 patrem
3050 4067 3501 4126 rebellarefacit.

139 4161 193 4214 in
222 4177 386 4215 suam
418 4160 630 4231 redigit
663 4164 1029 4231 potestatem.
1074 4162 1507 4216 Aramundarus
1538 4163 1769 4217 Sarace-

141 4269 346 4309 norum
369 4270 467 4307 rex
485 4254 1039 4325 Constantinopolim
1067 4255 1242 4321 venit,
1275 4259 1333 4309 et
1361 4272 1491 4310 cum
1519 4260 1767 4311 stemate

1866 4162 2001 4225 Quae
2028 4178 2198 4215 causa
2217 4160 2276 4214 in
2297 4159 2590 4232 provincia
2613 4160 2899 4232 Hispaniae
2924 4164 3047 4217 tam
3075 4163 3292 4232 Gothis,
3325 4178 3500 4234 quam

1871 4256 2142 4310 Romanis
2172 4255 2407 4324 majoris
2433 4254 2606 4321 exitii,
2637 4271 2813 4325 quam
2858 4255 3312 4311 adversariorum
3348 4256 3499 4312 infe-

142 4364 238 4402 suo
265 4350 323 4401 et
349 4347 517 4400 donis
554 4348 836 4402 Barbarie
866 4349 1091 4403 Tiberio
1124 4349 1364 4420 principi
1396 4350 1626 4403 ocurrit.
1662 4350 1768 4413 Qui
1869 4348 2036 4403 statio
2065 4348 2190 4402 fuit.
2224 4348 2485 4403 Novellus
2514 4349 2935 4420 Complutensis
2983 4350 3283 4420 episcopus
3317 4351 3501 4405 clarus

143 4459 175 4495 a
201 4441 425 4496 Tiberio
446 4441 700 4512 benigne
727 4445 990 4513 exceptus
1021 4444 1078 4495 et
1102 4442 1269 4497 donis
1300 4443 1509 4514 opimis
1535 4460 1770 4499 exorna-

146 4540 231 4591 tus
250 4534 321 4589 ad
348 4534 599 4606 patriam
625 4534 781 4589 abire
812 4536 1127 4607 permissus
1155 4540 1257 4590 est.

214 4633 375 4684 Anno
400 4644 432 4683 x
460 4628 1156 4700 Justiniimperatorisqui
1184 4630 1597 4701 estLeovigildi
1617 4630 1774 4701 regis

150 4740 243 4779 vm
272 4739 474 4789 annus,
501 4723 814 4777 Bandarius
837 4739 1018 4793 gener
1045 4723 1248 4778 Justini
1282 4723 1559 4795 principis
1583 4741 1615 4777 a
1634 4725 1776 4778 Lan-

153 4816 415 4888 gobardis
457 4816 654 4887 przrlio
699 4816 964 4881 vincitur,
1001 4820 1058 4869 et
1090 4833 1209 4871 non
1250 4818 1428 4871 multo
1480 4821 1610 4887 post
1644 4818 1773 4871 vitae

151 4910 320 4964 ﬁnem
354 4910 581 4981 accipit.
611 4910 905 4965 Romanus
930 4910 1080 4964 ﬁlius
1108 4911 1384 4982 Anagasti
1402 4910 1621 4981 patricii
1650 4927 1771 4965 ma-

153 5004 321 5075 gister
343 5003 582 5069 militias,
618 5004 805 5075 gentis
835 5004 1151 5059 Suevorum
1171 5020 1371 5076 regem
1396 5005 1585 5058 vivum
1602 5006 1772 5077 cepit:

154 5113 316 5166 quem
337 5112 468 5151 cum
484 5113 586 5151 suo
607 5097 899 5165 thesauro,
930 5114 1106 5153 uxore
1138 5101 1197 5152 et
1218 5098 1350 5152 ﬁliis
1371 5098 1775 5154 Constantino-

154 5190 318 5262 polim
339 5189 590 5257 adducit,
614 5194 672 5244 et
688 5191 1041 5262 provinciam
1064 5208 1264 5247 eorum
1294 5191 1352 5246 in
1382 5193 1775 5247 Romanorum

153 5283 463 5338 dominium
486 5284 716 5355 redigit.
748 5286 1113 5357 Leovigildus
1143 5302 1239 5341 rex
1272 5286 1331 5340 in
1353 5285 1615 5341 Gallaecia
1644 5288 1776 5342 Sue-

152 5392 341 5432 vorum
369 5378 512 5432 ﬁnes
542 5379 867 5446 conturbat,
889 5384 947 5435 et
966 5397 999 5434 a
1020 5396 1157 5451 rege
1188 5380 1403 5435 Mirone
1425 5396 1530 5451 per
1556 5381 1777 5459 legatos

154 5475 378 5543 rogatus
410 5488 612 5542 pacem
645 5472 727 5526 eis
753 5489 857 5544 pro
879 5490 1057 5545 parvo
1089 5477 1351 5546 tempore
1371 5474 1591 5529 tribuit.
1616 5473 1773 5528 Scla-

156 5564 328 5618 viniin
348 5564 588 5619 Thracia
610 5566 820 5620 multas
847 5567 1016 5622 urbes
1034 5568 1426 5623 Romanorum
1452 5566 1780 5639 pervadunt

158 5673 290 5729 quas
318 5658 695 5729 depopulatas
733 5677 939 5714 vacuas
984 5661 1290 5733 reliquere.
1321 5662 1536 5716 Abares
1588 5659 1779 5714 littora

158 5752 327 5806 maris
351 5752 602 5823 captiose
638 5754 926 5820 obsident,
956 5758 1015 5807 et
1044 5755 1281 5809 navibus
1309 5755 1499 5810 littora
1525 5753 1780 5808 Thraciae

160 5846 547 5920 navigantibus
584 5847 717 5902 satis
772 5847 967 5902 infesti
1017 5852 1167 5902 sunt.
1224 5850 1357 5903 Post
1408 5846 1779 5903 Benedictum

1870 4443 2133 4497 habetur.

1791 4542 1851 4614 D
1942 4539 2107 4589 Anno
2153 4551 2208 4588 1v
2246 4534 2475 4599 Tiberii,
2534 4536 2631 4605 qui
2676 4539 2762 4589 est
2807 4534 3121 4606 Leovigildi
3171 4552 3246 4591 χιι
3294 4553 3497 4607 annus,

1874 4628 2171 4683 Mauricius
2199 4628 2479 4697 magister
2508 4628 2761 4681 militum
2795 4627 3031 4682 orientis
3061 4631 3264 4683 contra
3303 4632 3502 4688 Persas

1876 4723 2091 4776 bellum
2114 4724 2325 4787 movet,
2362 4724 2419 4774 et
2450 4721 2676 4790 repulsa
2714 4722 3014 4775 Persarum
3043 4723 3411 4778 multitudine
3441 4724 3501 4779 in

1875 4816 2092 4870 oriente
2125 4813 2417 4869 hiemavit.
2452 4813 2808 4883 Leovigildus
2833 4829 2932 4869 rex
2965 4814 3023 4869 in
3050 4816 3253 4871 urbem
3280 4818 3500 4873 Toleta-

1877 4926 2012 4964 nam
2047 4907 2327 4981 synodum
2360 4906 2757 4977 episcoporum
2794 4909 2962 4962 secta:
3002 4909 3230 4966 Arianae
3260 4928 3499 4984 congrea

1878 5006 1994 5073 gat,
2020 5005 2078 5056 et
2103 5001 2402 5071 antiquam
2432 4998 2695 5054 haeresim
2730 5002 2952 5055 novello
2985 5019 3180 5058 errore
3212 5007 3501 5075 emendat,

1877 5097 2073 5151 dicens
2099 5096 2169 5149 de
2200 5096 2457 5148 Romana
2481 5093 2760 5163 religione
2787 5094 2860 5149 ad
2892 5101 3147 5152 nostram
3168 5098 3507 5154 catholicam

1877 5190 2050 5244 fidem
2075 5187 2370 5242 venientes
2397 5202 2513 5241 non
2544 5186 2755 5241 debere
2775 5186 3076 5259 baptizari,
3124 5190 3225 5243 sed
3250 5193 3502 5246 tantum-

1879 5283 2051 5337 modo
2102 5298 2206 5353 per
2248 5298 2454 5336 manus
2501 5279 2933 5353 impositionem
2978 5285 3037 5336 et
3081 5284 3507 5339 communionis

1880 5377 2328 5448 praeceptionem
2362 5374 2537 5446 pollui
2563 5373 3017 5445 [perceptionem
3044 5375 3243 5445 ablui],
3277 5380 3336 5431 et
3381 5379 3505 5449 glo-

1879 5472 2025 5526 riam
2052 5470 2201 5525 Patri
2229 5486 2337 5540 per
2356 5469 2563 5524 Filium
2580 5467 2639 5523 in
2672 5466 2886 5539 Spiritu
2912 5471 3113 5523 sancto
3135 5468 3273 5523 dare
3306 5469 3502 5545 [Dari].

1878 5567 1985 5620 Per
2002 5565 2151 5619 hanc
2169 5579 2308 5635 ergo
2327 5562 2723 5618 seductionem
2751 5561 2985 5633 plurimi
3004 5565 3334 5618 nostrorum
3346 5565 3505 5636 cupi-

1881 5658 2057 5712 ditate
2092 5658 2283 5729 potius
2312 5656 2541 5728 impulsi
2574 5656 2635 5709 in
2661 5656 2935 5710 Arianum
2959 5655 3173 5727 dogma
3197 5656 3503 5717 declinant.

1951 5755 2114 5805 Anno
2162 5768 2195 5803 v
2245 5751 2474 5817 Tiberii,
2527 5750 2624 5821 qui
2673 5753 2760 5804 est
2798 5750 3107 5821 Leovigildi
3147 5766 3242 5807 xm
3299 5766 3505 5821 annus,

1882 5844 2248 5916 Langobardi
2278 5844 2335 5900 in
2368 5844 2524 5900 ltalia
2549 5859 2748 5914 regem
2785 5844 2890 5898 sibi
2917 5862 2984 5899 ex
3015 5861 3116 5899 suo
3155 5860 3365 5917 genere
3406 5844 3514 5930 alia.
