4034 6228
543 338 642 393 867

1429 333 1728 396 JOANNIS,
1770 336 2044 390 ABBATIS
2083 335 2558 402 BlCLARlENSIS,
2599 333 2984 394 CHRONICON

3811 337 3935 390 868

538 450 684 516 gunt
709 446 979 500 vocabulo
1020 443 1314 510 Antarich,
1359 443 1518 513 cujus
1561 447 1820 514 tempore
1860 448 1917 497 et
1964 443 2175 499 milites
2198 457 2256 530 Α
2276 448 2427 499 trem
2450 446 2816 517 patriamque
2837 445 3008 501 redit.
3031 445 3262 500 Andeca
3281 461 3413 500 vero
3439 462 3626 517 regno
3659 443 3938 515 privatus

542 537 790 594 Romani
823 539 1059 593 omnino
1094 540 1227 591 sunt
1255 536 1402 602 casi,
1435 540 1492 590 et
1521 536 1800 591 terminos
1829 536 2004 591 Italia
2026 539 2171 592 Lan-

540 632 785 703 gobardi
819 632 923 686 sibi
953 635 1252 702 occupant.
1297 629 1686 685 Sclavinorum
1719 646 1862 700 gens
1888 630 2175 701 Illyricum

541 730 599 780 et
621 725 887 780 Thracias
918 726 1161 778 vastant.

611 818 970 889 Leovigildus
1006 834 1101 870 rex
1129 818 1350 886 partem
1380 816 1672 870 Vasconia
1709 821 1967 887 occupat,
2006 821 2064 871 et
2105 816 2178 872 ci-

537 911 773 966 vitatem
834 927 961 981 qua
1008 909 1393 963 Victoriacum
1451 914 1836 981 nuncupatur,
1894 910 2173 964 condidit.

541 1005 795 1060 Tiberius
826 1004 1143 1074 imperator
1168 1003 1447 1072 magistro
1464 1004 1717 1058 militum
1737 1003 1971 1060 orientis
1997 1004 2176 1058 ﬁliam

542 1114 706 1153 suam
727 1097 788 1151 in
821 1097 1155 1168 conjugium
1178 1097 1374 1151 tradit.

612 1194 775 1246 Anno
806 1207 858 1245 v1
884 1190 1090 1244 Tiberii
1123 1190 1221 1261 qui
1253 1193 1339 1244 est
1367 1189 1682 1262 Leovigildi
1707 1208 1798 1245 xxv
1840 1207 2046 1260 annus,
2087 1190 2173 1246 Ti-

537 1284 730 1339 berius
761 1284 890 1337 vita
930 1284 1244 1338 terminum
1282 1283 1454 1351 dedit,
1522 1287 1581 1337 et
1621 1284 1916 1339 Mauricius
1952 1301 2058 1356 pro
2108 1301 2177 1339 eo

541 1377 937 1433 Romanorum
967 1377 1288 1448 imperator
1311 1377 1574 1432 efﬁcitur.

613 1472 1003 1526 Romanorum
1028 1473 1114 1524 XV
1147 1473 1295 1540 [Leg.
1324 1472 1452 1540 LV].
1494 1472 1798 1527 MAURICIUS
1837 1475 2043 1543 regnat
2084 1489 2179 1526 an-

542 1582 648 1619 nos
669 1581 757 1619 xx.
787 1564 1147 1635 Leovigildus
1178 1581 1274 1617 rex
1299 1565 1611 1619 exercitum
1637 1565 1711 1620 ad
1733 1565 2177 1636 expugnandum

539 1661 857 1728 tyrannum
883 1658 1066 1711 ﬁlium
1101 1657 1335 1727 colligit.

2274 539 2566 606 tondetur,
2596 543 2655 593 et
2682 539 2900 594 honore
2922 539 3262 612 presbyterii
3291 543 3418 611 post
3449 555 3705 609 regnum
3735 538 3935 592 hono-

2275 636 2453 686 ratur.
2488 633 2611 687 Non
2637 632 2875 687 dubium
2899 633 3054 704 quod
3082 633 3140 687 in
3176 633 3434 688 Eiborico
3453 631 3620 704 'regis
3641 632 3762 685 ﬁlio
3779 645 3937 700 rege

2277 742 2378 779 suo
2407 726 2624 780 fecerat
2645 727 2878 796 patitur,
2911 730 2968 780 ct
2995 726 3192 781 exsilio
3231 727 3458 781 Pacensi
3507 725 3650 780 urbe
3684 727 3934 796 relega-

2275 822 2389 872 tur.
2427 818 2720 873 Malaricus
2771 820 2826 873 in
2870 819 3132 874 Gallacia
3175 820 3538 890 tyrannidem
3587 837 3932 889 assumens,

2279 913 2437 983 quasi
2464 928 2708 982 regnare
2737 913 2858 966 vult
2885 929 2897 966 :
2929 913 3026 982 qui
3053 914 3242 968 statim
3268 931 3300 967 a
3328 914 3568 968 ducibus
3595 915 3935 985 Leovigildi

2278 1019 2581 1073 oppressus
2636 1002 3165 1072 comprehenditur,
3215 1008 3271 1056 et
3325 1003 3657 1073 Leovigildo
3696 1005 3940 1060 vinctus

2276 1099 2673 1167 prasentatur.
2704 1096 2966 1151 Leander
3012 1096 3358 1167 Hispalensis
3393 1097 3664 1151 Ecclesia
3705 1099 3944 1169 episco-

2275 1207 2382 1261 pus
2408 1190 2596 1244 clarus
2625 1190 2892 1244 habetur.

2349 1286 2512 1338 Anno
2553 1299 2606 1338 ιν
2637 1282 2886 1337 Mauricii
2916 1282 3297 1353 imperatoris,
3333 1282 3432 1353 qui
3470 1287 3558 1337 est
3598 1284 3937 1356 Leovigildi

2278 1377 2430 1447 regis
2453 1393 2584 1431 xvm
2608 1393 2813 1444 annus,
2839 1377 3101 1431 Anthane
3120 1376 3640 1446 Langobardorum
3659 1395 3757 1433 rex
3787 1395 3934 1432 cum

2279 1469 2554 1524 Romanis
2589 1468 2995 1540 congressione
3027 1470 3173 1524 facta
3204 1473 3456 1539 superat,
3491 1475 3550 1524 et
3580 1487 3730 1525 casa
3761 1473 3931 1526 mul-

2279 1561 2524 1617 titudine
2550 1562 2799 1618 militum
2826 1565 3222 1618 Romanorum
3257 1563 3427 1618 Italia
3466 1564 3615 1618 ﬁnes
3653 1569 3930 1636 occupat.

2353 1657 2465 1710 Hoc
2493 1672 2644 1711 anno
2674 1656 3035 1727 Leovigildus
3050 1672 3146 1713 rex
3161 1656 3315 1710 diem
3341 1656 3539 1710 clausit
3568 1661 3933 1722 extremum,

611 1756 775 1806 Anno
812 1767 950 1820 ergo
985 1750 1172 1821 primo
1225 1750 1479 1805 Mauricii
1517 1751 1902 1823 imperatoris,
1951 1752 2050 1822 qui
2095 1755 2182 1806 est
2281 1755 2340 1803 et
2378 1748 2526 1803 ﬁlius
2573 1750 2696 1820 ejus
2751 1750 3072 1805 Recaredus
3113 1767 3242 1805 cum
3285 1750 3712 1822 tranquillitate
3753 1753 3940 1822 regni

543 1844 857 1914 Leovigildi
883 1844 1037 1915 regis
1057 1861 1126 1898 xv
1145 1861 1346 1910 annus,
1378 1845 1742 1916 Leovigildus
1763 1862 1859 1900 rex
1890 1845 2179 1899 civitatem
2199 1828 2256 1900 Β
2281 1842 2404 1912 ejus
2431 1843 2607 1897 sumit
2631 1847 2877 1914 sceptra.

542 1939 938 2009 Hispalensem
964 1943 1317 2008 congregato
1350 1939 1601 1993 exercitu
1635 1939 1876 2005 obsidet,
1916 1943 1972 1992 et
1998 1939 2177 1992 rebel-

543 2032 656 2084 lem
688 2031 869 2084 ﬁlium
909 2030 1068 2102 gravi
1099 2029 1395 2085 obsidione
1426 2031 1720 2085 concludit
1748 2049 1760 2086 :
1789 2031 1848 2085 in
1891 2033 2050 2102 cujus
2084 2048 2174 2086 so-

545 2123 682 2178 latio
709 2124 847 2178 Miro
867 2124 1184 2179 Suevorum
1205 2140 1304 2178 rex
1329 2125 1403 2178 ad
1430 2125 1880 2196 expugnandam
1904 2126 2175 2197 Hispalim

543 2217 792 2286 devenit,
827 2217 1021 2288 ibique
1051 2217 1203 2272 diem
1232 2216 1434 2272 clausit
1467 2221 1822 2285 extremum;
1855 2219 1944 2273 cui
1973 2220 2173 2273 Eburi-

540 2310 656 2365 cius
685 2309 834 2366 ﬁlius
860 2310 918 2365 in
937 2309 1230 2382 provincia
1249 2312 1521 2366 Gallacia
1548 2312 1608 2365 in
1635 2328 1881 2383 regnum
1903 2313 2172 2367 succedit.

542 2406 771 2460 Interea
824 2404 1187 2474 Leovigildus
1224 2421 1320 2458 rex
1372 2422 1543 2475 supra
1593 2405 1805 2460 dictam
1863 2406 2173 2473 civitatem,

541 2515 693 2552 nunc
729 2499 905 2564 fame,
959 2514 1111 2551 nunc
1164 2498 1340 2564 ferro,
1402 2515 1552 2551 nunc
1597 2499 1761 2553 Batis
1810 2499 2175 2554 conclusione

544 2592 782 2646 omnino
814 2591 1136 2645 conturbat.

613 2688 778 2739 Anno
806 2701 842 2739 ιι
869 2684 1118 2739 Mauricii
1149 2684 1532 2756 imperatoris,
1583 2685 1683 2756 qui
1733 2691 1820 2740 est
1861 2683 2175 2757 Leovigildi

543 2795 631 2833 xvx
676 2796 882 2846 annus,
911 2777 1272 2849 Leovigildus
1298 2795 1492 2833 muros
1525 2779 1728 2833 Italica
1757 2779 2010 2849 antiqua
2041 2779 2171 2833 eivi-

543 2871 671 2926 tatis
708 2874 1014 2939 restaurat,
1054 2888 1181 2942 qua
1212 2889 1303 2925 res
1340 2872 1656 2926 maximum
1691 2871 2175 2942 impedimentum

545 2964 860 3035 Hispalensi
901 2965 1112 3035 populo
1159 2963 1431 3019 exhibuit.
1480 2965 1574 3019 His
1613 2964 1814 3019 diebus
1841 2964 2070 3018 Andeca
2116 2964 2174 3019 in

542 3059 802 3112 Gallacia
830 3059 1144 3113 Suevorum
1171 3075 1420 3129 regnum
1444 3076 1573 3113 cum
1591 3058 1896 3128 tyrannide
1911 3059 2171 3128 assumit,

542 3155 599 3206 et
625 3150 1010 3221 Sifeguntiam
1033 3151 1290 3206 relictam
1309 3151 1539 3205 Mironis
1569 3151 1718 3222 regis
1749 3151 1806 3205 in
1840 3151 2172 3221 conjugium

544 3244 794 3314 accepit:
844 3237 1147 3297 Eboricum
1186 3261 1364 3313 regno
1390 3245 1595 3314 privat,
1621 3250 1677 3298 et
1702 3245 2035 3298 monasterii
2057 3262 2176 3300 mo-

541 3337 792 3391 nachum
818 3337 972 3391 facit.
994 3336 1352 3406 Leovigildus
1378 3354 1474 3391 rex
1501 3337 1617 3390 ﬁlio
1644 3337 2081 3407 Hermenegildo
2101 3339 2175 3393 ad

541 3431 958 3502 rempublicam
980 3430 1425 3500 commigrante,
1457 3431 1727 3501 Hispalim
1752 3431 2065 3502 pugnando
2086 3432 2171 3486 in-

541 3525 830 3597 greditur:
862 3523 1116 3578 civitates
1144 3528 1201 3578 et
1230 3525 1461 3578 castella
1489 3541 1630 3594 quas
1676 3525 1824 3578 ﬁlius
1865 3540 2171 3596 occupave-

540 3623 650 3685 rat,
680 3619 848 3689 cepit,
882 3622 939 3672 et
964 3634 1080 3672 non
1106 3619 1287 3672 multo
1315 3622 1442 3688 post
1475 3622 1861 3673 memoratum
1886 3618 2068 3672 ﬁlium
2113 3619 2173 3673 in

538 3712 891 3768 Cordubensi
919 3712 1058 3765 urbe
1083 3711 1543 3782 comprehendit,
1579 3716 1636 3767 et
1665 3729 1846 3782 regno
1885 3711 2170 3782 privatum

543 3807 602 3861 in
639 3805 897 3860 exsilium
933 3805 1246 3860 Valentiam
1287 3805 1483 3859 mittit.

609 3900 913 3954 Mauricius
955 3899 1273 3969 imperator
1312 3904 1513 3954 contra
1544 3897 1956 3969 Langobardos
2004 3899 2172 3954 Fran—

540 4011 636 4050 cos
659 4009 766 4064 per
799 3992 1196 4046 conductelam
1239 3995 1450 4062 movet,
1481 4009 1608 4063 qua
1639 4009 1731 4046 res
1754 3993 1984 4064 utrique
2012 3994 2172 4064 genti

543 4104 661 4142 non
688 4103 863 4157 parva
883 4086 1125 4140 contulit
1151 4085 1386 4140 damna.

611 4181 915 4251 Eutropius
947 4179 1125 4233 abbas
1160 4178 1488 4233 monasterii
1531 4179 1812 4234 Servitani
1863 4179 2171 4252 discipulus

540 4273 721 4329 sancti
743 4272 946 4328 Donati
975 4274 1158 4327 clarus
1178 4272 1444 4327 habetur.

607 4372 769 4423 Anno
815 4384 872 4422 ιιι
909 4365 1183 4433 Mauricii,
1225 4366 1324 4437 qui
1362 4370 1446 4421 est
1477 4365 1787 4437 Leovigildi
1826 4385 1936 4423 xvn
1964 4384 2166 4435 annus,

535 4460 832 4518 Mauricius
864 4477 965 4532 per
995 4460 1166 4514 duces
1195 4461 1411 4514 bellum
1441 4459 1632 4513 infert.
1672 4460 2033 4530 Leovigildus
2071 4478 2168 4515 rex

2195 3197 2249 3271 C

2345 1939 2512 1991 Anno
2540 1953 2574 1988 ν
2603 1937 2850 1991 Mauricii
2879 1936 3246 2008 imperatoris
3264 1938 3680 2003 Romanorum,
3707 1937 3808 2008 qui
3837 1942 3933 1992 est

2277 2031 2549 2085 Recaredi
2602 2030 2756 2102 regis
2801 2031 3021 2102 primus
3075 2031 3319 2086 feliciter
3360 2048 3565 2098 annus,
3615 2032 3931 2086 Mauricius

2276 2123 2658 2178 Theodosium
2680 2123 2860 2178 ﬁlium
2889 2141 3055 2178 suum
3079 2141 3146 2178 ex
3166 2125 3283 2178 ﬁlia
3307 2125 3519 2179 Tiberii
3546 2124 3932 2196 imperatoris

2279 2221 2478 2271 natum
2503 2218 2786 2272 Casarem
2817 2218 2972 2273 facit.
3004 2217 3235 2288 Pelagio
3259 2217 3492 2288 juniore
3515 2223 3773 2284 mortuo,
3807 2219 3926 2271 Ro-

2277 2326 2465 2366 mana
2493 2311 2749 2366 Ecclesia
2775 2311 3082 2382 Gregorius
3113 2311 3172 2365 in
3207 2311 3605 2383 episcopatum
3643 2311 3923 2366 succedit.

2276 2405 2660 2458 Praestannis
2686 2422 2775 2461 xv.
2802 2405 3046 2461 Romani
3075 2422 3178 2477 per
3190 2406 3541 2460 Francorum
3559 2404 3924 2474 adjutorium

2277 2497 2686 2568 Langobardos
2709 2504 2953 2566 vastant,
2982 2503 3039 2554 et
3068 2498 3372 2569 provincia
3400 2498 3574 2554 Italia
3603 2504 3834 2568 partem
3859 2497 3922 2552 in

2276 2607 2439 2644 suam
2457 2592 2729 2662 redigunt
2741 2596 3102 2663 potestatem.
3122 2592 3406 2648 Sisbertus
3425 2592 3767 2646 interfector
3783 2593 3924 2645 Her-

2277 2685 2590 2754 menegildi
2631 2689 2813 2740 morte
2857 2685 3188 2756 turpissima
3231 2685 3553 2757 perimitur.
3584 2684 3924 2740 Recaredus

2276 2778 2462 2848 primo
2497 2779 2662 2849 regni
2692 2780 2778 2833 sui
2811 2796 2986 2847 anno,
3013 2796 3212 2834 mense
3245 2796 3295 2845 x,
3321 2779 3653 2846 catholicus,
3687 2780 3805 2834 Deo
3829 2779 3930 2847 ju-

2274 2876 2462 2936 vante,
2491 2872 2756 2942 efﬁcitur,
2791 2878 2849 2928 et
2873 2873 3198 2928 sacerdotes
3229 2875 3399 2927 secta
3420 2873 3642 2927 Ariana
3667 2872 3924 2942 sapienti

2276 2965 2562 3035 colloquio
2593 2982 2897 3035 aggressus
2933 2967 3158 3021 ratione
3208 2967 3396 3037 potius
3445 2983 3620 3036 quam
3659 2965 3924 3034 imperio

2275 3059 2528 3113 converti
2555 3060 2628 3114 ad
2655 3060 2996 3114 catholicam
3027 3061 3200 3115 ﬁdem
3225 3060 3379 3126 facit,
3403 3063 3762 3130 gentemque
3797 3074 3929 3112 om-

2276 3152 2437 3207 nium
2469 3152 2782 3207 Gothorum
2807 3156 2862 3207 et
2883 3154 3198 3209 Suevorum
3224 3153 3296 3208 ad
3317 3151 3596 3208 unitatem
3625 3156 3684 3206 et
3709 3168 3923 3223 pacem

2276 3249 2505 3301 revocat
2529 3246 2864 3300 Christiana
2894 3247 3176 3302 Ecclesia.
3213 3248 3393 3302 Secta.
3423 3247 3671 3316 Arianae,
3726 3245 3927 3315 gratia

2276 3340 2486 3408 divina,
2514 3339 2574 3394 in
2601 3339 2877 3411 dogmate
2900 3340 3135 3395 veniunt
3165 3339 3503 3395 Christiano.

2346 3433 2667 3488 Desiderius
2715 3434 3064 3489 Francorum
3106 3450 3202 3486 rex
3231 3433 3342 3486 dux
3369 3433 3568 3487 Gothis
3595 3430 3732 3486 satis
3755 3431 3924 3486 infe-

2276 3531 2392 3580 stus
2420 3543 2453 3579 a
2479 3526 2717 3582 ducibus
2742 3527 3022 3583 Recaredi
3051 3526 3203 3597 regis
3243 3529 3576 3597 superatur;
3632 3530 3708 3593 et,
3761 3541 3928 3580 casa

2276 3619 2621 3674 Francorum
2644 3621 3033 3687 multitudine,
3068 3620 3126 3674 in
3160 3636 3364 3690 campo
3396 3620 3663 3674 moritur.

2346 3713 2668 3767 Recaredus
2703 3730 2799 3768 rex
2828 3714 3015 3768 aliena
3058 3732 3089 3768 a
3129 3713 3646 3785 pradecessoribus
3686 3711 3923 3785 direpta

2276 3809 2332 3860 et
2361 3807 2493 3861 ﬁsco
2517 3807 2729 3861 sociata
2759 3803 3117 3877 placabiliter
3148 3807 3414 3862 restituit.
3443 3806 3829 3861 Ecclesiarum
3856 3813 3922 3861 et

2275 3901 2754 3955 monasteriorum
2785 3901 3048 3955 conditor
3080 3905 3137 3954 et
3165 3901 3378 3955 ditator
3406 3900 3672 3956 efﬁcitur.

2342 3997 2509 4049 Anno
2534 4011 2588 4049 vi
2617 3994 2888 4063 Mauricii,
2923 3994 3022 4065 qui
3047 3997 3131 4048 est
3173 3995 3451 4050 Becaredi
3484 4011 3522 4050 ιι
3547 4011 3754 4060 annus,
3789 3997 3918 4065 qui-

2274 4086 2407 4142 dam
2445 4105 2510 4142 ex
2553 4088 2775 4142 Arianis
2825 4089 3022 4144 Sunna
3067 4088 3384 4158 episcopus,
3436 4092 3493 4142 et
3539 4088 3729 4158 Seggo
3777 4102 3914 4142 cum

2272 4181 2616 4252 quibusdam
2652 4182 3016 4253 tyrannidem
3059 4197 3349 4236 assumere
3381 4181 3700 4252 cupientes,
3741 4180 3913 4235 dete-

2273 4278 2507 4346 guntur.
2549 4275 2823 4342 Convicti,
2867 4276 3068 4331 Sunna
3097 4275 3292 4330 exsilio
3319 4275 3591 4340 truditur,
3627 4278 3686 4328 et
3715 4274 3912 4345 Seggo

2270 4369 2538 4424 manibus
2599 4369 2908 4439 amputatis
2957 4369 3278 4425 Gallaciam
3324 4369 3584 4423 exsulans
3637 4368 3908 4422 mittitur.

2269 4462 2569 4517 Mauricius
2593 4462 2972 4518 Theodosium
3006 4463 3184 4518 ﬁlium
3212 4479 3384 4533 quem
3415 4479 3589 4532 supra
3621 4462 3907 4517 Casarem

534 4553 824 4612 Gallacias
853 4556 1054 4610 vastat.
1078 4553 1434 4609 Andecanim
1463 4569 1662 4623 regem
1685 4555 2167 4624 comprehensum
2187 4565 2247 4638 D
2269 4556 2532 4622 diximus,
2562 4557 2956 4612 Romanorum
2991 4557 3403 4627 imperatorem
3436 4555 3593 4610 facit.

533 4667 715 4722 regno
749 4648 949 4720 privat.
985 4648 1302 4703 Suevorum
1331 4649 1590 4718 gentem,
1625 4648 1955 4702 thesaurum
1985 4652 2044 4703 et
2074 4666 2165 4720 pa-

534 4746 702 4801 triam
731 4759 894 4798 suam
921 4742 979 4796 in
995 4745 1343 4814 potestatem
1373 4740 1602 4811 redigit,
1631 4745 1688 4794 et
1709 4743 2023 4797 Gothorum
2046 4758 2170 4812 pro-

535 4837 781 4891 vinciam
812 4836 964 4891 facit.
998 4834 1477 4907 Hermenegildus
1502 4833 1561 4888 in
1590 4835 1728 4890 urbe
1755 4836 2168 4891 Tarraconensi

536 4947 570 4999 β
605 4929 858 4984 Sisberto
888 4929 1251 4984 interﬁcitur.

603 5023 807 5094 pfguci
839 5023 1078 5078 Galliam
1103 5023 1534 5077 Narbonensem
1565 5037 1842 5094 occupare
1875 5021 2168 5094 cupientes

528 5151 658 5190 cum
685 5125 934 5186 exercitu
977 5113 1225 5195 ingressi
1256 5133 1268 5171 :
1303 5117 1364 5171 in
1415 5132 1660 5186 quorum
1701 5116 2168 5187 congressionem

529 5223 888 5297 Leovigildus
918 5213 1279 5276 Recaredum
1320 5209 1505 5268 ﬁlium
1550 5206 1776 5266 obviam
1821 5209 2074 5279 mittens,
2113 5213 2170 5266 et

532 5323 886 5378 Francorum
913 5318 1000 5369 est
1026 5313 1096 5367 ab
1128 5327 1195 5366 eo
1227 5305 1507 5364 exercitus
1538 5304 1818 5376 repulsus,
1847 5308 1905 5360 et
1932 5304 2167 5376 provin-

529 5417 614 5470 cia
640 5410 921 5469 Gallacia
954 5404 1188 5480 [Gallia]
1218 5403 1289 5458 ab
1307 5416 1513 5456 eorum
1538 5399 1905 5454 infestatione
1927 5404 2013 5454 est
2031 5398 2171 5453 lihe-

532 5513 676 5564 rata.
712 5507 913 5562 Castra
934 5517 1068 5556 vero
1101 5499 1215 5553 duo
1237 5513 1364 5552 cum
1390 5494 1567 5549 nimia
1592 5494 1894 5548 hominum
1917 5493 2171 5547 multitu-

534 5600 690 5666 dine,
725 5613 902 5651 unum
933 5610 1092 5666 pace,
1127 5592 1370 5646 alterum
1404 5585 1558 5642 bello
1602 5589 1860 5656 occupat.
1907 5587 2167 5640 Castrum

534 5707 669 5744 vero
701 5689 858 5760 quod
897 5687 1185 5742 Hodierno
1220 5685 1472 5749 vocatur,
1525 5679 1876 5734 tutissimum
1919 5678 2079 5732 valde
2109 5679 2167 5732 in

537 5783 663 5850 ripa
689 5781 954 5834 Rhodani
978 5777 1234 5832 fluminis
1253 5775 1488 5847 ponitur
1507 5791 1520 5839 ;
1542 5772 1692 5843 quod
1721 5771 2045 5826 Recaderus
2071 5787 2166 5826 rex

538 5871 853 5934 fortissima
871 5887 1069 5945 pugna
1087 5883 1393 5946 aggressus
1407 5865 1675 5934 obtinuit,
1700 5867 1758 5917 et
1783 5863 1961 5919 victor
1975 5864 2049 5919 ad
2065 5881 2162 5935 pa-

2341 4653 2504 4705 Anno
2534 4665 2608 4705 vn
2642 4646 2914 4716 Mauricii,
2949 4649 3046 4721 qui
3079 4652 3164 4704 est
3192 4646 3467 4704 Recaredi
3501 4647 3656 4720 regis
3705 4666 3764 4705 ιιι
3815 4666 3911 4703 an-

2271 4761 2397 4813 nus,
2429 4743 2612 4800 Uldila
2630 4743 2926 4815 episcopus
2939 4760 3070 4799 cum
3086 4744 3402 4799 Gosuintha
3412 4761 3472 4798 re
3481 4743 3618 4814 gina
3631 4743 3907 4798 insidian-

2268 4840 2355 4891 tes
2371 4837 2665 4893 Recaredo
2686 4838 3129 4892 manifestantur
3153 4855 3167 4903 ;
3197 4841 3254 4892 et
3277 4837 3410 4892 ﬁdei
3433 4837 3732 4893 catholica
3749 4854 3905 4892 com-

2270 4932 2606 4986 munionem
2625 4948 2802 5002 quam
2821 4932 2925 4985 sub
2953 4931 3135 5003 specie
3146 4931 3467 4988 Christiana
3494 4931 3659 5001 quasi
3674 4949 3911 4987 sumen-

2271 5028 2354 5079 tes
2379 5025 2704 5096 projiciunt,
2727 5025 3114 5095 publicantur.
3149 5024 3314 5089 Quod
3334 5025 3553 5078 malum
3568 5025 3629 5079 in
3651 5025 3911 5096 cognitio

2271 5136 2406 5174 nem
2420 5119 2724 5174 hominum
2745 5119 3073 5185 deductum,
3116 5118 3296 5172 Uldila
3323 5117 3519 5173 exsilio
3546 5118 3905 5174 condemna-

2269 5215 2397 5279 tur;
2432 5211 2746 5268 Gosuintha
2781 5229 2917 5268 vero
2953 5211 3248 5268 catholicis
3279 5227 3506 5284 semper
3538 5211 3752 5267 infesta
3781 5213 3908 5266 vita

2267 5308 2403 5361 tunc
2431 5299 2741 5361 terminum
2771 5305 2948 5362 dedit.
2987 5307 3330 5362 Francorum
3359 5306 3685 5362 exercitusa
3707 5307 3907 5362 Gonte—

2267 5416 2408 5456 rano
2437 5417 2574 5472 rege
2598 5400 2986 5468 transmissns,
3006 5401 3225 5456 Bosone
3242 5400 3480 5468 duce,in
3503 5399 3748 5456 Galliam
3767 5400 3902 5455 Nar-

2267 5494 2588 5550 bonensem
2619 5494 2951 5562 obveniunt,
3000 5498 3058 5550 et
3085 5495 3249 5565 juxta
3274 5495 3794 5550 Carcassonensem
3821 5511 3904 5549 ur-

2268 5588 2399 5643 bem
2428 5592 2613 5644 castra
2634 5589 2840 5645 metati
2870 5593 3019 5644 sunt.
3045 5590 3147 5645 Cui
3170 5587 3440 5644 Claudius
3467 5587 3775 5642 Lusitania
3798 5588 3902 5643 dux

2269 5699 2302 5736 a
2348 5683 2634 5738 Recaredo
2671 5700 2807 5754 rege
2845 5684 3098 5738 directus
3141 5682 3367 5738 obviam
3408 5681 3553 5736 inibi
3608 5682 3898 5736 occurrit:

2267 5792 2399 5830 cum
2426 5793 2540 5847 quo
2573 5777 2978 5850 congressione
3006 5777 3178 5844 facta,
3209 5774 3411 5831 Franci
3444 5775 3503 5829 in
3547 5775 3754 5845 fugam
3781 5790 3899 5830 ver-

2269 5870 2484 5935 tuntur,
2521 5874 2578 5923 et
2610 5871 2835 5940 direpta
2869 5875 3051 5926 castra
3080 5872 3450 5939 Francorum,
3481 5872 3540 5923 et
3566 5869 3848 5926 exercitus
3871 5885 3900 5926 α
