4034 6228
209 303 319 355 869

1002 300 1296 357 SANCTUS
1334 296 1643 357 LEANDER
1685 303 1940 357 HISPAL.
1983 302 2363 357 EPISCOPUS.
2393 292 2764 358 -ΝΟΤΙΤΙΑ.

3477 314 3580 365 870

204 406 409 461 Gothis
432 406 688 462 caeditur.
718 410 779 462 lu
805 408 915 462 hoc
932 424 1074 480 ergo
1100 410 1409 465 certamine
1429 410 1611 482 gratia
1630 410 1838 478 divina,
1866 425 1925 498 Α
1946 426 2042 481 ges
2070 410 2148 464 ita
2176 408 2447 465 radicitus
2473 413 2765 481 amputata
2811 414 2896 465 est
2919 451 2933 479 ,
2982 409 3275 468 insistente
3322 414 3577 488 principe

206 504 270 555 et
308 501 446 555 ﬁdes
476 501 749 556 catholica
774 518 947 574 quam
973 503 1289 558 Recaredus
1330 521 1426 559 rex
1457 504 1517 558 in
1549 504 1744 559 Gothis
1773 504 1842 558 ﬁ-

208 593 419 647 deliter
441 594 679 665 adeptus
705 600 806 663 est,
835 611 954 650 esse
984 595 1236 651 noscitur
1261 601 1492 668 operata
1527 616 1540 651 :
1572 598 1843 669 quoniam

207 702 327 739 non
361 691 445 741 est
473 687 700 743 difﬁcile
744 688 855 742 Deo
886 694 1096 755 nostro,
1128 689 1174 742 si
1206 689 1263 743 in
1294 690 1490 761 paucis
1521 690 1599 760 [Si
1628 690 1842 761 paucis]

204 794 325 833 una
374 780 433 833 in
487 781 686 835 multis
730 781 870 845 (Una
917 783 1133 852 multis]
1186 782 1354 837 detur
1388 783 1639 838 victoria.
1699 785 1840 837 Nam

205 872 476 927 Claudius
505 874 621 927 dux
651 891 781 929 cum
810 891 900 928 ccc
926 875 1057 928 viris
1094 891 1159 931 1.x
1186 876 1362 929 millia
1391 877 1568 930 ferme
1597 877 1841 931 Franco-

204 981 342 1019 rum
370 966 623 1021 noscitur
650 967 956 1038 infugasse,
976 971 1034 1022 et
1058 969 1364 1024 maximam
1386 985 1586 1024 eorum
1620 973 1843 1040 partem

205 1058 401 1129 gladio
426 1060 750 1115 trucidasse.
783 1062 904 1115 Non
923 1061 1208 1117 immerito
1237 1063 1381 1117 Deus
1407 1063 1670 1118 laudatur
1694 1066 1837 1118 tem-

202 1152 443 1223 poribus
466 1154 673 1207 nostris
698 1154 759 1208 in
784 1154 891 1208 hoc
930 1155 1123 1225 prmho
1157 1171 1277 1211 esse
1307 1159 1571 1227 operatus
1589 1196 1603 1223 ,
1638 1156 1737 1228 qui
1764 1157 1838 1210 si-

204 1246 424 1300 militer
443 1251 577 1301 ante
606 1248 789 1301 multa
814 1251 1139 1319 temporum
1165 1249 1343 1320 spatia
1364 1266 1466 1320 per
1484 1266 1719 1304 manum
1744 1251 1843 1305 du-

205 1338 288 1394 cis
316 1340 597 1395 Gedeonis
629 1341 803 1396 ucccll
830 1341 966 1396 viris
994 1343 1173 1396 multa
1201 1342 1380 1397 millia
1409 1342 1841 1399 Madianitarum

204 1434 308 1489 Dei
339 1435 551 1505 populo
575 1434 967 1489 infestantium
994 1418 1244 1491 noscitur
1271 1436 1622 1493 exstinxisse.

278 1531 447 1581 Anno
476 1543 573 1583 vui
605 1528 857 1582 Mauricii
888 1528 1243 1599 imperatoris
1263 1572 1277 1598 ,
1309 1529 1410 1600 qui
1454 1535 1538 1585 est
1568 1532 1840 1586 Becaredi

201 1637 261 1675 1v
288 1637 494 1691 annus,
524 1624 714 1675 sancta
743 1622 989 1692 synodus
1012 1622 1406 1693 episcoporum
1442 1623 1612 1678 totius
1640 1624 1836 1695 Hispa-

202 1714 344 1783 nias,
375 1714 567 1769 Galliae
593 1719 649 1769 et
676 1715 950 1769 Callaecia:
978 1714 1037 1769 in
1066 1716 1206 1770 urbe
1235 1717 1524 1786 Toletana,
1552 1721 1839 1789 praecepto

1945 506 2258 558 memorato
2300 504 2585 558 Recaredo
2623 519 2780 575 rege,
2812 507 2879 559 ut
2902 504 3143 560 ulterius
3165 522 3284 562 non
3313 509 3574 579 pullulet,

1943 598 2216 651 catholica
2262 597 2475 669 ubique
2516 614 2653 668 pace
2685 596 2814 652 data
2842 598 3117 654 Ecclesiis.
3151 601 3279 656 Hec
3308 618 3447 675 ergo
3472 621 3575 660 ne-

1942 689 2109 744 fanda
2158 689 2409 758 haeresis,
2459 690 2749 745 secundun
2796 691 2947 763 quod
3011 693 3289 764 scriptum
3339 701 3451 766 est,
3502 702 3578 753 De

1943 784 2096 837 domo
2126 786 2341 838 Domini
2368 786 2508 838 emiet
2536 786 2760 839 tentatio
2785 785 2856 838 ab
2880 786 3387 857 Alemandria,etc.,
3418 791 3575 847 dete-

1945 882 2111 948 gente
2142 881 2333 932 sancto
2369 876 2687 933 Alexandro
2705 878 2960 948 ejusdem
2985 880 3140 935 urbis
3159 882 3441 955 episcOpo,
3471 901 3579 957 per

1941 970 2137 1025 Arium
2166 970 2563 1042 presbyterum
2592 970 2824 1026 inolevit
2853 987 2866 1026 :
2892 973 2989 1044 qui
3019 974 3079 1029 in
3112 974 3336 1031 Nicena
3360 979 3575 1049 synodo

1944 1080 2131 1120 cccxix
2173 1064 2564 1135 episcoporum
2586 1064 2803 1135 judicio
2822 1108 2835 1133 ,
2862 1066 3139 1138 vigesimo
3169 1069 3397 1140 imperii
3425 1073 3571 1128 Con-

1941 1157 2173 1213 stantini
2239 1157 2477 1212 senioris
2549 1174 2698 1213 anno
2755 1160 3095 1230 synodaliter
3146 1162 3571 1222 damnationem

1943 1267 2073 1306 cum
2099 1251 2334 1323 proprio
2363 1267 2553 1306 errore
2580 1252 2845 1324 suscepit.
2866 1254 3003 1317 Quae
3030 1259 3156 1325 post
3184 1256 3306 1311 haec
3332 1274 3449 1314 non
3480 1277 3570 1315 so-

1940 1344 2061 1399 lum
2093 1345 2337 1400 Orientis
2381 1349 2439 1399 et
2485 1345 2797 1401 Occidentis
2825 1351 3047 1417 partem
3087 1351 3417 1421 maculavit,
3475 1355 3572 1408 sed

1940 1442 1997 1492 et
2018 1438 2382 1493 Meridianam
2410 1444 2466 1494 et
2495 1438 2928 1509 Septemtrionis
2952 1440 3203 1512 plagam,
3236 1448 3293 1499 et
3316 1445 3464 1516 ipsas
3488 1445 3571 1501 in-

1940 1532 2087 1585 sulas
2131 1547 2230 1584 sua
2260 1531 2495 1602 perﬁdia
2521 1530 2780 1586 irretivit.
2827 1535 2871 1585 A
2924 1533 3195 1603 vigesimo
3244 1552 3381 1609 ergo
3423 1539 3567 1595 Con-

1939 1624 2175 1679 stantini
2203 1624 2474 1695 principis
2504 1640 2673 1693 anno,
2704 1641 2818 1697 quo
2837 1630 3093 1698 tempore
3117 1628 3348 1685 haeresis
3366 1631 3571 1688 Ariana

1937 1716 2167 1772 initium
2192 1716 2455 1788 sumpsit,
2488 1733 2667 1788 usque
2696 1717 2758 1772 in
2795 1723 3054 1775 octavum
3077 1737 3292 1777 annum
3322 1724 3569 1781 Mauricii

202 1812 481 1884 principis
533 1813 806 1869 Recaredi
843 1819 1227 1885 congregatur
1278 1814 1671 1885 episcoporum
1725 1833 1835 1870 nu-
1859 1794 1915 1865 B
1938 1810 2207 1881 principis
2252 1812 2666 1880 Romanorum,
2711 1812 2812 1882 qui
2862 1817 2947 1867 est
2996 1813 3269 1870 Recaredi
3330 1824 3565 1889 quartus

201 1922 369 1961 mero
400 1922 527 1976 LIII,
552 1907 613 1960 in
633 1923 747 1977 qua
774 1907 989 1977 synodo
1020 1907 1289 1962 intererat
1314 1912 1663 1962 memoratus
1682 1908 1837 1963 Chri-

201 1999 583 2055 stianissimus
615 2001 948 2070 Recaredus,
991 2000 1249 2055 ordinem
1292 2002 1674 2056 conversionis
1722 2019 1837 2057 suae

203 2099 264 2149 et
293 2093 554 2147 omnium
586 2094 939 2148 sacerdotum
958 2136 971 2163 ,
1000 2094 1087 2148 vel
1126 2095 1308 2165 gentis
1338 2095 1588 2149 Gothicae
1618 2096 1834 2150 confes-

202 2186 423 2241 sionem
460 2190 616 2241 tomo
652 2187 919 2259 scriptam
962 2203 1137 2241 manu
1188 2204 1288 2241 sua
1336 2188 1614 2259 episcopis
1652 2189 1835 2260 porri-

205 2297 367 2352 gens,
400 2283 457 2335 et
485 2280 677 2335 omnia
697 2298 824 2351 qua).
841 2282 909 2335 ad
927 2281 1337 2351 professionem
1354 2281 1487 2336 ﬁdei
1507 2282 1836 2337 orthodoxa:

200 2374 513 2445 pertinent,
547 2361 931 2444 innotescens;
961 2376 1122 2445 cujus
1142 2375 1282 2429 tomi
1311 2376 1570 2430 ordinem
1591 2376 1839 2430 decrevit

81 2460 89 2466 ”
200 2471 398 2522 sancta
430 2467 823 2538 episcoporum
843 2468 1091 2539 synodus
1110 2468 1391 2522 canonicis
1411 2468 1692 2540 applicare
1710 2485 1834 2523 mo-

198 2561 516 2616 numentis.
567 2561 802 2616 Summa
846 2565 1038 2615 tamen
1070 2561 1353 2632 synodalis
1404 2562 1617 2634 negotii
1665 2577 1837 2633 penes

199 2660 467 2709 sanctum
502 2655 818 2709 Leandrum
840 2654 1183 2726 Hispalensis
1205 2654 1461 2709 Ecclesia
1484 2656 1831 2728 episcopum,

199 2752 261 2802 et
286 2747 678 2802 beatissimum
705 2747 1043 2818 Eutropium
1082 2747 1392 2802 monasteri
1423 2747 1697 2802 Servitani
1734 2749 1833 2803 ab-

198 2839 395 2894 batem
428 2839 551 2894 fuit.
586 2841 921 2895 Memoratus
954 2856 1085 2894 vero
1107 2840 1422 2895 Recaredus
1442 2856 1563 2910 rex,
1595 2845 1661 2895 ut
1686 2840 1830 2895 dixi-

198 2950 355 3001 mus,
390 2938 585 2988 sancto
616 2934 891 2988 intererat
919 2933 1156 2988 concilio
1180 2950 1455 2987 renovans
1484 2934 1835 3005 temporibus

200 3027 412 3081 nostris
431 3027 730 3097 antiquum
752 3027 1068 3097 principem
1096 3026 1525 3081 Constantinum
1560 3043 1833 3097 magnum

200 3126 455 3175 sanctam
486 3120 763 3191 synodum
794 3120 1076 3173 Nicaauam
1107 3136 1205 3173 sua
1246 3119 1551 3173 illustrasse
1577 3136 1829 3191 praesen-

198 3214 321 3269 tia:
354 3230 455 3268 nec
490 3231 604 3268 non
637 3219 693 3268 et
712 3212 1053 3269 Marcianum
1081 3212 1622 3268 Christianissimum
1648 3214 1829 3284 impe-

197 3314 450 3363 ratorem
469 3349 485 3374 ,
517 3308 675 3377 cujus
704 3307 969 3360 instantia
999 3306 1467 3361 Chalcedonensis
1507 3307 1705 3379 synodi
1731 3307 1829 3361 de-

198 3407 355 3456 creta
382 3401 627 3455 formata
650 3402 800 3455 sunt.
833 3399 1127 3471 Siquidem
1147 3404 1204 3454 et
1226 3400 1288 3454 in
1317 3400 1524 3454 Nicena
1542 3401 1683 3454 urbe
1718 3400 1833 3454 hae-

195 3495 340 3549 resis
367 3494 575 3548 Ariana
596 3499 652 3549 et
663 3494 893 3548 initium
918 3482 1159 3564 sumpsit
1183 3498 1240 3548 et
1264 3493 1687 3548 damnationem
1707 3510 1828 3548 me-

194 3588 335 3656 ruit,
400 3586 681 3641 radicibus
742 3603 856 3640 non
911 3585 1238 3657 amputatis.
1297 3586 1647 3641 Chalcedone
1697 3601 1829 3641 vero

194 3680 485 3735 Nestorius
515 3685 573 3735 et
602 3680 909 3751 Eutychius
938 3696 1058 3733 una
1101 3695 1236 3733 cum
1276 3679 1543 3734 Dioscoro
1576 3680 1829 3750 ipsorum

194 3778 462 3846 patrono,
494 3778 551 3828 et
574 3773 882 3827 haeresibus
911 3773 1158 3844 propriis
1195 3772 1553 3827 condemnati
1581 3777 1731 3826 sunt.
1769 3774 1827 3826 In

196 3867 306 3923 hac
336 3883 468 3921 vero
498 3871 691 3921 sancta
716 3866 982 3921 Toletana
1010 3865 1225 3936 synodo
1268 3864 1385 3920 Arii
1428 3865 1668 3936 perﬁdia
1703 3872 1829 3936 post

194 3959 401 4034 longas
425 3960 840 4015 Catholicorum
870 3975 1033 4014 neces
1062 3964 1230 4030 atque
1260 3959 1656 4015 innocentium
1681 3963 1824 4013 stra-

266 4094 293 4125 ⁸
324 4086 588 4142 Rescribe
632 4103 744 4143 ccc.
792 4086 915 4141 Vid.
970 4086 1098 4141 Jud.
1149 4103 1240 4155 vn,
1301 4090 1351 4140 7.
1403 4086 1609 4140 Locum
1655 4086 1825 4141 istum

194 4158 523 4232 preteriere
549 4158 799 4229 Scaliger
827 4162 883 4212 et
920 4157 1192 4213 Canisius.

1938 1903 2101 1975 regni
2133 1919 2345 1972 annus,
2377 1904 2512 1958 anni
2549 1907 2683 1959 sunt
2726 1920 2932 1974 CCLXVI,
2965 1907 3174 1977 quibus
3203 1910 3447 1966 Ecclesia
3475 1930 3568 1967 ca-

1937 1996 2146 2051 tholica
2185 1996 2356 2067 hujus
2381 1997 2613 2052 haeresis
2637 1997 3000 2053 infestatione
3026 2000 3316 2058 laboravit.
3347 2004 3453 2061 Sed
3481 2007 3566 2062 fa-

1937 2094 2101 2145 vente
2132 2091 2240 2145 Deo
2269 2090 2421 2156 vicit,
2445 2090 2717 2162 quoniam
2756 2091 2990 2147 fundata
3021 2099 3102 2149 est
3125 2111 3296 2166 super
3320 2104 3562 2169 petram.

1938 2186 1999 2238 In
2033 2183 2120 2237 his
2163 2199 2301 2254 ergo
2353 2183 2706 2255 temporibus
2747 2185 2954 2255 quibus
2995 2188 3353 2259 omnipotens
3400 2192 3566 2264 Deus,

1936 2281 2217 2349 prostrato
2252 2281 2560 2332 veternosus
2613 2278 2844 2333 haeresis
2894 2296 3139 2348 veneno,
3195 2299 3392 2353 pacem
3447 2303 3567 2342 sum

1937 2371 2182 2426 restituit
2228 2370 2509 2439 Ecclesiae,
2555 2371 2868 2443 imperator
2909 2374 3207 2430 Persarum
3233 2377 3437 2433 Christi
3469 2396 3560 2435 sud

1937 2465 2113 2535 scepit
2155 2464 2347 2533 ﬁdem,
2391 2469 2449 2520 et
2485 2480 2688 2535 pacem
2725 2481 2856 2519 cum
2906 2468 3172 2522 Mauricio
3223 2468 3565 2541 imperatore

1937 2558 2202 2613 ﬁrmavit.
2243 2558 2529 2613 Recaredo
2559 2575 2696 2629 ergo
2726 2559 3041 2614 orthodoxo
3081 2562 3271 2633 quieta
3305 2580 3439 2635 pace
3470 2582 3559 2622 re-

1937 2655 2167 2723 gnante,
2200 2651 2519 2706 domesticae
2548 2652 2769 2707 insidiae
2796 2655 3251 2723 praetenduntur.
3285 2658 3422 2713 Nam
3442 2658 3559 2731 quid

1936 2745 2068 2799 dam
2093 2762 2163 2800 ex
2193 2746 2447 2801 cubiculo
2474 2746 2595 2815 ejus
2632 2745 2802 2801 etiam
2832 2747 3132 2817 provinciae
3164 2750 3299 2817 dux,
3330 2753 3561 2810 nomine

1934 2838 2322 2909 Argimundus
2350 2881 2364 2908 ,
2411 2839 2677 2893 adversus
2707 2840 3057 2895 Recaredum
3087 2859 3284 2914 regem
3304 2842 3563 2915 tyranni-

1934 2932 2063 2986 dem
2110 2948 2394 2987 assumere
2436 2933 2688 3002 cupiens,
2735 2933 2818 2987 ita
2862 2939 2946 3003 ut,
2991 2936 3039 2989 si
3079 2942 3285 3007 posset,
3333 2954 3464 2995 eum
3506 2945 3563 2996 et

1933 3041 2111 3096 regno
2140 3026 2389 3096 privaret
2418 3029 2474 3079 et
2498 3026 2628 3079 vita.
2666 3026 2773 3081 Sed
2799 3027 3027 3082 nefandi
3057 3029 3179 3099 ejus
3210 3031 3424 3086 consilii
3458 3031 3558 3089 de-

1931 3120 2077 3171 tecta
2113 3118 2549 3184 machinatione,
2596 3120 3057 3190 comprehensus,
3109 3127 3165 3177 et
3210 3122 3268 3177 in
3319 3125 3557 3182 vinculis

1937 3162 2077 3171 -w...
2113 3162 2549 3184 .--κνμηηηημη
2597 3162 3057 3190 νυ...,ην..υ..υι.υ,
3109 3162 3165 3177 υ..
3210 3162 3268 3177 ιιι
3329 3162 3557 3182 nucum

1854 3162 2129 3265 Cferreis
2158 3211 2434 3281 redactus,
2482 3211 2675 3265 habita
2724 3212 3087 3282 discussione,
3127 3216 3258 3271 socii
3310 3218 3432 3289 ejus
3457 3219 3560 3275 im-

1931 3304 2084 3375 piam
2113 3304 2596 3359 machinationem
2621 3305 2861 3360 confessi
2880 3308 3162 3379 condigna
3188 3316 3318 3365 sunt
3343 3312 3559 3370 ultione

1931 3396 2228 3452 interfecti.
2262 3399 2383 3468 Ipse
2407 3402 2599 3452 autem
2623 3394 3014 3470 Argimundus
3041 3402 3142 3472 qui
3176 3420 3421 3475 regnum
3463 3423 3553 3461 as-

1931 3506 2154 3545 sumere
2183 3489 2475 3561 cupiebat,
2505 3490 2758 3561 primum
2784 3493 3109 3549 verberibus
3134 3496 3518 3570 interrogatus
3539 3541 3553 3567 ,

1929 3582 2131 3637 deinde
2160 3584 2403 3653 turpiter
2431 3583 2780 3654 decalvatus,
2813 3591 2939 3656 post
2966 3587 3089 3641 haec
3123 3589 3320 3644 dextra
3353 3607 3554 3664 ampu-

1927 3679 2061 3745 tata,
2104 3676 2429 3747 exemplum
2463 3676 2729 3731 omnibus
2765 3677 2825 3732 in
2868 3680 3133 3735 Toletana
3175 3683 3337 3752 urbe,
3384 3685 3555 3740 Asino

1928 3768 2127 3823 sedens
2168 3768 2538 3840 pompizando
2582 3769 2768 3837 dedit,
2818 3775 2875 3827 et
2919 3772 3112 3828 docuit
3162 3775 3401 3833 famulos
3456 3777 3553 3834 do-

1928 3861 2092 3917 minii
2114 3862 2141 3902 b
2155 3877 2271 3917 non
2296 3877 2415 3918 esse
2444 3862 2732 3934 superbos.

2019 4085 2154 4168 b-lta‘
2189 4080 2451 4168 Scaliger.
2486 4085 2558 4168 At
2583 4082 2839 4168 Canisius
2867 4086 2926 4168 in
2957 4089 3092 4168 edit.
3140 4091 3400 4168 Basnag.,
3441 4101 3550 4155 Do-

1924 4158 2081 4211 mini.
2115 4157 2251 4221 Quae
2281 4156 2513 4228 quidem
2539 4157 2691 4213 haud
2718 4160 2909 4230 paucis
2934 4166 2989 4217 et
3012 4162 3230 4219 lacunis
3253 4156 3485 4225 laborat.

194 4317 3551 4361 Μ

1596 4486 1806 4534 EODEM
1852 4486 2139 4535 TEMPORE
2148 4517 2159 4532 .

487 4612 1741 4832 SANCTUS
1864 4616 3249 4865 LEANDER,

999 4914 1884 5028 HISPALENSIS
1960 4913 2729 5073 EPISCOPUS.

187 5112 3561 5169 —

197 5156 3559 5184 W

1478 5268 2297 5392 NOTITIA.

1722 5427 1816 5485 (Ex
1851 5428 2024 5491 Cave.)

262 5653 534 5719 Leander,
570 5656 738 5723 gente
788 5651 1100 5722 Hispanus,
1132 5651 1300 5705 domo
1343 5649 1820 5720 Carthaginensis,

191 5748 476 5803 Severiani
504 5747 686 5817 (cujus
721 5760 971 5800 sororem
1002 5745 1283 5801 Sanctiam
1311 5744 1371 5799 in
1398 5760 1637 5799 uxorem
1665 5742 1828 5799 duxit

190 5841 574 5899 Theodoricus
619 5839 1092 5913 Ostrogothorum
1116 5839 1236 5910 rex)
1264 5854 1330 5894 ac
1355 5838 1611 5893 Turturse
1652 5836 1822 5906 ﬁlius,

1926 5650 2118 5705 lsidori
2146 5651 2482 5724 Hispalensis
2506 5653 2680 5710 frater
2698 5658 2834 5713 natu
2853 5652 3057 5732 major,
3080 5663 3206 5735 post
3221 5664 3551 5731 diuturnam

1924 5744 2056 5799 vitae
2108 5746 2433 5802 monasticae
2479 5749 2887 5819 professionem
2917 5755 3255 5829 Hispalensis
3292 5762 3552 5824 Ecclesiae

1926 5837 2376 5914 archiepiscopus
2405 5840 2590 5899 factus
2615 5851 2721 5901 est.
2767 5846 2982 5904 Claruit
3010 5867 3158 5909 anno
3186 5857 3309 5929 583,
3339 5874 3452 5931 quo
3480 5859 3552 5923 ab
