4034 6228
462 297 554 346 871

1223 291 1312 345 DE
1349 291 1602 346 SANCTO
1639 289 1958 346 LEANDRO
1997 288 2316 344 EPISCOPO
2354 287 2610 345 HISPAL.
2652 290 3071 348 TESTIMONIA.

3728 293 3828 345 872

465 399 886 470 Hermenigildo
912 399 1185 470 principc,
1208 415 1378 470 quem
1406 400 1477 452 ob
1496 399 1628 453 ﬁdei
1655 399 1949 453 catholicae
1980 403 2092 453 stu-
2114 413 2172 485 Α
2191 397 2366 453 Toleti
2387 404 2513 470 post
2541 400 2758 454 ﬁnitam
2791 401 3074 472 synodum
3098 399 3311 469 habita,
3343 399 3560 453 Concil.
3589 403 3732 452 tom.
3767 401 3825 458 V,

463 495 621 548 dium
643 497 860 548 armata
884 510 1055 546 manu
1081 494 1409 564 persecutus
1441 496 1524 546 est
1555 492 1913 563 Leuvigildus
1933 496 2093 562 pater

462 589 774 642 Gothorum
793 587 852 641 in
878 587 1138 657 Hispania
1150 603 1269 653 rex,
1288 586 1358 639 ad
1380 585 1665 639 Tiberium
1687 585 2091 656 imperatorem

462 681 1006 751 Constantinopolim
1027 681 1246 749 legatus
1265 682 1368 746 est,
1391 683 1456 732 ut
1480 678 1764 749 suppetias
1790 679 2088 746 obtineret;

363 851 365 854 ι
463 776 614 846 quod
646 775 874 846 quidem
911 773 1146 827 feliciter
1193 772 1394 838 effecit,
1429 788 1810 843 magnamque
1840 772 1917 826 ibi
1962 788 2091 825 cum

463 868 730 939 Gregorio
773 867 1006 921 diacono
1050 865 1260 936 Pelagii
1297 882 1462 936 papa:
1490 865 1847 936 apocrisiario
1891 865 2089 919 amici-

465 962 603 1016 tiam
637 961 779 1014 iniit.
811 963 871 1013 In
901 958 1222 1029 Hispaniam
1252 975 1530 1024 reversus,
1559 975 1709 1012 anno
1743 959 1865 1024 584,
1896 975 1928 1011 a
1947 959 2088 1012 Leu-

464 1054 672 1124 vigildo
695 1068 827 1122 rege
847 1051 1041 1105 exsilio
1061 1052 1330 1105 multatus
1347 1054 1430 1106 est
1452 1067 1463 1104 :
1487 1051 1584 1122 qui
1614 1056 1806 1106 tamen
1835 1067 1984 1104 anno
2000 1067 2089 1105 se-

463 1147 658 1217 quenti
679 1147 798 1216 jam
825 1145 995 1198 morti
1021 1145 1236 1198 vicinus
1262 1145 1390 1199 facti
1429 1145 1757 1215 ptenitentia
1782 1144 1983 1198 ductus
2011 1149 2094 1198 est

465 1245 521 1297 et
549 1239 925 1294 Reccaredum
953 1239 1134 1292 tilium
1180 1238 1419 1292 Leandri
1466 1255 1616 1292 cura).
1655 1237 2088 1292 commendavit.

462 1334 715 1388 Leander
743 1337 964 1387 tantum
999 1332 1336 1402 discipulum
1371 1336 1570 1386 nactus
1604 1331 1798 1385 sedulo
1821 1331 2089 1397 excoluit,

463 1432 522 1484 et
540 1427 610 1481 ab
631 1427 836 1480 Ariana
856 1425 1060 1480 hteresi
1076 1426 1264 1496 primo
1281 1441 1434 1494 eum,
1465 1425 1666 1479 deinde
1687 1425 1840 1478 illius
1867 1441 1972 1496 0pc
1991 1425 2093 1478 Go-

464 1522 695 1577 thorum
725 1524 1036 1591 magnates,
1071 1537 1134 1573 ac
1161 1519 1391 1573 tandem
1422 1522 1597 1572 totam
1634 1519 1750 1572 fere
1780 1518 2090 1572 Gothorum

465 1620 692 1687 gentem
714 1615 784 1668 ad
815 1613 1146 1668 catholicam
1178 1612 1349 1666 ﬁdem
1379 1612 1687 1680 convertit;
1723 1612 1864 1665 adeo
1891 1616 1952 1666 ut
1982 1612 2088 1665 Go-

462 1711 697 1764 thorum
750 1707 1032 1778 apostolus
1076 1706 1184 1759 dici
1223 1705 1527 1774 meruerit;
1562 1705 1890 1776 habitaque,
1938 1721 2089 1758 anno

2195 509 2324 563 pag.
2364 495 2516 547 1018.
2552 493 2785 564 Scripsit
2814 499 3110 565 praeterea,
3142 493 3212 546 ab
3248 492 3452 546 Isidoro
3482 496 3824 556 memorata,

2194 585 2289 639 sed
2307 585 2430 656 jam
2457 587 2768 657 deperdita,
2799 588 3073 641 Adversus
3118 586 3522 640 haereticorum
3561 586 3829 656 dogmata

2192 677 2363 731 libros
2396 695 2466 747 n;
2497 679 2774 734 Adversus
2806 680 3063 734 instituta
3090 680 3427 733 Arianorum
3455 678 3828 748 opusculum;

2194 771 2464 840 Epistolas
2493 773 2702 826 multas
2724 772 2794 826 ad
2823 773 3157 843 Gregorium
3183 789 3412 843 papam,
3447 772 3515 826 de
3543 771 3832 842 baptismo

2191 880 2386 934 unam,
2411 865 2646 919 alteram
2673 865 2742 920 ad
2772 865 3005 920 fratrem
3028 866 3096 920 de
3111 871 3291 918 morte
3314 882 3428 918 non
3456 865 3736 930 timenda,
3759 865 3828 917 ad

2192 963 2420 1012 caeteros
2477 975 2701 1030 quoque
2765 960 3122 1030 coepiscopos
3185 959 3460 1029 plurimas
3517 959 3832 1012 familiares

2193 1052 2482 1122 Epistolas.
2519 1072 2544 1103 ιι
2583 1055 2639 1106 In
2678 1052 3068 1106 Ecclesiasticis
3115 1052 3359 1123 denique
3392 1053 3612 1118 ofﬁciis,
3645 1052 3834 1122 inquit

2192 1145 2590 1215 lsidorus,non
2610 1162 2782 1215 parvo
2807 1145 3110 1199 elaboravit
3134 1145 3340 1200 studio.
3373 1168 3400 1194 ››
3426 1148 3486 1200 In
3525 1150 3645 1199 toto
3677 1145 3832 1200 enim

2193 1239 2458 1292 Psalterio
2502 1238 2712 1309 duplici
2761 1238 3008 1292 editione
3055 1239 3332 1294 orationes
3370 1239 3725 1308 conscripsit.
3773 1241 3831 1292 In

2192 1331 2446 1385 sacriﬁcii
2475 1347 2700 1403 quoque
2729 1331 2992 1386 laudibus
3017 1335 3187 1402 atque
3211 1331 3444 1385 Psalmis
3478 1332 3663 1385 multa
3697 1331 3831 1385 dul-

2191 1425 2380 1480 cisone
2423 1425 2758 1496 composuit.
2809 1426 2888 1478 Ex
2921 1425 3028 1479 hoc
3065 1425 3185 1478 loco
3230 1425 3492 1479 nonnulli
3538 1442 3656 1479 non
3685 1427 3832 1479 male

2196 1519 2547 1573 concludunt
2577 1519 2895 1574 Leandrum
2946 1523 3205 1572 nostrum
3246 1519 3420 1572 Missae
3473 1519 3834 1573 Mozarabicze

2189 1617 2477 1666 auctorem
2506 1612 2696 1666 fuisse.
2727 1614 2788 1667 In
2806 1612 3116 1666 Gothorum
3147 1612 3298 1666 enim
3329 1629 3494 1666 usum
3514 1612 3832 1683 Liturgiam

2191 1706 2570 1777 composuisse
2588 1705 2907 1759 Leandrum
2923 1706 3077 1760 credi
3097 1722 3198 1776 par
3223 1710 3325 1774 est,
3348 1722 3478 1776 qua:
3501 1707 3558 1758 in
3589 1706 3834 1759 Ecclesia

465 1807 588 1872 589,
620 1802 832 1874 synodo
853 1801 1118 1854 Toletana
1138 1817 1217 1867 ιιι,
1240 1799 1400 1868 cujus
1426 1816 1635 1870 magna
1664 1816 1791 1869 pars
1811 1798 1937 1866 fuit,
1963 1815 2091 1852 con-
2111 1784 2167 1855 Β
2191 1798 2453 1870 deinceps
2485 1798 2779 1869 Hispanica
2798 1814 2900 1869 per
2928 1799 3094 1869 plura
3121 1799 3325 1853 saecula
3349 1803 3644 1869 usurpata,
3667 1799 3834 1853 Missa

463 1913 652 1950 versos
681 1913 713 1948 a
743 1911 799 1947 se
823 1894 1031 1948 Gothos
1051 1893 1109 1946 in
1139 1891 1396 1946 Ecclesiae
1429 1893 1616 1945 sinum
1632 1891 1880 1958 admisit,
1905 1891 2093 1945 ortho-

465 1991 784 2060 doxamque
826 1987 996 2041 fidem
1041 1987 1298 2040 omnium
1335 1985 1744 2056 subscriptione
1773 1984 2090 2040 conﬁrmari

467 2083 618 2138 fecit.
651 2081 799 2136 Obiit
839 2097 987 2134 anno
1015 2083 1138 2134 595.
1173 2079 1268 2132 Vir
1295 2083 1437 2146 erat,
1480 2083 1620 2132 teste
1663 2078 1875 2132 Isidoro
1925 2079 2094 2132 fratre

471 2179 622 2246 (Cap.
653 2176 766 2245 28),
798 2173 981 2228 suavis
1011 2173 1260 2243 eloquio,
1284 2171 1548 2243 ingenius
1575 2171 2092 2242 praestantissimus,

468 2271 580 2325 vita
611 2285 724 2322 non
753 2268 939 2321 minus
964 2283 1136 2338 quam
1165 2266 1418 2320 doctrina
1448 2265 1813 2318 clarissimus.
1866 2265 2098 2335 Scripsit

468 2363 540 2418 ad
567 2361 905 2416 Florentiam
937 2375 1190 2412 sororem
1221 2358 1496 2429 Regulam
1517 2358 1584 2411 de
1610 2357 1963 2411 institutione
1985 2357 2095 2410 vir-

473 2457 676 2527 ginum
703 2459 758 2508 et
795 2457 1121 2522 contemptu
1166 2451 1403 2516 mundi;
1442 2468 1614 2522 quam
1655 2450 1872 2521 primus
1927 2450 2100 2503 edidit

473 2551 646 2603 Lucas
673 2546 989 2601 llolstenius
1018 2546 1078 2598 in
1103 2544 1450 2600 Collectione
1502 2545 1881 2614 Regularum,
1925 2543 2096 2597 Paris.

475 2644 632 2706 1663,
673 2643 820 2711 part.
864 2656 944 2705 ιιι,
978 2656 1034 2709 p.
1069 2641 1157 2704 89,
1190 2638 1392 2692 exinde
1430 2638 1759 2692 translatam
1795 2636 1851 2690 in
1883 2637 2097 2691 Biblio-

476 2737 624 2789 thec.
652 2736 801 2787 Patr.
846 2739 981 2787 tom.
1026 2733 1132 2801 XII,
1163 2748 1294 2802 pag.
1341 2734 1462 2784 999.
1495 2733 1684 2784 Exstat
1713 2731 1962 2801 ejusdem
1995 2731 2097 2784 ho-

474 2829 634 2885 milia
654 2829 711 2882 in
732 2827 957 2881 laudem
977 2825 1231 2880 Ecclesiae
1254 2825 1326 2878 ob
1346 2825 1768 2879 conversionem
1789 2824 2099 2879 Gothorum

2191 1893 2541 1947 Mozarabum
2557 1909 2653 1946 seu
2680 1892 2868 1963 potius
2889 1892 3259 1947 Mixtarabum
3285 1892 3559 1963 appellari
3595 1892 3832 1946 demum

2191 1985 2388 2056 coepit;
2435 1989 2738 2056 postquam
2765 1986 3072 2041 Christiani
3101 1985 3376 2039 Arabibus
3404 1985 3730 2056 Hispaniam
3761 1986 3834 2039 ab

2193 2079 2354 2133 initio
2387 2079 2578 2132 saeculi
2621 2095 2715 2134 VIII
2768 2078 3142 2133 incolentibus
3179 2079 3421 2133 immixti
3472 2079 3833 2134 Mozarabum

2194 2188 2403 2226 nomen
2431 2172 2792 2243 accepissent.
2811 2173 3032 2227 Missam
3046 2173 3230 2240 istam,
3251 2189 3283 2227 a
3305 2173 3556 2228 Leandro
3580 2174 3836 2245 primum

2195 2265 2607 2335 concinnatam,
2631 2265 2872 2320 Isidorus
2889 2267 3064 2321 frater
3097 2267 3274 2321 auxit.
3313 2267 3657 2322 Procedente
3683 2272 3832 2322 tem-

2197 2375 2336 2430 pore
2362 2359 2646 2412 variorum
2677 2360 3073 2430 episcoporum
3113 2360 3492 2414 additionibus
3531 2367 3748 2416 mutata
3778 2362 3835 2414 in

2199 2453 2456 2507 Ecclesiis
2510 2453 2845 2525 quibusdam
2901 2453 3134 2508 civitatis
3189 2455 3465 2508 Toletanae
3519 2455 3835 2509 hodienum

2202 2551 2504 2616 usurpatur
2525 2547 2565 2600 ‘.
2591 2547 2726 2600 Eam
2757 2564 2786 2601 e
2812 2547 3127 2602 Gothorum
3156 2548 3456 2602 ruderibus
3483 2549 3832 2618 suscitatam,

2201 2639 2472 2708 novisque
2515 2639 2928 2694 characteribus
2959 2640 3216 2695 vestitam
3245 2640 3421 2694 edidit
3451 2641 3541 2694 Fr.
3575 2641 3838 2697 Ximenes

2202 2732 2496 2786 cardinalis
2521 2733 2883 2788 Toleti1504.
2913 2734 3160 2788 Habetur
3204 2734 3401 2803 etiam,
3449 2736 3546 2789 sed
3589 2752 3705 2789 non
3746 2736 3835 2789 in-

2206 2830 2384 2896 tegra,
2418 2825 2476 2879 in
2503 2825 2846 2881 Bibliotheca
2871 2828 3042 2893 Patr.,
3073 2831 3209 2882 tom.
3236 2829 3428 2882 XXVII.

549 2973 572 3000 ⁸
601 2973 752 3026 Hanc
816 2969 1076 3024 dabimus
1124 2971 1271 3023 inter
1314 2973 1683 3024 monumenta
1725 2967 1970 3039 liturgiae
2018 2969 2368 3024 Mozarabicze
2407 2986 2535 3040 quae
2595 2970 2860 3041 operibus
2915 2970 3110 3024 lsidori
3160 2971 3497 3042 Hispalensis
3553 2972 3844 3043 subjicere

479 3042 847 3099 destinamus.
887 3043 1035 3096 Emr.

486 3216 935 3230 ———.———.——-—~

964 3217 1282 3228 ἡ...

969 3361 1361 3447 SANCTI
1437 3364 1961 3467 LEANDRI,
2041 3364 2773 3450 HISPALENSIS
2843 3365 3350 3451 EPISCOPI

1777 3548 2547 3706 REGULA,

2105 3760 2221 3798 SIVE

841 3869 1073 3934 LIBER
1156 3867 1254 3932 DE
1339 3866 1891 3934 INSTITUTIONE
1973 3867 2367 3933 VIRGINUM
2454 3868 2552 3932 ET
2637 3867 3108 3934 CONTEMPTU
3189 3868 3468 3944 MUNDI,

1731 4011 1808 4049 AD
1843 4011 2255 4050 FLORENTINAM
2289 4011 2575 4052 SOROREM.

1601 4112 1812 4176 (Codex
1847 4115 2162 4179 regularum
2198 4116 2365 4166 Luem
2400 4115 2716 4177 Holstenii.)

809 4376 915 4427 DE
952 4374 1273 4428 SANC'I‘O
1310 4378 1708 4430 LEANDRO
1744 4379 2122 4432 EJUSQUE
2155 4380 2500 4432 REGULA
2530 4379 2936 4433 VETERUM
2970 4378 3512 4432 TEB‘I‘IHONIA.

588 4607 1035 4682 Martyrologium
1058 4614 1209 4668 Rom.
1250 4614 1336 4668 die
1367 4617 1434 4668 27
1467 4615 1644 4677 Febr.,
1672 4617 1798 4671 item
1828 4617 1996 4680 Beda,

952 4685 1230 4739 Usuardus
1247 4727 1262 4748 ,
1302 4686 1421 4740 Ado
1447 4691 1496 4740 et
1522 4687 1641 4740 alii.

552 4779 759 4851 Hispali
788 4779 846 4832 in
876 4778 1137 4850 Hispania
1161 4779 1360 4833 natalis
1389 4779 1565 4834 sancti
1597 4781 1833 4835 Leandri
1854 4781 2106 4851 ejusdem

479 4869 716 4927 civitatis
750 4867 1012 4938 episcopi,
1073 4867 1233 4938 cujus
1271 4868 1671 4939 praedicatione
1728 4875 1784 4924 et
1831 4870 2106 4925 industria

483 4964 927 5035 Wisigothorum
984 4979 1141 5034 gens,
1189 4962 1490 5033 adjuvante
1545 4965 1859 5020 Beccaredo
1908 4983 2105 5021 eorum

480 5075 636 5130 rege,
669 5057 739 5111 ab
769 5055 974 5110 Ariana
1003 5055 1290 5126 impietate
1319 5058 1387 5112 ad
1412 5057 1742 5113 catholicam
1771 5059 1939 5115 ﬁdem
1969 5077 2102 5115 con-

479 5169 638 5210 versa
668 5155 769 5206 est.

730 5252 874 5308 Idem
900 5251 1254 5319 Martyrolog.
1282 5255 1431 5308 Rom.
1463 5254 1550 5308 die
1576 5257 1642 5308 20
1680 5257 1853 5310 Junii.

552 5346 760 5421 Hispali
791 5345 850 5400 in
893 5344 1154 5416 Hispania
1198 5345 1472 5416 depositio
1525 5352 1730 5402 sanctae
1770 5350 2104 5406 Florentium

480 5442 732 5515 virginis,
773 5439 978 5496 sororis
1005 5445 1327 5495 sanctorum
1358 5441 1595 5495 Leandri
1638 5447 1691 5498 et
1731 5444 1922 5498 Isidori
1956 5445 2098 5516 epis-

479 5552 748 5610 coporum
759 5577 772 5590 .

639 5643 878 5698 Isidorus
908 5644 1118 5713 Hispal.
1153 5644 1219 5698 de
1244 5645 1440 5713 Script.
1465 5644 1663 5699 Eccles.
1696 5659 1816 5713 cap.
1845 5646 1932 5698 28.

551 5735 800 5788 Leander
832 5736 1054 5805 genitus
1101 5739 1260 5807 patre
1305 5737 1602 5791 Severiano
1647 5737 2105 5807 Carthaginensis

483 5826 784 5893 provinciae
818 5827 1124 5895 Hiapaniae,
1174 5829 1887 5898 professionemonachus,
1938 5838 1993 5886 et
2035 5850 2100 5888 ex

2127 4630 2182 4703 ρ
2206 4617 2485 4672 monacho
2505 4616 2842 4688 Hispalensis
2858 4617 3116 4672 Ecclesia:
3138 4617 3442 4688 provinciae
3465 4617 3693 4673 Baeticae
3705 4634 3831 4673 con-

2206 4711 2435 4766 stitutus
2459 4711 2755 4782 episcopus
2783 4729 2795 4765 :
2827 4710 2911 4764 vir
2949 4711 3131 4765 suavis
3159 4711 3400 4783 eloquio,
3435 4711 3674 4782 ingenio
3701 4729 3840 4783 prae-

2205 4804 2621 4873 stantissimus;
2675 4804 2786 4858 vita
2833 4821 3056 4876 quoque
3114 4808 3337 4860 tantum
3374 4810 3544 4876 atque
3584 4806 3839 4861 doctrina

2205 4897 2564 4968 clarissimus,
2597 4902 2663 4952 ut
2689 4898 2860 4952 etiam
2888 4897 2996 4953 ﬁde
3009 4899 3129 4969 ejus
3147 4903 3316 4969 atque
3342 4899 3623 4953 industria
3642 4901 3839 4971 populi

2206 4993 2390 5064 gentis
2421 4992 2732 5046 Gothorum
2775 4993 2844 5046 ab
2876 4993 3078 5047 Ariana
3103 4992 3320 5047 insania
3348 4993 3417 5047 ad
3449 4993 3621 5048 tidem
3651 4996 3840 5050 catho-

2203 5086 2369 5141 licam
2392 5089 2830 5142 reverterentur.
2877 5086 2976 5140 Hic
3005 5103 3250 5158 namque
3269 5087 3330 5141 in
3357 5087 3540 5142 exsilii
3562 5090 3648 5143 sui
3670 5106 3836 5159 pere-

2206 5181 2524 5252 grinatione
2580 5181 2894 5253 composuit
2943 5181 3083 5235 duos
3128 5181 3394 5236 adversus
3430 5181 3840 5240 haereticorum

2204 5275 2470 5346 dogmata
2495 5275 2685 5345 libros,
2707 5274 3026 5330 eruditione
3057 5278 3380 5329 sanctarum
3407 5275 3836 5347 Scripturarum

2205 5369 2531 5438 ditissimos,
2581 5372 2686 5424 etc.
2734 5371 3014 5424 Praeterea
3055 5368 3229 5424 edidit
3258 5385 3440 5424 unum
3468 5369 3538 5425 ad
3567 5370 3843 5426 Florenti-

2204 5480 2338 5517 nam
2395 5479 2647 5518 sororem
2695 5463 2765 5518 de
2814 5461 3166 5518 Institutione
3215 5462 3538 5534 virginum,
3597 5470 3657 5518 et
3693 5468 3834 5521 Con-

2204 5561 2424 5628 temptu
2473 5557 2671 5612 mundi
2722 5556 3001 5626 libellum,
3043 5556 3343 5610 titulorum
3381 5557 3839 5613 distinctionibus

2202 5653 2605 5720 praenotatum.
2654 5650 2868 5705 Floruit
2893 5649 2996 5704 sub
3025 5650 3359 5718 Reccaredo,
3402 5650 3520 5703 viro
3564 5652 3837 5724 religioso

2202 5759 2265 5796 ac
2295 5744 2550 5815 principe
2581 5743 2844 5816 glorioso,
2875 5744 3035 5814 cujus
3064 5743 3232 5797 etiam
3272 5745 3627 5816 temporibus
3663 5747 3832 5801 mira-

2203 5834 2302 5890 bili
2327 5837 2484 5890 obilu
2511 5838 2740 5891 actualis
2767 5839 2893 5892 vita:
2926 5837 3233 5892 terminum
3267 5839 3478 5894 clausit.
