4034 6228
170 316 277 367 873

325 423 383 478 S.
416 414 705 489 Gregorius
732 421 808 475 Μ.
840 419 969 481 ΡΡ.,
998 418 1147 471 Dial.
1176 417 1270 471 lib.
1305 433 1383 485 ιιι,
1417 433 1538 488 cap.
1568 421 1657 472 31.

240 533 399 588 Sicut
426 533 764 598 multorum,
798 529 896 600 qui
923 530 995 583 ab
1034 528 1438 599 Hispaniarum
1468 529 1805 601 parentibus

1409 309 1641 365 SANCTI
1681 308 1973 366 LEANDRI
2014 309 2298 366 REGULA.

3435 312 3539 367 874

1830 422 2031 502 Αῐθω
2057 434 2320 489 corpore,
2362 422 2706 488 praesentem
2739 417 2882 473 mihi
2926 421 2980 472 te
3019 434 3246 489 semper
3283 418 3537 487 intueor,

1906 512 2041 585 quia
2072 513 2258 567 vultus
2297 510 2380 565 tui
2415 511 2737 583 imaginem
2776 511 2929 566 intra
2970 511 3161 566 cordis
3189 511 3407 568 viscera
3436 513 3541 567 im-

165 626 431 693 veniunt,
471 625 752 679 relatione
796 623 1188 694 cognovimus,
1228 639 1413 693 nuper
1457 622 1806 693 Ermigildus
1906 622 2165 677 Ρτθδεᾶηλ
2197 608 2383 676 Porto-

166 735 288 786 rex,
319 717 586 788 Livigildi
611 717 764 788 regis
790 716 1239 785 Wisigotharum
1270 715 1439 781 ﬁlius,
1484 715 1556 768 ab
1597 716 1807 771 Ariana

167 812 376 866 hmresi
434 812 508 866 ad
552 811 727 864 fidem
776 809 1117 864 catholicam
1162 809 1284 863 viro
1326 808 1804 863 reverendissimo

168 905 438 961 Leandro
471 903 822 974 Hispalitano
854 902 1378 973 episcopo,dudum
1406 901 1550 956 mihi
1582 902 1640 955 in
1669 902 1806 956 ami-

166 999 320 1053 citiis
347 996 707 1052 familiariter
738 998 961 1067 juncto,
1003 996 1314 1066 praedicate
1353 1011 1660 1050 conversus
1700 1001 1803 1050 est.

495 1117 660 1179 Idem,
690 1118 1017 1184 Praefatione
1048 1118 1105 1169 in
1136 1116 1336 1170 librum
1359 1116 1473 1171 Job.

242 1218 747 1273 Reverendissimo
770 1221 828 1271 et
852 1217 1210 1272 sanctissimo
1231 1216 1391 1271 fratri
1422 1232 1524 1271 suo
1546 1216 1807 1271 Leandre

167 1314 515 1384 coepiscopo
534 1311 843 1382 Gregorius
874 1313 927 1366 S.
944 1311 999 1365 S.
1018 1311 1081 1365 D.
1102 1310 1329 1365 Dudum
1360 1313 1437 1377 te,
1467 1310 1646 1365 frater
1670 1310 1805 1365 bea-

168 1407 416 1471 tissime,
462 1406 519 1459 in
563 1404 1202 1475 Constantinopolitana
1237 1404 1379 1457 urbe
1433 1420 1807 1473 cognoscens,

170 1517 307 1554 cum
340 1515 435 1553 me
461 1499 574 1552 illic
604 1498 755 1553 sedis
782 1497 1109 1568 apostolicae
1141 1513 1413 1568 responsa
1450 1496 1808 1567 constringe-

170 1598 327 1660 rent,
361 1597 421 1647 et
441 1596 493 1645 te
525 1592 657 1645 illuc
688 1592 945 1661 injuncta
976 1607 1080 1661 pro
1112 1589 1295 1644 causis
1320 1590 1809 1661 ﬁdeiWisigotho-

170 1703 306 1741 rum
337 1685 550 1756 legatio
572 1684 946 1755 perduxisset,
971 1700 1141 1738 omne
1160 1683 1217 1737 in
1249 1683 1358 1738 tuis
1388 1683 1639 1750 auribus,
1657 1684 1812 1754 quod

2180 699 2346 760 Idem,
2370 699 2463 753 lib.
2495 714 2568 766 iv,
2601 702 2757 770 epist.
2789 700 2876 764 46,
2905 700 2982 753 ad
3007 700 3267 755 eumdem.

1978 792 2206 857 Quanto
2235 791 2442 846 ardore
2462 791 2655 846 videre
2674 795 2727 845 te
2755 791 2965 860 sitiam,
2997 792 3134 863 quia
3162 793 3327 848 valde
3354 810 3448 848 me
3463 793 3545 848 di-

1904 884 2055 956 ligis,
2085 884 2146 938 in
2177 884 2260 938 tui
2285 884 2491 939 tabulis
2515 885 2702 940 cordis
2729 886 2904 955 leges.
2936 885 3051 940 Sed
3072 886 3206 957 quia
3233 887 3407 958 longo
3434 891 3547 941 ter-

1907 994 2104 1033 rarum
2130 978 2314 1048 spatio
2353 977 2698 1047 disjunctum
2734 981 2790 1032 te
2828 978 3023 1033 videre
3054 993 3302 1050 nequeo,
3334 998 3534 1048 unum,

1909 1071 2066 1144 quod
2096 1070 2238 1125 mihi
2270 1070 2341 1124 de
2388 1074 2443 1124 te
2481 1070 2716 1125 dictavit
2759 1072 3006 1126 charitas
3042 1072 3173 1140 feci,
3221 1077 3284 1127 ut
3326 1074 3537 1152 librum

1910 1166 2141 1235 Regule
2170 1164 2486 1235 pastoralis,
2506 1180 2681 1235 quem
2709 1164 2767 1219 in
2794 1164 3153 1237 episcopatus
3168 1166 3285 1221 mei
3306 1166 3540 1222 exordio

1910 1258 2126 1329 scripsi,
2166 1262 2225 1311 et
2261 1257 2436 1312 libros
2480 1273 2624 1328 quos
2672 1257 2731 1313 in
2773 1258 3191 1329 expositionem
3233 1260 3390 1315 beati
3436 1260 3540 1315 Job

1904 1351 2252 1423 jamdudum
2280 1367 2375 1405 me
2399 1351 2597 1406 fecisse
2620 1352 2955 1422 cognovisti,
2998 1352 3295 1408 Sanctitati
3335 1358 3537 1409 vestrae

1910 1444 2304 1499 transmittere
2336 1444 2546 1499 curavi.

2153 1539 2319 1601 Idem,
2347 1538 2442 1593 lib.
2474 1553 2570 1607 v11,
2603 1542 2760 1608 epist.
2788 1542 2908 1606 126,
2938 1540 3013 1593 ad
3042 1541 3302 1595 eumdem.

1983 1631 2310 1688 Sanctitatis
2338 1636 2449 1685 tuae
2476 1631 2697 1703 suscepi
2716 1632 3042 1702 epistolam,
3062 1633 3239 1687 solius
3252 1634 3545 1688 charitatis

1913 1726 2136 1779 calamo
2183 1724 2473 1795 scriptam.
2508 1725 2585 1778 Ex
2622 1724 2795 1778 corde
2839 1724 2997 1778 enim
3024 1725 3226 1796 lingua
3276 1726 3542 1793 tinxerat,

171 1779 424 1889 ea}.
448 1796 548 1889 me.
564 1778 922 1889 φςριίρρδεξ,
955 1776 1358 1889 amatis...
1375 1778 1551 1889 anc
1568 1776 1811 1889 Aeaea:
1832 1776 2158 1888 3.11.33};
2185 1776 2643 1889 amasse...
2662 1776 3225 1873 sensistis;
3240 1776 3543 1875 se};

172 1873 471 1940 fratribus,
501 1872 677 1926 etiam
699 1874 942 1942 cogente
967 1874 1041 1937 te,
1065 1869 1295 1941 placuit,
1315 1870 1590 1941 sicutipse
1611 1870 1814 1924 memi-

175 1966 333 2034 nisti,
367 1970 429 2020 ut
454 1966 665 2020 librum
704 1964 857 2020 beati
884 1964 989 2019 Job
1027 1979 1312 2035 exponere
1348 1964 1679 2034 importuna
1717 1981 1810 2018 me

173 2060 460 2131 petitione
491 2059 923 2131 compellerent.

264 2182 435 2243 Idem,
464 2180 559 2235 lib.
586 2197 623 2247 1,
652 2183 807 2250 epist.
842 2180 931 2247 41,
964 2180 1037 2233 ad
1060 2180 1368 2235 Leandrum
1405 2181 1728 2249 episwpum.

249 2285 329 2338 Ea
360 2299 490 2354 qua:
521 2284 582 2337 in
607 2282 761 2336 beati
785 2282 890 2337 Job
917 2282 1270 2353 expositione
1293 2282 1445 2336 dicta
1467 2282 1719 2349 fuerant,
1757 2274 1815 2335 et

173 2377 337 2433 vobis
360 2376 666 2447 dirigenda
686 2375 948 2442 scribitis,
984 2375 1092 2429 nisi
1122 2375 1418 2445 portitoris
1444 2374 1813 2446 praesentium

174 2488 272 2525 me
299 2470 592 2525 festinatio
624 2472 1077 2540 coangustasset,
1109 2473 1314 2523 cuncta
1342 2469 1502 2523 vobis
1528 2469 1816 2522 transmit-

176 2568 301 2619 tere
331 2564 456 2618 sine
487 2563 681 2633 aliqua
728 2562 1134 2618 imminutione
1176 2562 1514 2630 voluissem;
1562 2561 1814 2617 maxime

178 2658 317 2729 quia
345 2661 404 2712 et
449 2658 558 2712 hoc
598 2656 787 2728 ipsum
831 2673 974 2727 opus
1020 2656 1093 2710 ad
1144 2661 1390 2711 vestram
1432 2656 1815 2711 reverentiam

177 2751 411 2822 scripsi;
438 2755 499 2805 ut.
523 2751 575 2804 ei
599 2766 775 2821 quem
801 2767 919 2821 prae
948 2750 1171 2804 caeteris
1196 2749 1395 2820 diligo,
1427 2749 1486 2803 in
1514 2766 1647 2804 meo
1666 2749 1818 2819 judi-

176 2861 277 2899 cer
296 2844 512 2915 {labore
545 2844 875 2899 desudasse.
920 2845 1204 2899 Prmterea
1240 2844 1285 2897 si
1330 2843 1489 2897 vobis
1529 2843 1819 2913 indulgeri

175 2942 451 3009 tempora
499 2938 570 2992 ab
618 2937 1001 2993 ecclesiastica
1031 2937 1405 3009 occupatione
1441 2937 1815 3008 cognoscetis,

178 3031 324 3104 quid
343 3032 417 3087 sit
425 3031 551 3103 jam
572 3031 898 3087 faciendum
931 3032 1117 3101 scitis;
1148 3031 1412 3102 quamvis
1431 3031 1607 3086 etiam
1619 3030 1818 3085 absen-

1914 1911 2254 1982 pientesque
2288 1911 2392 1965 viri
2435 1927 2568 1965 cum
2604 1911 2898 1981 legeretur
2933 1911 3266 1981 adfuerunt,
3296 1929 3542 1984 quorum

1914 2004 2107 2059 statim
2138 2004 2353 2059 viscera
2379 2004 2437 2057 in
2466 2004 2909 2075 compunctione
2935 2012 3225 2062 commota
3254 2010 3406 2061 sunt.
3432 2010 3547 2063 Coe-

1916 2097 1997 2168 pit
2021 2096 2262 2169 quisque
2287 2097 2501 2151 amoris
2542 2113 2722 2151 manu
2762 2097 2820 2150 in
2854 2114 2956 2152 suo
2999 2099 3171 2153 corde
3216 2104 3272 2153 te
3314 2116 3540 2171 rapere,

1914 2190 2052 2262 quia
2092 2191 2154 2245 in
2200 2190 2295 2245 illa
2344 2190 2583 2261 epistola
2626 2194 2741 2245 tuae
2782 2191 2994 2245 mentis
3034 2192 3400 2247 dulcedinem
3426 2209 3544 2248 non

1915 2287 2042 2338 erat
2066 2283 2288 2351 audire,
2321 2284 2422 2338 sed
2453 2300 2709 2338 cernere.
2753 2284 3232 2339 Accendebantur
3277 2290 3336 2340 et
3368 2286 3540 2341 mira-

1915 2376 2368 2447 bantursinguli,
2392 2380 2566 2448 atque
2597 2378 2713 2448 ipse
2735 2378 2884 2448 ignis
2917 2378 3277 2433 audientium
3309 2380 3551 2436 demon-

1916 2470 2153 2537 strabat,
2175 2471 2273 2541 qui
2290 2472 2477 2525 fuerat
2493 2470 2667 2525 ardor
2681 2470 2943 2525 dicentis.
2968 2471 3083 2525 Nisi
3112 2473 3269 2526 enim
3300 2474 3458 2544 prius
3485 2475 3545 2530 in

1918 2581 1976 2617 se
1997 2564 2151 2619 faces
2174 2563 2406 2633 adeant,
2437 2564 2614 2619 alium
2641 2580 2760 2618 non
2788 2565 3161 2621 succendunt.
3194 2566 3275 2622 lbi
3304 2583 3442 2638 ergo
3466 2568 3545 2623 vi-

1919 2657 2106 2712 dimus
2132 2662 2350 2727 quanta
2369 2658 2648 2712 charitate
2676 2661 2774 2712 tua
2794 2674 2961 2712 mens
2990 2658 3211 2728 arserit,
3235 2677 3363 2732 quae
3388 2661 3467 2717 sic
3493 2668 3549 2716 et

1919 2751 2061 2805 alios
2089 2749 2368 2805 accendit.
2397 2751 2583 2806 Vitam
2614 2767 2748 2806 vero
2774 2755 3044 2821 vestram,
3072 2753 3233 2824 cujus
3260 2770 3369 2825 ego
3396 2771 3545 2810 sem-

1917 2861 2023 2915 per
2066 2860 2197 2898 cum
2238 2859 2452 2913 magna
2485 2843 2858 2899 veneratione
2899 2845 3258 2915 reminiscor,
3302 2846 3546 2903 minime

1920 2941 2217 3004 noverant,
2249 2936 2349 2990 sed
2381 2936 2463 2991 eis
2506 2936 2748 2993 altitudo
2790 2938 2961 2992 vestri
3013 2939 3203 2994 cordis
3251 2941 3438 3011 patuit
3481 2958 3548 2996 ex

1920 3030 2246 3086 humilitate
2270 3029 2571 3085 sermonis.

556 3303 1235 3379 OBSERVATIO
1286 3303 1713 3380 CRITICA
1765 3304 1875 3379 IN
1926 3263 2445 3378 REGIJLAM
2496 3302 3167 3396 SEQUENTEM.

251 3431 527 3486 Sanctum
552 3430 877 3484 Leandrum
903 3429 1295 3501 Hispalensem
1318 3429 1671 3500 episcopum,
1696 3432 1755 3483 et
1782 3430 1965 3484 sancti
1995 3428 2192 3484 lsidori
2216 3428 2456 3482 fratrem
2479 3426 2790 3495 seniorem,
2815 3427 2886 3482 ab
2917 3427 3306 3485 adolescentia
3351 3428 3550 3488 mona-

177 3519 338 3575 sticus
354 3520 484 3573 vitae
497 3521 773 3575 cultorem
784 3561 797 3587 ,
812 3536 877 3573 ac
892 3518 1279 3573 Benedictinaa
1297 3518 1610 3589 disciplina:
1624 3519 1777 3590 apud
1792 3519 2071 3590 Hispanos
2090 3518 2377 3589 insignem
2392 3520 2839 3587 propagatorem
2871 3518 3169 3586 exstitisse,
3184 3522 3552 3577 consentiunt

178 3625 418 3676 omnes;
440 3598 698 3678 quamvis
719 3609 777 3662 in
801 3609 905 3662 hac
935 3608 1204 3679 praesenti
1230 3608 1451 3679 Regula
1472 3625 1575 3679 pro
1598 3608 1916 3679 virginibus
1943 3608 2153 3679 scripta
2175 3608 2394 3661 nullam
2425 3606 2606 3660 sancti
2640 3606 2926 3661 Benedicti
2959 3610 3322 3665 mentionem
3352 3611 3544 3667 faciat.

174 3700 295 3753 Nec
316 3715 454 3753 sane
475 3714 540 3752 ex
561 3698 901 3753 talisilentio
917 3697 1134 3769 aliquid
1154 3703 1353 3753 contra
1372 3699 1553 3752 sancti
1573 3698 1823 3770 episcopi
1844 3698 2258 3753 monachatum
2287 3695 2723 3750 Benedictinum
2740 3695 2942 3749 inferri
2957 3696 3146 3765 debet,
3171 3715 3303 3754 cum
3320 3705 3550 3756 sanctus

176 3776 522 3842 Benedictus
538 3788 822 3858 Regulam
842 3804 1006 3842 suam
1037 3804 1152 3843 non
1169 3804 1273 3859 pro
1302 3788 1838 3843 sanctimonialibus
1857 3788 2108 3856 feminis,
2129 3786 2229 3841 sed
2259 3802 2363 3857 pro
2386 3784 2688 3840 monachis
2705 3785 3015 3856 scripserit,
3056 3790 3114 3841 et
3141 3804 3398 3859 praesens
3424 3790 3546 3847 haec

176 3878 403 3948 Regula
423 3894 512 3932 xxi
533 3877 794 3948 capitulis
823 3880 1096 3933 contenta
1118 3878 1304 3948 potius
1335 3877 1581 3933 dicenda
1607 3878 1676 3933 sit
1697 3878 2018 3933 exhortatio
2046 3883 2104 3932 et
2128 3876 2471 3943 admonitio,
2499 3875 2769 3930 omnibus
2795 3876 2969 3930 sacris
3012 3876 3330 3948 virginibus
3371 3879 3506 3935 data
3529 3900 3542 3948 ;

177 3975 467 4039 quatenus
491 3967 602 4021 illa:
630 3967 990 4022 mundanam
1013 3984 1288 4039 pompam
1305 3971 1701 4036 contemnant,
1731 3972 1791 4022 et
1808 3968 1915 4023 soli
1941 3969 2058 4022 Deo
2080 3966 2361 4038 spirituali
2382 3982 2484 4020 suo
2510 3982 2718 4037 sponso
2741 3965 3015 4020 inservire
3037 3968 3323 4024 studeant.
3341 3970 3548 4026 Habuit

176 4058 340 4112 enim
358 4059 588 4112 sanctus
608 4057 866 4112 Leander
880 4074 1141 4112 sororem
1155 4058 1566 4126 Florentinam,
1583 4076 1711 4130 quas
1729 4058 1898 4113 simul
1915 4074 2047 4112 cum
2065 4060 2251 4112 matre
2268 4057 2525 4128 ingressa
2541 4056 2649 4111 fuit
2668 4057 3089 4111 monasterium
3119 4064 3277 4114 extra
3295 4062 3545 4131 patriam

176 4148 375 4203 situm.
396 4147 671 4202 Eamdem
690 4147 764 4202 ad
779 4148 1268 4219 perseverantiam
1291 4149 1641 4219 exhortatur,
1659 4148 1866 4221 piaque
1884 4152 1942 4203 et
1952 4147 2226 4203 salutaria
2245 4146 2467 4202 monita
2480 4146 2657 4215 dedit,
2681 4163 2807 4218 quae
2820 4147 3058 4219 quidem
3070 4148 3199 4204 vita:
3214 4152 3546 4208 monasticae

176 4253 453 4294 normam
474 4238 580 4292 rite
607 4237 934 4292 conﬁciunt.
966 4239 1124 4294 Hanc
1144 4238 1320 4310 igitur
1339 4240 1620 4311 Regulam
1648 4239 2314 4310 Florentinte,pergratae
2340 4237 2447 4292 sibi
2474 4238 2533 4293 in
2561 4237 2785 4293 Christo
2812 4237 2945 4295 ﬁlia:
2965 4242 3023 4294 et
3048 4241 3232 4295 sorori
3258 4241 3547 4315 inscripsit

178 4334 239 4385 et
266 4328 559 4401 imprimis
584 4329 846 4384 omnium
870 4332 1238 4385 terrenorum
1257 4333 1651 4402 contemptum
1676 4330 1940 4397 inculcat,
1975 4328 2116 4383 nihil
2145 4329 2203 4383 in
2231 4329 2399 4383 terris
2425 4345 2549 4383 esse
2576 4345 2775 4384 amore
2798 4332 2858 4383 et
2876 4328 3084 4384 affectu
3115 4348 3290 4387 sacra:
3311 4332 3548 4405 virginis

177 4420 426 4491 dignum
446 4435 726 4487 asserens,
749 4418 850 4473 sed
871 4419 943 4474 ad
966 4419 1216 4474 coelestia
1239 4420 1611 4493 aspirandum
1633 4420 1732 4489 ait,
1762 4420 1854 4475 ubi
1877 4436 2079 4475 verum
2098 4418 2441 4491 virginitatis
2465 4419 2771 4491 praemium
2788 4418 3061 4474 inveniet.
3082 4422 3273 4478 Monet
3284 4426 3546 4487 vitandas

180 4529 305 4567 esse
336 4512 510 4565 laicas
536 4509 806 4564 mulieres
828 4509 910 4563 uti
936 4525 1220 4580 organum
1246 4512 1504 4578 Satanas;
1526 4510 1735 4583 quippe
1760 4510 1917 4582 quod
1942 4516 2162 4577 amant,
2185 4511 2293 4564 hoc
2319 4512 2658 4581 suggerunt,
2678 4513 2737 4563 et
2756 4525 2851 4563 eas
2878 4526 2971 4564 res
2988 4511 3284 4568 insinuant
3299 4517 3545 4577 aliorum

178 4601 434 4667 auribus,
458 4616 587 4671 quae
614 4598 675 4653 in
702 4599 817 4653 suis
847 4598 1146 4654 desideriis
1192 4606 1511 4656 versantur.
1536 4600 1813 4657 Vitandos
1836 4616 2068 4672 quoque
2096 4599 2246 4654 viros
2263 4599 2652 4670 quamtumvis
2676 4602 2923 4667 sanctos,
2952 4617 3023 4654 ne
3050 4601 3280 4657 videndi
3293 4606 3541 4679 jugitate

177 4695 274 4746 aut
303 4691 626 4745 infametur
655 4687 945 4760 utriusque
972 4690 1264 4758 sanctitas,
1291 4695 1389 4745 aut
1408 4694 1623 4763 pereat.
1647 4691 1977 4745 Lectionem
2005 4688 2292 4742 assiduam
2314 4693 2372 4742 et
2388 4687 2827 4742 meditationem
2847 4705 3042 4744 rerum
3056 4691 3433 4761 spiritualium
3460 4699 3544 4754 in-

176 4781 381 4849 culcat,
404 4797 565 4834 esum
583 4780 770 4834 carnis
787 4780 1057 4851 prohibet
1075 4780 1240 4836 sicuti
1262 4783 1320 4835 et
1344 4782 1708 4849 balneorum,
1730 4779 1838 4834 nisi
1859 4779 2125 4845 inﬁrmis,
2145 4781 2319 4848 atque
2341 4777 2633 4831 silentium
2654 4778 2896 4832 mandat
2914 4778 3079 4835 sicuti
3097 4780 3155 4834 in
3187 4789 3540 4845 monasterio

175 4867 696 4943 perseverantiam;
731 4875 1016 4942 quatenus
1037 4872 1421 4926 etmultarum
1441 4870 1711 4926 societate
1729 4868 2007 4941 proﬁciat,
2041 4885 2106 4923 ac
2136 4884 2336 4923 earum
2357 4866 2584 4937 assequi
2608 4868 2796 4921 valeat
2816 4870 3041 4940 merita,
3065 4887 3311 4943 quarum
3348 4876 3541 4933 imite-

176 4963 269 5015 tur
293 4960 578 5031 exempla.
613 4960 855 5015 Sanctus
881 4965 1075 5015 autem
1092 4960 1355 5016 Leander
1382 4963 1531 5016 hanc
1548 4961 1829 5033 Regulam
1852 4956 2258 5031 paraeneticam
2293 4956 2561 5028 piissimae
2608 4956 2788 5011 sorori
2820 4958 3164 5016 Florentinee
3193 4961 3543 5037 inscripsisse

177 5050 405 5106 videtur
430 5055 561 5124 post
580 5052 855 5127 adeptum
888 5052 1283 5133 episcopatum
1312 5053 1724 5124 Hispalensem,
1749 5066 1923 5123 quem
1941 5050 2012 5106 ab
2037 5065 2191 5104 anno
2211 5052 2313 5103 575
2338 5047 2413 5103 ad
2439 5062 2656 5102 annum
2675 5050 2777 5102 603
2806 5051 3160 5108 sanctissime
3184 5055 3347 5109 rexit.

1408 5302 1647 5350 INCIPIT
1669 5304 1730 5348 IN
1776 5302 2019 5351 CHRISTI
2059 5300 2295 5346 NOMINE

672 5428 1308 5611 SANCTI
1414 5426 2201 5557 LEANDRI
2306 5422 3057 5553 REGULA.

251 5729 519 5786 Leander
563 5726 665 5782 Dei
711 5724 1106 5781 misericordia
1151 5726 1435 5797 pergratae
1488 5723 1545 5777 in
1597 5719 1819 5779 Christo
1990 5717 2705 5791 Perquirentimihi,soror
2721 5718 3058 5774 charissima
3074 5710 3555 5790 Florentina,qui-

177 5825 320 5883 mihi
347 5824 481 5879 filiai
512 5825 571 5877 et
596 5820 779 5877 sorori
802 5820 1175 5874 Florentinae.
1920 5810 2024 5868 bus
2046 5816 2101 5868 te
2117 5812 2449 5869 divitiarum
2475 5812 2717 5870 cumulis
2734 5812 3029 5871 haredem
3056 5811 3330 5879 facerem,
3365 5827 3481 5885 qua
3500 5812 3561 5870 te

550 5918 827 5986 Parnm"
879 5916 1113 5984 LXXII.
3160 5915 3238 5977 28
