4034 6228
520 308 623 360 875

518 412 854 485 patrimonii
871 418 1023 469 sorte
1037 411 1301 480 ditarem,
1326 412 1522 467 multm
1545 428 1738 466 rerum
1756 410 2049 466 fallacium
2061 426 2152 465 oc-

517 507 826 563 currebant
853 505 1170 579 imagines;
1201 523 1342 577 quas
1368 522 1499 561 cum
1537 522 1646 576 ego
1686 508 1750 559 ut
1788 505 2149 576 importunas

515 616 744 655 muscas
768 617 943 655 manu
974 600 1184 655 mentis
1211 600 1529 670 abigerem,
1546 599 1754 654 tacitus
1767 597 2150 653 aiebamzAu-

515 710 648 748 rum
670 698 728 749 et
747 696 1053 765 argentum
1067 693 1138 747 de
1152 696 1306 747 terra
1320 696 1423 759 est,
1439 692 1565 747 etin
1582 696 1801 747 terram
1820 691 2143 759 revertitur;

516 787 730 843 fundus
765 792 822 842 et
856 785 1270 858 patrimonium
1300 786 1518 840 reditus
1547 785 1681 841 vilia
1719 790 1777 840 et
1813 785 2147 840 transitoria

517 885 669 949 sunt,
677 883 926 952 praeterit
941 883 1079 934 enim
1093 882 1271 948 ﬁgura
1291 880 1447 948 hujus
1461 881 1657 934 mundi
1668 881 1714 947 (Ι
1724 877 2147 948 Cor.vn).Quid-

516 974 654 1045 quid
674 973 830 1028 enim
849 972 951 1026 sub
975 973 1092 1027 sole
1114 971 1404 1043 conspexi,
1427 972 1573 1027 nihil
1593 974 1647 1027 te
1672 972 1936 1043 dignum,
1951 986 2146 1026 sorore

513 1065 820 1121 arbitratus
839 1081 998 1134 sum;
1020 1064 1160 1119 nihil
1186 1065 1413 1120 muneri
1433 1069 1529 1120 tuo
1557 1065 1773 1120 credidi
1801 1080 1925 1119 esse
1939 1064 2144 1135 gratis-

512 1158 758 1229 simum:
809 1160 1007 1214 omnia
1046 1159 1424 1223 mutabunda,
1476 1159 1711 1225 caduca,
1753 1161 1812 1212 et
1838 1174 1985 1212 vana
2020 1158 2144 1212 fore

509 1252 802 1324 conspexi.
837 1253 1000 1308 Unde
1030 1269 1222 1308 veram
1251 1269 1373 1307 esse
1401 1252 1620 1307 attendi
1649 1250 1979 1308 Salomonis
2006 1267 2140 1304 sen-

509 1346 774 1415 tentiam,
813 1346 1055 1401 dicentis
1090 1347 1280 1418 (Eccle.
1309 1347 1399 1416 11):
1428 1349 1779 1415 Magniﬁcan
1804 1360 1968 1415 opera
2003 1359 2142 1405 mea,

508 1440 773 1510 aediﬁcavi
803 1442 940 1495 mihi
971 1441 1173 1503 domos,
1199 1442 1454 1509 plantaei
1498 1443 1704 1502 vineas,
1743 1441 1851 1506 feci
1884 1439 2063 1492 hortos
2095 1442 2146 1491 et

503 1536 780 1604 pomaria,
794 1539 845 1588 et
856 1537 1064 1589 consevi
1088 1537 1290 1588 cunctis
1314 1534 1595 1602 generibus
1610 1533 1885 1592 arborum,
1906 1534 2147 1587 instruxi

504 1628 643 1683 mihi
664 1630 906 1698 piscinas
927 1644 1217 1698 aquarum,
1231 1631 1294 1682 ut
1319 1630 1607 1695 irrigarem
1627 1627 1823 1680 silvam
1842 1628 2147 1695 germinan-

507 1723 644 1776 tium
672 1723 959 1790 lignorum.
989 1721 1207 1776 Possedi
1230 1737 1408 1776 servos
1433 1725 1485 1775 et
1527 1720 1781 1781 ancillas,
1816 1719 2146 1787 multamque

1486 305 1718 361 SANCTI
1758 302 2075 368 LEANDRI,
2116 304 2543 362 HISPALENSIS
2580 306 2899 370 EPISCOPI.

3788 307 3893 361 876

2251 416 2569 484 putaretur,
2584 413 2631 468 si
2656 413 3003 469 transitoriis
3017 414 3375 485 terrenisque
3389 413 3679 469 ditaretur
3694 428 3899 467 mune-

2251 507 2437 575 ribus;
2472 510 2633 563 tanto
2650 508 2925 579 praeclara
2945 510 3032 563 est
3050 507 3350 579 virginitas
3369 512 3427 563 et
3448 507 3897 577 excellensque:

2247 600 2480 656 calcatis
2500 600 2894 673 abdicatisque
2916 601 3227 673 mundanis
3249 599 3811 672 voluptatibus,dum
3834 599 3892 651 in

2250 694 2415 748 terris
2442 695 2781 765 angelorum
2805 699 2993 750 servat
3016 694 3431 765 integritatem,
3450 693 3767 751 Dominum
3796 709 3900 745 an-

2247 790 2510 859 gelorum
2527 788 2728 843 sortita
2741 788 3331 860 estportionemﬂuaa
3344 804 3484 859 ergo
3499 791 3585 841 est
3598 785 3897 856 virginita-

2248 881 2318 936 tis
2338 882 2646 937 hzereditas
2659 881 2686 936 τ
2707 898 2901 937 nonne
2930 898 3000 936 ea
3020 898 3195 953 quam
3214 879 3691 937 dicitPsalmista:
3718 882 3898 935 Domi-

2244 991 2346 1030 nus
2359 991 2494 1046 pars
2519 975 2852 1031 haereditatis
2865 976 3170 1047 meae(Psal.
3186 974 3318 1045 xv)?
3335 976 3402 1029 Et
3424 974 3639 1029 iterum
3672 991 3686 1027 :
3709 974 3896 1027 Portio

2243 1085 2361 1123 mea
2382 1071 2636 1125 Dominus
2650 1068 3091 1140 (Psalm.cxv1u)?
3106 1068 3751 1139 Vide,soror,quantum
3762 1082 3897 1137 pro-

2244 1160 2600 1229 feceris,vide
2616 1179 2791 1233 quam
2812 1178 3105 1217 summum
3118 1165 3318 1217 teneas
3339 1159 3893 1232 apicem,utmulto-

2244 1271 2374 1308 rum
2396 1255 2642 1326 gratiam
2660 1255 3075 1311 beneficiorum
3097 1256 3153 1309 in
3172 1272 3354 1309 unum
3381 1254 3781 1324 eumdemque
3802 1253 3893 1305 in-

2245 1349 2470 1402 veneris
2500 1349 2806 1403 Christum.
2848 1349 3104 1420 Sponsus
3140 1351 3244 1416 est,
3287 1349 3469 1403 frater
3510 1350 3619 1411 est,
3668 1346 3896 1400 amicus

2246 1450 2349 1514 est,
2377 1463 2510 1517 pars
2538 1446 2889 1502 haereditatis
2917 1450 3021 1514 est,
3050 1447 3268 1501 amicus
3290 1450 3395 1516 est,
3424 1448 3572 1501 Deus
3600 1449 3660 1499 et
3694 1444 3896 1499 Domi-

2245 1556 2352 1593 nus
2377 1544 2481 1594 est.
2515 1540 2699 1594 Habes
2726 1540 2785 1594 in
2815 1557 2882 1593 eo
2913 1556 3209 1612 sponsum,
3238 1556 3414 1610 quem
3456 1539 3703 1610 diligas:
3748 1540 3890 1609 Spe-

2243 1635 2416 1688 ciosus
2453 1638 2531 1688 est
2554 1637 2695 1688 enim
2713 1636 2891 1702 forma
2916 1650 3036 1704 prae
3059 1635 3190 1703 filiis
3214 1635 3489 1688 hominum
3515 1633 3687 1703 (Psal.
3718 1636 3889 1701 XLIV).

2243 1728 2341 1781 Est
2364 1743 2530 1781 verus
2558 1727 2738 1781 frater
2768 1743 2941 1797 quem
2973 1731 3203 1793 teneas;
3254 1726 3569 1798 adoptione
3618 1725 3780 1779 enim
3834 1731 3893 1779 et

503 1815 980 1882 familiamhabui;
1002 1819 1247 1869 armenta
1268 1829 1477 1884 quoque
1490 1818 1540 1868 et
1556 1828 1722 1883 agnos
1735 1813 1934 1874 ovium.
1959 1825 2143 1880 greges
2162 1817 2221 1889 B
2247 1823 2306 1874 tu
2334 1821 2455 1891 ejus
2486 1820 2621 1887 ﬁlia,
2650 1820 2810 1891 cujus
2836 1821 2986 1876 ﬁlius
3016 1825 3102 1876 est
3127 1821 3221 1875 ille
3253 1823 3482 1874 natura.
3519 1821 3616 1873 Est
3664 1820 3894 1873 amicus

502 1923 714 1979 quoque
739 1924 1049 1978 caprarum,
1070 1909 1219 1963 ultra
1250 1923 1427 1963 omnes
1447 1910 1543 1978 qui
1576 1909 1804 1974 fuerunt
1825 1909 1953 1960 ante
1976 1919 2059 1959 me
2085 1906 2144 1959 in

502 2002 817 2057 Jerusalem.
867 2003 1190 2059 Coacervavi
1233 2002 1369 2055 mihi
1411 2004 1695 2068 argentum
1732 2002 1784 2052 et
1818 2012 2036 2060 aurum,
2094 2002 2145 2051 et

503 2095 836 2150 substantias
858 2110 1046 2162 regum
1074 2110 1138 2149 ac
1158 2096 1597 2163 provinciarum;
1628 2093 1734 2160 feci
1749 2091 1884 2146 mihi
1901 2095 2144 2145 cantores

503 2194 556 2242 et
579 2190 919 2252 cantatrices,
949 2193 999 2242 et
1017 2188 1243 2243 delicias
1258 2189 1495 2257 filiorum
1513 2188 1815 2253 hominum;
1844 2186 2069 2255 scyphos
2092 2188 2145 2238 et

499 2297 688 2337 urceos
704 2285 761 2336 in
779 2284 1076 2337 ministerio
1096 2282 1171 2336 ad
1193 2283 1323 2336 vina
1340 2281 1645 2349 fundenda.
1673 2282 1746 2335 Et
1771 2292 2143 2350 supergressus

501 2390 622 2431 sum
654 2376 843 2446 opibus
880 2390 1059 2429 omnes
1090 2377 1187 2445 qui
1212 2376 1437 2442 fuerunt
1461 2378 1585 2429 ante
1617 2390 1701 2429 me
1734 2375 1793 2427 in
1823 2373 2138 2427 Jerusalem.

499 2469 685 2534 Quam
709 2468 889 2540 igitur
900 2484 1130 2523 omnem
1151 2467 1477 2522 mortalium
1488 2483 1759 2539 pompam
1779 2464 1874 2520 tali
1895 2464 2142 2520 termino

500 2562 794 2632 conclusit,
810 2566 872 2617 ut
889 2561 1135 2616 diceret:
1172 2563 1405 2631 Cumque
1422 2576 1505 2615 me
1529 2547 1901 2616 convertissem
1923 2559 2000 2614 ad
2025 2574 2139 2613 om-

501 2659 600 2710 nia
637 2672 757 2726 qua:
790 2658 1032 2723 feceraut
1070 2670 1264 2711 manus
1306 2671 1456 2720 meae,
1500 2659 1553 2709 et
1598 2654 1804 2709 labores
1844 2656 1903 2707 in
1949 2653 2142 2723 quibus

442 2738 455 2753 ⁸
496 2750 715 2817 frustra
730 2749 1075 2811 sudaveram,
1100 2749 1218 2803 vidi
1238 2751 1297 2803 in
1320 2749 1566 2804 omnibus
1578 2751 1875 2803 vanitatem
1896 2750 1947 2801 et
1964 2747 2141 2814 afﬂic-

500 2846 695 2898 tionem
721 2845 911 2910 animi,
941 2847 993 2897 et
1016 2843 1158 2897 nihil
1176 2858 1494 2912 permanere
1525 2842 1623 2897 sub
1651 2842 1778 2897 sole.
1827 2841 1896 2895 Et
1932 2841 2142 2894 iterum

498 2937 620 3008 ipse
651 2936 815 2992 dicit:
849 2940 1154 2992 Detestatus
1184 2951 1303 2992 sum
1331 2952 1535 2992 omnem
1579 2936 1917 2991 industriam
1946 2951 2138 2998 meam,

500 3046 665 3100 quam
681 3031 780 3086 sub
809 3030 917 3085 sole
942 3030 1336 3085 studiosissime
1361 3030 1625 3097 laboravi,
1659 3031 1948 3085 habiturus
1978 3030 2140 3084 haere-

500 3124 621 3179 dem
640 3129 768 3193 post
793 3140 894 3187 me,
926 3140 1083 3194 quem
1112 3126 1324 3192 ignoro,
1350 3128 1535 3179 utrum
1553 3125 1770 3194 sapiens
1803 3127 1902 3178 aut
1943 3124 2142 3178 stultus

500 3219 593 3279 sit,
627 3181 997 3271 dominabitur
1019 3217 1079 3271 id
1110 3181 1385 3271 laboribus
1407 3219 1538 3271 meis
1562 3181 1757 3285 quibus
1782 3216 2050 3270 desudan
2091 3220 2143 3269 et
2161 3181 2216 3256 Ο

498 3311 757 3365 sollicitus
779 3311 890 3376 fui,
921 3314 971 3363 et
990 3314 1068 3364 est
1091 3309 1395 3380 quidquam
1421 3306 1533 3365 tam
1560 3325 1760 3364 vanum
1776 3312 1805 3363 ?
1848 3310 1998 3364 Unde
2030 3324 2137 3365 ces-

501 3405 626 3458 savi
646 3405 1085 3473 renuntiavitque
1107 3419 1197 3459 cor
1216 3419 1392 3459 meum
1428 3403 1580 3458 ultra
1604 3404 1852 3459 laborare
1880 3403 1979 3458 sub
2007 3404 2135 3458 sole.

498 3496 619 3552 Tali
633 3512 864 3568 quoque
884 3496 1231 3552 informatus
1244 3497 1498 3564 oraculo,
1523 3513 1641 3551 non
1662 3513 1786 3552 esse
1808 3513 1903 3552 me
1925 3513 2133 3568 paren-

501 3599 620 3651 tem
646 3611 847 3650 verum
867 3595 1244 3664 existimares,
1261 3612 1443 3665 soror,
1462 3595 1507 3650 si
1528 3598 1583 3649 te
1600 3595 1668 3649 iis
1684 3594 1930 3650 ditarem
1944 3594 2137 3663 rebus,

501 3705 632 3761 quae
676 3689 987 3744 stabilitate
1032 3690 1190 3744 nulla
1228 3690 1629 3760 consisterent,
1660 3705 1789 3761 qua:
1827 3687 2140 3743 mundanis

501 3784 771 3854 subjecta:
788 3784 1010 3838 casibus
1024 3786 1080 3838 te
1094 3783 1837 3855 destituerent,nudamque
1853 3784 2141 3853 relinque-

500 3879 946 3935 rentJErumnis
961 3894 1191 3950 quoque
1204 3880 1259 3933 te
1272 3878 1715 3946 cumularem,et
1725 3878 1828 3933 tim
1838 3877 1925 3933 ori
1937 3876 2141 3932 metui-

504 3991 617 4047 que
636 3974 999 4045 subjicerem,
1019 3973 1064 4026 si
1078 3988 1147 4027 ea
1160 3989 1287 4044 qua:
1300 3972 1393 4027 fur
1409 3972 1633 4027 auferre
1650 3975 1898 4043 poterat,
1919 3973 2139 4026 sulcare

500 4069 681 4137 tinea,
705 4083 901 4138 aerugo
923 4082 1147 4133 vorare,
1170 4066 1321 4138 ignis
1349 4067 1673 4134 absumere,
1698 4070 1852 4121 terra
1872 4066 2137 4134 obruere,

507 4177 656 4233 aqua
676 4160 887 4227 delere,
913 4161 995 4214 sol
1017 4163 1260 4228 torrere,
1279 4160 1470 4215 imber
1489 4160 1726 4228 fmdare,
1752 4160 1960 4231 glacies
1976 4160 2141 4214 strin-

508 4271 665 4328 gere,
692 4257 803 4309 tuae
827 4253 1196 4325 germanitati
1223 4253 1577 4309 conferenda
1597 4270 1720 4308 esse
1742 4257 2029 4324 putarem.
2045 4252 2140 4308 His

507 4352 661 4405 certe
685 4349 858 4403 rebus
876 4347 1146 4423 humanis
1167 4347 1494 4419 implicatus
1515 4348 1741 4402 animus
1760 4364 1793 4402 a
1808 4350 1923 4402 Deo
1941 4347 2142 4402 averti-

504 4448 620 4512 tur,
645 4447 701 4498 et
726 4443 798 4498 ab
826 4442 923 4497 illa
948 4441 1237 4497 immobili
1256 4459 1321 4496 ac
1339 4441 1736 4514 permanentis
1756 4440 2010 4496 veritatis
2028 4442 2141 4495 for-

506 4553 606 4592 ma
634 4537 870 4593 recedit.
904 4539 1016 4593 Nec
1041 4539 1233 4609 potest
1252 4535 1327 4590 ad
1355 4552 1415 4590 se
1443 4535 1750 4590 admittere
1779 4534 1953 4589 divini
1982 4535 2140 4590 verbi

508 4631 895 4702 dulcedinem,
926 4636 1025 4687 aut
1054 4630 1298 4702 Spiritus
1333 4628 1516 4684 sancti
1550 4629 1913 4698 suavitatem,
1946 4633 2142 4701 pectus

510 4726 667 4799 quod
690 4729 777 4781 tot
803 4723 1113 4780 mundanis
1149 4723 1401 4795 agitatur
1424 4721 1704 4778 molestiis
1720 4765 1733 4790 ,
1764 4724 1850 4777 tot
1874 4738 2141 4777 curarum

510 4820 923 4892 temporalium
949 4817 1195 4873 stimulis
1209 4816 1562 4871 verberatur.
1584 4816 1642 4871 Si
1661 4832 1800 4887 ergo
1813 4819 1871 4870 te
1887 4816 1975 4871 his
1992 4816 2143 4870 nexi-

509 4915 616 4969 bus
655 4913 976 4985 alligarem,
1006 4910 1329 4983 talibusque
1358 4926 1663 4964 onerarem
1683 4910 2055 4982 ponderibus,
2087 4913 2144 4965 et

510 5007 665 5063 mole
707 5011 954 5063 terrente
988 5004 1352 5077 cogitationis
1390 5004 1806 5075 opprimerem,
1847 5003 2145 5059 inimicum

508 5119 628 5175 me,
657 5119 775 5159 non
799 5104 1105 5174 parentem
1144 5098 1382 5152 deberes
1415 5098 1730 5165 aestimare;
1760 5097 2141 5169 interempto-

513 5213 785 5266 rem,non
798 5196 1037 5250 fratrem
1052 5209 1173 5248 esse
1189 5191 1450 5246 sentires.
1466 5192 1568 5246 Eia
1582 5192 1594 5246 l
1610 5208 1774 5246 soror
1788 5192 2141 5258 charissima,

514 5292 790 5366 quoniam
813 5287 1095 5361 quidquid
1116 5303 1216 5340 axe
1238 5284 1363 5341 cceli
1382 5285 1761 5356 concluditur,
1781 5289 2013 5341 terrena
2030 5303 2146 5340 sus-

514 5386 704 5441 tinent
722 5382 1124 5446 fundamenta,
1146 5381 1205 5433 et
1229 5378 1451 5434 telluris
1466 5396 1639 5451 super
1656 5379 1865 5435 faciem
1882 5380 2143 5447 volvitur,

516 5479 658 5534 nihil
672 5477 915 5548 dignum
926 5476 1037 5547 quo
1050 5472 1220 5529 ditari
1229 5489 1427 5545 posses
1438 5473 1782 5540 invenimus,
1797 5490 1969 5545 supra
1977 5474 2148 5529 caelos

518 5570 898 5645 quaerendum
927 5571 1030 5635 est,
1065 5566 1217 5622 unde
1244 5584 1455 5622 munus
1475 5566 1819 5638 virginitatis
1841 5566 2063 5633 auxisti,
2086 5569 2150 5621 ut

519 5667 600 5721 ibi
620 5662 920 5736 praemium
937 5664 994 5717 et
1009 5661 1420 5734 patrimonium
1434 5658 1777 5731 virginitatis
1790 5658 1803 5713 i
1814 5658 2146 5715 nvenias.Ex

519 5755 989 5831 compensatione
1003 5754 1159 5808 enim
1179 5753 1526 5824 integritatis
1537 5752 1809 5809 meritum
1822 5753 2152 5825 agnoscitur

526 5851 584 5902 et
610 5848 680 5902 de
707 5863 811 5899 sua
839 5846 1214 5901 retributione
1242 5849 1533 5914 pensatur.
1567 5847 1795 5910 Quanto
1826 5846 1983 5901 enim
2026 5846 2151 5901 vilis

2245 1914 2315 1968 de
2345 1930 2457 1984 quo
2484 1930 2600 1968 non
2634 1913 2888 1981 dubites;
2924 1914 3046 1985 ipse
3073 1913 3231 1968 enim
3254 1914 3391 1967 dicit
3414 1931 3427 1968 ε
3472 1916 3593 1968 Una
3619 1916 3891 1968 estamica

2242 2019 2360 2058 mea
2390 2005 2566 2074 (Cant.
2595 2004 2688 2070 vi).
2724 2003 2909 2058 Habes
2934 2004 2992 2057 in
3022 2020 3091 2058 eo
3119 2001 3522 2057 hereditatem
3544 2018 3719 2073 quam
3754 2018 3886 2056 am-

2243 2095 2384 2161 bias;
2412 2113 2545 2167 pars
2571 2096 2726 2151 enim
2757 2095 3111 2151 haereditatis
3138 2099 3251 2150 tua:
3290 2095 3409 2166 ipse
3446 2098 3553 2150 est.
3606 2095 3797 2150 Habes
3827 2094 3888 2148 in

2244 2207 2313 2243 eo
2356 2190 2603 2261 pretium
2647 2190 2804 2261 quod
2847 2206 3145 2261 agnoscas,
3179 2188 3315 2261 quia
3348 2188 3584 2259 sanguis
3622 2188 3743 2259 ejus
3792 2205 3886 2243 re-

2244 2282 2501 2354 demptio
2541 2287 2642 2337 tua
2680 2287 2783 2337 est.
2830 2283 3017 2337 Habes
3046 2284 3104 2337 in
3138 2299 3206 2338 eo
3231 2284 3413 2337 Deum
3439 2300 3472 2337 a
3495 2299 3610 2353 quo
3636 2282 3890 2354 rogaris,

2243 2376 2549 2431 Dominum
2578 2392 2748 2448 quem
2779 2381 3004 2431 metuas
3025 2380 3085 2430 et
3110 2376 3379 2431 honores.
3430 2376 3634 2430 Totam
3669 2375 3782 2429 sibi
3828 2375 3890 2429 in

2243 2471 2466 2526 Christo
2515 2469 2957 2541 praerogativam
2992 2470 3292 2541 virginitas
3323 2468 3594 2536 vindicat,
3632 2473 3695 2523 ut
3741 2472 3884 2523 ante

2243 2580 2419 2635 quam
2455 2566 2715 2617 tremunt
2749 2563 2963 2634 angeli,
2996 2562 3085 2619 cui
3127 2563 3382 2618 serviunt
3419 2564 3753 2634 potestates,
3790 2563 3885 2615 cui

2242 2657 2479 2711 virtutes
2499 2657 2923 2728 obtemperant,
2947 2656 3037 2711 cui
3059 2656 3309 2711 caalestia
3324 2660 3383 2710 et
3394 2655 3689 2710 terrestria
3704 2672 3889 2727 genu-

2242 2750 2497 2818 ﬂectunt,
2525 2750 2679 2804 hunc
2707 2750 2811 2805 sibi
2842 2750 3002 2821 virgo
3024 2766 3298 2821 sponsum
3317 2749 3589 2817 vindicet,
3623 2748 3697 2804 ad
3711 2749 3890 2819 hujus

2242 2843 2563 2898 thalamum
2593 2847 2798 2898 ornata
2838 2843 3141 2898 virtutibus
3180 2846 3468 2914 properet,
3514 2842 3670 2896 hunc
3708 2842 3887 2896 cubili

2241 2936 2449 3004 cordis,
2473 2940 2627 3003 casto
2669 2936 2842 2991 cubili
2872 2937 3194 2992 confoveat.
3245 2937 3314 2990 Et
3354 2935 3495 3007 quid
3540 2935 3791 3007 amplius
3830 2936 3886 2989 ei

2242 3030 2503 3085 conferre
2524 3031 2731 3102 potuit,
2755 3030 2843 3085 cui
2864 3047 2925 3085 se
2936 3030 3190 3085 Christus
3206 3045 3483 3101 sponsum
3501 3028 3722 3095 tribuit,
3746 3045 3885 3083 san-

2243 3125 2480 3195 guinem
2500 3141 2666 3179 suum
2688 3124 2835 3180 dotis
2861 3141 2926 3179 ac
2955 3124 3214 3179 muneris
3240 3123 3407 3179 titulo
3437 3122 3839 3194 compensavit
3857 3122 3891 3177 ?

2242 3218 2443 3273 Solent
2470 3234 2608 3289 ergo
2638 3218 2738 3289 qui
2756 3234 2960 3273 uxores
2986 3218 3204 3272 ducunt
3229 3217 3394 3271 dotes
3421 3216 3698 3284 tribuere,
3742 3232 3889 3271 con-

2241 3312 2390 3366 ferre
2412 3312 2671 3383 praemia,
2700 3314 2759 3366 et
2785 3311 2859 3366 ad
2871 3312 3055 3367 vicem
3080 3309 3366 3383 perdendi
3386 3309 3623 3382 pudoris
3644 3326 3752 3364 sua
3765 3313 3888 3365 tra-

2241 3405 2378 3460 dere
2395 3404 2780 3476 patrimonia;
2816 3408 2877 3460 ut
2907 3405 3117 3460 emisse
3139 3404 3330 3476 potius
3350 3421 3526 3476 quam
3551 3403 3784 3458 duxisse
3804 3404 3886 3457 vi-

2241 3498 2488 3555 deantur
2500 3516 2719 3555 uxores.
2741 3501 2910 3567 Tuus,
2938 3499 3378 3571 virgo,‘sponsus
3405 3498 3603 3552 dotem
3631 3497 3736 3553 tibi
3754 3515 3892 3553 san-

2242 3592 2478 3663 guinem
2501 3609 2670 3648 suum
2692 3592 2872 3660 dedit,
2897 3610 2966 3648 eo
2986 3596 3044 3647 te
3061 3592 3328 3655 redemit,
3357 3608 3428 3647 eo
3454 3595 3511 3646 te
3531 3608 3650 3647 suae
3662 3592 3892 3663 copulas

2240 3686 2493 3753 sociavit,
2515 3692 2581 3742 ut
2600 3687 2886 3759 pudorem
2909 3704 3026 3742 non
3049 3686 3274 3757 perdas,
3298 3689 3358 3740 et
3372 3686 3588 3741 habeas
3606 3686 3885 3757 praemia.

2242 3781 2468 3844 Quanto
2496 3780 2654 3835 enim
2665 3780 3091 3835 munificentius
3104 3783 3192 3834 est
3210 3778 3679 3850 dotispraamium
3690 3821 3703 3847 ,
3720 3783 3893 3833 tanto

2240 3877 2327 3929 est
2340 3874 2879 3929 amorimmensior.
2898 3875 3135 3929 Multum
3148 3872 3304 3928 enim
3321 3871 3528 3943 diligit,
3551 3888 3733 3943 quam
3750 3889 3888 3944 pro-

2238 3968 2368 4040 prio
2381 3968 2485 4023 sibi
2502 3968 2783 4040 sanguine
2797 3967 3258 4039 desponsavit.Et
3272 3966 3345 4021 ob
3366 3966 3476 4021 hoc
3491 3983 3663 4021 suum
3674 3982 3855 4037 corpu
3865 3985 3891 4014 ς

2239 4062 2617 4117 vulnerisictu
2630 4062 2813 4117 ettelo
2837 4060 3006 4132 gladii
3029 4060 3234 4115 maluit
3255 4059 3487 4131 aperiri,
3507 4062 3571 4114 ut
3593 4063 3756 4114 tuam
3781 4059 3893 4113 sibi

2240 4155 2629 4227 integritatem
2650 4160 2892 4223 emeret,
2914 4153 3255 4226 pudicitiam
3282 4157 3669 4209 conservaret.
3693 4153 3736 4207 E
3753 4169 3865 4207 con
3881 4185 3894 4193 -

2238 4250 2417 4305 trario
2435 4249 2593 4304 enim
2615 4249 2833 4304 curavit
2848 4247 3151 4304 hominem
3168 4265 3181 4302 :
3198 4251 3262 4302 ut
3284 4247 3429 4302 sicut
3447 4263 3605 4302 mors
3627 4246 3755 4318 ejus
3770 4247 3892 4302 vita

2240 4347 2552 4412 estnostra,
2568 4343 2619 4415 ej
2628 4360 2806 4415 usque
2822 4342 3119 4400 humilitas
3134 4346 3343 4396 nostrae
3362 4344 3449 4396 est
3465 4339 3753 4412 superbia:
3768 4357 3892 4394 me-

2239 4438 2447 4506 dicina,
2471 4438 2549 4492 sic
2570 4440 2629 4492 et
2642 4436 2974 4492 vulneribus
2995 4437 3172 4508 ipsius
3191 4440 3385 4491 nostra
3405 4434 3713 4505 integritas
3730 4450 3892 4506 emp-

2242 4534 2301 4587 ta
2317 4537 2420 4601 est,
2441 4532 2539 4603 qui
2552 4531 2685 4586 ideo
2705 4531 2864 4585 feriri
2882 4547 2941 4585 se
2959 4532 3195 4586 vulnere
3215 4530 3412 4597 voluit,
3438 4544 3509 4582 ne
3529 4528 3746 4583 malleo
3766 4528 3888 4582 uni-

2240 4642 2418 4680 versae
2434 4627 2604 4680 terrae
2627 4641 2731 4679 nos
2760 4624 2916 4681 feriri
2943 4625 3177 4679 sineret.
3198 4626 3375 4679 Pretio
3394 4624 3537 4677 enim
3551 4625 3724 4692 empti
3733 4624 3882 4679 estis.

2243 4720 2323 4775 ait
2340 4720 2665 4791 Apostolus,
2682 4721 2850 4775 nolite
2858 4721 2979 4790 ﬁeri
2989 4721 3132 4775 servi
3145 4719 3417 4772 hominum
3439 4716 3490 4788 (Ι
3498 4715 3620 4771 Cor.
3638 4714 3755 4788 vn).
3773 4716 3890 4771 Cur

2242 4813 2403 4885 virgo
2432 4812 2570 4868 dare
2592 4812 2673 4867 vis
2685 4829 2891 4884 corpus
2906 4813 3050 4882 viro,
3070 4812 3225 4883 quod
3246 4811 3371 4882 jam
3396 4814 3484 4865 est
3506 4809 3884 4880 redemptum

2243 4925 2278 4964 a
2303 4906 2565 4964 Christo?
2594 4906 2753 4961 Alius
2778 4909 2833 4961 te
2866 4905 3119 4973 redimit,
3140 4908 3199 4959 et
3220 4903 3313 4959 alii
3348 4904 3565 4959 nubere
3588 4902 3792 4975 cupis?
3809 4903 3889 4957 al—

2243 5000 2420 5056 terius
2440 5000 2625 5072 pretio
2648 5001 2930 5056 libertatis
2948 4999 3181 5066 milites,
3209 5003 3266 5053 et
3291 5001 3609 5070 spontanea
3633 5001 3690 5051 te
3716 4997 3892 5051 servi-

2246 5098 2366 5150 tute
2382 5097 2737 5151 condemnas
2748 5094 2777 5150 ‘l
2792 5094 2849 5151 Si
2871 5094 3122 5149 mundus
3137 5093 3327 5149 omnis
3344 5092 3510 5146 titulo
3525 5090 3677 5146 dotis
3693 5089 3894 5145 scribi-

2245 5194 2356 5257 tur,
2384 5189 2523 5261 quid
2548 5190 2853 5261 pretiosius
2872 5188 3153 5261 sanguine
3169 5186 3396 5253 Christi,
3414 5202 3528 5256 quo
3545 5183 3893 5255 redemptus

2247 5288 2332 5340 est
2342 5283 2919 5355 mundus‘lAppende
2929 5281 3265 5338 mercedem
3279 5279 3337 5334 et
3348 5278 3603 5352 pretium
3616 5284 3679 5333 ut
3691 5277 3893 5331 videas

2245 5380 2373 5452 plus
2385 5379 2576 5433 valere
2590 5377 2687 5449 qui
2701 5377 2970 5443 redemit,
2991 5392 3168 5448 quam
3186 5374 3245 5429 id
3258 5372 3415 5445 quod
3430 5370 3893 5435 redemit.0uan-

2244 5477 2306 5529 to
2325 5472 2522 5545 itaque
2545 5488 2719 5544 prave
2740 5469 3011 5542 intelligit
3024 5469 3186 5540 virgo
3210 5483 3340 5539 quae
3362 5468 3699 5535 contempto
3721 5479 3887 5535 emp-

2250 5572 2372 5623 tore
2399 5583 2652 5622 mercem
2677 5564 2962 5635 sequitur;
2989 5561 3273 5633 sanguine
3304 5558 3512 5617 Christi
3544 5556 3886 5628 postposito,

2251 5661 2535 5716 mundum
2575 5658 2671 5730 qui
2706 5657 3045 5727 redemptus
3074 5659 3161 5709 est
3196 5654 3572 5725 amplexatur.
3604 5652 3730 5705 Non
3761 5667 3884 5704 sum

2251 5754 2492 5810 idoneus
2517 5750 2728 5824 eloqui,
2762 5767 2925 5807 soror
2947 5747 3364 5817 amantissima,
3386 5744 3627 5819 prtemia
3646 5743 3884 5814 virgini-

2250 5847 2385 5904 tatis
2408 5864 2421 5903 :
2443 5851 2529 5903 est.
2553 5847 2711 5901 enim
2740 5843 3030 5900 ineffabile
3054 5841 3293 5909 donum,
3318 5841 3665 5896 absconsum
3683 5837 3883 5907 oculis,
