4034 6228
234 284 340 336 8'77

1784 280 2069 335 REGULA.

3507 289 3610 341 8'78

231 387 492 442 celatum
511 386 764 455 auribus,
781 385 1177 458 intelligentiae
1197 386 1548 442 obseratum.
1565 386 1732 452 Quod
1752 404 1871 442 om-
1893 400 1952 473 Α
1973 402 2157 459 quens
2183 386 2442 442 Mariam.
2466 388 2654 458 Ipsam
2667 403 2806 459 ergo
2838 389 3002 444 oculo
3026 389 3238 444 mentis
3255 391 3496 463 suscipe,
3528 393 3613 464 ip-

235 497 343 535 nes
372 497 496 535 esse
517 483 755 552 sperant
772 480 974 547 sancti,
999 484 1057 534 et
1076 484 1205 551 post
1226 481 1707 536 resurrectionem
1732 498 1869 536 cun-

233 576 329 628 eta
347 575 713 645 praestolatur
750 574 1002 629 Ecclesia
1036 574 1178 641 ﬁeri,
1200 590 1301 630 vos
1317 574 1443 645 jam
1465 574 1617 629 estis.
1648 576 1875 645 Corrup-

233 664 388 717 tibile
434 665 549 726 hoc,
601 663 684 718 ait
728 664 1055 734 Apostolus,
1109 663 1299 718 induet
1340 665 1792 734 iiworruptionem
1834 662 1875 729 (1

232 758 357 814 Cor.
390 759 500 827 xv).
533 756 645 812 Sed
689 773 891 811 revera
916 760 1046 828 post
1086 756 1567 811 resurrectionem
1596 756 1869 827 corporis.

231 850 378 904 Ecce
397 866 498 905 vos
518 850 967 921 incorruptionis
985 850 1224 919 gloriam
1238 850 1363 920 jam
1385 850 1556 904 scitis.
1582 851 1688 904 Vos
1705 849 1873 904 istam

222 944 357 1013 jam
399 943 458 997 in
504 944 772 1014 praesenti
821 944 1027 997 saeculo
1067 947 1293 1014 partem
1319 944 1518 1013 gloriae
1548 943 1869 1013 possidetis.

231 1036 467 1100 Quanta
494 1040 580 1090 est
608 1036 765 1090 enim
796 1035 1112 1103 beatitudo,
1139 1037 1268 1106 quas
1295 1036 1454 1090 vobis
1482 1036 1784 1106 reponitur
1814 1036 1873 1089 in

220 1130 501 1184 futurum
527 1130 538 1184 1
570 1147 699 1200 qua:
719 1129 879 1184 vobis
902 1145 1115 1184 corona
1134 1132 1334 1183 manet
1350 1129 1408 1183 in
1430 1132 1732 1197 internum,
1748 1146 1873 1201 quae

229 1222 688 1293 incorruptionis
707 1222 974 1293 gratiam,
990 1222 1064 1276 ad
1084 1238 1259 1293 quam
1280 1222 1444 1276 multi
1466 1222 1766 1293 pervenire
1781 1222 1876 1276 de-

224 1315 513 1381 siderant,
563 1316 655 1369 hic
696 1315 956 1370 habetis!
1004 1315 1200 1369 Gaude
1246 1331 1386 1384 ergo
1416 1316 1595 1370 talem
1640 1319 1696 1369 te
1726 1333 1870 1383 esse,

230 1410 423 1480 qualis
442 1410 539 1463 Dei
567 1409 817 1464 formata
838 1425 899 1462 es
920 1408 1206 1462 manibus.
1226 1409 1321 1463 Ille
1339 1425 1478 1479 ergo
1496 1409 1724 1479 integra
1743 1426 1873 1464 con-

231 1502 323 1556 dit
362 1502 581 1573 utique,
605 1518 781 1572 quam
803 1502 1136 1573 integritate
1165 1500 1401 1570 ditavit;
1426 1518 1599 1572 quam
1623 1503 1695 1556 ad
1722 1503 1869 1556 inte-

231 1595 463 1666 gritatis
515 1595 755 1666 praemia
782 1596 1143 1665 praeparavit.
1170 1595 1427 1649 Perversi
1456 1595 1611 1649 enim
1635 1601 1870 1651 natura-

232 1684 354 1738 lem
376 1687 757 1755 corrumpunt
774 1683 1058 1750 homines,
1083 1700 1259 1754 quam
1280 1686 1426 1738 Deus
1446 1685 1716 1739 formavit
1731 1686 1874 1740 inte-

1973 497 2065 536 sos
2084 480 2360 535 comitare
2384 481 2608 547 choros,
2639 481 2774 553 ipsis
2810 486 2864 536 te
2895 482 3074 536 animi
3096 483 3385 539 desiderio
3400 484 3604 557 junge,

1974 574 2053 628 ibi
2082 574 2307 642 festina,
2344 574 2683 647 ibipropera
2716 593 2729 629 :
2760 575 2836 630 ibi
2860 579 3098 647 reposita
3124 583 3202 633 est
3225 593 3424 633 corona
3437 578 3607 647 justi-

1975 671 2084 730 τίω,
2111 684 2275 738 quam
2300 668 2489 723 reddet
2518 669 2620 723 tibi
2642 671 2902 725 Dominus
2919 670 3102 739 justus
3115 670 3292 739 judem
3313 673 3373 725 in
3399 672 3502 727 illa
3521 672 3609 727 die

1974 761 2051 831 (Π
2084 764 2219 816 Tim.
2254 762 2349 830 iv).
2388 761 2552 816 Senti
2576 762 2771 816 fratris
2797 762 3061 817 animum
3105 767 3234 818 tuos
3279 763 3607 820 desiderare

1973 854 2280 925 profectus,
2310 854 2455 908 senti
2475 854 2666 909 fratris
2686 856 3211 926 concupiscentiam
3238 858 3382 911 velle
3402 861 3456 912 te
3483 874 3606 913 esse

1973 964 2104 1002 cum
2126 946 2369 1002 Christo.
2408 946 2515 1010 Qui
2550 948 2654 1001 etsi
2686 948 2743 1002 in
2782 966 2872 1003 me
2894 966 3009 1005 non
3050 950 3239 1004 habeo
3279 951 3433 1022 quod
3466 951 3523 1004 in
3551 956 3606 1004 te

1974 1041 2248 1113 perﬁcere
2277 1041 2424 1109 volo,
2456 1041 2774 1110 perdidisse
2805 1059 2899 1097 me
2933 1042 3162 1097 doleam
3194 1044 3348 1114 quod
3369 1048 3426 1098 te
3444 1048 3603 1099 tene-

1973 1151 2035 1188 re
2076 1134 2341 1189 desidero
2366 1150 2379 1188 :
2415 1133 2524 1187 erit
2560 1134 2703 1188 mihi
2730 1135 2965 1190 interim
2992 1136 3259 1207 quaedam
3290 1137 3478 1207 portio
3508 1154 3598 1191 re-

1974 1228 2283 1295 missionis,
2302 1227 2347 1281 si
2366 1230 2427 1281 tu
2449 1242 2577 1297 qum
2594 1244 2729 1298 pars
2748 1230 2955 1284 melior
2973 1230 3154 1284 nostri
3176 1247 3237 1283 es
3250 1231 3525 1301 corporis,
3549 1231 3607 1284 in

1974 1322 2064 1375 via
2090 1326 2457 1393 peccatorum
2498 1340 2616 1379 non
2641 1324 2867 1376 steteris
2890 1341 2903 1389 ;
2931 1324 2976 1377 si
3013 1323 3168 1394 quod
3186 1327 3369 1393 tenes,
3404 1324 3606 1377 ﬁrmis-

1973 1415 2115 1470 sime
2144 1420 2364 1473 teneas.
2403 1421 2523 1475 Heu
2559 1418 2740 1473 mihil
2782 1417 2828 1469 si
2859 1416 3002 1470 alius
3047 1416 3288 1487 accipiat
3329 1433 3605 1472 coronam

1973 1512 2151 1564 tuam.
2174 1512 2252 1565 Tu
2286 1513 2440 1584 apud
2465 1513 2753 1568 Christum
2779 1514 3041 1565 tutamen
3064 1526 3283 1577 meum,
3312 1513 3374 1564 tu
3403 1511 3611 1565 charis-

1974 1603 2119 1657 sima
2142 1621 2337 1659 meum
2360 1606 2590 1677 pignus,
2611 1610 2671 1660 tu
2698 1603 2887 1658 hostia
2910 1619 3042 1659 mea
3071 1603 3475 1669 sacratissima,
3495 1620 3607 1674 qua

1977 1697 2195 1768 expiari
2215 1715 2248 1753 a
2269 1698 2588 1753 colluvione
2600 1698 2822 1769 peccati
2844 1714 2960 1751 non
2978 1696 3197 1751 dubito.
3221 1696 3278 1751 Si
3294 1699 3353 1750 tu
3375 1701 3607 1767 accepta

231 1794 426 1849 Bram-
453 1778 524 1832 Et
552 1778 674 1831 11ωο
709 1776 929 1831 οίῖθηεθ
965 1777 1203 1831 humani
1246 1777 1476 1848 εθηθτίε
1505 1778 1714 1848 Prima,
1756 1768 1953 1840 haecB
1978 1806 2038 1844 es
2065 1791 2199 1857 Deo,
2231 1792 2275 1846 si
2306 1796 2369 1846 tu
2396 1796 2550 1846 casto
2577 1791 2747 1845 cubili
2786 1807 2918 1845 cum
2950 1789 3173 1846 Christo
3211 1789 3524 1857 cubaveris,
3565 1790 3606 1842 si

234 1870 525 1925 damnatae
553 1870 792 1941 originis
812 1886 983 1925 causa
1004 1870 1142 1924 dum
1166 1870 1503 1941 protoplasti
1524 1888 1646 1926 esse
1671 1874 1867 1928 nolue-

232 1968 376 2019 runt
398 1965 549 2035 quod
574 1966 809 2019 fuerant
846 1963 1064 2018 conditi
1090 1980 1102 2017 :
1130 1963 1343 2017 idcirco
1372 1969 1710 2019 meruerunt
1731 1966 1789 2019 in
1812 1984 1870 2020 se

229 2060 295 2112 et
316 2058 375 2111 in
403 2059 564 2129 prole
592 2056 877 2111 damnari.
911 2058 1214 2127 Reparataa
1248 2057 1605 2111 castimoniae
1628 2059 1686 2112 in
1717 2059 1873 2112 vobis

226 2167 299 2205 re
308 2152 673 2216 ientaculum,
693 2167 726 2204 ο
738 2149 1171 2220 virgines,quod
1189 2149 1565 2220 perdiderunt
1576 2150 1634 2203 in
1648 2151 1872 2221 paradi-

228 2261 299 2299 so
340 2243 511 2315 primi
532 2243 819 2298 homines.
850 2245 958 2297 Vos
987 2242 1143 2297 enim
1178 2242 1573 2297 conditionem
1608 2244 1872 2298 servastis

228 2337 700 2408 primigenorum
726 2336 1054 2403 hominum,
1094 2352 1221 2407 quae
1261 2337 1403 2390 tales
1440 2338 1868 2407 perseverastis,

228 2432 436 2502 quales
455 2430 536 2484 illi
562 2435 695 2485 sunt
713 2430 979 2484 instituti.
1003 2429 1117 2485 Sed
1144 2436 1338 2485 cavete
1362 2431 1623 2502 exempla
1644 2448 1865 2485 eorum.

227 2524 386 2579 Heu!
410 2523 558 2596 proh
592 2523 785 2579 dolor!
811 2540 974 2578 soror
1002 2523 1360 2590 charissima,
1389 2524 1525 2595 fuge
1546 2524 1870 2595 primorum

226 2616 540 2672 hominum
561 2618 848 2688 exempla,
875 2617 1143 2671 horresce
1163 2617 1447 2688 serpentis
1482 2616 1866 2688 antiquissimi

229 2709 432 2777 sibila;
458 2727 529 2764 ne
561 2710 799 2782 incipiat
821 2694 925 2764 tibi
947 2709 1277 2781 germinare
1318 2710 1512 2781 spinas
1534 2713 1592 2764 et
1628 2711 1869 2766 tribulos

229 2803 433 2857 vitiata
455 2807 629 2873 terra,
644 2808 841 2875 etquae
853 2820 957 2875 pro
976 2804 1187 2873 insigni
1200 2803 1542 2875 virginitatis
1562 2804 1678 2858 lilia
1690 2821 1869 2859 rosas-

231 2914 350 2969 que
369 2896 655 2968 parturire
678 2896 871 2965 debet,
888 2897 1130 2952 urticam
1150 2900 1209 2951 et
1228 2902 1456 2979 paleam
1476 2898 1784 2968 producat:
1802 2898 1870 2953 is-

229 2994 377 3058 tam,
393 3007 522 3062 qua:
552 2994 699 3058 urat,
714 2990 893 3058 illam,
913 3006 1040 3061 quae
1066 2991 1296 3045 laceret.
1314 2992 1422 3045 Vos
1434 2991 1593 3046 enim
1616 2991 1751 3045 estis
1762 2992 1871 3063 pri-

230 3099 336 3139 ma
376 3084 651 3139 delibatio
687 3083 945 3154 corporis
980 3084 1263 3138 Ecclesiae.
1300 3084 1410 3139 Vos
1436 3084 1627 3156 itaque
1650 3101 1721 3139 ex
1751 3089 1869 3140 tota

230 3133 334 3139 ___
380 3133 646 3139 _-__-_-
693 3133 940 3154 ,ηρ-η
980 3133 1262 3138 _--_------
1319 3133 1406 3139 .--
1436 3133 1625 3156 --ηπ
1655 3133 1721 3139 -_
1755 3133 1869 3140 ww

228 3176 437 3235 Christi
465 3177 723 3249 corporis
748 3192 939 3231 massa
959 3177 1281 3232 oblationes
1301 3178 1417 3232 Deo
1438 3182 1708 3249 acceptae,
1732 3182 1791 3232 et
1808 3179 1868 3233 in
1888 3133 1943 3207 Ο

229 3270 497 3342 supernis
523 3270 799 3325 altaribus
822 3273 1187 3339 consecratas.
1223 3272 1331 3325 Pro
1354 3274 1540 3326 vestro
1560 3272 1714 3327 enim
1731 3289 1864 3344 pro-

227 3365 440 3436 posito,
470 3368 529 3418 et
552 3381 657 3435 pro
678 3364 793 3419 fide
821 3381 943 3432 sua,
968 3364 1158 3418 omnis
1182 3364 1430 3419 Ecclesia
1453 3381 1668 3420 nomen
1694 3365 1863 3437 virgi-

226 3457 431 3513 nitatis
450 3457 691 3529 indepta
710 3461 814 3525 est,
838 3457 978 3512 dum
999 3458 1058 3511 in
1070 3474 1139 3512 ea
1158 3457 1366 3512 melior
1391 3474 1525 3529 pars
1539 3463 1596 3514 et
1616 3476 1864 3530 propen-

228 3551 349 3606 sior
363 3568 461 3605 vos
480 3551 633 3619 estis,
649 3568 779 3622 qua:
804 3551 1012 3606 anima:
1042 3552 1413 3622 corporisque
1433 3552 1605 3607 vestri
1626 3552 1865 3624 integri-

230 3649 415 3700 tatem
427 3645 652 3701 Christo
679 3644 1005 3699 dedicastis.
1029 3646 1098 3700 Et
1121 3645 1255 3700 licet
1274 3645 1333 3699 in
1350 3646 1618 3700 omnibus
1638 3646 1752 3700 suis
1766 3663 1864 3717 ge-

230 3738 512 3793 neraliter
528 3738 808 3793 membris
825 3738 939 3793 ﬁde
955 3744 1193 3793 maneat
1211 3738 1392 3810 virgo,
1414 3743 1611 3794 tamen
1630 3757 1867 3795 suorum

229 3835 393 3904 parte
435 3832 856 3899 membrorum,
890 3832 1045 3904 quod
1076 3832 1211 3886 estis
1244 3849 1360 3901 vos,
1394 3849 1512 3887 non
1550 3834 1866 3904 incongrue

226 3926 394 3997 virgo
416 3926 593 3981 etiam
633 3942 912 3996 corporea
935 3944 947 3981 :
981 3943 1195 3996 genere
1217 3926 1432 3980 scilicet
1450 3926 1600 3982 illius
1624 3928 1864 3983 locutio-

228 4020 338 4088 nis,
358 4037 473 4092 quo
496 4023 793 4075 auttotum
813 4038 847 4074 a
857 4024 1039 4091 parte,
1064 4026 1161 4075 aut
1172 4036 1305 4091 pars
1321 4020 1657 4075 nominatur
1671 4038 1703 4074 a
1722 4025 1861 4077 toto.

224 4113 501 4169 Meditare
524 4117 588 4168 ut
619 4114 906 4183 columba,
950 4113 1312 4168 sanctissima
1347 4113 1530 4184 virgo,
1572 4118 1630 4168 et
1669 4118 1864 4169 mente

224 4211 519 4278 pertracta
537 4224 664 4278 quae
682 4207 741 4261 in
760 4208 952 4261 futuro
972 4207 1076 4261 tibi
1095 4212 1333 4262 maneat
1351 4208 1536 4279 gloria
1555 4225 1572 4278 ;
1598 4225 1724 4281 quas
1747 4226 1865 4264 non

226 4300 561 4371 acquievisti
611 4300 770 4369 carni
800 4303 859 4354 et
906 4300 1214 4371 sanguini;
1248 4317 1437 4373 neque
1476 4318 1683 4373 corpus
1726 4302 1866 4356 illud

224 4393 656 4448 sanctissimum
695 4394 995 4465 prostrasti
1024 4395 1399 4466 corruptioni.
1432 4400 1550 4467 Age
1585 4413 1746 4467 ergo,
1776 4412 1866 4451 co-

1974 1888 2035 1938 tu
2091 1885 2297 1939 Christi
2349 1886 2705 1958 amplexibus
2750 1883 3214 1955 fragrantissimo
3261 1883 3608 1954 virginitatis

1974 1978 2150 2032 odore
2176 1978 2489 2045 inhaeseris,
2522 1980 2778 2050 profecto
2811 1977 3129 2049 peccatoris
3159 1992 3390 2031 memor
3415 1977 3608 2031 fratris

1974 2070 2257 2125 obtinebis
2280 2089 2382 2143 pro
2398 2076 2561 2127 reatu
2586 2071 2853 2141 germani
2876 2070 3299 2141 indulgentiam
3324 2086 3499 2139 quam
3513 2086 3607 2141 po-

1972 2165 2240 2236 posceris.
2290 2167 2415 2219 Non
2444 2168 2501 2219 te
2533 2164 2916 2229 contristabit,
2946 2164 3041 2234 qui
3076 2168 3130 2216 te
3171 2180 3288 2217 suae
3320 2163 3605 2233 COpulavit

1973 2258 2250 2312 societati.
2282 2258 2523 2313 Sinistra
2552 2260 2694 2329 ejus,
2727 2258 2787 2312 in
2833 2274 2944 2328 qua
2974 2260 3057 2311 est
3086 2257 3272 2311 honor
3316 2261 3372 2310 et
3398 2256 3603 2326 gloria,

1970 2351 2074 2405 sub
2103 2351 2289 2422 capite
2317 2355 2415 2406 tuo
2446 2369 2459 2415 ;
2492 2356 2549 2406 et
2575 2352 2811 2406 dextera
2835 2352 2976 2421 ejus,
3000 2350 3057 2404 in
3092 2366 3205 2420 qua
3232 2353 3317 2403 est
3346 2350 3599 2419 longitu-

1971 2445 2045 2499 do
2076 2444 2223 2512 vitaz,
2255 2446 2676 2516 amplexabitur
2703 2449 2759 2499 te
2791 2446 2969 2515 (Cant.
3014 2450 3092 2509 il).
3133 2442 3361 2497 Talibus
3410 2443 3601 2513 sponsi

1972 2538 2164 2592 oblata
2189 2539 2562 2609 amplexibus,
2592 2554 2784 2592 meam
2812 2537 3041 2591 veniam
3057 2537 3355 2607 postulans
3383 2536 3604 2591 obtine-

1970 2634 2074 2689 bis.
2100 2636 2279 2689 Amor
2314 2639 2444 2690 tuus
2472 2636 2529 2690 in
2554 2636 2777 2691 Christo
2815 2634 2925 2689 erit
2952 2633 3315 2705 indulgentia
3352 2650 3512 2693 mea:
3548 2638 3604 2687 et

1970 2718 2729 2801 quantulamcunque'spem
2755 2726 3108 2782 remissionis
3126 2727 3331 2794 habeo,
3357 2727 3400 2781 si
3432 2743 3596 2781 soror

1970 2838 2146 2893 quam
2172 2822 2348 2894 diligo
2380 2823 2454 2877 ad
2479 2822 2707 2894 nuptias
2733 2820 2941 2879 Christi
2976 2820 3274 2874 transierit
3297 2837 3311 2887 ;
3342 2823 3512 2890 atque
3537 2820 3595 2871 in

1968 2915 2065 2969 illo
2089 2916 2327 2970 terribili
2375 2915 2805 2987 metuendaque
2843 2913 3063 2985 judicio
3110 2912 3601 2984 respiramentum

1967 3007 2172 3077 aderit,
2206 3008 2303 3062 ubi
2341 3008 2411 3062 de
2456 3008 2640 3076 factis,
2670 3007 2910 3074 actibus,
2937 3007 3021 3059 vel
3052 3006 3123 3060 de
3171 3004 3492 3060 commissis
3520 3004 3603 3059 di-

1971 3101 2182 3156 scussio
2227 3101 2440 3167 fuerit;
2474 3101 2569 3155 ubi
2610 3100 2680 3155 de
2713 3100 2858 3155 meis
2902 3098 3237 3179 dispendiis,
3267 3099 3382 3153 heu
3426 3097 3597 3152 mihi!

1969 3212 2095 3250 sum
2117 3195 2411 3266 cogendus
2426 3195 2670 3249 reddere
2690 3194 2996 3261 rationem,
3016 3196 3073 3246 tu
3096 3191 3365 3247 solatium
3380 3207 3575 3245 meum
3589 3233 3601 3257 ,

1968 3294 2030 3343 tu
2053 3289 2538 3360 respiramentum
2567 3304 2784 3343 meum.
2807 3289 2874 3342 Et
2892 3286 3144 3341 vindicta
3165 3302 3293 3358 quin
3320 3285 3463 3339 mihi
3494 3285 3591 3339 de-

1966 3382 2136 3437 betur
2155 3399 2258 3453 pro
2282 3382 2639 3453 negligentia
2659 3398 2811 3450 mea,
2836 3368 2985 3435 forte
2999 3379 3274 3435 castitatis
3304 3382 3416 3434 tum
3443 3378 3603 3433 seda-

1967 3475 2122 3530 bitur
2136 3475 2563 3530 intercessione.
2580 3476 2690 3529 Def
2691 3492 2763 3529 en
2773 3475 2874 3529 des
2892 3491 2986 3528 me
3008 3473 3271 3544 profectu
3290 3476 3390 3528 tuo
3416 3489 3451 3527 a
3470 3488 3602 3526 meo

1970 3551 2131 3624 reatu
2153 3569 2360 3641 operis,
2393 3569 2436 3623 si
2466 3572 2523 3623 tu
2551 3568 2771 3624 Christo
2804 3566 3136 3634 adhaeseris,
3161 3570 3218 3620 et
3236 3566 3281 3619 si
3300 3568 3361 3620 tu
3384 3565 3598 3636 illipla-

1966 3662 2169 3729 cueris,
2201 3678 2310 3733 ego
2357 3662 2512 3716 unde
2554 3662 2607 3715 ei
2638 3661 2908 3732 displiceo
2954 3646 3069 3715 non
3121 3659 3424 3729 gravabor,
3464 3658 3601 3713 dum

1968 3756 2071 3811 tibi
2093 3755 2374 3825 indulget,
2401 3754 2545 3809 mihi
2568 3758 2793 3826 parcet;
2823 3770 2927 3808 nec
2958 3752 3147 3825 perire
3168 3752 3410 3806 fratrem
3432 3752 3601 3817 sinet,

1968 3850 2129 3921 cujus
2155 3849 2388 3920 spondit
2416 3864 2695 3903 sororem.
2719 3851 2823 3903 Per
2858 3851 2915 3901 te
2946 3847 3094 3901 forte
3121 3844 3265 3899 mihi
3294 3844 3603 3899 donabitur

1966 3943 2415 4013 chirographum
2439 3942 2593 4012 quod
2613 3941 2900 4007 contraxi;
2927 3940 3063 3994 dum
3088 3941 3142 3993 te
3168 3938 3423 3995 Christus
3449 3939 3603 3993 fovet

1967 4040 2266 4107 eharitate,
2296 4056 2391 4095 me
2423 4056 2539 4094 non
2565 4040 2734 4111 punit
2757 4056 2861 4111 pro
2888 4038 3153 4093 crimine.
3187 4036 3474 4102 Miserere,
3508 4052 3598 4090 so-

1965 4151 2082 4199 ror,
2111 4151 2230 4189 non
2251 4137 2479 4189 tantum
2501 4135 2604 4201 tui,
2629 4134 2729 4188 sed
2758 4138 2817 4188 et
2840 4133 2987 4199 mei;
3019 4135 3086 4186 ut
3111 4130 3262 4185 unde
3290 4130 3392 4184 tibi
3420 4132 3601 4185 restat

1966 4228 2169 4299 gloria,
2202 4229 2399 4284 saltem
2439 4228 2584 4282 mihi
2608 4229 2692 4282 vel
2726 4227 2893 4283 venia
2920 4225 3293 4282 concedatur.
3330 4225 3516 4279 Multw
3542 4224 3597 4276 in

1966 4325 2066 4377 tuo
2097 4325 2268 4377 erunt
2290 4321 2540 4394 virgines
2567 4322 2842 4377 comitatu
2865 4338 2878 4376 :
2904 4336 3035 4376 cum
3055 4319 3125 4372 iis
3138 4317 3301 4372 facile
3329 4317 3602 4388 impetra-

1963 4412 2051 4470 bis
2082 4432 2185 4486 pro
2214 4432 2309 4470 me
2338 4415 2496 4488 quod
2517 4415 2863 4488 poposceris.
2896 4417 3018 4468 Imo
3044 4412 3170 4482 ipsa
3199 4412 3389 4464 mater
3414 4415 3470 4463 et
3491 4410 3601 4464 dux

226 4488 416 4558 Bima
463 4504 777 4559 Praesume;
824 4488 1104 4559 ίηίθῙῙίϐθν
1150 4488 1358 4559 quibus
1404 4494 1459 4543 te
1511 4491 2255 4579 amplexmustirginum
2294 4509 2469 4563 Maria
2504 4525 2671 4563 suum
2706 4505 3099 4578 interpellabit
3124 4519 3226 4574 pro
3269 4506 3368 4557 tuo
3394 4502 3600 4557 merito

230 4581 430 4652 cupiat
451 4581 726 4650 Christus,
758 4598 886 4652 qua:
908 4581 1112 4636 mundi
1138 4583 1370 4637 calcasti
1404 4583 1728 4652 illecebras;
1752 4602 1865 4656 quo

228 4678 287 4729 te
344 4674 631 4730 desiderio
672 4676 879 4730 chorus
908 4676 1004 4730 ille
1051 4679 1314 4748 expectet
1350 4676 1662 4748 virgineus,
1691 4695 1867 4749 quam

225 4768 369 4839 ipsis
396 4767 673 4839 gradibus
695 4773 1107 4840 properantem
1132 4772 1408 4827 caelorum
1438 4773 1620 4827 ardua
1649 4772 1863 4842 vident,

227 4862 440 4934 quibus
489 4864 697 4918 chorns
749 4863 870 4934 ipse
919 4863 1213 4935 virginalis
1262 4866 1525 4937 pervenit
1564 4866 1639 4921 ad
1675 4866 1865 4922 Chris-

226 4960 375 5010 tum.
410 4957 634 5012 Gaudet
662 4960 721 5011 et
747 4958 923 5013 Maria
946 4962 1136 5013 mater
1160 4960 1411 5028 Domini,
1440 4943 1584 5032 apex
1609 4963 1668 5015 et
1694 4961 1869 5033 speci-

228 5066 371 5104 men
426 5050 790 5122 virginitatis,
837 5052 1286 5124 incorruptionis
1334 5058 1542 5123 mater,
1590 5071 1718 5126 quae
1769 5071 1868 5110 vos

229 5144 498 5215 exemplo
542 5161 646 5200 suo
685 5146 905 5215 genuit,
940 5150 997 5200 et
1034 5153 1235 5203 manet
1262 5148 1490 5219 integra
1519 5164 1655 5215 ;vos
1692 5148 1864 5203 docu-

227 5240 433 5291 mento
447 5254 549 5292 suo
569 5239 813 5310 peperit,
839 5243 895 5293 et
922 5240 1148 5295 dolores
1176 5241 1445 5308 nescivit;
1474 5242 1677 5312 genuit
1693 5259 1865 5314 spon—

229 5347 382 5399 sum,
406 5334 466 5385 et
483 5332 644 5403 virgo
672 5336 775 5387 est.
803 5333 955 5387 Felix
980 5333 1075 5389 ille
1114 5338 1333 5402 venter,
1361 5335 1458 5406 qui
1487 5335 1647 5390 novit
1672 5336 1872 5407 gigne-

229 5441 313 5492 re,
340 5441 459 5479 non
478 5427 791 5498 corrumpi.
818 5426 991 5482 Beata
1010 5429 1107 5482 illa
1131 5428 1474 5499 fecunditas,
1498 5445 1625 5500 quae
1646 5430 1873 5501 parien-

232 5518 310 5573 do
338 5519 601 5590 implevit
642 5519 951 5588 mundum,
980 5522 1340 5578 haereditavit
1376 5523 1566 5592 ecelos,
1591 5539 1698 5577 nec
1726 5523 1869 5577 ami-

232 5611 309 5667 sit
343 5612 637 5667 velamina
679 5612 1040 5684 virginitatis.
1088 5615 1302 5670 Ardeat
1345 5632 1445 5671 cor
1472 5620 1658 5685 tuum,
1688 5633 1870 5685 soror,

120 5743 127 5749 -
235 5706 375 5780 igne
404 5707 523 5777 illo,
554 5724 730 5780 quem
766 5708 1022 5766 Christus
1040 5710 1199 5765 misit
1224 5711 1285 5766 in
1308 5714 1539 5767 terram.
1578 5713 1794 5768 Excitet
1818 5716 1875 5766 te

238 5802 475 5862 ﬂamma
516 5804 669 5877 ignis
704 5805 847 5876 ejus,
878 5811 937 5860 et
963 5806 1171 5861 chorus
1221 5809 1316 5863 ille
1352 5809 1644 5881 virgineus
1682 5825 1875 5881 prose—

1970 4602 2171 4656 Filium
2201 4619 2214 4668 ;
2262 4604 2321 4655 et
2351 4618 2421 4655 ne
2474 4606 2529 4655 te
2559 4600 2861 4655 contristet
2906 4614 3010 4669 pro
3041 4612 3136 4650 me
3185 4597 3474 4662 orantem,
3508 4612 3601 4648 me

1968 4696 2155 4765 eriget
2183 4695 2331 4748 forte
2360 4694 2677 4764 jacentem,
2704 4697 2761 4747 et
2787 4688 3151 4746 conscientias
3182 4690 3346 4742 reatu
3366 4705 3596 4743 meren-

1966 4786 2085 4839 tem
2114 4782 2519 4838 consolabitur.
2540 4784 2664 4836 Non
2692 4779 3082 4836 confundatur
3109 4793 3238 4848 spes
3266 4794 3398 4832 mea
3427 4795 3529 4849 per
3549 4782 3601 4833 te

1970 4878 2045 4933 ad
2070 4879 2270 4933 Deum.
2306 4877 2427 4931 Meo
2474 4876 2650 4946 igitur
2678 4875 3067 4941 hortamento,
3096 4887 3230 4926 meo
3258 4870 3599 4941 ministerio,

1969 4971 2070 5026 Dei
2089 4970 2321 5043 quidem
2345 4970 2520 5036 dono,
2545 4967 2645 5022 sed
2662 4984 2793 5023 meo
2812 4965 3110 5037 obsequio,
3134 4966 3285 5021 hanc
3302 4970 3464 5048 tenes
3479 4983 3604 5037 pro-

1971 5064 2302 5120 fessionem.
2332 5063 2418 5119 Sit
2438 5078 2574 5132 ergo
2599 5061 2742 5115 mihi
2765 5060 3067 5133 integritas
3088 5063 3188 5114 tua
3212 5077 3383 5115 causa
3398 5061 3600 5126 veniae,

1971 5166 2111 5229 qum
2128 5157 2229 5212 tibi
2243 5157 2353 5211 erit
2380 5172 2553 5210 causa
2581 5171 2828 5210 coronae.
2857 5156 3085 5221 Averte,
3111 5169 3327 5224 quasso,
3356 5154 3551 5207 oculos
3572 5171 3605 5206 a

1969 5251 2173 5307 mundi
2196 5251 2353 5305 falsis
2381 5248 2667 5304 inanibus.
2702 5248 2885 5303 Coslos
2913 5246 3125 5317 aspice,
3149 5246 3242 5299 ubi
3265 5249 3607 5317 estsponsus

1970 5349 2119 5400 tuus.
2154 5346 2289 5399 Illuc
2339 5343 2599 5399 animum
2643 5342 2848 5411 dirige,
2882 5340 2979 5394 ubi
3020 5340 3261 5396 Christus
3298 5344 3373 5395 est
3415 5343 3472 5393 in
3518 5343 3609 5395 Dei

1971 5440 2196 5495 dea-tera
2245 5439 2430 5494 sedens
2468 5436 2601 5508 (Col.
2647 5436 2747 5503 Ill).
2778 5435 2942 5491 Omne
2973 5434 3114 5486 enim
3155 5434 3299 5502 quod
3322 5436 3381 5487 in
3405 5434 3607 5488 mundo

1973 5539 2070 5597 est,
2107 5533 2533 5604 concupiscentia
2560 5532 2762 5591 carnis,
2789 5532 2839 5582 et
2876 5527 3305 5595 concupiscentia
3335 5528 3609 5582 oculorum

1973 5633 2051 5683 est
2079 5629 2123 5695 (Ι
2147 5630 2303 5684 Joan.
2334 5626 2415 5697 ll).
2444 5624 2583 5689 Quae
2609 5639 2803 5678 sursus
2830 5623 2964 5676 sunt
3004 5635 3196 5691 quaare
3220 5635 3234 5674 :
3267 5619 3361 5673 ubi
3389 5623 3475 5674 est
3497 5621 3612 5674 vita

1972 5724 2092 5788 tua,
2118 5720 2233 5775 illic
2254 5722 2389 5774 sunt
2408 5722 2467 5773 et
2486 5716 2773 5773 desideria
2790 5718 2890 5771 tua
2913 5732 2927 5783 ;
2960 5713 3058 5769 ubi
3083 5714 3171 5767 est
3195 5728 3436 5784 sponsus
3460 5716 3611 5781 tuus,

1976 5813 2055 5869 ibi
2101 5814 2175 5870 sit
2198 5817 2256 5869 et
2286 5813 2591 5869 thesaurus
2616 5815 2767 5868 tuus.
2800 5810 2942 5865 Nolo
2969 5812 3028 5864 te
3066 5806 3286 5863 moveri
3325 5806 3615 5878 voluptate
