4034 6228
450 222 553 286 8'79

1417 227 1648 282 SANCTI
1687 225 2001 291 LEANDRI,
2044 222 2474 280 HISPALENSIS
2514 222 2839 289 EPISCOPI,

3730 225 3833 279 880

449 337 660 405 saculi,
702 335 837 391 nolo
866 341 920 390 te
951 335 1175 407 fulgore
1203 334 1388 389 carnis
1432 334 1707 388 decorari.
1736 333 1859 390 Cito
1890 339 2087 389 movet
2107 345 2162 419 Α
2186 337 2353 403 putas
2407 336 2729 403 corruptam
2760 331 2936 387 habet
2966 331 3266 386 mentem?
3295 331 3521 403 Triplex
3569 331 3830 386 commisi

449 430 694 486 alienam
720 429 1023 484 libidinem
1042 445 1176 484 caro
1202 432 1418 494 ornata,
1449 430 1506 480 et
1526 432 1786 499 aspectus
1805 427 2086 497 juvcnum

449 524 514 578 in
542 540 601 579 se
619 527 905 594 provocat,
935 539 1063 595 qua
1079 538 1136 576 se
1156 520 1456 592 componit
1476 525 1540 575 ut
1568 525 1766 575 ornata
1789 520 2083 591 procedat.

446 616 674 672 Placere
702 617 849 671 velle
880 615 1059 670 oculis
1086 614 1306 680 alienis,
1345 612 1578 667 affectus
1606 618 1691 668 est
1718 614 2034 668 meretricis
2066 631 2081 681 ;

453 714 512 764 et
540 710 610 765 ad
639 709 833 782 sponsi
876 708 1116 763 caelestis
1140 707 1386 762 refertur
1414 706 1705 777 injuriam,
1736 708 1781 761 si
1825 707 1902 761 ita
1927 707 2082 761 ince-

453 804 554 858 das
578 807 645 857 ut
664 802 837 857 oculis
862 800 1183 855 libidinosis
1207 800 1451 871 placeas.
1488 801 1642 869 Esto,
1671 816 1899 871 quaso,
1906 800 2083 870 judex

452 897 606 952 inter
621 896 899 950 nubentes
930 898 986 948 et
1010 892 1290 963 virgines:
1315 910 1475 965 spem
1501 894 1799 965 utriusque
1828 893 2086 948 conside-

452 1007 534 1058 ra,
557 988 682 1060 quis
701 1003 873 1058 quam
902 990 1092 1041 teneat
1112 986 1263 1040 viam
1292 987 1529 1041 astima.
1560 988 1731 1058 Virgo
1758 987 1945 1041 studet
1973 987 2086 1056 pla-

452 1097 579 1136 cere
608 1082 763 1149 Deo;
798 1085 975 1150 nupta
1010 1081 1241 1135 saculo.
1271 1080 1442 1151 Virgo
1486 1084 1673 1134 servat
1697 1080 2084 1151 integritatem

453 1191 565 1246 qua
589 1179 725 1228 nata
756 1180 874 1235 est;
908 1179 1086 1243 nupta
1112 1174 1515 1243 corrumpitur.
1560 1176 1625 1227 Et
1649 1174 1816 1244 quale
1846 1178 1947 1241 est,
1966 1172 2085 1243 ubi

451 1286 568 1325 non
592 1275 885 1344 permanet
909 1269 1132 1338 integra
1145 1275 1207 1323 ut
1230 1269 1399 1339 capit
1416 1285 1536 1323 esse
1560 1272 1765 1322 natura
1783 1271 1810 1322 ?
1830 1268 2084 1322 Primum

452 1364 642 1419 divino
672 1364 831 1433 operi
855 1363 1143 1433 irrogatur
1171 1362 1399 1431 injuria,
1424 1362 1563 1416 dum
1585 1362 1739 1432 quod
1760 1362 1851 1416 ille
1878 1361 2087 1415 forma-

452 1458 533 1512 vit
570 1458 859 1527 integrum
884 1455 1119 1510 libidine
1141 1455 1547 1526 corrumpitur,
1576 1454 1813 1509 libidine
1843 1454 2086 1508 macula-

452 1555 568 1604 tur.
604 1551 663 1603 ln
693 1566 789 1604 vos
829 1550 973 1603 Deus
1011 1549 1302 1619 cognoscit
1328 1565 1469 1619 Opus
1494 1564 1662 1602 suum
1689 1565 1706 1617 ;
1747 1564 1885 1618 quas
1929 1550 2087 1601 tenet

454 1643 747 1712 saculum,
777 1647 833 1696 et
860 1659 972 1696 non
996 1641 1348 1713 corrumpit;
1378 1657 1521 1712 quas
1539 1642 1680 1696 tales
1698 1642 1847 1695 Deus
1866 1640 2082 1710 recipit,

2189 426 2567 481 adulterium:
2597 425 2826 494 mentis,
2859 441 2989 497 qua
3026 424 3200 479 talem
3247 424 3524 481 meditata
3553 427 3640 479 est
3668 424 3826 478 frau-

2187 519 2348 588 dem;
2380 519 2651 590 corporis,
2690 535 2819 591 qua
2840 518 3118 589 ﬁgmento
3141 518 3384 573 mutavit
3408 518 3700 589 speciem;
3731 533 3828 570 ve-

2187 613 2371 679 stitus,
2418 629 2546 684 qua
2586 628 2702 667 non
2741 612 2995 683 proprio,
3024 612 3120 666 sed
3163 612 3346 666 alieno
3374 611 3598 683 fragrat
3634 610 3825 665 odore.

2187 707 2280 759 His
2310 706 2471 761 malis
2509 707 2671 776 virgo
2695 706 2907 774 nescia,
2952 721 3153 759 sexum
3199 705 3392 772 habet,
3420 712 3478 760 et
3515 721 3691 759 sexus
3739 719 3832 758 ne-

2186 799 2508 854 cessitatem
2534 799 2779 869 ignorat.
2812 798 3093 853 Femineae
3119 798 3440 869 fragilitatis
3470 797 3656 852 oblita
3685 798 3831 868 rigo-

2186 909 2248 947 re
2279 892 2429 946 virili
2445 892 2716 957 subsistit,
2747 896 2918 963 atque
2946 891 3241 945 inﬁrmum
3264 907 3467 945 sexum
3484 891 3702 945 virtute
3736 908 3825 945 so-

2186 985 2419 1040 lidavit:
2451 1002 2555 1040 nec
2582 985 2802 1039 addixit
2832 986 3102 1040 servitute
3130 1002 3353 1056 corpus,
3372 985 3521 1056 quod
3553 986 3688 1054 lege
3724 1001 3829 1037 na-

2185 1084 2328 1133 tura
2359 1079 2479 1133 viro
2510 1078 2632 1150 subj
2641 1084 2782 1134 acet.
2812 1079 2969 1133 Felix
2985 1078 3168 1150 virgo,
3187 1095 3316 1150 qua
3333 1094 3542 1149 corpus
3560 1077 3747 1132 trahit
3762 1094 3833 1131 ex

2187 1173 2319 1240 Eva,
2345 1188 2463 1226 non
2485 1188 2715 1242 panam
2741 1172 2754 1224 1
2788 1172 2885 1226 [lla
2904 1172 3122 1242 peccati
3141 1172 3346 1225 merito
3374 1171 3529 1225 audit
3552 1187 3565 1226 :
3588 1172 3701 1227 Sub
3722 1173 3839 1225 viri

2180 1270 2446 1335 potestate
2467 1269 2593 1327 eris,
2616 1270 2666 1320 et
2688 1269 2744 1319 in
2776 1267 3048 1320 doloribus
3071 1269 3251 1336 paries
3282 1266 3428 1333 (Gen.
3454 1264 3516 1331 ι).
3547 1265 3630 1318 Tu
3658 1265 3839 1334 virgi-

2185 1359 2426 1414 nitatem
2448 1359 2679 1430 adepta,
2706 1375 2738 1412 a
2768 1360 2867 1413 tali
2883 1359 3026 1430 jugo
3056 1358 3350 1413 excussisti
3375 1358 3689 1427 cervicem;
3723 1375 3831 1412 nec

2186 1469 2378 1523 pressa
2400 1453 2588 1524 jugali
2630 1453 2965 1508 necessitate
3002 1452 3328 1508 curvaberis
3355 1451 3429 1505 ad
3459 1456 3698 1521 terram,
3731 1452 3831 1505 sed

2186 1550 2245 1604 in
2270 1550 2500 1605 sublimi
2520 1553 2703 1604 erecta
2725 1551 2891 1605 calos
2912 1551 3176 1622 suspicis;
3204 1554 3266 1605 ut
3287 1552 3437 1606 unde
3462 1551 3560 1605 illa
3578 1551 3829 1604 vetitum

2186 1644 2589 1713 prasumendo
2616 1643 2837 1710 cecidit,
2854 1644 2956 1698 ubi
2978 1648 3040 1698 tu
3061 1643 3213 1699 licita
3241 1644 3663 1700 contemnendo
3682 1660 3825 1698 con-

455 1738 649 1809 quales
664 1736 814 1791 fecit.
838 1735 1041 1790 Omnia
1057 1736 1245 1806 itaque
1274 1734 1646 1789 restauranda
1672 1737 1805 1788 sunt
1828 1733 1889 1787 in
1910 1748 2090 1787 resur-
2110 1730 2167 1802 B
2192 1737 2502 1792 scenderes.
2550 1738 2663 1791 Eva
2710 1738 2953 1808 gustavit
2980 1737 3049 1793 de
3078 1737 3296 1805 illicito,
3328 1742 3385 1793 et
3428 1738 3827 1809 virginitatem

452 1831 709 1885 rectione
737 1846 865 1902 qua
894 1845 1049 1884 nunc
1078 1834 1320 1900 pereunt
1360 1828 1430 1883 de
1472 1844 1733 1899 corpore.
1783 1826 2091 1897 Virginitas

455 1928 633 1983 semel
659 1928 881 2000 perdita
908 1943 1011 1981 nec
1038 1927 1128 1981 hic
1152 1928 1467 1997 reparatur,
1500 1942 1604 1981 nec
1631 1926 1691 1979 in
1718 1925 1912 1981 futuro
1941 1924 2086 1979 reci-

453 2021 629 2093 pitur.
681 2022 888 2076 Verum
930 2024 1017 2074 est
1053 2019 1210 2091 quod
1254 2020 1402 2074 Deus
1428 2019 1772 2091 praceperit
1819 2018 2085 2091 nuptias;

453 2120 557 2174 sed
582 2119 810 2187 idcirco,
837 2122 904 2172 ut
926 2117 1059 2173 inde
1085 2122 1416 2173 nasceretur
1441 2117 1772 2188 virginitas:
1803 2122 1870 2172 ut
1894 2115 2085 2171 multi-

452 2212 659 2283 plicata
705 2211 989 2282 virginum
1041 2211 1407 2277 successione,
1439 2211 1759 2264 lucraretur
1794 2209 1855 2264 in
1904 2208 2086 2279 prole,

454 2305 610 2377 quod
637 2304 1004 2375 perdiderant
1018 2304 1257 2375 nuptia.
1286 2304 1354 2357 Et
1375 2303 1536 2357 radix
1556 2306 1616 2357 et
1635 2304 1851 2357 fructus
1870 2302 2090 2373 nuptia-

455 2414 586 2453 rum
612 2398 908 2469 virginitas
938 2401 1040 2451 est.
1066 2398 1142 2451 De
1168 2397 1435 2468 conjugio
1452 2401 1602 2451 certe
1627 2396 1879 2451 nascitur
1891 2395 2083 2467 virgo:

454 2508 583 2563 qua
613 2492 657 2545 si
684 2507 795 2545 non
821 2490 1229 2561 corrumpitur,
1248 2490 1319 2545 ad
1338 2490 1673 2561 nuptiarum
1694 2490 1925 2544 additur
1950 2505 2090 2560 pra-

455 2586 661 2639 mium.
709 2585 924 2639 Habent
949 2588 1141 2655 nupta
1167 2584 1320 2638 unde
1350 2584 1638 2650 latentur,
1669 2583 1717 2637 si
1754 2583 1841 2637 sui
1868 2583 2086 2637 fructus

455 2678 665 2733 calesti
691 2678 900 2731 horreo
928 2682 1298 2748 reponantur.
1339 2677 1422 2730 Tu
1451 2692 1681 2748 quoque
1715 2676 2087 2731 communiun

452 2775 756 2844 parentum
775 2770 1091 2825 cumulabis
1112 2771 1317 2825 merita
1339 2787 1355 2838 ;
1386 2769 1497 2824 tuis
1517 2770 1745 2841 utrique
1772 2769 2087 2825 honoribus

451 2864 947 2933 munerabuntur;
978 2869 1033 2919 te
1061 2864 1217 2935 prole
1244 2863 1467 2920 Christo
1494 2863 1842 2932 adharente,
1871 2863 1978 2934 ipsi
2003 2878 2088 2917 re-

454 2958 668 3030 cipient
685 2952 745 3012 in
758 2958 945 3013 fructu
959 2957 1187 3029 quodin
1208 2957 1420 3028 cespite
1444 2956 1838 3028 perdiderunt.
1859 2956 2083 3023 Recole,

453 3069 588 3107 mea
636 3068 814 3119 soror,
873 3052 1255 3105 humanarum
1298 3051 1630 3121 nuptiarum
1679 3066 1985 3118 arumnas,
2028 3052 2086 3103 et

454 3147 649 3202 claude
677 3146 886 3213 oculos,
915 3160 988 3198 ne
1025 3142 1215 3198 videas
1257 3143 1583 3198 vanitatem.
1622 3143 1808 3197 Prima
1836 3142 2087 3214 pericula
2105 3104 2160 3177 C

452 3239 782 3311 nuptiarum
811 3238 933 3291 hac
962 3241 1128 3291 sunt:
1172 3237 1486 3308 corruptio,
1515 3236 1894 3307 corruptionis
1931 3235 2085 3290 fasti-

454 3334 569 3403 dia,
600 3332 824 3403 pondus
844 3330 991 3384 uteri
1013 3330 1308 3401 gravidati,
1337 3330 1496 3385 dolor
1519 3334 1717 3401 partus
1744 3329 2082 3401 plerumque

454 3427 527 3482 ad
553 3425 854 3481 discrimen
882 3424 1083 3479 mortis
1112 3424 1467 3495 perveniens,
1500 3424 1593 3478 ubi
1620 3429 1677 3478 et
1696 3440 1906 3478 munus
1936 3441 2080 3494 nup-

450 3521 657 3575 tiarum
679 3519 827 3591 perit
849 3522 903 3573 et
917 3519 1135 3572 fructus
1157 3536 1172 3587 ;
1199 3518 1338 3572 dum
1367 3517 1536 3572 simul
1564 3521 1747 3572 mater
1763 3534 1894 3572 cum
1921 3516 2083 3587 prole

452 3614 657 3681 deﬁcit,
689 3618 745 3668 et
765 3613 955 3667 omnis‘
978 3612 1077 3666 illa
1102 3628 1314 3683 pompa
1331 3610 1602 3682 nuptialis
1627 3611 1827 3666 mortis
1855 3612 2084 3665 frustra-

450 3714 547 3764 tur
562 3707 830 3763 termino.
847 3707 1028 3770 Quam
1049 3706 1325 3777 putabant
1339 3722 1566 3760 causam
1581 3722 1700 3759 esse
1714 3704 2084 3776 1atitia,quis

452 3820 575 3858 eam
632 3801 989 3856 occasionem
1039 3798 1410 3855 interimendi
1439 3799 1709 3854 invenit?
1764 3798 1908 3863 Quid
1952 3801 2085 3869 aget

448 3900 577 3969 post
602 3898 872 3961 mortem,
902 3909 1033 3964 qua
1073 3895 1252 3948 totam
1286 3893 1544 3947 latitiam
1590 3892 1807 3964 nuptiis
1839 3891 2080 3963 deputa-

450 3990 532 4043 vit
547 3990 575 4043 ?
594 3989 729 4052 Qua
743 3988 864 4041 viro
883 3986 1105 4058 placere
1125 3987 1321 4056 voluit,
1348 4002 1464 4041 non
1482 3987 1615 4055 Deo,
1635 3986 1773 4057 quid
1791 3988 1922 4056 aget
1940 3986 2081 4040 dum

452 4082 569 4139 exit
596 4098 630 4135 a
655 4082 861 4135 saculo
886 4081 914 4134 ?
938 4081 1073 4144 Qua
1103 4079 1339 4135 sollicita
1364 4080 1472 4134 fuit
1513 4078 1806 4151 quomodo
1835 4080 2084 4150 placeret

449 4174 686 4242 mundo,
716 4191 889 4247 quam
917 4173 1127 4245 poterit
1153 4173 1361 4228 habere
1395 4176 1618 4245 partem
1663 4189 1793 4228 cum
1822 4173 2083 4228 Christo?

450 4271 587 4335 Quae
613 4270 862 4341 primum
886 4284 1003 4322 non
1033 4267 1179 4321 bene
1198 4265 1332 4321 viris
1352 4282 1411 4320 se
1431 4266 1776 4335 distrahunt,
1802 4266 2082 4338 simulque

450 4381 581 4420 cum
604 4360 879 4435 pudicitia
898 4343 1216 4415 libertatem
1243 4358 1510 4430 perdunt,
1546 4359 1775 4430 quando
1800 4360 2082 4432 captivam

448 4457 835 4528 virginitatem
883 4457 1140 4524 suscepta
1183 4452 1318 4508 dote
1361 4452 1649 4508 addicunt.
1679 4453 1823 4518 Quid
1859 4454 2159 4551 miseraD

448 4550 529 4605 illi
544 4552 821 4618 remanet,
861 4564 987 4619 qua
1029 4547 1313 4619 pudorem
1343 4546 1641 4602 venditat?
1671 4546 1836 4612 Quod
1866 4548 1913 4601 si
1940 4548 2081 4603 forte

449 4643 674 4713 mundi,
708 4647 773 4697 ut
803 4641 927 4695 ﬁeri
962 4641 1119 4711 solet,
1149 4656 1283 4696 casu
1313 4640 1517 4712 perdat
1541 4640 1923 4708 donationem,
1947 4646 2082 4697 tunc

450 4742 507 4793 et
524 4736 743 4809 pudore
768 4735 967 4803 caruit,
993 4739 1049 4790 et
1069 4735 1262 4790 amisit
1286 4734 1555 4807 pretium.
1586 4735 1751 4789 Vides
1776 4752 1947 4807 quam
1970 4752 2077 4790 nu-

448 4831 524 4886 da
561 4835 618 4886 et
642 4829 908 4885 destituta
932 4829 993 4883 in
1021 4833 1261 4901 utroque
1280 4824 1587 4885 remansit!
1633 4829 1743 4883 Pro
1776 4829 1896 4883 viro
1930 4834 2080 4884 certe

449 4924 680 4998 gemino
713 4922 933 4977 timoris
953 4921 1179 4977 addicta
1205 4922 1481 4993 periculo,
1522 4923 1687 4978 timet
1704 4922 1920 4977 bonum
1942 4939 2076 4995 per-

447 5020 603 5087 dere,
627 5019 792 5072 timet
827 5016 1047 5071 malum
1073 5015 1303 5071 habere.
1324 5017 1460 5081 Quis
1481 5031 1620 5088 ergo
1652 5016 1801 5070 inter
1820 5016 1940 5070 hac
1965 5033 2081 5072 me-

444 5114 571 5169 dius
596 5115 682 5169 est
696 5113 854 5167 locus
870 5109 1081 5165 latitia
1100 5109 1129 5164 ?
1145 5110 1293 5174 Quas
1308 5110 1529 5164 formas
1548 5109 1817 5165 lenocinii
1838 5109 2079 5166 medita-

443 5210 540 5263 tur
564 5212 625 5262 ut
650 5207 875 5278 placeat
899 5204 1116 5259 oculis?
1138 5202 1344 5275 quibus
1363 5203 1687 5276 peregrinis
1711 5204 1978 5259 odoribus
1997 5204 2080 5259 in-

441 5300 563 5357 ﬁcit
586 5306 801 5355 vestem
828 5299 858 5353 ‘t
894 5302 952 5352 et
973 5301 1041 5352 ut
1066 5297 1309 5354 oblectet
1351 5313 1568 5363 sensus,
1588 5302 1777 5352 cutem
1801 5298 2080 5354 mentitur

443 5396 709 5452 alienam.
746 5395 866 5459 Que
896 5392 1026 5447 fuco
1056 5391 1261 5447 illitam
1292 5391 1451 5446 vario
1482 5391 1761 5447 adulterat
1798 5392 2076 5463 ﬁgmento

440 5483 666 5558 facie'm,
699 5504 771 5544 ne
798 5488 870 5542 sit
911 5486 1034 5557 ipsa
1070 5502 1200 5557 qua
1227 5488 1363 5540 nata
1393 5488 1497 5553 est,
1527 5487 1584 5541 et
1619 5484 1861 5556 decipiat
1888 5486 2074 5540 virum

440 5582 627 5655 specie
658 5582 864 5648 aliena,
887 5596 1007 5635 non
1033 5580 1288 5652 propria.
1320 5577 1454 5633 Vide
1479 5577 1526 5632 si
1551 5594 1667 5632 non
1693 5577 1954 5632 maleﬁcii
1985 5595 2079 5650 ge-

440 5692 551 5733 nus
579 5680 683 5743 est,
720 5674 1043 5747 excogitare
1086 5678 1268 5729 artem
1312 5687 1427 5744 qua
1470 5676 1742 5743 provocet
1771 5671 2076 5727 libidinem

446 5770 709 5825 alienam.
763 5770 834 5821 Et
894 5783 1021 5838 qua
1077 5768 1154 5821 sic
1216 5765 1531 5836 corrumpit
1597 5764 1800 5821 faciem
1825 5806 1840 5835 ,
1898 5780 2075 5838 quam

2190 1830 2453 1901 perdidit.
2483 1830 2707 1885 Licebat
2734 1831 2952 1885 nubere
2977 1830 3207 1902 virgini,
3240 1831 3343 1885 sed
3367 1848 3495 1904 qua
3526 1847 3643 1886 non
3672 1848 3829 1902 nup-

2191 1924 2283 1991 sit,
2318 1924 2534 1995 angelis
2574 1924 2833 1980 adhaesit.
2861 1929 2925 1981 In
2950 1928 3387 1981 resurrectionem
3411 1927 3555 1981 enim
3584 1942 3693 1981 non
3719 1943 3832 1981 nu-

2193 2018 2343 2081 bunt,
2378 2034 2548 2087 neque
2566 2019 2757 2073 uxores
2785 2018 3026 2085 ducunt;
3048 2019 3144 2075 sed
3167 2025 3326 2075 erunt
3353 2023 3493 2075 sicut
3518 2021 3705 2088 angeli
3731 2024 3837 2076 Dei

2191 2112 2407 2181 (Matth.
2432 2112 2588 2183 xxii).
2606 2111 2765 2178 Vide,
2782 2112 2940 2184 virgo
2956 2128 3084 2183 quae
3101 2129 3218 2168 non
3239 2113 3424 2184 nubit,
3438 2114 3662 2187 angelis
3676 2131 3836 2170 com-

2189 2210 2444 2275 paratur.
2486 2205 2639 2261 Licet
2673 2205 2829 2260 enim
2868 2206 3105 2278 gignere
3149 2207 3332 2275 ﬁlios;
3363 2208 3460 2263 sed
3498 2225 3629 2280 qua
3673 2208 3831 2264 hanc

2189 2303 2524 2369 spreverunt
2579 2300 2997 2367 necessitatem,
3043 2299 3333 2355 Christum
3383 2301 3669 2357 dicentem
3718 2319 3830 2356 au-

2189 2391 2354 2447 diunt
2375 2408 2389 2445 :
2417 2396 2595 2448 Beata
2611 2395 2818 2449 steriles
2836 2409 2955 2464 quae
2972 2402 3079 2448 non
3108 2399 3426 2462 genuerunt,
3448 2400 3500 2449 et
3522 2396 3691 2451 ubera
3708 2410 3835 2465 qua:

2187 2501 2295 2539 non
2340 2487 2679 2541 lactaverunt
2721 2487 2863 2556 (Luc.
2891 2490 3066 2558 χχιιι).
3097 2488 3139 2541 Ε
3167 2488 3447 2543 contrario
3472 2488 3586 2544 illic
3616 2489 3834 2544 dicitur

2190 2579 2417 2650 nuptis:
2456 2581 2549 2634 Vae
2586 2581 2992 2650 praegnantibus
3016 2586 3068 2635 et
3094 2583 3457 2637 nutrientibus
3482 2585 3541 2637 in
3580 2585 3683 2638 illa
3714 2584 3829 2637 die.

2189 2674 2379 2743 Itaque
2394 2673 2631 2743 virginei
2648 2690 2845 2728 sensus
2866 2691 2971 2745 pro
2992 2674 3123 2728 ﬁliis
3137 2678 3497 2746 reputantur.
3513 2676 3661 2740 Quid
3685 2692 3831 2747 ergo

2187 2765 2393 2836 quarit
2407 2783 2547 2836 quos
2574 2768 2845 2837 pariendo
2874 2768 3081 2836 doleat,
3105 2785 3230 2840 qua
3254 2769 3376 2840 pios
3403 2770 3575 2824 habet
3600 2786 3830 2832 sensus,

2187 2858 2393 2930 quibus
2420 2860 2745 2915 meditando
2765 2862 3122 2932 congaudeat
3147 2864 3175 2917 Ἰ
3210 2867 3435 2934 Propter
3464 2866 3709 2919 timorem
3734 2870 3831 2918 tu-

2184 2969 2295 3015 um,
2324 2956 2565 3017 Domine,
2592 2955 2798 3025 inquit,
2822 2958 2880 3009 in
2909 2961 3057 3011 utero
3077 2960 3397 3028 accepimus,
3436 2963 3487 3012 et
3507 2961 3829 3028 parturivi-

2184 3063 2302 3102 mus
2328 3049 2593 3117 Spiritum
2622 3049 2820 3103 salutis
2864 3050 3013 3115 (Isai.
3044 3051 3208 3121 xxv1).
3240 3053 3379 3106 Ecce
3405 3050 3541 3105 felix
3568 3068 3825 3123 concep-

2185 3142 2285 3207 tio,
2308 3141 2634 3212 incorrupta
2652 3143 2977 3214 progenies,
3001 3144 3153 3198 utilis
3170 3146 3365 3215 partus
3390 3162 3402 3218 ς
3436 3145 3529 3199 ubi
3559 3149 3617 3199 et
3634 3146 3833 3216 proles

2184 3235 2351 3289 bona
2380 3235 2738 3307 cogitationis
2762 3236 2969 3304 editur,
2989 3243 3045 3291 et
3064 3237 3364 3308 ignoratur
3390 3238 3576 3293 dolor.
3606 3239 3709 3293 Tot
3736 3240 3830 3295 fe-

2184 3328 2312 3382 licia
2339 3329 2619 3400 germina,
2647 3334 2789 3401 quot
2813 3334 3023 3385 sancta
3061 3332 3448 3403 cogitationes,
3478 3333 3645 3387 toties
3672 3350 3823 3387 con-

2186 3422 2340 3493 cipit,
2373 3424 2591 3493 quoties
2630 3428 2824 3478 sancta
2858 3424 3230 3480 meditatione
3257 3426 3532 3496 Spiritum
3561 3426 3831 3481 divinum

2185 3517 2350 3588 capit.
2378 3517 2684 3589 Conceptio
2733 3518 2888 3572 enim
2921 3535 3165 3590 superna
3189 3520 3423 3574 virtutes
3449 3520 3617 3590 parit.
3653 3522 3722 3575 Et
3748 3538 3829 3576 ne

2183 3614 2349 3681 putes
2374 3615 2428 3665 te
2459 3627 2578 3666 esse
2604 3611 2874 3679 sterilem,
2904 3616 2986 3667 tot
3021 3612 3165 3667 ﬁlios
3193 3613 3446 3682 habebis,
3480 3619 3617 3686 quot
3645 3615 3833 3670 virtu-
3856 3608 3859 3611 λ

2186 3708 2270 3759 tes
2296 3704 2617 3775 protuleris.
2649 3706 2767 3760 Una
2794 3707 2973 3761 sancti
3002 3707 3240 3777 Spiritus
3265 3709 3632 3779 conceptione
3662 3711 3827 3764 mul-

2183 3802 2269 3853 tos
2301 3798 2434 3854 edes
2460 3802 2676 3869 partus.
2705 3799 2928 3854 Primus
2953 3805 3150 3871 partus
3173 3801 3430 3872 virginis,
3462 3804 3829 3858 verecundia

2182 3892 2359 3947 virtus
2382 3909 2397 3960 ;
2428 3892 2706 3947 secundus
2734 3894 3039 3964 patientia,
3062 3895 3262 3949 tertius
3288 3894 3626 3965 sobrietatis,
3649 3913 3826 3967 quar-

2182 3992 2272 4042 tus
2295 3986 2707 4058 temperantia,
2749 3987 2984 4057 quintus
3025 3988 3333 4057 charitatis,
3363 3995 3554 4044 sextus
3583 3989 3829 4045 humili-

2181 4080 2331 4147 tatis,
2358 4080 2631 4151 septimus
2656 4080 2942 4150 castitatis,
2971 4084 3037 4136 ut
3072 4082 3373 4153 impleatur
3397 4082 3553 4155 quod
3578 4084 3818 4155 legitur,

2182 4173 2316 4245 quia
2357 4175 2557 4229 sterilis
2594 4177 2806 4245 peperit
2850 4178 3048 4245 septem
3095 4175 3143 4243 (Ι
3191 4178 3321 4245 Reg.
3370 4176 3450 4247 ιι).
3508 4177 3646 4231 Ecce
3702 4195 3819 4233 una

2182 4266 2522 4337 septiformis
2554 4266 2795 4338 Spiritus
2819 4268 3182 4340 conceptione
3210 4274 3425 4341 septem
3463 4275 3662 4341 partus
3689 4272 3816 4326 edi-

2181 4359 2331 4415 disti.
2364 4363 2484 4418 Non
2508 4360 2689 4416 dicas:
2718 4364 2848 4417 Ecce
2884 4378 2977 4432 ego
3003 4364 3207 4432 lignum
3251 4364 3488 4427 aridum,
3530 4368 3663 4434 quia
3702 4366 3817 4419 hac

2182 4454 2317 4509 dicit
2338 4457 2597 4510 Dominus
2615 4456 2869 4511 eunuchis
2904 4475 2920 4510 :
2950 4458 3054 4524 Qui
3078 4458 3430 4512 custodiet-int
3448 4460 3687 4528 requiem
3713 4474 3817 4513 me-

2182 4563 2291 4611 am,
2332 4553 2383 4603 et
2411 4549 2663 4617 elegerint
2695 4566 2815 4620 qua
2842 4551 3011 4613 volui,
3042 4556 3092 4605 et
3119 4552 3387 4607 tenuerint
3412 4553 3591 4619 fadus
3617 4568 3812 4613 meum,

2182 4642 2322 4697 dabo
2346 4645 2421 4698 eis
2448 4646 2506 4697 in
2531 4644 2684 4699 domo
2730 4660 2847 4698 mea
2884 4649 2933 4699 et
2958 4647 3017 4699 in
3047 4647 3223 4699 muris
3251 4648 3381 4701 meis
3411 4646 3604 4709 locum,
3632 4652 3684 4700 et
3716 4662 3813 4701 no-

2181 4751 2301 4791 men
2336 4737 2525 4792 melius
2568 4754 2603 4792 a
2633 4738 2763 4807 filiis
2793 4742 2845 4792 et
2867 4754 2901 4792 a
2922 4739 3177 4807 ﬁliabus;
3205 4755 3396 4794 nomen
3432 4741 3814 4811 smpiternam

2181 4830 2322 4884 dabo
2347 4832 2444 4893 eis,
2473 4831 2617 4900 quod
2640 4847 2749 4886 non
2768 4832 2973 4902 peribit
3001 4830 3127 4903 (Isa.
3161 4833 3290 4903 Lvi).
3318 4833 3503 4902 Vides,
3536 4834 3812 4888 amantis-

2181 4922 2322 4977 sima
2348 4940 2524 4991 soror,
2554 4925 2709 4996 quod
2736 4925 3106 4997 principalem
3142 4925 3202 4980 in
3228 4943 3407 4997 regno
3445 4926 3539 4980 Dei
3565 4927 3812 4999 virgines

2179 5019 2375 5072 tenent
2399 5017 2587 5073 locum
2608 5018 2635 5073 ?
2661 5020 2729 5073 Et
2753 5035 2869 5073 non
2902 5019 3209 5074 immerito.
3240 5020 3434 5075 Mundi
3476 5020 3632 5074 enim
3674 5038 3811 5075 con»

2180 5114 2537 5182 tempserunt
2572 5112 2849 5182 habitum,
2889 5114 3017 5168 ideo
3058 5120 3444 5185 pervenerunt
3486 5114 3561 5168 ad
3589 5115 3809 5170 caleste

2180 5223 2443 5279 regnum.
2474 5209 2611 5264 Vita
2662 5209 2902 5265 calestis
2945 5211 3356 5266 beatitudinem
3386 5212 3478 5266 hic
3507 5212 3805 5284 incipiunt,

2180 5317 2307 5373 qua
2336 5319 2605 5373 generare
2628 5304 2685 5357 in
2714 5304 3001 5360 doloribus
3020 5305 3168 5360 ﬁlios
3184 5306 3581 5371 nesciverunt;
3611 5310 3669 5361 et
3684 5319 3804 5379 qua

2178 5396 2440 5468 contagia
2480 5396 2732 5453 libidinis
2775 5403 2833 5453 et
2869 5400 3017 5454 foeda
3053 5400 3364 5472 conjugum
3412 5400 3690 5470 ﬁgmenta
3721 5414 3800 5455 re-

2177 5493 2404 5560 spuunt,
2425 5495 2574 5545 recte
2600 5491 2807 5546 Christi
2837 5493 3064 5565 nuptias
3088 5492 3489 5565 impetrarunt.
3518 5493 3661 5547 Nolo
3682 5508 3798 5548 mo-

2176 5582 2353 5637 vearis
2370 5584 2703 5655 pompaticis
2720 5591 3031 5657 nuptarum
3065 5586 3394 5656 incessibus,
3419 5586 3798 5660 clientumque

2176 5675 2380 5747 stipato
2406 5677 2700 5733 comitatu.
2735 5679 2843 5734 Hos
2886 5680 3186 5735 incurrunt
3212 5681 3553 5752 plerumque
3582 5681 3797 5736 insidiae

2175 5771 2325 5824 tores
2344 5769 2654 5844 pudicitia,
2676 5789 2822 5845 quos
2848 5773 3105 5830 custodes
3133 5773 3401 5829 castitatis
3427 5774 3725 5844 putabant.
3742 5773 3795 5829 Et
