4034 6228
223 369 330 421 881

1777 372 2040 426 llEGULA

3504 379 3605 433 882

224 492 367 530 cum
403 492 464 531 se
508 477 717 532 ambiri
756 482 841 533 tot
884 480 1136 533 virorum
1180 480 1378 535 formis
1418 481 1625 547 vident,
1671 480 1778 534 hoc
1819 480 1876 532 in
1898 480 2211 563 Aillidaris
2240 482 2492 552 scopulo,
2527 487 2625 535 aut
2657 482 2716 535 in
2750 481 3037 537 sinistram
3066 483 3373 554 Charybdis
3397 486 3601 556 deglu-

223 574 493 624 mentem
520 571 692 640 venit,
715 572 870 643 quod
895 588 1027 626 cum
1056 573 1187 627 viris
1206 574 1265 628 in
1290 574 1508 628 lectulis
1533 579 1713 645 agunt
1732 590 1867 645 pro-

222 662 411 732 priis;
443 669 502 717 et
530 665 683 735 quod
700 670 947 737 experta:
977 670 1111 720 sunt
1138 667 1197 721 in
1228 667 1483 738 singulis,
1516 669 1624 722 hoc
1650 668 1709 722 in
1737 668 1869 740 plu-

229 754 397 810 rimis
421 757 790 813 meditantur.
824 760 943 813 Non
977 761 1217 816 verebor
1241 761 1530 832 invidiam,
1562 762 1610 816 si
1652 761 1872 817 locutus

226 848 399 903 fuero
428 851 746 907 veritatem.
774 853 1001 909 Feriant
1018 871 1111 910 me
1135 855 1311 912 livore
1335 872 1478 928 quas
1503 856 1875 913 momorderit

227 942 598 1013 conscientia,
630 945 941 1002 dummodo
955 947 1375 1019 proﬁcientibus
1394 950 1596 1022 loquar
1619 949 1756 1021 quid
1778 965 1870 1004 ca-

228 1052 367 1093 vere
393 1037 637 1094 debeant
659 1040 721 1094 in
770 1041 850 1096 eis
891 1057 1019 1113 quas
1065 1042 1185 1097 solo
1230 1043 1412 1099 nitent
1451 1059 1625 1116 Opere
1668 1043 1870 1098 carnis.

228 1129 471 1186 Certum
500 1136 604 1202 est,
636 1133 715 1187 mi
745 1149 922 1202 soror,
958 1151 1089 1207 quin
1121 1135 1365 1193 nitorem
1384 1137 1625 1193 vestium
1651 1153 1877 1209 compo-

232 1223 435 1293 suerit,
463 1224 636 1281 odore
665 1228 970 1299 peregrino
1000 1229 1350 1301 fragraverit,
1394 1230 1524 1286 fuco
1574 1232 1878 1286 mutaverit

232 1317 447 1386 oculos,
492 1318 698 1374 faciem
734 1321 975 1376 candore
1018 1323 1199 1379 alieno
1263 1324 1582 1393 obduxerit,
1646 1324 1878 1379 brachia

233 1410 465 1464 circulis
495 1411 829 1468 instruxerit
852 1415 1060 1485 aureis,
1077 1416 1269 1487 digitis
1283 1418 1522 1472 annulos
1549 1417 1874 1487 inseruerit,

232 1508 293 1557 et
318 1504 680 1561 distinctione
698 1524 1060 1578 gemmarum
1081 1510 1299 1565 sidereo
1325 1511 1627 1566 radiaverit
1651 1510 1878 1582 fulgore

232 1596 524 1667 manibus,
561 1614 727 1654 aures
766 1601 997 1656 metallo
1022 1604 1434 1674 aggravaverit,
1466 1605 1609 1659 colla
1646 1621 1877 1677 marga-

236 1690 360 1745 ritis
384 1695 444 1745 et
466 1691 622 1747 vario
647 1710 1007 1765 gemmarum
1034 1696 1390 1753 absconderit
1413 1698 1687 1769 tegmine,
1712 1702 1881 1770 caput

1975 574 2129 629 tiaris
2154 574 2317 629 rictu.
2348 575 2501 645 Fuge
2530 575 2793 630 Sirenum
2813 581 3030 641 cantus,
3057 580 3115 631 et
3134 594 3168 631 a
3191 577 3388 647 lingua
3425 581 3604 636 male-

1971 667 2258 721 suadentis
2286 668 2404 738 sepi
2434 684 2598 723 aures
2618 673 2760 722 tuas.
2783 669 2931 723 Muni
2959 686 3055 723 cor
3072 674 3239 725 tuum
3263 678 3420 727 scuto
3449 672 3602 743 fidei,

1972 761 2110 814 dum
2139 760 2500 831 tuipropositi
2524 761 2805 831 disparem
2826 761 3064 831 videris;
3090 767 3146 817 et
3171 764 3417 821 frontem
3446 771 3604 821 tuam

1973 855 2230 926 trophaao
2280 872 2439 910 arma
2476 856 2657 911 crucis
2692 861 2890 912 contra
2928 873 3054 913 eam
3100 876 3228 930 quae
3277 861 3607 931 professioni

1972 954 2088 1004 tua:
2112 949 2304 1020 dispar
2331 953 2434 1006 est.

2636 1034 2855 1090 CAPUT
2886 1037 2949 1090 ll.

2444 1130 2511 1182 Ut
2536 1130 2646 1182 viri
2671 1131 2849 1184 sancti
2880 1131 3136 1185 vitentur.

2045 1222 2169 1275 lam
2194 1220 2345 1292 quali
2371 1221 2509 1292 fuga
2536 1220 2687 1275 viros
2715 1221 2922 1292 fugias,
2961 1238 3118 1277 soror
3160 1223 3502 1292 Florentina,
3545 1229 3608 1281 tu

1969 1314 2181 1385 judica,
2231 1314 2278 1368 si
2312 1317 2433 1369 tam
2471 1313 2706 1369 sollicite
2762 1314 3000 1370 feminas
3048 1317 3241 1371 seaculi
3284 1317 3608 1375 declinabis.

1975 1408 2223 1478 Quisque
2244 1407 2346 1474 vir,
2373 1408 2420 1462 si
2438 1411 2666 1463 sanctus
2687 1413 2790 1477 est,
2822 1408 3037 1463 nullam
3058 1414 3246 1464 tecum
3270 1415 3430 1482 gerat
3443 1410 3608 1466 fami-

1975 1500 2281 1555 liaritatem
2296 1518 2313 1570 ;
2346 1516 2419 1554 ne
2449 1501 2676 1556 videndi
2698 1501 2942 1572 jugitate
2961 1507 3057 1556 aut
3084 1502 3390 1558 infametur
3407 1504 3612 1559 utrius-

1979 1609 2090 1665 que
2121 1593 2403 1663 sanctitas,
2426 1599 2527 1650 aut
2552 1599 2770 1665 pereat.
2814 1595 3043 1649 Decidet
3086 1595 3239 1649 enim
3272 1613 3305 1650 a
3340 1597 3613 1653 charitate

1981 1687 2098 1755 Dei,
2123 1703 2249 1758 qua:
2278 1687 2644 1759 perpetrandi
2675 1688 2809 1742 mali
2846 1688 3032 1758 operis
3073 1688 3420 1744 occasionem
3462 1706 3613 1760 prae-

232 1784 636 1854 ponderaverit
658 1803 828 1856 auro;
856 1794 1094 1859 certum,
1127 1789 1386 1861 inquam,
1418 1795 1520 1857 est,
1569 1792 1716 1846 hanc
1758 1808 1876 1847 non

1981 1780 2198 1849 buerit;
2226 1780 2447 1836 decidet
2463 1797 2498 1834 a
2523 1780 2797 1836 charitate
2824 1780 3089 1853 proximi,
3115 1798 3244 1852 qua:
3267 1782 3371 1837 etsi
3400 1782 3618 1840 malum

234 1892 359 1932 esse
390 1882 627 1933 castam;
660 1896 787 1952 qua;
810 1882 881 1936 ad
916 1882 1025 1936 hoc
1056 1899 1116 1937 se
1148 1859 1229 1937 ita:
1258 1885 1593 1955 composuit,
1629 1890 1695 1940 ιιι
1726 1886 1875 1941 mu]-
1896 1859 1954 1929 Β
1977 1890 2093 1956 non
2116 1873 2255 1944 agit,
2285 1873 2550 1944 opinione
2588 1880 2785 1929 tamen
2823 1875 3127 1945 pessimam
3162 1875 3374 1930 famam
3414 1877 3614 1933 nutrit.

235 1974 428 2025 torum
452 1971 621 2027 feriat
640 1975 849 2044 oculos,
883 1976 1193 2031 multorum
1225 1977 1448 2032 animos
1476 1982 1719 2046 moveat,
1763 1979 1876 2034 illi-

232 2064 461 2135 ciatque
486 2071 724 2121 mentes.
752 2068 888 2133 Quae
908 2067 1011 2123 etsi
1041 2075 1203 2125 metu
1239 2070 1343 2125 viri
1391 2087 1510 2126 non
1549 2077 1710 2142 gerat
1754 2075 1875 2126 stu-

234 2174 410 2228 prum
440 2156 498 2212 in
524 2164 723 2232 aperto
761 2161 1072 2217 fornicatur
1085 2167 1272 2218 tamen
1294 2163 1530 2219 interius
1554 2165 1879 2221 animo.llla

232 2267 371 2305 vero
395 2256 548 2306 casta
574 2256 675 2322 est,
708 2270 836 2325 quas
856 2256 924 2310 de
944 2255 1188 2327 simplici
1216 2257 1415 2312 habitu
1439 2257 1717 2329 bonisque
1748 2275 1875 2313 mo-

234 2344 396 2398 ribus
426 2346 610 2415 placet
646 2346 787 2416 viro,
827 2352 884 2403 et
912 2348 981 2404 de
1018 2349 1167 2404 bono
1212 2350 1559 2406 castimonia:
1600 2353 1731 2407 Deo.
1776 2353 1878 2407 Ha-

230 2453 371 2491 rum
399 2438 660 2494 habitum
685 2440 955 2511 exprimit
980 2444 1179 2498 Petrus
1220 2444 1525 2514 apostolus,
1572 2449 1629 2499 et
1664 2446 1878 2500 cultum

231 2530 499 2598 vestium,
548 2533 636 2587 vel
677 2534 1003 2604 aequitatem
1042 2552 1267 2591 morum
1310 2554 1412 2591 sua
1443 2537 1629 2609 pingit
1661 2555 1875 2609 praece-

234 2624 451 2694 ptione,
491 2642 623 2680 cum
662 2626 834 2681 dicit;
872 2629 957 2682 Sit
982 2631 1040 2682 in
1068 2631 1292 2684 muliere
1318 2647 1426 2685 non
1460 2634 1692 2686 exterior
1720 2648 1878 2687 oma-

234 2721 406 2771 menti
430 2724 529 2773 aut
555 2722 701 2782 auri,
727 2726 827 2775 aut
850 2724 1009 2777 vestis
1047 2724 1243 2786 cultus,
1279 2724 1375 2778 sed
1412 2726 1589 2779 cultus
1617 2726 1796 2779 cordis
1834 2726 1880 2796 (1

237 2813 353 2865 Pet.
384 2812 700 2881 m).Eadem
726 2830 863 2885 ergo
892 2820 949 2869 et
989 2816 1193 2870 Paulus
1224 2818 1508 2887 apostolus
1536 2818 1747 2887 intulit,
1788 2819 1874 2874 di-

232 2919 372 2958 cens
401 2920 414 2958 :
443 2903 704 2960 Similiter
733 2911 785 2961 et
810 2908 1061 2963 mulieres
1088 2925 1208 2963 cum
1239 2911 1564 2965 verecundia
1593 2916 1642 2965 et
1673 2913 1874 2967 sobrie-

238 3002 354 3051 tate
377 3003 633 3052 amantes
663 3015 737 3061 se,
758 3016 866 3053 non
889 3002 948 3054 in
972 3004 1128 3056 tortis
1154 3003 1415 3065 crinibus,
1456 3009 1552 3058 aut
1589 3020 1743 3067 auro,
1781 3009 1881 3060 aut

235 3092 576 3157 margaritis,
603 3093 689 3146 vel
703 3098 845 3148 veste
858 3097 1130 3163 pretiosa;
1158 3097 1253 3150 sed
1269 3097 1413 3165 quod
1438 3097 1587 3152 decet
1609 3100 1875 3162 mulieres,

233 3186 607 3253 promittentes
642 3189 901 3255 pietatem
950 3203 1052 3256 per
1096 3204 1260 3258 opera
1300 3190 1437 3243 bona
1483 3190 1560 3260 (lI
1605 3193 1737 3246 Tim.
1796 3193 1875 3259 ιι).

232 3278 386 3341 Quas
412 3277 697 3333 dissonare
733 3279 803 3333 ab
840 3279 908 3333 iis
948 3281 1424 3352 praeceptionibus
1459 3287 1516 3337 et
1560 3283 1879 3355 discrepare

234 3365 603 3436 compereris,
638 3368 793 3424 velut
816 3369 1097 3440 gehennae
1129 3371 1298 3426 duces
1328 3376 1384 3426 et
1416 3372 1625 3427 inferni
1649 3374 1882 3430 comites

233 3457 397 3526 fuge.
430 3457 543 3511 Hoc
572 3457 725 3512 enim
745 3458 1062 3513 suadebunt
1086 3476 1201 3530 quo
1230 3460 1414 3530 plenas
1435 3465 1589 3529 sunt,
1620 3478 1748 3533 qute
1777 3465 1879 3518 etsi

236 3562 358 3601 non
390 3545 578 3613 verbo,
606 3546 729 3617 ipso
755 3552 944 3602 tamen
970 3548 1168 3603 habitu
1204 3549 1517 3620 loquuntur
1548 3551 1783 3621 flagitia.
1812 3554 1880 3607 Et

234 3657 365 3712 qua:
396 3655 536 3694 auro
572 3641 967 3710 coruscaverit,
1012 3646 1068 3696 et
1115 3642 1415 3698 radiaverit
1449 3645 1709 3715 gemmis,
1750 3650 1876 3700 tan-

236 3749 417 3805 quam
446 3732 750 3788 simulacra
775 3734 1012 3803 declina;
1053 3735 1385 3807 idolumque
1424 3737 1721 3807 aestimato,
1760 3755 1877 3794 non

235 3826 554 3896 hominem,
581 3843 709 3898 quae
732 3843 766 3881 a
792 3828 904 3882 Deo
928 3828 1074 3884 bene
1115 3829 1399 3884 conditam
1433 3830 1684 3885 formam
1723 3833 1876 3887 vario

234 3920 601 3992 praesumpsit
640 3924 901 3993 stuprare
944 3921 1240 3992 ﬁgmento.
1294 3924 1450 3979 Unde
1488 3929 1544 3980 et
1588 3924 1876 3996 Scriptura

237 4014 375 4069 dicit
403 4030 416 4068 :
449 4015 648 4069 Fallax
669 4018 868 4085 imago,
900 4021 951 4070 et
975 4032 1122 4071 vana
1158 4022 1236 4073 est
1265 4019 1637 4087 pulchritudo,
1680 4020 1876 4076 mulier

238 4111 430 4164 timens
456 4112 623 4164 Deum
639 4112 759 4179 ipsa
789 4110 1109 4165 laudabitur
1132 4110 1312 4181 (Prov.
1345 4114 1442 4181 ιιι).

781 4203 1000 4258 CAPUT
1037 4205 1322 4260 PRIMUM.

657 4298 723 4351 Ut
746 4298 986 4352 vitentur
1004 4298 1159 4353 laicav
1182 4299 1448 4353 mulieres.

310 4392 514 4445 Precor
530 4394 604 4459 te,
624 4406 782 4445 soror
800 4390 1141 4459 Florentina,
1168 4395 1229 4446 ut
1252 4391 1504 4461 feminas,
1530 4409 1659 4465 quae
1682 4397 1873 4448 tecum

236 4501 352 4540 non
380 4488 577 4539 tenent
603 4484 1007 4556 professionem
1034 4502 1229 4553 unam,
1262 4486 1332 4541 ad
1364 4491 1522 4541 tuam
1552 4502 1667 4541 non
1709 4504 1868 4543 acce-

1979 1966 2182 2038 Dispar
2205 1966 2360 2022 enim
2387 1984 2551 2022 sexus
2580 1967 2638 2021 in
2664 1984 2846 2023 unum
2871 1969 3104 2037 locatus,
3134 1985 3201 2024 eo
3243 1969 3501 2024 titillatur
3526 1971 3616 2026 in-

1976 2060 2184 2115 stinctu
2219 2077 2331 2131 quo
2364 2060 2640 2127 nascitur;
2681 2064 2738 2115 et
2776 2063 3050 2115 naturalis
3091 2067 3353 2117 movetur
3387 2064 3620 2119 flamma

1977 2153 2023 2207 si
2051 2153 2363 2224 composita
2391 2153 2661 2224 attigerit.
2694 2153 2831 2217 Quis
2857 2155 3139 2224 colligavit
3162 2156 3359 2226 ignem
3385 2156 3446 2212 in
3487 2157 3617 2213 sinu

1978 2263 2095 2314 suo,
2131 2253 2187 2301 et
2215 2264 2329 2302 non
2353 2247 2759 2301 comburetur?
2782 2246 2929 2318 Ignis
2959 2252 3015 2302 et
3042 2252 3206 2319 stupa
3235 2249 3342 2303 sibi
3369 2254 3618 2322 utraque

1978 2341 2275 2408 contraria,
2304 2341 2365 2394 in
2390 2357 2574 2395 unum
2616 2340 2842 2396 redacta
2880 2340 3138 2396 flammas
3173 2343 3454 2398 nutriunt.
3502 2344 3620 2400 Viri

1979 2450 2144 2489 sexus
2168 2439 2226 2490 et
2265 2434 2494 2489 feminae
2520 2434 2793 2503 diversus,
2829 2435 2880 2489 si
2911 2436 3297 2508 conjungitur,
3334 2438 3486 2509 quod
3524 2437 3617 2493 lex

1978 2531 2197 2583 natura:
2228 2532 2514 2599 provocat,
2543 2532 2953 2583 commovetur.

2632 2641 2851 2696 CAPUT
2881 2642 2972 2695 Ill.

2295 2737 2361 2789 Ut
2387 2735 2654 2790 declinare
2676 2737 2827 2801 virgo
2858 2735 3048 2789 debeat
3063 2736 3315 2803 juvenes.

2052 2829 2118 2882 Et
2154 2829 2201 2882 si
2233 2828 2418 2882 taliter
2444 2827 2547 2881 viri
2579 2826 2895 2882 declinandi
2919 2832 3052 2882 sunt
3094 2829 3293 2894 sancti,
3341 2846 3414 2884 ne
3457 2834 3616 2885 utro-

1979 2937 2223 2992 rumque
2281 2920 2446 2975 bonis
2490 2919 2742 2975 moribus
2781 2919 3015 2974 offensio
3054 2921 3341 2992 subrepat,
3378 2922 3618 2993 qualiter

1978 3012 2229 3085 fugiendi
2259 3017 2392 3067 sunt
2409 3014 2667 3084 juvenes,
2700 3016 2757 3067 et
2789 3013 3111 3068 tenebrosas
3136 3015 3255 3068 vias
3282 3015 3614 3087 temporalis

1979 3107 2109 3160 vita)
2136 3111 2436 3177 sequentes
2456 3106 2484 3159 ?
2509 3122 2650 3176 quos
2669 3106 2741 3160 ad
2768 3106 2876 3160 hoc
2902 3106 3155 3161 diabolus
3176 3108 3390 3178 objicit,
3420 3113 3476 3164 et
3494 3108 3633 3162 vir-~

1983 3199 2163 3270 gineis
2206 3198 2439 3269 opponit
2473 3198 2649 3253 oculis
2693 3201 2759 3253 ut
2802 3199 3012 3253 formas
3063 3216 3283 3269 eorum,
3324 3216 3464 3271 quos
3512 3217 3616 3271 per

1984 3292 2138 3347 diem
2172 3292 2395 3357 viderit,
2432 3292 2595 3362 virgo
2621 3292 2930 3347 meditetur
2963 3293 3021 3346 in
3054 3298 3237 3348 nocte.
3283 3294 3441 3358 Quod
3486 3293 3532 3348 si
3557 3298 3617 3349 et

1982 3385 2329 3439 contradicat
2363 3385 2569 3439 mentis
2596 3385 2758 3453 ratio,
2786 3386 3037 3456 talesque
3073 3386 3507 3457 imaginationes
3544 3388 3615 3442 ab

1979 3478 2168 3532 animo
2200 3483 2447 3547 respuat,
2489 3494 2683 3532 recens
2716 3481 2908 3532 tamen
2946 3478 3086 3534 visio
3107 3484 3164 3534 et
3186 3481 3495 3551 corporalis
3522 3481 3615 3535 in-

1979 3572 2187 3641 spectio
2208 3571 2437 3625 exhibet
2465 3571 2757 3625 memoria:
2783 3571 2999 3625 formas
3028 3588 3042 3625 :
3071 3589 3211 3643 quas
3260 3573 3499 3629 videndo
3525 3575 3613 3629 di-

1979 3664 2133 3732 dicit,
2160 3668 2220 3717 ut
2244 3663 2347 3718 etsi
2376 3663 2673 3733 paululum
2688 3663 2816 3717 talis
2842 3664 3173 3735 imaginatio
3194 3665 3434 3720 oblectet
3458 3682 3618 3722 men-

1976 3763 2110 3823 tem,
2144 3761 2403 3811 occurret
2430 3756 2598 3810 etiam
2626 3772 2731 3827 per
2754 3757 3059 3826 somnium,
3081 3758 3232 3827 quod
3254 3758 3459 3813 viderit
3485 3775 3616 3815 ocu-

1974 3850 2061 3904 lis.
2108 3850 2194 3905 Sic
2240 3849 2447 3903 diaboli
2493 3849 2689 3919 sagitis
2735 3853 2935 3920 pectus
2980 3850 3214 3921 virginis
3253 3852 3608 3923 vulneratur,

1974 3948 2032 3997 et
2071 3943 2328 4013 inﬁgitur
2369 3942 2525 3996 cordi
2572 3958 2732 3996 amor
2773 3942 3007 4011 noxius;
3056 3947 3117 3997 ut
3158 3945 3310 4015 quod
3355 3945 3416 3999 in
3446 3951 3614 4002 nocte

1974 4037 2264 4092 recordata
2284 4039 2389 4103 est,
2417 4052 2552 4091 cum
2576 4051 2770 4090 amore
2797 4035 2934 4091 velit
2959 4036 3171 4093 iterum
3201 4039 3387 4094 videre
3412 4039 3472 4094 in
3498 4056 3614 4095 cra-

1975 4131 2208 4185 stinum.
2248 4130 2315 4184 Et
2356 4129 2434 4183 sic
2468 4130 2644 4184 intrat
2675 4130 2895 4185 Satanae
2928 4130 3133 4203 sagitta
3169 4147 3350 4204 usque
3376 4132 3452 4187 ad
3474 4133 3611 4188 inti-

1975 4240 2137 4277 mum
2166 4222 2348 4277 cordis
2373 4238 2477 4294 per
2507 4222 2712 4293 januas
2748 4224 3066 4293 oculorum,
3110 4225 3254 4279 sicut
3296 4226 3433 4280 dicit
3475 4228 3609 4281 Pro-

1972 4317 2179 4387 pheta:
2216 4319 2453 4372 Intravit
2490 4306 2633 4371 mors
2656 4332 2760 4385 per
2797 4318 3064 4383 fenestras
3099 4323 3313 4373 nostras
3352 4319 3481 4388 (Jer.
3515 4322 3612 4390 ix).

1972 4412 2084 4465 Nec
2110 4409 2264 4465 enim
2294 4409 2549 4480 subrepit
2570 4408 2824 4463 diabolus
2850 4410 2922 4464 ad
2950 4410 3221 4465 interiora
3245 4411 3473 4478 mentis,
3502 4413 3612 4467 nisi

1971 4521 2071 4575 per
2102 4519 2299 4558 sensus
2323 4502 2529 4557 cordis.
2563 4502 2619 4557 Si
2641 4503 2947 4571 pulchrum
2972 4502 3185 4573 aliquid
3228 4502 3418 4557 videas
3458 4506 3612 4573 quod

234 4578 373 4633 dant
398 4578 743 4634 societatem.
770 4580 926 4647 Quod
950 4579 1105 4635 enim
1134 4584 1349 4650 amant,
1379 4581 1486 4635 hoc
1510 4585 1865 4652 suggerunt:

1981 4595 2483 4667 :oncupiscentiam
2528 4601 2785 4660 moveat,
2833 4596 2880 4648 si
2926 4595 3163 4649 oblectet
3209 4612 3373 4649 aures
3428 4596 3611 4667 turpis

235 4676 291 4728 et
320 4688 420 4727 eas
445 4688 535 4727 res
574 4673 686 4727 tuis
708 4673 1081 4728 insinuabunt
1113 4673 1366 4742 auribus,
1403 4689 1531 4744 quas
1575 4674 1636 4728 in
1678 4690 1881 4730 eorum

235 4770 536 4821 versantur
583 4766 894 4822 desideriis.
936 4768 1055 4822 Heu
1095 4767 1259 4836 mihi,
1301 4783 1479 4833 soror,
1533 4773 1882 4839 corrumpunt

235 4875 407 4915 mores
448 4860 607 4915 bonos
648 4861 915 4930 colloquia
950 4861 1102 4927 mala
1148 4862 1194 4927 (Ι
1228 4862 1329 4918 Cor
1369 4861 1480 4931 xv).
1535 4862 1666 4919 Cum
1694 4865 1879 4917 sancto

232 4957 453 5009 sanctus
479 4956 616 5009 eris:
643 4954 817 5025 longe
838 4969 872 5007 a
888 4957 945 5007 te
970 4953 1061 5021 sit,
1085 4970 1266 5021 soror,
1290 4958 1480 5009 etcum
1496 4969 1743 5023 perverso
1756 4970 1879 5025 per-

236 5049 462 5103 verteris
499 5048 721 5116 (Psalm.
750 5047 901 5119 xvu).
934 5047 1078 5112 Quid
1103 5048 1164 5102 in
1201 5062 1379 5102 unum
1418 5046 1537 5118 agit
1576 5050 1775 5118 nupta,
1822 5052 1879 5103 et

234 5141 397 5212 virgo
416 5142 443 5194 ?
470 5141 569 5196 llla
596 5146 652 5195 te
679 5157 796 5196 non
822 5141 1096 5212 sequitur,
1125 5157 1255 5213 quae
1285 5140 1475 5195 virum
1505 5140 1721 5213 diligit.
1748 5142 1877 5196 Pro-

234 5235 491 5307 positum
534 5238 698 5289 tuum
740 5234 914 5307 fugit;
944 5235 1099 5306 quod
1146 5235 1252 5290 etsi
1294 5250 1486 5291 amare
1529 5250 1587 5291 se
1626 5235 1872 5302 ﬁnxerit,

229 5327 510 5385 mentitur
537 5332 600 5383 ut
618 5328 883 5400 decipiat.
911 5328 1055 5393 Quid
1075 5332 1265 5385 tecum
1288 5329 1426 5401 agit,
1445 5345 1576 5383 cum
1597 5345 1712 5401 qua
1726 5345 1878 5384 com-

230 5422 399 5479 muni
416 5420 572 5476 ‘collo
598 5421 803 5477 Christi
820 5422 1029 5493 jugum
1054 5438 1174 5479 non
1206 5422 1406 5478 ducis?
1436 5422 1627 5493 dispar
1650 5421 1873 5491 habitu,

233 5516 427 5587 dispar
452 5514 676 5570 affectu.
699 5514 991 5585 Organum
1017 5516 1236 5571 Satanae
1262 5516 1368 5571 hoc
1388 5514 1490 5571 tibi
1518 5519 1701 5582 canet,
1724 5514 1876 5587 quod

232 5608 515 5666 illecebris
540 5607 733 5663 saeculi
761 5614 1009 5680 moveat,
1054 5613 1111 5665 et
1147 5609 1372 5665 semitas
1412 5608 1623 5664 diaboli
1660 5608 1872 5679 impin-

233 5707 395 5778 guat.
426 5703 582 5774 Fuge
603 5701 867 5759 Sirenum
895 5707 1113 5773 cantus,
1140 5704 1221 5759 mi
1248 5720 1441 5760 soror:
1470 5719 1544 5759 ne
1574 5703 1712 5759 dum
1736 5718 1873 5773 pru-

234 5797 515 5853 rientibus
560 5796 794 5852 auribus
842 5797 1251 5853 oblectamenta
1310 5797 1605 5853 delectaris
1676 5794 1878 5850 audire

233 5898 487 5962 terrena,
515 5890 784 5947 avertaris
813 5909 847 5948 a
871 5896 1023 5949 recto
1053 5891 1275 5960 itinere,
1303 5894 1361 5947 et
1382 5895 1481 5946 aut
1503 5890 1565 5945 in
1589 5890 1879 5947 dexteram

1980 4695 2197 4755 cantus,
2239 4687 2287 4741 si
2312 4687 2610 4741 odoratum
2637 4687 2802 4741 nidor
2832 4687 3084 4757 attigerit
3107 4687 3388 4758 fragrans,
3420 4690 3467 4743 si
3500 4706 3607 4761 gu-

1978 4786 2129 4837 stum
2172 4779 2531 4835 illecebrosus
2566 4796 2735 4851 sapor
2764 4781 3149 4849 commoverit,
3182 4781 3227 4834 si
3255 4786 3433 4836 tactus
3464 4784 3608 4838 mol-

1977 4876 2092 4929 lem
2118 4878 2174 4929 et
2196 4872 2436 4928 nitidam
2462 4871 2763 4941 contigerit
2786 4872 3046 4941 formam,
3069 4877 3206 4927 tunc
3235 4874 3610 4931 oblectatione

1979 4966 2227 5022 sensibili
2265 4964 2447 5020 carnis
2492 4968 2751 5019 movetur
2792 4964 3072 5020 illecebra.
3122 4966 3221 5021 Dei
3263 4968 3414 5022 enim
3468 4986 3610 5039 opus

1976 5065 2219 5131 uterque
2244 5063 2327 5114 est
2352 5073 2540 5112 sexus.
2589 5059 2830 5113 Amandi
2857 5064 2989 5113 sunt
3017 5064 3165 5114 certe
3214 5060 3339 5129 viri,
3368 5066 3432 5115 ut
3469 5078 3612 5132 opus

1981 5154 2103 5219 Dei;
2153 5153 2250 5207 sed
2282 5150 2561 5216 absentes,
2604 5167 2704 5221 pro
2745 5139 3012 5223 operibus
3058 5152 3244 5221 bonis,
3293 5159 3348 5207 et
3384 5159 3611 5224 propter

1979 5249 2158 5302 Deum
2196 5244 2294 5317 qui
2344 5260 2437 5299 eos
2479 5243 2631 5311 fecit,
2675 5260 2790 5297 non
2839 5248 3072 5315 propter
3130 5246 3611 5317 pulchritudinem

1976 5338 2247 5411 corporis.

2626 5421 2842 5475 CAPUT
2868 5420 2954 5474 1V.

2555 5517 2631 5569 De
2667 5514 3017 5569 abstinentia.

2047 5608 2193 5672 Quid
2212 5608 2283 5663 ad
2306 5608 2443 5663 tede
2460 5608 2620 5677 cibis,
2643 5622 2805 5662 soror
2825 5606 3164 5676 Florentina,
3195 5609 3357 5678 puto,
3383 5608 3606 5679 loquar,

1977 5718 2105 5772 quae
2126 5701 2439 5772 fragilitate
2458 5701 2707 5772 corporis
2732 5716 2833 5755 nec
2846 5697 3067 5756 tantum
3095 5699 3300 5772 accipis
3326 5708 3610 5773 quantum

1977 5793 2199 5849 ratione
2247 5794 2500 5850 doceris?
2537 5796 2754 5851 Maneat
2780 5799 2973 5851 tamen
3000 5794 3061 5848 in
3088 5793 3279 5849 animo
3307 5800 3368 5849 ut
3391 5795 3495 5851 etsi
3521 5795 3613 5849 in-

1975 5888 2142 5944 firmo
2190 5887 2419 5963 corpori
2464 5887 2680 5962 aliquid
2714 5888 3085 5947 relaxandum
3114 5894 3197 5946 est
3238 5906 3272 5944 a
3314 5889 3522 5962 rigore,
3558 5889 3618 5944 in
