4034 6228
436 384 538 435 883

1412 372 1645 425 SANCTI
1690 368 1999 427 LEAMlltl,
2047 364 2474 418 lllSl’.»\l.ENSlS
2514 360 2842 423 EPISCOH,

3712 356 3831 411 883

434 487 601 541 terim
633 501 748 539 non
779 485 1026 538 solvatur
1053 482 1299 547 animus,
1335 479 1379 531 si
1407 494 1607 547 corpus
1633 476 1923 529 inﬁrmum
1956 491 2072 527 me-
2091 470 2565 560 Asusteutaculis
2591 468 2845 523 ciborum
2888 485 3094 539 corpus
3132 466 3527 532 reficiendum,
3570 465 3683 517 alia
3711 463 3831 518 tibi

437 585 595 634 retur
640 577 854 648 aliquid
896 573 1304 645 indulgentius.
1352 571 1546 625 Nullus
1598 573 1682 623 est
1729 567 1882 622 enim
1933 583 2069 621 usus

435 671 643 727 edendi
660 668 974 741 culpabilis,
997 667 1096 722 sed
1120 664 1590 735 concupiscentia,
1613 661 1710 716 sed
1737 661 2071 715 immodera-

436 765 535 829 tio,
570 763 617 818 si
640 765 770 835 plus
811 778 986 833 quam
1034 776 1176 830 opus
1214 762 1299 813 est
1342 756 1668 827 sumpseris,
1714 756 1760 809 si
1787 754 2069 809 desideres

434 858 553 912 sine
594 873 706 929 quo
754 857 936 909 vivere
982 852 1182 924 possis.
1220 851 1447 922 Triplex
1487 855 1638 905 certe
1682 855 1765 904 est
1806 849 1951 919 gulae
1977 848 2063 902 in-

439 949 809 1022 temperantia
843 948 926 1001 :si
952 946 1102 1018 quod
1127 961 1242 999 non
1285 945 1434 1009 licet,
1474 943 1690 998 avidius
1729 945 1980 1013 appetas,
2021 941 2068 995 si

432 1049 584 1103 licita
636 1062 877 1118 quaeque
930 1043 1222 1115 exquisitis
1265 1042 1567 1114 impendiis
1609 1044 1926 1113 praeparata
1978 1057 2067 1094 ac-

433 1140 678 1195 curatius
707 1156 957 1211 quieras,
985 1139 1031 1192 si
1055 1141 1281 1209 tempus
1316 1136 1522 1191 edendi
1566 1135 1786 1189 licitum
1823 1150 1939 1187 non
1979 1149 2068 1187 su-

435 1235 658 1288 stineas.
696 1232 870 1287 Primi
903 1232 1127 1303 generis
1159 1229 1419 1285 homines
1453 1228 1525 1282 ob
1569 1228 1675 1282 hoc
1700 1227 1939 1298 paradisi
1968 1226 2067 1282 de-

432 1326 587 1380 licias
635 1331 691 1381 et
732 1323 1173 1380 immortalitatis
1224 1322 1464 1393 praemia
1506 1320 1895 1392 perdiderunt,
1938 1320 2070 1391 quia

431 1421 631 1475 illicita
657 1418 1084 1491 concupierunt.
1110 1419 1251 1471 Esau
1278 1432 1410 1470 vero
1436 1431 1538 1486 pro
1565 1430 1631 1469 eo
1660 1414 1811 1485 quod
1853 1413 2070 1468 avidius

430 1512 629 1569 ambiit
651 1513 822 1581 licita,
851 1510 1218 1583 primogeniti
1245 1509 1493 1581 perdidit
1510 1507 1820 1579 primitiva.
1841 1508 1919 1561 ‘Et
1936 1507 2070 1578 quia

433 1607 639 1663 edendi
689 1611 915 1678 tempus
962 1621 1080 1659 non
1128 1608 1353 1659 servant
1407 1601 1691 1670 animalia,
1747 1600 1875 1655 ideo
1939 1604 2070 1655 sunt

434 1699 857 1756 irrationabilia.
900 1698 1265 1753 Probavimus
1297 1712 1435 1767 ergo
1474 1694 1756 1766 triplicem
1781 1710 2071 1749 excessum

432 1793 925 1864 intemperantiae:
990 1791 1128 1846 dum
1173 1790 1345 1863 primi
1394 1788 1655 1844 homines
1702 1791 2071 1859 gustaverunt

2169 564 2357 634 legat:
2404 567 2467 617 ut
2496 563 2635 618 dum
2664 579 2868 617 manus
2911 562 2996 617 vcl
3029 561 3174 616 oculi
3216 559 3418 615 intenti
3467 561 3606 613 sunt
3634 556 3829 628 operi,

2168 661 2360 728 pascat
2411 671 2576 712 aures
2639 657 2820 727 gratia
2872 654 3149 710 sermonis
3216 653 3410 708 divini.
3466 653 3526 708 Si
3578 651 3832 723 quidem

2168 766 2397 805 oramus
2420 755 2475 805 et
2500 749 2763 819 legimus,
2795 754 2853 803 et
2897 747 3172 804 lubricam
3212 751 3461 801 mentem
3508 762 3545 799 a
3592 760 3835 814 surrep—

2168 843 2413 898 tionibus
2449 843 2657 898 diaboli
2706 843 2799 897 vix
2843 841 3213 906 retrahimus;
3250 845 3466 912 quanto
3509 837 3835 910 proclivius

2168 937 2454 993 humanus
2497 936 2720 991 animus
2784 940 2968 1006 reptat
3019 937 3088 990 ad
3139 934 3292 1001 vitia,
3343 934 3390 988 si
3443 931 3704 987 lectionis
3764 934 3835 985 et

2168 1030 2434 1086 orationis
2468 1030 2706 1084 assiduae
2754 1030 3102 1084 retentaculo
3152 1045 3267 1083 non
3335 1028 3598 1083 frenetur
3622 1026 3652 1079 ?
3710 1025 3831 1078 Le-

2168 1124 2277 1179 ctio
2333 1126 2386 1179 te
2435 1124 2647 1191 doceat,
2709 1122 2922 1193 aliquid
2968 1123 3183 1177 orando
3236 1124 3442 1192 petas;
3509 1123 3833 1190 postquam

2168 1233 2300 1272 vero
2360 1216 2623 1283 oraveris,
2675 1215 2888 1271 iterum
2941 1216 3180 1287 legendo
3224 1215 3451 1287 inquire
3504 1212 3663 1285 quod
3706 1228 3828 1283 po-

2169 1310 2358 1367 stules.

2806 1398 3025 1453 CAPUT
3049 1398 3163 1452 νη.

2236 1496 2304 1549 Ut
2329 1494 2623 1548 carnaliter
2652 1507 2760 1548 non
2794 1492 2900 1562 legi
2919 1492 3111 1546 debeat
3144 1494 3305 1548 Vetus
3341 1494 3765 1546 Testamentum.

2242 1592 2410 1645 Vetus
2433 1591 2855 1645 Testamentum
2872 1589 3069 1661 legens
3087 1604 3203 1644 non
3227 1588 3505 1660 temporis
3533 1588 3683 1643 illius
3711 1605 3828 1643 nu-

2169 1683 2332 1755 ptias,
2360 1683 2459 1739 sed
2476 1683 2648 1754 prolis
2664 1683 3131 1738 numerositatem
3151 1682 3440 1738 considera
3458 1699 3471 1736 2
3505 1698 3627 1736 non
3650 1697 3821 1736 esum

2172 1776 2429 1831 carnium
2469 1782 2525 1832 et
2565 1776 2834 1831 sacriﬁcia
2881 1775 3311 1848 sanguinolenta
3343 1775 3585 1830 crimina
3630 1779 3824 1829 morte

432 1887 501 1942 de
546 1855 770 1951 illicito;
818 1886 955 1941 dum
1000 1886 1146 1939 Esau
1175 1855 1477 1939 denticulus
1528 1855 1782 1953 appetitu
1823 1855 2145 1951 perdiditB
2169 1856 2352 1924 carnis
2396 1870 2640 1941 expiata,
2689 1871 2786 1924 uni
2845 1870 2965 1924 Viro
2989 1870 3301 1924 multarum
3368 1885 3611 1923 uxorum
3676 1884 3821 1940 per-

431 1979 842 2051 primogenita;
876 1979 1014 2033 dum
1044 1976 1247 2032 edendi
1274 1979 1502 2047 tempus
1526 1991 1643 2029 non
1681 1977 1909 2029 servant
1944 1974 2069 2028 ani-

430 2073 618 2141 malia,
661 2076 719 2127 et
755 2075 888 2126 sunt
930 2069 1352 2125 irrationabilia.
1395 2069 1515 2121 Non
1562 2071 1646 2121 est
1682 2066 1859 2137 igitur
1894 2066 2067 2121 absti-

425 2182 586 2235 nens,
614 2165 777 2220 avide
802 2180 1002 2218 vorans
1044 2162 1214 2218 etiam
1252 2162 1387 2217 viles
1424 2161 1598 2216 cibos.
1629 2161 1942 2230 Sepulcrum
1967 2176 2071 2230 pa-

429 2266 542 2315 tens
568 2264 646 2315 est
671 2263 861 2327 guttur
888 2272 1089 2319 eorum,
1121 2256 1199 2310 ait
1226 2254 1519 2310 Psalmista
1548 2254 1766 2323 (Psalm.
1794 2253 1869 2321 v).
1898 2253 2067 2308 Nam-

428 2369 540 2424 que
567 2355 624 2407 et
651 2351 745 2406 ille
786 2350 973 2405 mollis
1015 2354 1073 2404 et
1107 2348 1409 2404 dissolutus
1453 2351 1538 2401 est
1571 2347 1691 2418 qui,
1731 2346 2071 2418 contemptis

429 2444 819 2516 praesentibus,
862 2442 1123 2514 pretiosis
1160 2458 1225 2496 ac
1262 2440 1579 2512 peregrinis
1622 2438 1801 2510 epulis
1825 2439 2068 2494 delecta-

433 2542 543 2592 tur.
576 2536 745 2592 Piscis
766 2553 870 2607 per
890 2535 1215 2591 illecebram
1243 2534 1413 2589 hamo
1433 2533 1671 2604 capitur.
1702 2532 1831 2587 Avis
1854 2532 2071 2603 objecta

430 2647 572 2685 escae
600 2631 661 2685 in
683 2629 999 2701 decipulam
1019 2628 1186 2683 cadit.
1214 2627 1414 2682 Bestia
1439 2642 1568 2698 quas
1587 2625 1835 2680 naturali
1862 2625 2069 2680 virtute

430 2728 563 2778 sunt
596 2722 815 2793 rigidae,
854 2721 1159 2793 cupiditate
1198 2720 1309 2775 cibi
1332 2720 1392 2775 in
1416 2721 1638 2775 foveam
1667 2724 1982 2790 proruunt;
2014 2722 2071 2774 et

430 2833 569 2887 quas
603 2831 717 2870 non
754 2814 974 2870 emollit
1007 2817 1230 2881 natura,
1264 2812 1472 2883 decipit
1501 2828 1642 2867 esca.
1673 2813 1756 2866 Tu
1779 2827 1910 2866 vero
1928 2814 2070 2866 tem-

434 2909 768 2980 perantiam,
799 2911 856 2963 et
879 2907 1311 2979 parcimoniam,
1336 2923 1436 2961 seu
1471 2906 1695 2961 oraculo
1738 2920 1838 2959 seu
1873 2920 2066 2960 exem-

434 3002 541 3073 plis
566 3002 715 3057 disce
754 3002 1060 3072 majorum.
1103 3000 1364 3068 Oraculo,
1412 2999 1546 3071 quia
1587 2998 1722 3053 dicit
1748 2998 2064 3053 Dominus:

431 3100 549 3153 Non
587 3101 881 3166 graventur
921 3095 1086 3150 corda
1129 3099 1311 3149 vestra
1354 3096 1415 3147 in
1454 3093 1683 3162 crapula
1715 3097 1765 3146 et
1815 3092 2070 3147 ebrietate

430 3192 580 3257 {Lua
633 3191 764 3259 xxx).
820 3188 1121 3258 Exemplis,
1166 3187 1299 3257 quia
1355 3185 1526 3240 David
1568 3185 1819 3255 cupitam
1862 3200 2069 3256 aquam

431 3280 611 3336 noluit
626 3281 840 3349 bibere,
868 3297 1040 3350 quam
1059 3279 1375 3351 periculum
1401 3277 1569 3332 alieni
1611 3294 1732 3332 esse
1776 3277 2068 3348 sanguinis

431 3371 712 3427 intellexit
738 3374 811 3440 (II
822 3376 953 3442 Reg.
986 3372 1042 3441 ιι)
1065 3389 1078 3439 ;
1107 3372 1193 3426 vel
1210 3371 1343 3442 quia
1368 3370 1582 3439 Daniel,
1610 3370 1949 3441 contemptis
1973 3370 2069 3424 da-

436 3466 605 3538 pibus
632 3465 803 3536 regis,
844 3464 1229 3537 leguminibus
1258 3464 1399 3518 vixit
1438 3464 1592 3531 (Dan.
1634 3463 1764 3535 xxv).
1805 3463 1926 3518 Sint
1966 3463 2068 3517 tibi

431 3563 659 3630 accepta
683 3575 813 3630 quae
839 3562 973 3613 sunt
995 3557 1292 3613 comitibus
1321 3556 1430 3611 tuis
1457 3556 1802 3625 communia,
1827 3560 1884 3611 et
1928 3556 2064 3610 alio-

433 3669 563 3707 rum
592 3668 706 3706 non
734 3652 806 3706 sis
833 3651 1316 3723 intemperationis
1343 3667 1537 3719 causa;
1566 3656 1623 3705 et
1652 3650 1857 3721 quibus
1885 3650 2069 3704 forma

432 3762 552 3801 esse
590 3745 758 3801 debes
800 3746 1160 3800 hortamento
1217 3760 1282 3799 ac
1324 3744 1453 3799 vitae
1495 3744 1658 3798 bonae
1707 3743 2066 3812 documento,

433 3838 681 3894 scandali
700 3855 816 3894 non
846 3838 1107 3894 efﬁciaris
1138 3837 1371 3893 occasio.

1091 3955 1307 4010 CAPUT
1362 3955 1424 4006 V.

583 4049 649 4101 Ut
691 4049 844 4116 virgo
878 4049 1095 4114 singula
1126 4061 1233 4101 non
1260 4048 1514 4116 loquatur
1543 4061 1663 4099 cum
1694 4047 1924 4115 singulo.

502 4138 701 4195 Nullus
736 4146 790 4193 te
838 4139 1564 4213 singularemalloquatur,
1602 4154 1707 4193 nec
1760 4142 1823 4193 tu
1866 4144 2074 4210 praeter

434 4235 679 4287 duarum
709 4236 808 4287 aut
831 4232 1007 4286 trium
1044 4232 1433 4287 testimonium
1478 4231 1784 4303 alloquaris
1825 4232 2074 4303 aliquem

433 4327 801 4398 singularem.
839 4327 1123 4381 Memento
1175 4325 1369 4396 sponsi
1413 4325 1498 4379 tui
1534 4324 1832 4380 Salvatoris
1873 4326 2071 4395 nostri,

431 4420 532 4492 qui
572 4425 721 4475 certe
773 4436 887 4476 non
926 4419 1224 4475 verebatur
1260 4417 1447 4474 labem
1489 4417 1779 4489 peccandi,
1821 4421 2075 4474 attamen

431 4514 489 4567 in
526 4513 814 4569 montibus
843 4530 972 4568 cum
1002 4514 1185 4583 Moyse
1213 4515 1269 4567 et
1300 4511 1420 4566 Elia
1444 4527 1645 4566 corum
1684 4511 1887 4579 tribus,
1909 4514 2075 4569 Petro

433 4610 490 4661 et
511 4608 715 4663 Iacobo
743 4612 800 4663 et
824 4609 1059 4676 Joanne,
1086 4606 1309 4661 locutus
1337 4609 1417 4660 est
1441 4605 1700 4660 testibus.
1732 4604 1819 4661 Sic
1851 4610 1908 4661 et
1940 4622 2071 4660 cum
2091 4595 2152 4668 D

437 4699 734 4754 suscitaret
761 4699 1197 4772 archisynagogi
1217 4698 1411 4769 tiliam,
1439 4714 1533 4754 eos
1576 4697 1835 4753 adhibuit
1879 4701 2071 4765 testes,

438 4795 503 4845 ut
530 4791 655 4846 falsi
685 4794 932 4847 rumoris
959 4809 1077 4848 non
1105 4793 1268 4848 daret
1308 4791 1679 4846 occasionem.
1728 4791 2078 4847 Mirabantur

427 4889 618 4939 autem
644 4889 699 4939 et
724 4884 1003 4956 discipuli,
1033 4886 1183 4957 quod
1220 4887 1291 4941 ad
1326 4889 1565 4956 puteum
1607 4884 1772 4938 lacob
1813 4885 2071 4955 loquere-

434 4980 527 5031 tur
565 4994 697 5032 cum
743 4978 1004 5033 muliere.
1050 4980 1116 5033 Et
1158 4995 1351 5034 revera
1394 4995 1510 5032 non
1547 4978 1915 5046 mirarentur,
1962 4978 2071 5032 nisi

428 5070 571 5141 quid
609 5071 866 5127 viderent
891 5071 1253 5141 inusitatum;
1286 5075 1343 5126 et
1366 5071 1472 5125 nisi
1502 5070 1586 5125 illi
1614 5070 1878 5125 abiissent
1923 5070 2073 5126 cibos

429 5181 643 5236 emere,
682 5182 797 5221 non
826 5166 1154 5238 loqueretur
1183 5165 1322 5219 citra
1353 5180 1450 5220 eos
1485 5164 1741 5220 Christus
1783 5181 1910 5220 cum
1939 5181 2069 5220 mu-

424 5257 584 5314 liere.

1084 5329 1301 5383 CAPUT
1332 5328 1417 5381 Vl.

804 5426 873 5479 Ut
890 5425 1104 5494 jugiter
1128 5424 1281 5490 virgo
1310 5426 1426 5477 oret
1464 5427 1514 5477 et
1548 5424 1710 5492 legat.

496 5515 684 5569 Lectio
716 5516 817 5571 tibi
847 5517 917 5572 sit
940 5516 1181 5586 assidua,
1201 5515 1472 5587 jugisque
1496 5515 1698 5587 oratio,
1740 5516 2070 5570 Dividantur

420 5607 521 5662 tibi
556 5612 814 5679 tempora
859 5614 915 5665 et
951 5610 1156 5679 ofﬁcia,
1200 5614 1267 5664 ut
1302 5613 1607 5681 postquam
1657 5608 1864 5679 legeris
1918 5624 2065 5677 ores,

426 5705 728 5768 postquam
754 5703 997 5756 oraveris
1015 5704 1193 5774 legas.
1216 5702 1305 5758 Sic
1335 5703 1582 5758 alternes
1617 5701 1901 5772 perpetim
1944 5702 2068 5756 haec

423 5789 533 5841 duo
575 5792 742 5858 bona,
790 5798 856 5847 nt
895 5795 965 5848 ab
1015 5795 1218 5849 iisdem
1257 5795 1416 5850 nullo
1461 5795 1534 5850 sis
1569 5799 1827 5866 tempore
1863 5794 2063 5850 otiosa.

424 5878 581 5937 Quod
609 5882 653 5932 si
678 5884 893 5953 aliquid
931 5886 1193 5940 manibus
1235 5887 1585 5957 operandam
1635 5892 1735 5941 est.
1786 5889 1869 5940 vel
1915 5891 2065 5942 certe

2170 1963 2345 2018 missa
2369 1964 2669 2018 consortia.
2704 1963 2886 2019 Licuit
2913 1962 3066 2018 enim
3093 1962 3189 2016 illo
3212 1967 3469 2034 tempore
3511 1963 3666 2034 quod
3699 1962 3822 2017 isto

2167 2073 2286 2112 non
2314 2056 2460 2125 licet,
2489 2060 2547 2112 et
2569 2056 2714 2112 sicut
2736 2073 2840 2128 per
2870 2058 3054 2128 legem
3092 2073 3368 2112 concessm
3404 2061 3540 2112 sunt
3573 2057 3820 2127 nuptim,

2168 2149 2246 2205 sic
2270 2166 2374 2221 per
2404 2150 2771 2222 Evangelium
2795 2150 3091 2221 virginitas
3116 2150 3436 2221 praedicata.
3483 2150 3632 2204 Gens
3657 2150 3820 2206 enim

2170 2248 2289 2299 erat
2310 2244 2547 2298 Hebrtea
2570 2243 2640 2298 ab
2671 2244 2829 2298 omni
2855 2244 3094 2298 discreta
3128 2243 3409 2298 consortio
3444 2243 3816 2314 populorum,

2168 2342 2225 2391 et
2274 2336 2347 2390 ad
2388 2336 2846 2408 prophetandum
2894 2337 3181 2392 Christum
3236 2336 3479 2391 Ecctesia
3522 2337 3815 2407 deputata.

2168 2430 2247 2483 Ne
2290 2429 2522 2501 periret,
2569 2430 2788 2484 cunctis
2838 2429 3127 2500 permissa:
3175 2434 3309 2484 sunt
3356 2430 3593 2500 nuptiae,
3639 2446 3819 2483 causa

2167 2522 2340 2594 prolis
2378 2523 2774 2594 propagandae.
2824 2525 2888 2578 Et
2927 2523 3059 2595 quia
3111 2523 3350 2578 carnalis
3388 2528 3509 2578 erat
3543 2523 3816 2595 populus,

2168 2616 2425 2671 carnium
2449 2617 2678 2686 crapula
2707 2616 3057 2688 pascebatur.
3101 2616 3378 2672 Sacriﬁcia
3414 2620 3571 2671 certe
3604 2616 3821 2671 idcirco

2167 2708 2452 2780 pecudum
2501 2709 2826 2776 litabantur,
2872 2709 3006 2780 quia
3039 2725 3239 2764 verum
3295 2709 3655 2778 sacriﬁcium,
3699 2710 3822 2764 hoc

2167 2804 2270 2870 est,
2307 2802 2515 2857 Christi
2552 2819 2757 2873 corpus
2796 2807 2852 2856 et
2895 2802 3231 2874 sanguinem
3272 2802 3613 2874 ﬁgurabant.
3648 2802 3824 2858 Venit

2166 2895 2390 2964 veritas,
2432 2895 2633 2950 umbra
2684 2895 2961 2962 discessit;
3011 2896 3169 2950 venit
3210 2912 3409 2951 verum
3451 2895 3821 2964 sacriﬁcium,

2168 2994 2223 3043 et
2266 2988 2495 3043 cessavit
2545 2989 2725 3043 hostia
2792 2989 3095 3060 pecudum.
3153 2989 3316 3043 Venit
3374 2990 3535 3060 virgo
3576 2989 3825 3061 virginis

2167 3081 2335 3149 ﬁlius,
2389 3086 2446 3137 et
2477 3082 2817 3154 virginitatis
2861 3082 3106 3153 praebuit
3147 3082 3572 3137 documentum.
3631 3083 3826 3138 Omne

2169 3174 2324 3229 enim
2353 3175 2506 3246 quod
2531 3174 2593 3229 in
2639 3174 2825 3229 Veteri
2870 3176 3231 3230 Testamento
3279 3175 3505 3247 legeris,
3557 3176 3828 3247 quamvis

2170 3283 2340 3339 opere
2397 3273 2621 3339 gestum
2685 3268 2877 3334 fuerit,
2945 3268 3318 3340 spiritualiter
3383 3272 3576 3323 tamen
3642 3269 3821 3325 intel-

2164 3360 2298 3432 lige,
2336 3364 2393 3416 et
2432 3361 2503 3416 de
2544 3361 2793 3416 historiae
2829 3361 3068 3417 veritate
3117 3361 3508 3433 intelligentia:
3547 3362 3824 3434 spiritalis

2166 3470 2395 3509 sensum
2421 3470 2576 3525 cape.
2603 3455 2727 3509 lam
2751 3470 2855 3524 pro
2883 3459 3110 3525 peccato
3158 3471 3275 3509 non
3330 3454 3603 3509 occiditur
3642 3455 3822 3510 homo

2165 3563 2433 3619 corpore;
2486 3547 2583 3602 sed
2634 3563 2831 3602 necem
2887 3564 3061 3619 quam
3111 3548 3193 3602 illi
3248 3548 3409 3602 carni
3462 3548 3673 3603 dabant
3713 3565 3826 3620 per

2168 3640 2446 3712 gladium,
2468 3657 2572 3695 nos
2612 3640 2934 3696 carnalibus
2972 3641 3124 3696 vitiis
3165 3641 3512 3713 imponimus
3557 3658 3666 3713 per
3700 3659 3822 3714 pm.

2166 3734 2423 3789 nitentia:
2452 3750 2644 3789 usum.
2685 3734 2910 3789 Cantica
2960 3734 3309 3790 canticorum
3339 3734 3507 3805 juxta
3547 3735 3816 3791 auditum

2168 3827 2398 3882 aurium
2421 3843 2493 3881 ne
2522 3827 2749 3894 sentias,
2784 3827 2918 3899 quia
2942 3827 3227 3882 carnalem
3248 3826 3572 3882 illecebram
3601 3830 3820 3884 terreni

2170 3922 2377 3975 amoris
2404 3920 2717 3990 insinuant,
2748 3937 2877 3991 qua
2904 3937 3006 3992 per
3031 3921 3246 3992 species
3268 3920 3507 3975 actionis
3531 3922 3743 3977 Christi
3763 3929 3820 3979 et

2170 4014 2427 4069 Ecclesize
2454 4013 2790 4068 charitatem
2823 4014 3093 4085 ﬁgurant.
3125 4014 3318 4092 Merito
3352 4030 3387 4066 a
3411 4014 3696 4069 veteribus
3722 4016 3819 4070 isti

2170 4106 2299 4161 libri
2323 4107 2598 4178 prohibiti
2626 4111 2759 4161 sunt
2776 4108 2968 4178 legere
2994 4106 3334 4174 carnalibus,
3352 4107 3459 4161 hoc
3485 4112 3589 4174 est,
3618 4108 3818 4179 Hepta-

2171 4200 2465 4270 teuchum,
2496 4206 2553 4255 et
2578 4200 2807 4256 Cantica
2836 4200 3220 4255 canticorum:
3249 4216 3322 4255 ne
3348 4201 3485 4255 dum
3515 4217 3613 4255 eos
3640 4202 3811 4272 Spiri-

2174 4293 2361 4349 taliter
2384 4294 2660 4364 nesciunt,
2690 4293 2941 4348 libidinis
2968 4310 3032 4348 ac
3061 4293 3415 4365 voluptatum
3447 4293 3815 4349 incitamento

2176 4387 2481 4443 solvantur.

2805 4476 3022 4531 CAPUT
3049 4476 3185 4531 Vlll.

2715 4575 2791 4629 De
2840 4573 3044 4643 jejunit
3095 4573 3271 4628 modo.

2243 4672 2467 4744 Jejunia
2493 4676 2646 4727 certe
2672 4671 2857 4726 valido
2885 4671 3108 4743 corpori
3144 4671 3491 4743 imponenda
3533 4677 3707 4741 sunt;
3762 4679 3818 4728 et

2174 4782 2315 4838 quos
2341 4765 2564 4820 rebellis
2589 4780 2721 4819 caro
2750 4765 2879 4835 lege
2921 4764 3191 4819 vitiorum
3230 4764 3554 4836 impugnat,
3593 4766 3821 4836 jejunio

2173 4858 2508 4914 attenuandi
2534 4862 2668 4913 sunt
2682 4858 2836 4929 jugi.
2883 4856 3252 4929 Subjuganda
3296 4863 3381 4913 est
3416 4857 3657 4929 jejuniis
3693 4875 3823 4912 caro

2173 4952 2378 5023 rigida,
2410 4955 2467 5007 et
2493 4955 2728 5007 eatenus
2753 4950 3114 5020 refrenanda,
3140 4955 3207 5005 ut
3231 4951 3347 5022 legi
3371 4951 3581 5005 mentis
3625 4956 3683 5005 et
3719 4950 3825 5006 im-

2172 5046 2344 5117 periis
2365 5045 2575 5100 animae
2605 5044 2896 5116 subjaceat
2922 5049 2988 5098 ut
3012 5043 3236 5099 ancilla.
3266 5045 3334 5099 Et
3353 5060 3530 5115 quam
3567 5043 3824 5099 debilita-

2171 5140 2251 5196 vit
2261 5139 2418 5212 jugis
2444 5138 2764 5207 inﬁrmitas,
2785 5138 2830 5192 si
2847 5154 2971 5192 eam
2984 5137 3064 5209 jej
3074 5137 3220 5191 uniis
3238 5142 3544 5209 temperes,
3566 5140 3821 5192 tantum-

2171 5250 2281 5306 que
2324 5249 2513 5288 sumas
2551 5235 2832 5304 quantum
2880 5231 3045 5285 saluti
3096 5230 3358 5297 sufﬁciat,
3388 5247 3504 5285 non
3533 5231 3815 5301 peccabis.

2168 5327 2455 5383 Meliorem
2482 5330 2674 5380 tamen
2695 5324 2889 5396 judica
2916 5340 3046 5379 eam
3059 5338 3187 5396 quae
3215 5323 3411 5379 salutis
3428 5323 3635 5379 robore
3662 5323 3818 5380 inﬁr-

2170 5419 2383 5475 mitatis
2419 5436 2534 5474 non
2581 5423 2746 5489 egeat
2786 5417 3060 5473 remedio.
3096 5419 3210 5472 Nec
3243 5417 3411 5473 debet
3455 5418 3819 5473 scandalizari

2169 5526 2295 5581 quae
2322 5526 2457 5564 sana
2480 5513 2581 5577 est,
2606 5508 2653 5562 si
2681 5507 2972 5563 remissius
2999 5507 3087 5562 vel
3113 5505 3508 5577 indulgentius
3544 5523 3679 5578 quas
3723 5508 3814 5562 in-

2167 5603 2331 5658 ﬁrma
2358 5607 2443 5659 est
2461 5603 2649 5671 alitur;
2672 5601 2771 5658 sed
2787 5600 2973 5672 magis
2986 5617 3052 5656 eo
3066 5617 3125 5656 se
3136 5600 3427 5655 meliorem
3442 5600 3812 5656 sanctiorem-

2167 5714 2277 5770 que
2300 5712 2418 5753 esse
2430 5695 2767 5765 consideret,
2785 5695 2937 5767 quod
2949 5694 3244 5763 fragilibus
3258 5694 3427 5750 rebus
3442 5710 3559 5748 non
3575 5694 3811 5766 indiget,

2166 5791 2372 5865 quibus
2393 5795 2523 5862 eget
2536 5790 2857 5845 inﬁrmitas.
2882 5789 2974 5845 Illa
3003 5793 3192 5843 autem
3212 5787 3699 5858 quaeinﬁrmitatis
3717 5787 3812 5843 ob-

2169 5887 2325 5940 tentu
2356 5888 2607 5939 meretur
2621 5881 3047 5953 aliquidlenius,
3071 5880 3141 5935 sit
3170 5896 3287 5951 pra:
3314 5880 3533 5935 caeteris
3556 5880 3808 5948 humilis,
