4034 6228
136 346 247 394 μηδ

139 541 429 597 nentiam
456 546 718 615 tempore
753 544 1004 599 laxatam
1052 559 1167 598 non
1209 545 1438 616 reputet
1465 542 1675 611 virtuti,
1707 543 1807 599 sed

139 634 513 693 inﬁrmitati.

815 721 1040 776 CAPUT
1079 721 1161 775 IX.

740 816 828 869 De
882 830 1012 870 usu
1062 815 1241 869 vini.

213 916 377 972 Vino
405 917 724 973 secundum
754 916 1011 989 Apostoli
1041 918 1202 972 utere
1233 917 1512 988 regulam.
1535 915 1630 970 Ait
1650 914 1807 971 enim

135 1009 469 1066 Timotheo
516 1026 530 1065 :
574 1010 786 1066 Modico
840 1012 964 1066 vino
1014 1015 1163 1065 utere
1198 1013 1426 1080 propter
1477 1009 1809 1065 stomachum

134 1108 324 1167 nam,
376 1110 428 1159 et
473 1106 780 1174 frequentes
831 1108 951 1159 tuas
991 1104 1330 1172 infirmitates
1359 1102 1514 1171 (Tim.
1547 1102 1621 1172 v).
1658 1102 1807 1156 Dum

136 1195 311 1252 enim
345 1197 488 1252 dicit
509 1197 827 1266 modicum,
866 1195 1287 1251 medicinaliter
1313 1194 1633 1250 bibendum
1682 1194 1805 1250 fore

137 1294 542 1358 monstratur,
566 1306 683 1347 non
707 1290 780 1346 ad
802 1290 1164 1345 ebrietatem.
1190 1291 1333 1344 Nam
1362 1290 1476 1344 alio
1496 1290 1623 1344 loco
1648 1288 1805 1343 idem

139 1384 223 1438 sic
247 1384 404 1439 dicit
429 1385 735 1456 Apostolus
764 1401 777 1439 :
808 1386 1007 1440 Vinum
1034 1384 1247 1447 dixisti,
1269 1399 1419 1439 omne
1446 1385 1641 1440 vitium
1665 1384 1808 1438 dim-

136 1480 215 1533 sti
244 1478 388 1547 (Tit.
413 1482 494 1547 ιι).
518 1477 775 1533 Ebrietas
800 1477 957 1532 enim
983 1477 1226 1532 mortale
1259 1480 1346 1533 est
1375 1476 1595 1531 crimen
1618 1492 1631 1531 :
1654 1475 1807 1530 inter

139 1571 499 1639 homicidia,
524 1574 583 1626 et
608 1570 911 1639 adulteria,
934 1572 1020 1625 vel
1047 1570 1458 1626 fornicationes
1482 1572 1801 1642 reputatur.

141 1665 237 1720 Sic
251 1665 424 1735 ejicit
439 1682 473 1721 a
487 1682 670 1737 regno
688 1665 791 1720 Dei
802 1664 917 1719 vini
932 1664 1289 1732 temulentia,
1306 1662 1803 1736 quemadmodum

138 1759 381 1814 facinus
412 1758 703 1826 adulterii,
731 1759 820 1813 vel
852 1757 1170 1825 homicidii,
1202 1757 1289 1812 vel
1321 1758 1566 1812 aliorum
1606 1756 1802 1811 erimi-

1726 345 2007 400 REGL'LA.

136 448 355 503 aloleat
385 466 499 521 que
523 467 582 503 se
611 467 731 504 non
756 467 921 521 posse
944 467 1071 521 qua:
1096 450 1221 504 alia:
1254 454 1525 520 possunt;
1556 456 1613 504 et
1643 450 1810 505 absli-
1833 464 1887 535 Α

3446 353 3548 405 886

2560 455 2783 509 CAPUT
2818 456 2902 510 XI.
3224 520 3247 539 .

2219 549 2374 616 Quod
2390 552 2675 617 peccatum
2700 551 2772 603 sit
2800 552 3004 620 virgini
3031 551 3233 607 videre.

1981 642 2113 694 Esto
2149 640 2207 695 in
2239 642 2354 696 Deo
2385 640 2647 712 gaudens
2682 642 2880 697 laetitia
2924 643 3105 698 animi
3141 646 3451 718 tranquilla
3490 651 3549 705 et

1911 733 2232 801 moderata,
2248 734 2410 806 juxta
2437 735 2591 805 quod
2615 735 2699 789 ait
2724 737 3062 807 Apostolus:
3092 738 3333 797 Gaudete
3361 743 3421 797 in
3449 746 3549 799 Do-

1905 830 2051 883 mino
2092 842 2320 899 semper,
2370 831 2563 882 iterum
2598 829 2715 883 dico
2750 830 2979 899 gaudete
3005 830 3167 901 (Phil.
3207 833 3301 905 ιν).
3337 835 3404 889 Et
3434 837 3546 893 alio

1908 920 2034 975 loco
2081 919 2254 975 dicit:
2279 922 2503 976 Fructus
2534 926 2713 1001 autem
2740 923 2978 992 Spiritus
3005 928 3083 979 est
3107 926 3372 993 gaudium
3397 927 3544 1000 (Gal.

1910 1013 1985 1086 v).
2017 1013 2165 1068 Talis
2182 1013 2515 1085 jucunditas
2547 1031 2665 1069 non
2691 1016 2994 1087 perturbat
3020 1022 3277 1074 mentem
3316 1020 3548 1078 ridendi

1906 1106 2184 1175 foeditate,
2214 1107 2315 1162 sed
2344 1108 2602 1163 sublevat
2630 1108 2930 1164 desideriis
2959 1111 3215 1167 animam
3250 1113 3323 1169 ad
3345 1131 3543 1186 super-

1908 1217 2044 1256 nam
2074 1200 2361 1272 quietem;
2393 1201 2489 1255 ubi
2519 1203 2701 1274 possis
2733 1203 2931 1257 audire
2966 1221 2979 1259 :
3013 1207 3165 1261 Intra
3190 1208 3251 1261 in
3279 1208 3544 1277 gaudium

1906 1298 2120 1351 Domini
2148 1298 2232 1350 tui
2256 1295 2474 1366 (Matth.
2510 1296 2656 1366 xxv).
2687 1296 2865 1361 Quale
2898 1296 2970 1351 sit
3000 1314 3098 1352 cor
3143 1298 3381 1371 virginis
3419 1302 3538 1372 ple-

1906 1405 2150 1460 rumque
2183 1388 2299 1444 risu
2332 1391 2705 1444 monstratur.
2745 1391 2939 1462 Neque
2977 1391 3134 1445 enim
3172 1391 3542 1464 impudenter

1905 1481 2066 1554 virgo
2096 1482 2331 1549 rideret,
2355 1483 2402 1537 si
2428 1499 2527 1538 cor
2552 1485 2773 1538 castum
2799 1483 3058 1539 haberet.
3094 1484 3400 1556 Speculum
3422 1503 3543 1543 cor-

1907 1579 1993 1635 dis
2024 1579 2199 1634 facies
2230 1584 2314 1634 est
2341 1580 2591 1635 hominis
2621 1598 2633 1635 :
2666 1597 2785 1635 non
2818 1581 2969 1636 ridet
3003 1563 3225 1649 lascive,
3258 1582 3365 1637 nisi
3410 1600 3538 1655 qua

1905 1673 2078 1729 corde
2104 1673 2311 1729 lasciva
2332 1676 2434 1728 est.
2459 1677 2544 1730 Em
2572 1675 2917 1729 abundantia
2943 1677 3083 1730 enim
3104 1676 3299 1739 cordis,
3330 1675 3410 1730 ait
3434 1677 3541 1733 Do-

1905 1767 2116 1836 minus,
2149 1784 2207 1821 os
2247 1769 2487 1838 loquitur
2524 1768 2735 1837 (Matth.
2766 1768 2882 1837 xu),
2917 1784 3056 1838 ergo
3087 1786 3152 1823 ex
3182 1768 3540 1826 abundantia

144 1869 295 1906 num
328 1852 575 1924 ﬂagitia.
604 1852 920 1907 Conﬁrmat
953 1851 1061 1906 hoc
1090 1850 1228 1905 dum
1277 1851 1415 1905 dicit
1441 1852 1748 1922 Αροδῑοιιιε
1784 1869 1798 1905 ε
1822 1826 1879 1899 Β
1906 1826 2195 1915 vanissimi
2222 1826 2468 1932 petitoris
2498 1826 2651 1915 ridet
2679 1826 2856 1916 facies
2869 1826 3140 1932 Ivirg’inis.
3166 1861 3313 1926 Quid
3336 1863 3408 1918 de
3430 1864 3540 1920 hoc

142 1948 332 2003 Nolite
351 1962 539 2002 errare
560 1965 577 2001 :
600 1962 768 2016 neque
784 1947 1097 2014 fornicarii,
1124 1961 1294 2016 neque
1313 1945 1473 2001 idolis
1495 1947 1799 2010 servientes,

145 2057 329 2110 neque
352 2041 617 2104 adulteri,
644 2055 815 2111 neque
845 2040 1051 2102 molles,
1082 2054 1253 2109 neque
1282 2039 1645 2094 masculorum
1672 2055 1798 2094 con-

142 2135 443 2197 cubitares,
471 2149 643 2204 neque
662 2135 839 2202 fures,
866 2148 1036 2203 neque
1061 2134 1241 2195 avari,
1270 2147 1440 2202 neque
1462 2132 1676 2195 ebriosi,
1705 2148 1796 2188 ne-

141 2244 249 2296 que
292 2228 571 2291 maledici,
598 2243 768 2297 neque
798 2242 1022 2297 rapaces
1059 2241 1284 2296 regnum
1322 2228 1420 2281 Dei
1448 2226 1803 2297 possidebunt

147 2323 191 2387 (Ι
221 2322 353 2376 Cor.
380 2321 481 2391 γι).
512 2320 651 2375 Vide
684 2322 969 2391 quantum
997 2319 1070 2374 sit
1095 2319 1417 2374 execranda
1444 2319 1710 2386 ebrietas,
1740 2322 1804 2373 ut

146 2416 335 2469 etiam
359 2432 395 2469 a
416 2430 598 2485 regno
619 2414 717 2468 Dei
739 2430 871 2469 suos
889 2416 1179 2468 amatores
1196 2413 1401 2483 ejiciat.
1418 2412 1603 2477 Quam
1624 2413 1801 2468 etiam

148 2508 496 2564 terribiliter
524 2508 808 2579 propheta
837 2506 1099 2579 increpet
1128 2506 1260 2561 vino
1284 2506 1510 2560 deditos
1532 2506 1681 2573 vide,
1712 2506 1798 2560 di-

147 2602 224 2655 cit
252 2602 419 2656 enim
454 2618 468 2655 :
506 2605 599 2659 Ve
626 2603 723 2671 qui
741 2605 984 2670 potentes
1010 2603 1134 2656 estis
1164 2600 1239 2655 ad
1264 2600 1552 2655 bibendum
1586 2602 1795 2664 vinum,

147 2704 196 2749 et
240 2697 356 2750 viri
390 2697 560 2761 fortes
588 2694 664 2748 ad
686 2693 1020 2749 miscendam
1049 2694 1376 2748 ebrietatem.
1412 2695 1505 2749 Vae
1538 2695 1635 2763 qui
1670 2709 1794 2748 con-

150 2791 385 2859 surgitis
411 2804 569 2842 mane
604 2788 679 2842 ad
720 2788 1031 2842 ebrietatem
1056 2786 1392 2848 sectandam,
1421 2791 1473 2841 et
1493 2787 1799 2856 potandum

148 2899 320 2953 usque
343 2882 420 2936 ad
448 2896 744 2950 vesperam,
780 2886 836 2934 ut
862 2883 987 2934 vino
1018 2882 1249 2935 aestuetis
1276 2880 1423 2950 (Isai.
1453 2878 1509 2951 l).
1545 2879 1697 2934 Bibit
1714 2879 1792 2934 vi-

1901 1954 2112 2026 legitur
2131 1953 2258 2009 vide
2284 1971 2296 2008 :
2319 1956 2510 2011 Risum
2542 1957 2796 2026 reputavi
2811 1971 3070 2023 errorem;
3103 1960 3154 2010 et
3176 1957 3379 2026 gaudio
3397 1958 3541 2026 diri,

1901 2048 2034 2118 quid
2069 2049 2283 2114 frustra
2317 2047 2519 2118 decipis
2562 2048 2723 2119 (Eccl.
2769 2048 2865 2120 u)?
2909 2048 2978 2102 Et
3015 2047 3224 2103 iterum
3270 2049 3488 2105 ibidem
3521 2068 3533 2105 :

1900 2143 2058 2197 Risus
2080 2141 2261 2196 dolore
2287 2142 2539 2196 miscetur
2570 2160 2586 2195 :
2618 2146 2667 2196 et
2692 2145 2931 2197 extrema
2957 2142 3155 2212 gaudii
3176 2143 3352 2197 luctus
3389 2159 3538 2200 occu-

1894 2239 2016 2305 pat.
2048 2236 2117 2288 Et
2140 2233 2419 2289 Dominus
2449 2234 2529 2289 ait
2562 2251 2575 2289 :
2604 2237 2761 2291 Beati
2784 2237 2881 2305 qui
2908 2234 3109 2304 lugent,
3137 2238 3394 2305 quoniam
3430 2240 3539 2307 ipsi

1900 2329 2320 2383 consolabuntur
2345 2327 2559 2397 (Matth.
2582 2327 2659 2399 v).
2680 2329 2893 2382 Verum
2916 2331 2973 2382 et
2998 2330 3288 2399 apostolus
3329 2329 3533 2385 insane

1902 2420 2222 2475 laetantibus
2245 2420 2381 2474 dicit
2407 2437 2420 2475 :
2443 2423 2603 2477 Risus
2622 2424 2794 2475 vester
2810 2426 3056 2476 vertatur
3085 2423 3145 2475 in
3178 2422 3380 2477 luctum
3400 2422 3532 2493 (Jac.

1900 2522 1995 2586 ιγ).
2030 2514 2224 2568 Risum
2252 2530 2412 2585 ergo,
2442 2530 2624 2582 soror,
2651 2516 2712 2568 ut
2744 2529 3000 2568 errorem
3030 2515 3185 2586 fuge,
3215 2518 3273 2569 et
3301 2518 3529 2588 tempo-

1900 2608 2082 2662 ralem
2112 2606 2371 2662 laatitiam
2398 2610 2694 2662 commuta
2721 2606 2780 2661 in
2808 2607 3051 2674 luctum;
3081 2610 3143 2662 ut
3165 2607 3530 2680 beatiﬂceris,

1900 2701 1945 2756 si
1971 2699 2279 2773 peregrina
2300 2700 2360 2754 in
2390 2701 2611 2755 mundo
2639 2701 2885 2756 luxeris:
2914 2700 3191 2773 quoniam
3216 2701 3313 2773 qui
3335 2718 3533 2757 secun-

1899 2795 2036 2850 dum
2055 2796 2233 2850 Deum
2251 2795 2471 2866 lugent,
2492 2794 2645 2849 beati
2668 2798 2820 2864 sunt,
2841 2797 2898 2849 et
2918 2794 3027 2866 ipsi
3057 2795 3525 2851 consolabuntur.

1895 2888 2259 2960 Peregrinari
2282 2891 2336 2941 te
2364 2887 2421 2941 in
2454 2887 2675 2943 mundo
2703 2887 2873 2954 scito;
2912 2904 3019 2943 nec
3047 2887 3138 2942 hic
3174 2888 3391 2946 habere
3422 2908 3526 2963 pa-

152 2992 295 3030 num
336 2975 473 3041 Noe,
507 2978 680 3045 atque
726 2973 1003 3027 ebrietate
1050 2973 1284 3044 sopitus,
1334 2974 1495 3044 parte
1541 2973 1794 3044 corporis

1898 2982 2088 3049 triam,
2119 2981 2221 3036 sed
2248 2981 2305 3036 in
2337 2982 2497 3036 coelo.
2522 2981 2581 3036 Si
2609 2980 2708 3035 tali
2738 2980 3027 3036 desiderio
3057 2982 3299 3038 ardebat
3321 2984 3526 3040 Christi

148 3066 555 3124 vcrecundiori
581 3066 908 3121 denudatus
941 3069 1028 3120 est
1050 3066 1202 3137 (Gen.
1234 3065 1307 3137 ιιι)
1334 3083 1347 3120 :
1372 3068 1435 3120 ut
1470 3065 1697 3121 noveris
1717 3065 1797 3121 sic
1896 3092 2107 3143 servus,
2138 3078 2200 3129 ut
2225 3073 2477 3128 diceret;
2512 3076 2677 3145 Cupio
2704 3074 2946 3138 dissolvi,
2968 3079 3018 3131 ει
3043 3090 3151 3131 esse
3175 3092 3291 3132 cum
3321 3075 3530 3135 Christo

149 3160 514 3217 consternari
550 3159 813 3215 animum
856 3160 1179 3214 humanum
1221 3160 1372 3227 νίηο»
1411 3164 1470 3214 et
1508 3159 1793 3214 rationem
1815 3191 1871 3265 Ο
1897 3168 2055 3237 (Phil.
2091 3169 2156 3239 1);
2188 3170 2402 3239 quanta
2437 3166 2651 3223 amoris
2702 3166 3010 3239 ﬂagrantia
3040 3168 3200 3241 virgo
3228 3169 3400 3225 debet
3430 3189 3522 3227 ac-

150 3257 425 3311 humante
451 3253 662 3309 mentis
683 3253 946 3321 obtundi,
968 3270 1039 3307 ne
1060 3253 1311 3325 seipsum
1334 3253 1568 3323 quidem
1586 3253 1791 3308 memi-
1823 3253 1871 3265 ν’
1894 3262 2078 3329 cendi,
2109 3278 2283 3333 quam
2322 3261 2527 3315 uberes
2562 3261 2846 3333 lacrymas
2887 3261 3172 3317 desiderio
3214 3262 3408 3335 sponsi
3438 3266 3529 3321 sui

150 3354 322 3420 nerit,
354 3352 537 3406 multo
568 3350 761 3406 minus
807 3350 984 3405 etiam
1027 3351 1229 3405 Deum.
1280 3351 1348 3404 Et
1393 3350 1524 3404 licet
1553 3350 1648 3405 illa
1674 3352 1793 3405 Noe
1895 3332 2211 3425 effundere,
2237 3354 2422 3409 donec
2449 3354 2523 3409 ad
2550 3355 2881 3426 amplexum
2899 3355 3107 3412 Christi
3126 3332 3313 3412 vale—at
3331 3375 3528 3430 perve-
3574 3332 3585 3343 ‘

147 3447 403 3501 ebrietas
447 3462 511 3500 ac
545 3444 785 3500 nudatio
817 3444 1157 3515 mysterium
1187 3443 1392 3500 Christi
1424 3443 1706 3515 passionis
1737 3447 1796 3498 et
1893 3449 2036 3515 nire,
2068 3451 2126 3501 et
2160 3447 2407 3501 ubertim
2435 3446 2573 3501 ﬂere
2606 3463 2722 3501 non
2754 3447 2999 3517 desinat,
3032 3465 3331 3521 usquequo
3363 3451 3522 3506 Chri-

148 3540 358 3596 mortis
395 3539 711 3606 contineat,
742 3542 939 3592 tamen
974 3537 1047 3592 ad
1079 3537 1335 3592 litteram
1369 3553 1625 3591 errorem
1657 3537 1793 3592 facti
1893 3544 2065 3609 stum,
2100 3557 2269 3612 quem
2302 3540 2497 3595 videre
2528 3540 2703 3611 cupit,
2733 3540 2998 3612 attingat.
3035 3541 3293 3612 Lugebat
3329 3543 3426 3598 ille
3464 3561 3522 3599 se
3600 3589 3605 3594 .

146 3634 427 3688 insinuat.
452 3633 598 3688 Loth
620 3632 752 3686 vino
774 3632 1102 3702 crapulatus
1122 3630 1401 3685 incestum
1430 3630 1624 3685 intulit
1646 3630 1789 3686 filia-

148 3745 276 3783 rum
300 3728 451 3797 (Gen.
466 3725 599 3797 m),
619 3741 725 3780 nec
746 3724 925 3780 sensit
943 3740 1234 3790 errorem;
1267 3723 1340 3778 de
1370 3740 1482 3795 quo
1504 3723 1790 3779 incentivo

147 3820 459 3878 concubitu
488 3822 802 3874 nascuntur
820 3818 1081 3874 Moabitae
1110 3820 1170 3871 et
1194 3818 1560 3872 Ammonitaa.
1593 3818 1662 3871 Et
1689 3819 1791 3872 Do-

150 3917 344 3971 minus
373 3914 511 3970 dicit
539 3930 552 3969 :
586 3913 840 3969 Moabitae
864 3917 914 3968 et
936 3912 1261 3968 Ammonitw
1287 3926 1393 3966 non
1418 3912 1705 3967 intrabunt
1730 3914 1791 3966 in

148 4012 442 4066 Ecclest
464 4025 638 4064 meam
652 4023 821 4077 usque
838 4010 897 4061 in
917 4007 1182 4061 decimam
1200 4007 1593 4074 generationem
1610 4004 1786 4077 (Deut.

152 4102 323 4175 xxxii).
354 4102 514 4158 Senti
546 4104 830 4172 quantum
874 4100 945 4154 sit
982 4098 1261 4171 fugienda
1290 4097 1407 4153 vini
1443 4096 1696 4169 satietas,
1729 4102 1790 4154 ut

150 4198 326 4252 etiam
349 4195 693 4266 patriarchis
717 4193 968 4248 scandali
991 4196 1049 4247 et
1069 4193 1252 4263 culpae
1283 4209 1454 4247 causa
1482 4191 1785 4248 exstiterit.

150 4292 298 4362 Ergo
329 4291 391 4343 et
415 4287 575 4359 virgo
608 4304 735 4359 qua:
762 4287 970 4341 virtute
997 4284 1255 4357 corporis
1280 4285 1453 4356 viget,
1475 4285 1624 4340 bene
1653 4285 1790 4341 facit

150 4384 189 4436 si
221 4381 471 4438 omnino
500 4397 559 4435 se
590 4397 623 4435 a
657 4380 789 4435 vino
815 4378 1175 4436 abstinuerit.
1216 4378 1531 4434 lnvalidam
1557 4395 1691 4434 vero
1732 4382 1789 4434 et

154 4475 501 4531 imbecillam
546 4491 651 4546 pro
694 4474 984 4530 medicina
1030 4473 1196 4529 decet
1226 4472 1308 4528 uti
1337 4472 1487 4541 vino,
1520 4489 1636 4529 non
1681 4489 1785 4545 pro

148 4569 510 4624 temulentis.

807 4651 1030 4708 CAPUT
1064 4652 1126 4706 X.

433 4746 705 4813 Quatenus
731 4747 816 4801 uti
844 4748 997 4816 uirgo
1040 4746 1255 4800 lavacro
1284 4743 1492 4799 debeat.

214 4849 433 4904 Balneo
464 4864 582 4903 non
608 4864 714 4919 pro
746 4847 936 4903 studio
967 4848 1054 4902 vel
1082 4846 1267 4901 nitore
1296 4845 1474 4901 utaris
1504 4844 1780 4916 corporis,

146 4944 238 4998 sed
269 4944 501 4996 tantum
525 4958 628 5013 pro
660 4940 921 4996 remedio
952 4940 1170 4995 salutis.
1199 4941 1389 5007 Utere,
1419 4939 1677 5011 inquam,
1704 4939 1784 4993 la-

147 5052 313 5091 vacro
343 5034 575 5106 quando
595 5032 780 5106 poscit
797 5033 1125 5103 infirmitas,
1148 5050 1264 5089 non
1289 5032 1522 5105 quando
1539 5031 1785 5087 suaserit

147 5131 429 5185 voluntas.
453 5129 615 5193 Quod
639 5128 797 5183 enim
826 5143 1058 5182 necesse
1087 5144 1206 5184 non
1228 5130 1332 5195 est,
1356 5126 1399 5181 si
1425 5126 1633 5198 egeris,
1656 5140 1783 5197 pec-

148 5223 319 5279 cabis.
357 5221 642 5294 Scriptum
677 5225 766 5277 est
792 5238 807 5276 :
836 5224 906 5278 Et
934 5224 1111 5277 carnis
1144 5237 1332 5277 curam
1357 5235 1424 5276 ne
1449 5221 1687 5288 feceritis
1725 5220 1784 5273 in

146 5317 584 5386 concupiscentiis
636 5314 806 5386 (Rom.
839 5314 1012 5385 xviii).
1044 5314 1193 5371 Cura
1230 5314 1418 5370 carnis
1445 5313 1683 5368 veniens
1713 5328 1784 5368 ex

146 5408 613 5481 concupiscentia
638 5408 887 5463 habetur
913 5409 972 5463 in
997 5407 1161 5477 vitio;
1208 5425 1326 5464 non
1355 5424 1425 5463 ea
1456 5423 1584 5479 quas
1615 5404 1786 5461 saluti

148 5502 489 5575 reparanda:
518 5502 804 5558 convenit.
838 5503 1203 5574 Quapropter
1230 5518 1347 5557 non
1379 5504 1435 5556 te
1474 5499 1675 5554 illiciat
1700 5499 1782 5554 la-

150 5615 278 5654 vare
300 5595 511 5668 saepius
531 5596 721 5653 carnis
735 5597 1019 5664 voluntas,
1041 5596 1144 5650 sed
1168 5594 1518 5650 inﬁrmitatis
1538 5593 1789 5664 imperet

64 5746 74 5753 .
149 5690 481 5748 necessitas.
521 5690 696 5748 Cares
736 5690 893 5746 enim
940 5691 1128 5761 culpa,
1157 5688 1205 5743 si
1238 5688 1393 5761 quod
1424 5702 1656 5743 necesse
1700 5688 1787 5740 est

151 5789 359 5861 egeris.

1892 3633 2263 3705 peregrinum
2302 3632 2360 3687 in
2392 3633 2496 3687 hac
2526 3633 2661 3700 vita,
2695 3634 2795 3704 qui
2824 3650 3071 3688 moerens
3106 3634 3331 3690 dicebat
3364 3652 3376 3691 :
3404 3638 3523 3692 Heu

1889 3730 2006 3782 me!
2028 3727 2173 3797 quod
2200 3728 2465 3781 incolatus
2490 3741 2639 3781 meus
2658 3727 3014 3797 prolongatus
3041 3731 3120 3781 est
3138 3744 3173 3781 a
3193 3744 3274 3783 me
3299 3729 3521 3799 (Psalm.

1892 3821 2056 3889 CXIX).
2086 3821 2229 3874 Nam
2266 3819 2560 3874 exsultans
2583 3822 2641 3873 te
2673 3819 2915 3875 caelestis
2940 3836 3181 3892 sponsus
3217 3824 3274 3876 et
3306 3822 3520 3879 charis-

1890 3915 2048 3969 simis
2073 3913 2316 3985 excipiet
2333 3913 2706 3985 amplexibus,
2724 3912 2769 3967 si
2792 3915 2846 3967 te
2868 3912 2953 3968 sui
2975 3913 3256 3970 desiderio
3273 3915 3519 3987 ﬂagrare

1892 4007 2173 4075 didicerit,
2208 4011 2265 4062 et
2294 4007 2340 4061 si
2381 4007 2616 4063 absente
2649 4024 2717 4063 eo
2755 4006 2999 4077 ﬂeveris,
3032 4007 3127 4064 ille
3166 4012 3223 4063 te
3266 4027 3521 4083 praesens

1889 4100 2297 4158 consolabitur.

2518 4180 2742 4236 CAPUT
2777 4182 2886 4236 ΧΠ.

1961 4276 2204 4344 Qualiter
2224 4274 2523 4330 habeantur
2540 4275 2754 4329 ancilla
2777 4277 3147 4344 virginitatem
3173 4280 3446 4348 professae.

1960 4381 2113 4445 Quas
2150 4380 2255 4435 tibi
2303 4380 2455 4449 fecit,
2488 4383 2588 4435 aut
2625 4379 2825 4435 fecerit
2875 4380 3110 4436 ancillas
3148 4382 3423 4451 conditio,
3466 4388 3524 4440 et

1887 4491 2114 4531 sorores
2139 4474 2441 4547 professio,
2457 4474 2583 4544 jam
2608 4489 2723 4528 non
2752 4490 2857 4543 pro
2888 4490 3036 4528 nexu
3063 4474 3351 4529 servitutis
3370 4478 3521 4531 exul-

1804 4559 1865 4633 D
1887 4585 2065 4637 ceres,
2083 4568 2182 4623 sed
2194 4583 2299 4639 pro
2309 4566 2554 4637 puritate
2566 4564 2939 4637 professionis
2951 4567 3365 4632 honores.Quaa
3379 4585 3517 4641 ergo

1879 4664 2072 4715 tecum
2098 4660 2158 4714 in
2184 4658 2410 4715 Christo
2438 4658 2787 4729 virginitatis
2808 4657 3109 4730 stipendiis
3135 4659 3369 4729 militat,
3392 4663 3520 4734 pari

1880 4758 2070 4810 tecum
2097 4752 2363 4807 libertate
2389 4752 2651 4807 exsultat.
2678 4752 2791 4807 Nec
2819 4751 2899 4806 sic
2925 4769 3021 4807 vos
3045 4769 3424 4824 provocamus
3444 4757 3518 4812 ad

1880 4846 2287 4913 humilitatem,
2316 4847 2379 4900 ut
2403 4845 2529 4900 illas
2552 4844 2820 4916 superbia
2847 4845 3138 4917 erigamus
3165 4864 3178 4902 :
3210 4864 3352 4921 quas
3378 4850 3516 4905 dum

1880 4944 1944 4997 tu
1974 4939 2182 5012 accipis
2207 4942 2271 4994 ut
2298 4955 2544 5010 sorores,
2577 4938 2796 5010 gratius
2830 4939 2941 4994 illa:
2973 4940 3073 4995 tibi
3112 4940 3225 4997 sint
3262 4943 3517 5012 famulae,

1881 5035 2292 5107 praebeantque
2319 5031 2659 5104 obsequium
2687 5049 2804 5088 non
2829 5033 3100 5089 servitute
3127 5035 3390 5104 addictae,
3418 5038 3518 5092 sed

1882 5128 2078 5183 liberae
2110 5125 2410 5181 charitate.
2445 5126 2731 5190 Quoniam
2764 5126 3001 5198 quidem
3028 5143 3134 5184 non
3157 5134 3236 5185 est
3250 5146 3517 5199 persona-

1881 5237 2004 5277 rum
2039 5221 2274 5291 acceptio
2308 5220 2462 5290 apud
2500 5222 2781 5275 Dominum
2819 5220 3037 5290 (Ephes.
3069 5221 3164 5290 γι),
3192 5220 3426 5289 scilicet,
3459 5222 3517 5278 in

1884 5312 2283 5370 distribuenda
2312 5312 2448 5382 fide,
2472 5312 2570 5367 ubi
2594 5312 2811 5384 pariter
2838 5313 3156 5368 consulitur
3181 5314 3434 5371 domina:
3459 5320 3521 5371 et

1884 5407 2125 5474 ancillis,
2156 5405 2255 5461 ubi
2287 5422 2405 5461 non
2433 5405 2664 5477 eligitur
2689 5404 2947 5472 domina,
2977 5409 3036 5460 et
3061 5407 3404 5477 reprobatur
3423 5426 3520 5463 an-

1884 5502 2033 5569 cilla,
2065 5500 2363 5573 aequaliter
2401 5498 2723 5571 baptizatos,
2756 5498 2924 5553 simul
2965 5499 3173 5557 Christi
3221 5517 3427 5572 corpus
3463 5506 3522 5557 et

1886 5594 2230 5667 sanguinem
2257 5597 2514 5649 sumunt.
2543 5594 2686 5649 Nam
2714 5594 2773 5648 et
2795 5592 3134 5664 patriarchae
3163 5592 3301 5648 dum
3326 5600 3519 5651 essent

1885 5687 2250 5755 sanctissimi,
2274 5691 2557 5759 quantum
2578 5687 2652 5742 ad
2672 5704 2764 5741 res
2782 5690 3041 5742 terrenas
3060 5690 3119 5741 et
3145 5689 3517 5759 temporales,

1887 5780 2292 5837 discernebant
2309 5781 2460 5837 inter
2479 5798 2670 5837 servos
2692 5784 2749 5835 et
2771 5780 2918 5836 filios
2942 5798 2955 5836 :
2978 5780 3105 5837 illos
3124 5780 3392 5849 famulos,
3414 5781 3520 5836 hos

1888 5874 2154 5932 dominos
2172 5873 2540 5946 judicabant;
2571 5875 2729 5949 quod
2754 5892 2890 5931 vero
2917 5876 2990 5932 ad
3020 5875 3140 5950 spei
3174 5875 3377 5931 futurae
3400 5891 3522 5931 mu-
