4034 6228
472 349 573 404 887

1436 350 1669 403 SANCTI
1710 350 2036 413 LEANDRI,
2084 350 2513 406 IIISPALENSIS
2552 352 2878 417 EPISCOPI,

3755 346 3855 400 888

477 475 580 510 nus
611 455 813 521 atinet,
844 472 909 507 ex
932 472 1098 525 {equo
1126 456 1255 508 ﬁliis
1278 458 1335 508 et
1368 456 1688 509 vernaculis
1714 457 2111 523 consulebant,
2139 468 2196 542 Α
2219 456 2427 512 iterum
2472 458 2544 511 ad
2574 458 2753 513 ﬁliam
2794 458 2922 514 Saul
2958 458 3096 511 dicit.
3129 458 3200 511 (II
3228 459 3355 521 Reg.
3392 458 3462 524 vi)
3491 473 3506 508 :
3546 456 3687 509 Vilis
3717 455 3858 506 ince-

478 566 621 622 quos
654 565 766 602 una
791 546 1220 601 circumcisione
1250 549 1577 618 signabant.

1092 670 1315 724 CAPUT
1350 670 1483 724 XIII.

594 770 665 821 De
695 766 1011 820 discretione
1035 764 1260 817 senio-ris
1286 778 1414 829 erga
1437 777 1691 833 personas
1716 765 1981 830 singulas.

550 876 715 942 Quod
734 876 969 947 quidem
987 874 1089 928 sub
1104 890 1217 928 una
1235 874 1592 944 professione
1609 874 1976 927 manentibus
1993 890 2111 927 om-

481 972 576 1026 nia
602 973 772 1025 erunt
792 966 1120 1023 communia
1147 967 1435 1033 omnibus,
1463 983 1663 1020 verum
1690 970 1793 1033 est,
1821 970 1877 1020 et
1902 967 2114 1036 legitur

478 1065 616 1131 (Act.
644 1064 718 1132 1v)
756 1079 768 1115 :
801 1060 1031 1127 scilicet,
1066 1060 1109 1113 si
1142 1076 1347 1114 omnes
1368 1060 1666 1131 aequaliter
1694 1059 1936 1112 valeant.
1962 1060 2113 1113 Atta-

475 1174 607 1212 men
637 1156 877 1210 interest
902 1154 1169 1225 quendam
1202 1153 1468 1208 discretio
1491 1152 1733 1207 senioris
1760 1152 2113 1223 providentis

478 1249 615 1321 quid
646 1264 1005 1319 unaquaeque
1044 1247 1245 1317 poscit.
1278 1246 1368 1302 Sic
1407 1245 1563 1300 enim
1598 1244 1972 1299 dividendum
2006 1248 2111 1312 est,

364 1380 371 1383 μ
479 1345 647 1413 prout
678 1341 985 1411 unicuique
1021 1357 1165 1411 opus
1208 1343 1313 1393 est.
1349 1339 1487 1404 Quas
1520 1338 1703 1408 potuit
1749 1337 2024 1391 honorari
2053 1337 2113 1390 in

476 1435 716 1501 mundo,
742 1439 800 1489 et
819 1434 976 1489 dives
996 1434 1105 1488 fuit
1130 1434 1189 1487 in
1216 1433 1446 1499 saaculo,
1470 1431 1737 1486 blandius
1761 1429 2009 1485 fovenda
2031 1433 2117 1483 est

478 1530 536 1585 in
557 1527 939 1597 monasterio;
964 1530 1022 1581 et
1042 1544 1167 1599 quae
1191 1526 1423 1597 reliquit
1444 1526 1501 1579 in
1525 1526 1729 1580 saeculo
1751 1528 1972 1579 vestem
1994 1539 2117 1595 pre-

478 1623 704 1689 tiosam,
725 1622 1027 1677 cultiorem
1056 1621 1114 1674 in
1146 1619 1499 1675 monasterio
1521 1621 1797 1674 meretur.
1824 1618 1960 1682 Quae
1981 1634 2115 1671 vero

478 1718 581 1772 sub
609 1717 850 1788 penuria
878 1714 1015 1768 vixit
1051 1714 1108 1768 in
1142 1714 1369 1779 szeculo,
1403 1717 1459 1767 et
1484 1715 1822 1783 tegumento
1852 1710 2116 1782 victuque

481 1811 659 1881 eguit,
684 1812 847 1880 grate
875 1809 1024 1863 ferat
1048 1809 1107 1862 in
1135 1805 1487 1861 monasterio
1512 1822 1617 1859 nec
1636 1806 1847 1875 algeat,
1871 1820 1975 1858 nec
1996 1820 2121 1858 esu-

482 1903 610 1970 riat,
634 1919 737 1957 nec
758 1908 1099 1969 murmuret,
1120 1900 1163 1953 si
1185 1916 1253 1953 ea
1274 1901 1550 1952 tractetur
1578 1896 1971 1967 indulgentius
1993 1913 2119 1967 qua:

492 1996 627 2051 vixit
646 1996 704 2050 in
731 1996 933 2050 saeculo
961 1992 1280 2048 delicatius.
1300 1993 1443 2046 Nam
1477 1991 1522 2045 si
1554 1992 1726 2062 prout
1754 1990 1959 2061 cuique
1981 2006 2123 2061 opus

482 2093 569 2144 est
600 2106 717 2145 non
759 2088 1050 2154 dividitur,
1094 2087 1160 2140 ﬁt
1204 2085 1452 2157 superba
1482 2085 1540 2138 in
1584 2083 1962 2151 monasterio,
1993 2099 2122 2153 qum

484 2184 593 2239 fuit
614 2182 738 2237 vilis
768 2182 825 2236 in
857 2181 1105 2247 mundo;
1146 2183 1204 2234 et
1240 2196 1369 2250 quas
1409 2181 1534 2232 erat
1569 2179 1770 2248 potens
1802 2176 1860 2230 in
1892 2177 2120 2243 saeculo,

484 2276 822 2332 humiliatur
843 2275 901 2329 in
928 2272 1300 2328 monasterio.
1334 2272 1423 2325 Sic
1454 2272 1592 2342 agit,
1618 2269 1715 2341 qui
1739 2269 1981 2323 discrete
2006 2285 2122 2323 non

484 2369 651 2440 sapit,
674 2372 738 2423 ut
769 2367 1062 2438 superbire
1102 2366 1273 2419 faciat
1302 2381 1367 2418 ex
1397 2364 1494 2417 vili
1516 2380 1690 2418 censu
1721 2379 2044 2429 conversas,
2068 2365 2127 2415 et

489 2463 689 2519 dolore
706 2461 968 2515 stimules
982 2460 1225 2513 honesto
1246 2458 1373 2511 loco
1397 2460 1580 2511 natas.
1598 2457 1667 2511 Et
1684 2456 1731 2509 si
1746 2456 1955 2510 sufﬁcit
1972 2455 2125 2508 unde

490 2554 761 2611 omnibus
802 2552 1090 2607 tribuatur
1124 2550 1443 2622 aequaliter,
1477 2548 1635 2604 nulla
1666 2552 1752 2603 est
1780 2548 1933 2603 unde
1964 2564 2121 2602 mur-

489 2651 684 2704 muret
704 2666 718 2702 :
743 2645 1019 2718 quoniam
1041 2644 1307 2699 discretio
1326 2644 1569 2697 senioris
1586 2642 1803 2696 dividet
1818 2641 2125 2713 unicuique

490 2743 660 2813 prout
688 2756 831 2811 Opus
866 2742 969 2793 est.
999 2738 1113 2794 Sed
1151 2738 1292 2791 dicis
1324 2754 1336 2791 :
1369 2737 1511 2790 Cum
1554 2752 1831 2790 conversa
1879 2738 1983 2802 est,
2018 2734 2126 2788 nisi

488 2839 550 2889 ut
578 2835 679 2889 flat
698 2832 931 2887 humilis
955 2848 1022 2887 ex
1048 2834 1285 2903 potente
1301 2831 1329 2885 ?
1355 2830 1415 2885 Si
1439 2846 1579 2901 ergo
1603 2830 1711 2883 ista
1731 2846 1798 2883 ex
1819 2828 2031 2900 inclyte
2053 2828 2128 2883 ad

483 2927 877 3008 humilitatem
908 2924 1225 2991 descendit,
1249 2923 1345 2978 illa
1377 2940 1443 2977 ex
1470 2939 1722 2995 paupere
1751 2922 1907 2994 quod
1936 2921 2124 2976 humi-

489 3023 725 3078 liaretur
745 3036 862 3075 non
883 3017 1105 3087 habuit,
1120 3016 1360 3073 forsitan
1385 3016 1431 3071 si
1452 3016 1725 3088 superbit.
1750 3014 2010 3071 Charitas
2034 3032 2129 3069 au-

489 3122 608 3171 tem
626 3114 824 3169 omnia
840 3114 1149 3184 temperat,
1171 3116 1340 3182 atque
1356 3110 1429 3165 ad
1447 3110 1719 3164 eumdem
1738 3109 1895 3180 pacis
1912 3112 2130 3180 pertra-

491 3208 577 3263 hit
605 3207 879 3272 limitem;
908 3210 972 3259 ut
1001 3222 1106 3258 nec
1129 3204 1225 3258 illa
1247 3204 1496 3270 inﬂetur,
1521 3219 1647 3274 quas
1673 3201 1905 3274 reliquit
1928 3205 2129 3273 poten-
2149 3209 2203 3283 Ο

494 3302 662 3365 tiam;
689 3316 795 3353 nec
816 3299 911 3352 illa
926 3299 1249 3368 frangatur;
1269 3312 1395 3367 quas
1417 3296 1526 3350 fuit
1541 3311 1777 3366 pauper,
1794 3296 1879 3349 vel
1898 3295 2125 3349 ancilla.

493 3392 806 3448 Laudanda
829 3395 1027 3445 tamen
1056 3392 1143 3443 est
1170 3389 1384 3455 senior,
1410 3388 1455 3442 si
1475 3388 1717 3443 discrete
1739 3404 1868 3442 cum
1892 3388 2130 3459 singulis

493 3504 553 3541 se
587 3484 848 3557 gesserit,
884 3487 943 3538 et
975 3482 1284 3553 unicuique
1329 3484 1499 3553 prout
1528 3498 1671 3553 opus
1708 3485 1811 3549 est,
1852 3481 2128 3536 diviserit.

496 3583 602 3636 Ista
623 3579 737 3633 sint
762 3578 915 3631 dicta
942 3576 1013 3630 de
1042 3580 1219 3643 veste,
1253 3575 1400 3641 cibo,
1424 3578 1583 3646 potu,
1612 3576 1700 3629 vel
1727 3591 1901 3647 opere
1922 3592 2027 3646 pro
2048 3575 2132 3629 in-

494 3672 698 3727 validis
725 3688 789 3725 ac
815 3669 1091 3735 delicatis,
1124 3673 1188 3723 ut
1216 3685 1346 3740 qua:
1379 3669 1575 3723 durius
1602 3669 1751 3725 ferre
1783 3686 1901 3723 non
1921 3671 2129 3739 potest,

496 3768 769 3821 tractetur
792 3764 999 3818 lenius.
1028 3763 1310 3817 Caeterum
1340 3762 1385 3816 si
1415 3762 1565 3816 circa
1591 3779 1688 3816 eas
1709 3778 1836 3833 quae
1862 3762 2012 3815 ferre
2036 3778 2133 3833 po-

496 3858 732 3924 tuerint,
761 3857 983 3911 factura
1015 3860 1103 3910 est
1136 3854 1330 3910 senior
1368 3858 1541 3927 prout
1574 3854 1798 3922 viderit,
1832 3858 1890 3909 et
1926 3854 2133 3925 quibus

496 3950 738 4006 consulit
769 3966 873 4020 pro
903 3966 1006 4004 usu
1037 3949 1297 4004 delicata:
1324 3949 1473 4016 vitai,
1501 3949 1587 4003 vel
1630 3947 1885 4020 corporis
1912 3947 2129 4018 fragili-

498 4052 637 4116 tate,
653 4064 769 4102 non
788 4063 885 4100 eas
901 4046 1045 4117 prtef
1045 4063 1168 4100 eras
1184 4048 1405 4102 honore
1419 4046 1732 4113 seniorum,
1748 4046 1791 4099 si
1814 4046 2133 4117 posteriore

496 4156 785 4197 conversae
807 4143 939 4193 sunt
958 4142 1239 4210 tempore.
1266 4140 1413 4194 Dum
1432 4156 1571 4210 ergo
1591 4140 1664 4193 ad
1688 4143 1743 4193 te
1766 4156 1948 4207 meus,
1972 4156 2136 4194 soror

499 4232 849 4299 Florentina,
874 4248 1067 4286 sermo
1089 4231 1375 4302 dirigitur,
1401 4231 1782 4287 derivavimus
1814 4232 2136 4288 orationem

501 4326 701 4385 studiis
738 4325 1083 4397 plurimum;
1126 4325 1268 4378 nulli
1296 4327 1494 4379 tamen
1518 4325 1727 4397 jugum
1758 4325 2132 4398 imponimus,

502 4420 600 4477 sed
628 4419 783 4493 quod
813 4420 1125 4475 honestum
1160 4421 1247 4472 est
1270 4418 1600 4474 suademus.

1126 4540 1349 4595 CAPUT
1387 4540 1515 4595 XIV.

508 4645 572 4699 Ut
594 4644 748 4711 virgo
775 4640 1001 4710 aqualis
1029 4641 1102 4693 sit
1120 4642 1172 4692 et
1190 4641 1247 4692 in
1266 4641 1590 4708 paupertate
1616 4641 1667 4693 et
1689 4639 1748 4692 in
1772 4639 2135 4695 abundantia.

573 4754 732 4807 Nunc
760 4752 832 4806 ad
863 4756 918 4806 te
964 4750 1255 4822 loquendo
1292 4753 1565 4817 revertar,
1596 4767 1756 4805 soror
1787 4751 2137 4818 Florentina,

505 4862 609 4918 pro
642 4862 755 4916 qua
781 4862 875 4900 me
904 4844 1208 4899 familiaris
1236 4860 1375 4898 cura
1401 4843 1686 4898 sollicitat.
1717 4845 1922 4898 IIortor
1944 4844 2138 4914 itaque

504 4934 791 5005 azqualem
814 4936 869 4986 te
898 4937 955 4986 et
979 4932 1332 4986 uniformem
1360 4932 1575 4986 habere
1603 4948 1834 5003 semper
1858 4930 2137 4999 animum,

505 5032 564 5082 ut
587 5043 693 5081 nec
723 5025 1067 5081 adversitate
1095 5025 1401 5097 frangaris,
1427 5042 1554 5095 qua:
1588 5024 1923 5095 patientiam
1954 5029 2011 5079 et
2042 5043 2138 5096 pe-

502 5120 731 5176 nuriam
762 5119 866 5174 Job
911 5119 1092 5189 sapis;
1143 5135 1249 5172 nec
1289 5117 1527 5171 eleveris
1568 5118 1967 5189 prosperitate,
2015 5135 2142 5190 quae

502 5213 857 5286 patriarchas
884 5212 1087 5266 divites
1107 5210 1331 5281 opibus,
1355 5211 1455 5265 sed
1478 5211 1728 5266 humiles
1752 5212 1949 5267 animo
1970 5212 2142 5267 fuisse

500 5307 664 5378 legis.
694 5307 871 5361 Beata
900 5305 1057 5359 enim
1089 5303 1220 5374 eris,
1244 5304 1290 5358 si
1310 5306 1369 5358 et
1396 5304 1453 5357 in
1486 5304 1739 5359 adversis
1770 5309 1829 5359 et
1856 5306 2145 5377 prosperis

502 5416 736 5471 semper
765 5400 884 5453 Deo
912 5398 1130 5469 gratias
1157 5396 1375 5468 egeris;
1410 5400 1469 5452 et
1505 5398 1635 5452 vitm
1662 5398 1826 5452 istius
1862 5399 2146 5471 prosperi-

503 5496 682 5547 tatem
711 5492 937 5546 fumum
963 5507 1354 5563 vaporemque
1380 5490 1533 5546 illico
1560 5496 1995 5547 evanescentem
2017 5510 2141 5547 cre-

500 5585 734 5641 dideris.
783 5584 962 5639 David
1016 5588 1169 5639 certe
1220 5585 1522 5657 regnabat,
1560 5590 1619 5641 et
1661 5601 1794 5641 cum
1823 5585 2147 5640 abundaret

497 5677 803 5743 thesauris,
828 5694 893 5732 ac
918 5694 1097 5733 manu
1122 5678 1256 5732 forti
1288 5678 1528 5733 infinitis
1554 5678 1781 5749 populis
1810 5678 2141 5749 imperaret,

507 5768 788 5827 humilem
826 5786 886 5823 se
915 5769 1089 5836 canit,
1122 5774 1181 5824 et
1218 5771 1356 5826 dicit
1386 5788 1398 5825 :
1426 5774 1642 5842 Pauper
1671 5786 1791 5825 sum
1826 5786 1941 5840 ego,
1985 5778 2036 5827 et
2084 5776 2143 5827 in

501 5860 773 5912 laboribus
803 5876 837 5912 a
868 5861 1151 5927 juventute
1188 5879 1309 5918 mea
1356 5860 1573 5925 (Psalm.
1605 5865 1866 5931 Lxxxvu).
1906 5866 1971 5919 Et
2018 5865 2139 5937 ipse

2211 554 2359 614 dam,
2389 558 2439 606 et
2467 552 2593 606 vilis
2619 552 2890 622 apparebo
2919 556 3046 605 ante
3089 554 3258 605 Deum
3306 552 3404 618 qui
3445 550 3608 617 elegit
3632 562 3736 607 me.
3760 562 3857 617 ΡΟ⁴

2212 649 2318 699 tius
2343 661 2511 714 quam
2525 651 2738 714 patrem
2766 650 2919 699 tuum
2941 644 3159 712 (Psalm.
3196 642 3379 711 cxvu).
3404 641 3688 697 Similiter
3707 639 3858 693 idem

2212 739 2348 793 dicit
2389 756 2401 793 :
2444 739 2629 792 Incola
2675 754 2768 806 ego
2818 753 2938 791 sum
2970 740 3028 790 in
3061 742 3207 791 terra
3252 741 3303 789 et
3342 736 3692 805 peregrinus,
3721 736 3861 787 sicut

2210 848 2387 887 omnes
2406 836 2592 901 patres
2620 832 2740 885 mei.
2768 830 3035 884 ’l‘errenis
3070 846 3208 899 ergo
3248 845 3546 899 nunquam
3577 827 3863 880 delectata

2213 926 2403 990 rebus,
2438 924 2663 978 etiamsi
2705 941 2765 978 se
2804 923 2934 978 vitae
2961 922 3269 977 commoda
3300 922 3593 992 ingerant,
3624 936 3739 973 non
3783 919 3865 972 eis

2214 1018 2408 1072 animo
2428 1018 2712 1081 innitaris,
2738 1033 2844 1071 nec
2872 1017 2942 1070 de
2976 1015 3283 1071 mundanis
3308 1014 3565 1085 gaudeas
3584 1013 3788 1077 lucris;
3811 1016 3868 1065 et

2218 1128 2332 1165 non
2367 1111 2794 1165 contristaberis
2834 1110 3078 1164 damnis.
3127 1109 3353 1163 Etenim
3405 1108 3683 1178 scriptum
3723 1109 3864 1161 est:

2216 1207 2430 1259 Divitiz
2469 1208 2518 1258 si
2563 1207 2822 1273 afﬂuant,
2863 1205 3028 1257 nolite
3069 1218 3159 1257 cor
3194 1217 3464 1273 apponere
3504 1201 3726 1270 (Psalm.
3772 1210 3865 1265 ιι).

2214 1300 2356 1353 Cum
2385 1313 2584 1352 amore
2616 1298 2775 1351 enim
2806 1313 3070 1368 possessa
3097 1313 3225 1349 cum
3265 1296 3463 1349 dolore
3505 1293 3722 1348 utentis
3764 1308 3865 1363 pe-

2217 1395 2385 1445 reunt
2405 1408 2418 1457 ;
2438 1395 2497 1446 et
2517 1390 2651 1445 inde
2674 1390 2933 1444 tribulari
2957 1405 3307 1460 quemquam
3332 1404 3565 1442 necesse
3584 1390 3689 1453 est,
3708 1386 3868 1440 unde

2216 1484 2525 1539 carnaliter
2557 1484 2791 1555 gaudet.
2814 1484 2893 1538 Tu
2924 1484 2999 1538 ad
3039 1483 3219 1538 instar
3246 1482 3491 1536 ccelestis
3531 1480 3729 1551 sponsi
3758 1480 3865 1533 ho-

2220 1577 2415 1632 norari
2443 1577 2500 1631 in
2530 1578 2737 1631 saeculo
2769 1577 3022 1647 fuge.Ne
3045 1576 3183 1630 velis
3204 1576 3275 1630 ab
3303 1575 3429 1630 aliis
3459 1574 3597 1642 dici,
3622 1577 3719 1627 aut
3740 1588 3869 1626 esse

2219 1671 2528 1742 praelatior,
2562 1687 2689 1741 quae
2718 1670 2861 1741 legis
2896 1688 2907 1724 :
2943 1671 3004 1725 Si
3029 1672 3148 1739 quis
3178 1670 3297 1723 vult
3318 1671 3463 1723 inter
3490 1683 3584 1722 vos
3605 1683 3714 1721 esse
3740 1682 3870 1720 ma-

2210 1765 2324 1833 jor,
2366 1767 2436 1818 sit
2472 1769 2646 1818 vester
2685 1779 2870 1818 servus
2909 1764 3129 1835 (Matth.
3160 1764 3270 1831 xx),
3311 1760 3586 1833 quoniam
3628 1764 3685 1813 et
3742 1759 3869 1829 ipse

2141 1843 2196 1914 B
2222 1858 2481 1913 Salvator
2521 1857 2657 1910 dum
2687 1873 2720 1910 a
2750 1856 2931 1909 turbis
2965 1859 3027 1909 ut
3064 1872 3161 1909 rex
3192 1856 3358 1909 fieret
3383 1857 3765 1925 qumreretur,
3786 1868 3873 1906 se-

2223 1952 2407 2021 ipsum
2429 1949 2747 2004 abscondit.
2770 1949 3075 2014 Quomodo
3094 1948 3253 2002 enim
3273 1948 3343 2001 ab
3361 1947 3598 2002 homine
3616 1962 3869 2016 regnum

2223 2044 2530 2115 acciperet,
2545 2043 2636 2096 cui
2652 2059 2783 2097 cum
2805 2045 2972 2097 Patre
2994 2058 3242 2112 regnum
3264 2045 3612 2112 perpetuum
3634 2038 3871 2093 manet?

2224 2137 2339 2192 Sed
2360 2137 2495 2207 quia
2513 2139 2753 2190 venerat
2778 2136 2985 2190 docere
3013 2135 3423 2201 humilitatem,
3447 2134 3750 2188 hominum
3775 2133 3873 2187 de.

2226 2230 2456 2284 clinavit
2487 2230 2790 2283 honorem.
2830 2231 2890 2282 ln
2934 2228 3122 2282 forma
3151 2227 3309 2282 enim
3355 2228 3455 2281 Dei
3488 2244 3736 2281 manens
3779 2244 3869 2280 se-

2226 2323 2536 2393 metipsum
2568 2339 2671 2393 pro
2699 2322 2862 2376 nobis
2892 2321 3213 2374 humiliavit
3239 2322 3398 2388 (Phil.
3422 2320 3514 2385 ii);
3549 2324 3607 2375 et
3633 2321 3722 2374 cui
3755 2336 3869 2374 coa-

2229 2417 2386 2469 lestia
2429 2415 2682 2469 serviunt
2717 2433 2782 2469 ac
2820 2414 3134 2479 terrestria,
3166 2430 3269 2483 pro
3302 2414 3639 2467 mortalibus
3680 2414 3873 2467 factus

2228 2512 2313 2563 est
2342 2524 2579 2579 pauper,
2610 2511 2671 2561 ut
2708 2508 2832 2578 ejus
2864 2507 3060 2578 inopia
3093 2523 3197 2560 nos
3231 2506 3569 2561 ditaremur.
3603 2508 3682 2560 Tu
3726 2523 3869 2577 ergo

2226 2601 2423 2655 insiste
2462 2600 2734 2671 vestigiis,
2766 2600 2974 2671 quibus
3002 2600 3293 2670 praecessit
3325 2615 3600 2670 sponsus;
3634 2602 3693 2654 et
3732 2616 3865 2671 pas-

2228 2695 2382 2749 sibus
2409 2694 2710 2749 indefessis
2737 2693 2943 2747 ducem
2982 2709 3223 2764 sequere
3258 2694 3547 2747 ccelestem
3582 2709 3595 2746 :
3629 2709 3702 2747 ne
3730 2693 3875 2748 dum

2229 2788 2393 2843 factis
2418 2788 2533 2841 suis
2558 2787 2767 2858 probat
2796 2803 2920 2840 esse
2951 2786 3307 2855 dissimilem,
3337 2785 3395 2839 in
3426 2786 3756 2841 caelestibus
3782 2803 3872 2842 re-

2230 2881 2357 2953 gnis
2383 2880 2528 2936 nolit
2566 2881 2781 2935 habere
2814 2882 3163 2935 consortem.
3196 2879 3423 2933 Etenim
3462 2879 3572 2933 ista
3600 2880 3877 2946 dicimus,

2230 2978 2292 3029 ut
2316 2974 2723 3047 parvipendas,
2746 2977 2846 3029 aut
2866 2991 2939 3028 ne
2966 2987 3074 3045 pro
3103 2989 3318 3044 magno
3346 2973 3541 3045 cupias
3572 2974 3735 3028 lucra
3755 2978 3876 3028 ter-

2231 3084 2400 3135 rena;
2433 3069 2520 3121 vel
2558 3084 2631 3121 ne
2658 3066 2906 3121 testimes
2934 3081 3199 3137 magnos,
3231 3082 3374 3137 quos
3400 3066 3458 3120 in
3495 3068 3705 3123 saeculo
3737 3084 3880 3139 pro-

2231 3161 2397 3233 spicis
2437 3161 2659 3216 divites.
2699 3160 2864 3225 Quod
2895 3159 3049 3215 enim
3087 3159 3299 3214 habere
3336 3163 3578 3231 possunt
3615 3165 3679 3215 et
3710 3162 3879 3228 mali,

2230 3256 2476 3311 libenter
2502 3255 2719 3309 debent
2746 3257 3122 3308 contemnere
3160 3254 3319 3308 boni.
3366 3256 3473 3309 Dat
3502 3255 3664 3309 enim
3703 3256 3882 3310 malis

2231 3350 2381 3403 Deus
2405 3349 2747 3419 temporales
2773 3347 3015 3414 divitias,
3045 3345 3251 3416 quibus
3278 3351 3453 3418 negat
3481 3351 3752 3415 internas,
3776 3349 3886 3404 dat

2232 3460 2328 3497 eas
2355 3447 2509 3497 certe
2538 3445 2596 3495 et
2618 3441 2804 3507 bonis,
2828 3442 2930 3496 sed
2959 3459 3103 3513 quos
3134 3442 3292 3497 novit
3311 3459 3428 3497 non
3455 3442 3787 3513 superbisse
3807 3460 3883 3497 ex

2233 3536 2333 3589 eis.
2351 3536 2491 3590 Boni
2513 3534 2761 3607 propitio
2783 3536 2902 3590 Deo
2923 3536 3071 3590 ﬁunt
3083 3536 3302 3601 divites,
3316 3536 3565 3607 propitio
3584 3537 3706 3591 Deo
3730 3537 3888 3590 ﬁunt

2234 3646 2517 3700 pauperes
2548 3645 2562 3683 :
2594 3628 2653 3682 in
2684 3632 2927 3699 utroque
2955 3631 3068 3685 Deo
3095 3629 3310 3700 gratias
3335 3632 3534 3699 agunt,
3558 3630 3658 3700 qui
3678 3631 3887 3685 volun-

2232 3727 2413 3778 tatem
2438 3723 2539 3777 Dei
2566 3722 2813 3777 libenter
2835 3722 3139 3794 accipiunt.
3166 3723 3323 3777 Malis
3343 3722 3578 3793 quando
3605 3724 3883 3779 tribuun-

2235 3820 2328 3870 tur
2348 3816 2579 3883 divitite,
2598 3816 2901 3887 paanaliter
2919 3816 3270 3883 tribuuntur,
3293 3819 3355 3870 ut
3372 3817 3524 3870 male
3544 3816 3616 3870 de
3639 3817 3724 3872 eis
3740 3834 3885 3888 gau-

2235 3909 2438 3976 deant;
2471 3913 2530 3963 et
2559 3909 2792 3980 quando
2821 3910 3255 3977 subtrahuntur,
3279 3909 3585 3981 pmnaliter
3605 3911 3886 3965 auferun-

2235 4007 2346 4071 tur,
2366 4006 2428 4057 ut
2447 4003 2595 4057 male
2616 4002 2688 4056 de
2707 4003 2788 4067 eis
2808 4002 3063 4069 doleant,
3080 4007 3320 4074 utraque
3330 4003 3486 4073 justo
3505 4004 3580 4058 ad
3599 4005 3882 4074 gloriam;

2236 4100 2474 4168 utraque
2501 4095 2681 4167 impio
2704 4097 2779 4149 ad
2808 4095 3143 4151 vindictam.
3179 4096 3320 4161 Quid
3349 4096 3423 4151 ad
3443 4100 3523 4164 te,
3544 4114 3675 4167 qua:
3698 4098 3885 4152 habes

2238 4191 2515 4260 Regulam
2528 4204 2701 4260 quam
2721 4188 3010 4260 sequaris?
3028 4189 3427 4260 Virginitatem
3449 4190 3647 4262 itaque
3670 4195 3730 4244 et
3740 4208 3886 4262 pau-

2236 4286 2519 4354 pertatem
2546 4282 2734 4337 Maria:
2755 4282 3016 4354 prospice
3039 4300 3052 4337 :
3077 4299 3205 4354 qum
3225 4286 3346 4337 tam
3366 4283 3523 4337 dives
3546 4284 3605 4337 in
3630 4284 3880 4340 Domino

2234 4376 2363 4446 fuit,
2388 4378 2450 4429 ut
2478 4379 2666 4431 mater
2684 4376 2910 4431 Domini
2930 4392 3053 4431 esse
3077 4379 3419 4444 mereretur,
3438 4381 3497 4431 et
3516 4381 3682 4431 tanto
3702 4379 3880 4432 rebus

2235 4470 2606 4541 paupercula,
2639 4472 2701 4523 ut
2737 4472 2936 4541 partus
2961 4473 3223 4540 tempore
3254 4486 3361 4524 nec
3390 4470 3736 4537 obstetricis,
3769 4488 3881 4525 nec

2154 4578 2216 4651 D
2239 4562 2460 4618 ancillas
2489 4565 2745 4618 uteretur
2769 4563 2990 4630 solatio,
3020 4564 3204 4634 ipsum
3230 4579 3461 4634 quoque
3491 4563 3879 4619 diversorium

2238 4660 2354 4710 tam
2379 4659 2709 4727 angustum,
2727 4659 2793 4710 ut
2813 4672 3071 4727 praesepe
3098 4660 3417 4710 assumeret
3443 4672 3547 4726 pro
3568 4657 3878 4711 cunabulo.

2239 4750 2347 4805 Sed
2379 4753 2435 4804 et
2460 4750 2689 4820 Ioseph,
2721 4750 2808 4803 cui
2840 4749 3031 4803 fuerat
3054 4749 3422 4819 desponsata,
3455 4765 3585 4804 cum
3614 4754 3767 4804 esset
3789 4751 3882 4820 ju-

2240 4846 2378 4911 stus,
2400 4846 2527 4898 erat
2549 4846 2745 4897 tamen
2773 4846 2831 4898 et
2854 4858 3095 4914 pauper,
3120 4842 3201 4896 ita
3221 4846 3283 4897 ut
3297 4842 3509 4896 victum
3531 4846 3588 4896 et
3606 4844 3881 4898 vestitum

2242 4935 2482 4994 artiﬁcio
2512 4919 2816 5007 quaereret.
2851 4936 3015 4991 Certe
3057 4936 3221 4991 faber
3257 4936 3536 4990 ferrarius
3574 4936 3751 4990 fuisse
3796 4938 3883 4992 le-

2243 5030 2417 5100 gitur.
2446 5029 2631 5084 Habes
2657 5030 2937 5100 exempla,
2967 5045 3239 5084 normam
3268 5044 3530 5099 sequere,
3554 5046 3626 5082 ne
3659 5032 3714 5083 te
3745 5030 3886 5085 velis

2243 5123 2570 5177 divitiarum
2599 5121 2867 5193 periculis
2885 5122 3266 5176 committere.
3292 5122 3559 5187 Quoniam
3575 5125 3672 5191 qui
3689 5124 3884 5177 volunt

2242 5218 2433 5271 divites
2469 5218 2605 5285 ﬁeri,
2638 5216 2890 5271 incidunt
2913 5219 2974 5270 in
2998 5218 3345 5271 tentationem
3378 5220 3429 5270 et
3471 5216 3720 5285 laqueum
3757 5217 3880 5270 dia-

2245 5310 2353 5364 boli
2380 5310 2426 5377 (I
2455 5311 2590 5363 Tim.
2614 5310 2710 5375 v1),
2731 5312 2789 5362 et
2810 5307 3098 5363 desideria
3128 5309 3310 5362 multa
3333 5308 3557 5363 inutilia
3577 5312 3635 5362 et
3655 5308 3881 5373 nociva,

2245 5419 2371 5473 quae
2391 5406 2661 5473 mergunt
2675 5402 2975 5456 hominem
2992 5401 3052 5455 in
3072 5400 3391 5456 interitum.
3404 5401 3534 5457 Illas
3549 5417 3583 5454 a
3598 5418 3660 5455 se
3673 5405 3881 5472 sponte

2246 5496 2534 5561 auferunt,
2570 5495 2776 5566 quibus
2806 5494 2863 5548 in
2889 5494 3134 5550 Domino
3162 5494 3399 5549 devotus
3428 5497 3513 5548 est
3538 5493 3789 5548 animus.
3817 5495 3880 5548 Et

2243 5590 2589 5661 plerumque
2615 5591 3048 5660 contemptores
3073 5603 3205 5642 suos
3232 5587 3414 5657 magis
3438 5590 3722 5658 appetunt
3748 5588 3882 5642 divi-

2244 5682 2358 5750 tiaa,
2390 5699 2564 5753 quam
2594 5698 2888 5753 sequaces.
2912 5683 3164 5749 Quaerite,
3204 5680 3409 5751 inquit,
3438 5696 3662 5748 regnum
3686 5684 3803 5744 Dei,
3833 5684 3881 5736 et

2245 5776 2352 5830 hac
2376 5777 2556 5832 omnia
2585 5780 2926 5847 apponentur
2954 5776 3103 5830 vobis
3138 5775 3349 5844 (Matth.
3382 5774 3477 5844 γι).
