4034 6228
170 360 285 408 889

818 462 1039 518 CAPUT
1063 463 1168 517 XV.

397 569 471 620 De
497 566 841 635 indulgentia
864 569 917 618 et
946 565 1310 635 prohibitione
1329 569 1597 622 carnium.

246 689 422 742 Esum
455 685 712 741 carnium
738 684 1086 741 inﬁrmitatis
1111 690 1223 741 tuas
1243 685 1478 742 obtentu
1504 704 1608 741 nec
1627 688 1818 759 prohi-

168 783 312 835 bere
339 780 442 835 tibi
474 779 655 834 audeo
683 795 786 833 nec
813 779 1163 849 permittere.
1192 779 1295 835 Cui
1328 784 1521 835 tamen
1567 782 1818 852 suppetit

166 871 375 937 virtus,
409 887 442 924 a
470 868 734 924 carnibus
765 885 822 923 se
848 868 1142 923 abstineat.
1174 869 1312 924 Nam
1340 870 1484 925 dura
1510 874 1593 924 est
1618 871 1813 925 condi-

163 964 274 1031 tio,
306 962 529 1019 nutrire
558 965 753 1017 contra
792 977 964 1033 quem
1007 961 1279 1032 dimices;
1308 967 1365 1018 et
1409 979 1640 1018 carnem
1690 980 1817 1035 pro-

164 1057 367 1128 priam
387 1056 463 1110 sic
491 1056 660 1124 alere,
688 1058 754 1110 ut
780 1056 987 1110 sentias
1014 1059 1431 1111 contumacem.
1453 1057 1612 1121 Quod
1633 1056 1679 1111 si
1697 1057 1816 1112 tali-

161 1151 281 1204 bus
309 1150 498 1204 utitur
524 1149 709 1219 virgo,
739 1149 1008 1220 qualibus
1034 1154 1091 1204 et
1109 1150 1405 1203 seaculares
1431 1153 1688 1220 utuntur,
1719 1152 1818 1206 dat

162 1259 429 1311 sensum,
460 1247 607 1298 utea
636 1249 770 1314 agat
785 1259 913 1313 quae
940 1260 972 1296 a
997 1242 1362 1297 saecularibus
1389 1248 1657 1315 aguntur.
1672 1244 1816 1309 Quid

164 1336 390 1407 poterit
416 1353 546 1390 caro
572 1337 786 1391 nutrita
808 1336 1068 1390 carnibus
1088 1336 1196 1391 nisi
1217 1352 1515 1408 erumpere
1538 1337 1609 1391 ad
1632 1336 1816 1391 libidi-

164 1446 333 1496 nem,
374 1430 755 1500 miseramque
794 1429 1044 1483 animam
1074 1429 1404 1484 crudelitate
1439 1430 1681 1484 luxuria:
1714 1430 1811 1485 de-

166 1523 502 1577 bacchare?
540 1523 697 1577 Unde
741 1527 798 1577 et
840 1521 1074 1593 quidam
1112 1526 1310 1577 auctor
1349 1524 1447 1590 ait,
1491 1524 1815 1579 Deliciarum

165 1618 297 1685 ﬁnis
326 1618 619 1686 corruptio.
651 1617 718 1669 Et
743 1615 1041 1686 Apostolus
1064 1617 1455 1687 voluptuosam
1475 1617 1707 1671 viduam
1735 1617 1813 1671 sic

168 1710 336 1759 notat
361 1722 374 1757 :
408 1709 470 1758 ut
487 1704 636 1758 dicat
656 1720 669 1757 :
702 1706 831 1771 Quae
854 1708 1034 1758 autem
1049 1707 1108 1758 in
1136 1705 1344 1759 deliciis
1358 1710 1454 1767 est,
1469 1707 1653 1760 virens
1669 1721 1808 1759 mor-

168 1806 269 1853 tua
301 1802 380 1853 est
406 1798 479 1868 (Π
498 1800 633 1852 Tim.
658 1796 732 1866 v).
754 1796 919 1860 Quod
934 1797 977 1850 si
994 1796 1334 1851 abstinentia
1349 1798 1665 1852 marcidum
1694 1814 1814 1852 cor-

170 1909 282 1962 pus
311 1892 399 1945 vix
427 1908 460 1945 a
485 1891 611 1960 lege
634 1890 866 1961 peccati,
896 1907 1025 1961 qum
1055 1890 1270 1944 habitat
1295 1890 1355 1945 in
1388 1891 1660 1945 membris
1681 1908 1808 1946 nos-

170 1986 297 2052 tris,
336 1984 739 2056 prohibemus;
769 1983 903 2055 quid
934 1983 1098 2037 faciet
1124 2000 1251 2055 quas
1282 1984 1358 2038 sic
1386 1984 1574 2038 obruit
1598 1988 1809 2039 terram

168 2078 360 2133 carnis
389 2094 527 2146 suae,
553 2082 615 2130 ut
630 2081 685 2131 et
702 2077 1081 2148 possitspinas
1102 2082 1158 2130 et
1176 2077 1413 2131 tribulos
1440 2077 1759 2147 germinare
1784 2079 1812 2132 ?

170 2172 448 2225 Fomenta
484 2170 775 2236 vitiorum,
808 2186 935 2223 esus
980 2169 1235 2223 carnium
1268 2186 1281 2223 :
1311 2186 1415 2225 nec
1449 2170 1634 2224 solum
1685 2187 1808 2224 car-

172 2265 363 2333 nium,
388 2263 487 2319 scd
526 2268 583 2318 et
618 2262 797 2317 nimia
832 2262 1053 2317 satietas
1086 2263 1331 2318 aliorum
1357 2263 1635 2319 ciborum.
1658 2265 1807 2328 Quo-

169 2359 333 2413 niam
354 2374 469 2412 non
499 2357 759 2428 culpatur
779 2371 918 2409 escae
939 2355 1198 2427 qualitas,
1221 2356 1316 2411 sed
1341 2356 1628 2428 quantitas
1648 2373 1811 2428 repu-

172 2456 330 2506 tatur
344 2453 404 2506 in
420 2450 577 2506 vitio.
596 2449 881 2521 Quidquid
902 2450 1054 2504 enim
1082 2449 1357 2519 accipitur
1381 2450 1572 2518 nimis,
1589 2451 1696 2504 hoc
1716 2468 1809 2522 ag-

176 2550 374 2617 gravat
386 2544 664 2611 animam,
684 2542 1149 2598 etabundantiori
1174 2543 1299 2598 cibo
1328 2548 1592 2598 extensus
1609 2548 1811 2599 stoma-

174 2641 316 2695 chus
341 2638 605 2693 obtundit
624 2638 829 2691 anima:
860 2653 1075 2691 sensus.
1107 2636 1274 2708 Virgo
1302 2641 1527 2691 tantum
1556 2655 1689 2692 sana
1720 2639 1811 2692 de-

176 2734 271 2786 bet
298 2748 439 2801 esse,
461 2749 574 2786 non
602 2731 821 2801 rigida;
854 2729 1061 2800 pallida
1078 2736 1297 2800 gestare
1324 2748 1442 2797 ora,
1465 2748 1582 2785 non
1608 2732 1811 2786 ruben-

172 2827 286 2895 tia;
320 2842 451 2897 qua:
476 2824 715 2896 suspiria
733 2823 914 2878 cordis
931 2823 1154 2878 emittat
1169 2824 1239 2878 ad
1266 2825 1463 2890 Deum,
1492 2841 1608 2879 non
1628 2829 1809 2879 metet

177 2919 483 2974 cruditates
509 2918 786 2973 ciborum.
817 2916 1029 2981 Quibus
1053 2932 1189 2988 ergo
1217 2917 1363 2972 vires
1388 2918 1642 2989 corporis
1666 2935 1809 2990 opus

176 3016 331 3081 sunt,
362 3012 607 3067 habeant
634 3012 819 3067 carnis
845 3026 1006 3064 usum
1037 3026 1050 3063 :
1081 3010 1307 3080 scilicet,
1337 3012 1437 3083 qui
1463 3012 1690 3067 metalla
1724 3012 1806 3067 ef-

174 3107 433 3171 fodiunt;
483 3105 580 3177 qui
624 3105 685 3159 in
731 3122 912 3177 agone
961 3111 1189 3161 terreno
1239 3108 1492 3172 certant;
1526 3105 1624 3177 qui
1673 3122 1808 3160 con-

176 3204 407 3255 struunt
421 3200 699 3254 celsorum
719 3199 971 3254 culmina
992 3200 1383 3265 aedificiorum,
1397 3199 1483 3253 vel
1506 3198 1564 3253 in
1580 3199 1811 3254 diversis
1831 3213 1886 3287 ρ

178 3294 418 3366 Opiﬁciis
437 3294 629 3348 labore
648 3294 927 3349 desudant
944 3294 1194 3365 corporis
1212 3312 1229 3363 ;
1251 3292 1339 3347 his
1359 3293 1811 3364 reparandarum

178 3388 386 3443 virium
412 3392 576 3459 aptus
596 3391 681 3442 est
704 3404 842 3442 usus
867 3388 1069 3442 carnis.
1098 3388 1265 3458 Virgo
1286 3403 1415 3458 quae
1431 3386 1613 3457 magis
1632 3386 1811 3442 defec-

176 3487 266 3536 tus
282 3480 523 3535 sustinet
537 3480 804 3551 corporis,
822 3481 971 3534 bona
981 3479 1140 3551 virgo
1163 3485 1265 3535 est.
1287 3480 1373 3534 Ad
1390 3496 1530 3550 quos
1545 3496 1678 3534 usus
1695 3496 1812 3534 car-

174 3591 275 3629 nes
302 3576 508 3643 sumet,
527 3573 636 3628 nisi
656 3577 722 3627 ut
745 3574 1018 3628 miserum
1046 3589 1250 3644 corpus
1276 3574 1412 3627 faece
1434 3573 1704 3629 vitiorum
1730 3573 1813 3628 in-

177 3668 399 3722 undet?
422 3668 631 3721 Verum
657 3666 703 3720 si
732 3666 882 3737 cogit
911 3666 1227 3735 inﬁrmitas,
1258 3666 1671 3721 medicinaliter
1712 3683 1807 3720 su-

176 3762 399 3817 mendm
421 3764 551 3815 sunt
570 3775 785 3814 carnes.
810 3759 1212 3814 Medicinaliter
1230 3759 1384 3813 enim
1398 3763 1501 3825 est,
1521 3759 1674 3830 quod
1694 3776 1809 3814 non

176 3858 392 3926 gravat,
410 3854 505 3909 sed
534 3854 744 3908 relevat
771 3852 1074 3924 :qhoniam
1100 3856 1157 3906 et
1176 3852 1359 3923 ipsam
1383 3852 1723 3907 medicinam
1735 3852 1812 3907 ita

173 3950 309 4004 artis
334 3948 512 4019 ipsius
538 3946 711 4018 periti
730 3946 1089 4017 impendunt,
1111 3950 1177 4000 ut
1195 3945 1404 4001 sensim
1425 3945 1677 4001 adhibita
1695 3962 1811 4001 non

175 4045 416 4097 onerent
436 4040 751 4108 inﬁrmum,
780 4039 877 4094 sed
902 4040 1164 4094 allevent.
1194 4039 1352 4094 Unde
1383 4044 1440 4095 et
1463 4039 1559 4094 illa
1586 4055 1715 4095 vera
1728 4044 1813 4094 est

176 4134 454 4191 sententia
477 4133 960 4206 philosophorum
990 4149 1003 4187 :
1036 4134 1116 4189 Nc
1141 4133 1275 4202 quid
1300 4135 1483 4187 nimis.

819 4252 1035 4309 CAPUT
1077 4254 1209 4308 XVI.

327 4368 393 4421 Ut
416 4367 475 4418 in
501 4365 828 4421 Monasterio
854 4378 959 4433 quo
985 4365 1144 4433 cwpit
1163 4365 1316 4432 virgo
1329 4367 1668 4433 permaneat.

249 4479 319 4533 Ut
349 4476 505 4531 enim
523 4476 584 4531 in
612 4475 961 4531 monasterio
989 4491 1327 4547 permaneas
1356 4474 1591 4531 sollicite
1623 4475 1813 4531 admo-

184 4588 307 4638 neo,
334 4571 647 4626 multarum
674 4569 828 4624 enim
873 4569 1139 4624 societate
1177 4568 1462 4640 proﬁcies;
1494 4571 1551 4624 et
1579 4568 1816 4624 virtutes
1833 4583 1892 4655 Ι)

185 4666 423 4720 aliarum
448 4663 691 4719 videndo
717 4662 827 4718 eris
850 4663 1013 4735 virgo
1038 4662 1332 4717 virtutum.
1365 4663 1434 4717 Et
1458 4661 1503 4716 si
1525 4662 1817 4717 interdum

186 4775 283 4829 pro
307 4756 576 4812 varietate
596 4757 957 4812 voluntatum
984 4756 1204 4811 oriatur
1221 4756 1480 4827 quaedam
1506 4771 1817 4827 congrega-

182 4852 321 4906 tioni
334 4851 612 4919 simultas,
627 4855 684 4904 et
698 4865 1107 4921 nonnunquam
1130 4848 1681 4904 murmurationibus
1700 4864 1817 4903 car-

186 4944 397 4999 nalium
449 4943 745 4999 tristentur
785 4943 1123 5015 spirituales,
1166 4959 1287 4997 non
1333 4948 1527 4997 tamen
1576 4942 1817 4997 deerunt

184 5054 319 5110 quas
345 5036 405 5091 in
429 5037 592 5092 bonis
618 5036 833 5092 actibus
862 5036 1123 5092 imiteris.
1150 5037 1218 5091 Et
1241 5018 1389 5090 certe
1419 5035 1661 5089 tolerare
1690 5050 1812 5088 car-

184 5132 358 5201 nales,
388 5130 638 5202 probataa
672 5130 894 5185 virtutis
920 5133 1040 5198 est;
1070 5129 1281 5202 imitari
1308 5144 1440 5183 vero
1467 5127 1812 5198 spirituales,

183 5225 299 5297 spei
318 5228 404 5279 est
426 5222 715 5278 maximae.
746 5222 1028 5277 Erudiunt
1041 5198 1294 5277 carnales
1313 5220 1693 5292 spiritualium
1718 5236 1817 5291 pa-

184 5318 463 5383 tientiam,
495 5321 552 5371 et
579 5316 717 5371 dant
745 5332 874 5388 qua:
910 5320 1114 5370 sancite
1156 5317 1288 5369 sunt
1324 5314 1605 5369 bonarum
1636 5313 1813 5368 docu-

185 5415 376 5465 menta
420 5409 695 5464 virtutum
724 5426 739 5463 :
770 5425 835 5463 ac
855 5408 933 5464 sic
967 5409 1173 5464 animae
1198 5406 1515 5479 proficienti
1556 5411 1815 5477 utraeque

184 5504 312 5558 sunt
337 5503 523 5572 utiles,
551 5507 609 5558 et
627 5519 770 5575 quas
784 5502 1063 5574 patienter
1084 5502 1305 5567 tolerat,
1328 5506 1385 5557 et
1403 5518 1543 5572 quas
1562 5498 1817 5554 imitatur

186 5597 447 5651 suaviter.
489 5597 758 5660 Libenter,
795 5595 982 5667 inquit
1023 5594 1347 5668 Apostolus,
1373 5594 1647 5650 sustinetis
1675 5593 1813 5645 insi-

180 5692 409 5761 pientes,
433 5705 553 5744 cum
581 5692 702 5745 sitis
747 5691 1012 5760 sapientes
1038 5689 1113 5759 (II
1137 5689 1257 5744 Cor.
1289 5687 1386 5757 x1).
1420 5688 1488 5741 Et
1516 5686 1633 5756 ipse
1663 5684 1816 5738 idem

186 5783 317 5838 dicit
345 5799 358 5836 :
388 5783 601 5838 Debetis
627 5787 807 5838 autem
824 5797 917 5837 vos
942 5784 1037 5852 qui
1058 5784 1319 5851 firmiores
1343 5782 1467 5835 estis
1484 5778 1816 5834 imbecillita.

190 5882 260 5932 tes
288 5878 624 5946 inﬁrmorum
667 5878 950 5938 sustinere,
979 5880 1027 5929 et
1058 5890 1162 5929 non
1191 5874 1339 5929 vobis
1371 5874 1604 5944 placere.
1640 5872 1811 5925 Unus-

1734 358 1771 412 Β
1783 358 1859 412 EG
1868 358 1907 412 [ἶ
1915 357 1993 411 LA
2004 398 2015 408 .

1838 481 1898 553 Α
1918 466 2145 535 quisque
2174 469 2355 519 autem
2375 467 2627 535 proximo
2658 480 2754 520 suo
2771 466 2990 535 placeat
3014 469 3071 520 in
3099 467 3290 523 bonum
3317 469 3392 525 ad
3421 474 3556 527 aedi-

3455 367 3558 419 890

1916 560 2217 627 ﬁcationem
2233 557 2404 629 (Rom.
2435 558 2546 629 xv).
2574 558 2699 614 Non
2727 558 2882 614 enim
2904 561 2958 615 te
2984 560 3296 617 carnalium
3320 565 3557 620 scanda-

1918 646 2087 702 lizent
2115 648 2628 718 murmurationes;
2659 649 2756 705 sed
2780 649 3101 706 consoletur
3136 651 3553 723 proﬁcientium

1917 740 2065 809 vita;
2109 745 2165 795 et
2184 757 2313 812 qum
2355 741 2533 796 nescis
2564 747 2845 814 quantum
2882 744 3194 800 demoreris
3236 746 3296 801 in
3325 749 3549 819 saaculo,

1917 833 2087 890 debes
2113 850 2231 889 esse
2259 834 2476 906 patiens
2496 852 2599 908 pro
2626 837 2860 892 coelestis
2891 837 3083 908 glorias
3108 838 3279 897 dono.

2536 928 2756 983 CAPUT
2796 931 2943 986 XVII.

2260 1021 2505 1087 Qualiter
2527 1024 2642 1077 vita
2666 1024 2921 1091 fugiatur
2947 1028 3196 1095 privata.

1990 1114 2143 1186 Fuge
2168 1130 2363 1186 quasso
2384 1115 2661 1187 privatam
2687 1117 2861 1172 vitam
2884 1135 2897 1185 ;
2931 1135 3035 1174 nec
3063 1120 3197 1176 velis
3224 1120 3434 1176 imitari
3456 1138 3549 1178 eas

1917 1207 2165 1279 virgines
2189 1225 2316 1279 quae
2354 1208 2412 1263 in
2448 1209 2685 1264 urbibus
2719 1227 2822 1281 per
2859 1212 3083 1267 cellulas
3124 1214 3536 1270 demorentur:

1916 1317 2055 1372 quas
2104 1302 2445 1357 multimoda
2488 1319 2623 1358 cura
2671 1305 3052 1376 constringit;
3092 1308 3247 1378 prius
3290 1308 3552 1379 placendi

1916 1395 2142 1464 saeculo,
2173 1412 2245 1450 ne
2276 1396 2422 1451 foedo
2450 1397 2725 1468 prodeant
2750 1398 3001 1467 amictu;
3028 1404 3085 1455 et
3124 1401 3427 1457 domestica
3455 1420 3553 1475 op-

1915 1505 2123 1559 pressae
2144 1489 2536 1557 sollicitudine,
2559 1491 2696 1545 dum
2715 1508 2820 1562 pro
2841 1492 2967 1547 vitae
2995 1493 3242 1548 subsidio
3259 1500 3545 1566 satagunt,

1915 1580 2104 1635 minus
2130 1598 2258 1653 qua:
2298 1583 2368 1637 ad
2396 1584 2575 1638 Deum
2622 1584 2911 1654 pertinent
2951 1591 3235 1656 quaerunt.
3268 1588 3547 1643 Privatam

1915 1675 2069 1729 enim
2115 1674 2286 1729 vitam
2316 1675 2384 1730 de
2422 1692 2530 1730 usu
2575 1677 2873 1748 gentilium
2910 1678 3082 1733 traxit
3118 1680 3378 1748 Ecclesia,
3410 1698 3552 1752 quos

1916 1768 2052 1822 dum
2082 1785 2197 1822 non
2232 1769 2537 1840 quiverunt
2582 1771 2820 1841 apostoli
2850 1772 2920 1825 ad
2961 1788 3223 1828 normam
3274 1791 3391 1829 suae
3421 1775 3549 1830 vitae

1834 1849 1889 1920 B
1914 1862 2226 1929 traducere,
2267 1862 2527 1917 Ecclesiae
2566 1864 2812 1940 venienti
2865 1880 2934 1919 ex
2974 1866 3239 1937 gentibus
3277 1868 3548 1939 permise-

1913 1957 2047 2007 runt
2069 1954 2284 2024 private
2315 1956 2519 2023 vivere,
2548 1956 2908 2031 propriisque
2937 1959 3107 2013 rebus
3133 1959 3237 2015 uti.
3262 1962 3547 2017 Caeterum

1911 2047 2008 2117 qui
2036 2048 2139 2101 sub
2166 2048 2431 2118 apostolis
2459 2048 2826 2103 crediderunt
2856 2068 2925 2105 ex
2959 2051 3230 2121 Hehrzeis,
3279 2054 3539 2109 eamdem

1911 2157 2191 2209 normam,
2228 2157 2398 2212 quam
2455 2158 2606 2195 nunc
2646 2145 2842 2196 tenent
2888 2145 3249 2214 monasteria,
3292 2162 3547 2202 servave-

1911 2238 2063 2287 runt.
2092 2235 2292 2298 Quaere
2317 2235 2467 2307 quod
2490 2235 2701 2306 legitur
2721 2236 2778 2289 in
2808 2237 3035 2291 Actibus
3060 2240 3468 2308 apostolorum,
3485 2245 3543 2296 et

1910 2343 2109 2381 verum
2135 2343 2253 2382 esse
2282 2328 2428 2399 quod
2452 2328 2575 2383 dico
2595 2329 2891 2400 probabis:
2922 2332 3314 2395 Multitudinis,
3338 2333 3542 2405 inquit,

1911 2421 2241 2475 credentium
2253 2425 2372 2475 erat
2391 2437 2480 2475 cor
2499 2437 2688 2489 unum,
2712 2426 2764 2477 et
2777 2426 2963 2477 animo
2985 2440 3113 2478 una.
3143 2426 3249 2482 Nec
3264 2429 3550 2496 quisquam

1910 2529 2091 2568 eorum
2122 2530 2243 2583 qua?
2265 2514 2595 2584 possidebat,
2627 2530 2784 2570 suum
2811 2518 3026 2586 aliquid
3060 2533 3167 2573 esse
3196 2519 3428 2583 dicebat,
3456 2520 3552 2575 sed

1910 2612 2167 2677 quotquot
2189 2623 2516 2677 possessores
2531 2625 2787 2676 agrorum
2813 2616 2986 2673 erant,
3016 2612 3337 2676 vendebant,
3367 2618 3417 2667 et
3425 2630 3549 2683 pre-

1912 2703 1990 2754 tia
2014 2716 2195 2755 eorum
2232 2702 2509 2770 ponebant
2536 2707 2663 2757 ante
2682 2704 2849 2774 pedes
2879 2706 3263 2774 apostolorum,
3281 2711 3333 2760 et
3360 2707 3547 2761 distri-

1913 2794 2175 2848 buebatur
2205 2799 2372 2864 prout
2415 2798 2708 2866 unicuique
2746 2812 2879 2866 opus
2927 2802 3045 2851 erat
3071 2798 3211 2868 (Act.
3254 2798 3350 2869 ιν).
3388 2800 3546 2869 Vide,

1910 2887 2062 2958 quod
2089 2886 2337 2942 viventes
2362 2887 2420 2941 in
2443 2890 2787 2944 monasterio
2806 2890 3148 2961 regulariter
3166 2893 3548 2962 apostolorum

1909 2985 2139 3035 teneant
2161 2980 2365 3050 vitam;
2396 2997 2501 3036 nec
2530 2982 2795 3038 dubitent
2833 2999 3031 3038 eorum
3072 2985 3292 3057 assequi
3323 2986 3545 3052 merita,

1910 3089 2164 3144 quorum
2191 3074 2488 3130 imitantur
2508 3076 2787 3147 exempla.

2497 3170 2718 3225 CAPUT
2746 3171 2919 3225 XVIII.

1982 3261 2061 3315 Ne
2083 3261 2362 3329 peculiare
2387 3264 2537 3329 virgo
2566 3266 2625 3316 in
2654 3266 2977 3319 monasterio
3007 3267 3143 3336 quid
3177 3267 3473 3336 possideat.

1983 3353 2286 3421 Peculiare,
2336 3356 2491 3426 quod
2525 3356 2585 3411 in
2621 3357 2890 3412 coenobiis
2926 3375 3029 3430 pro
3067 3376 3279 3431 magno
3303 3361 3548 3417 habetur

1911 3445 2170 3516 crimine,
2201 3451 2262 3501 tu
2282 3465 2387 3519 pro
2423 3450 2621 3519 grandi
2649 3450 2777 3505 vitae
2803 3453 3158 3524 contagione.
3191 3454 3545 3510 Adulterium

1911 3543 2061 3593 certe
2087 3544 2189 3606 est,
2206 3541 2337 3612 quia
2353 3542 2712 3597 conscientiae
2740 3544 3126 3616 integritatem
3149 3552 3435 3617 usurpatze
3465 3549 3549 3603 rei

1909 3633 2179 3703 pravitate
2206 3634 2475 3689 maculat.
2507 3636 2660 3690 Furti
2689 3637 2904 3692 crimen
2937 3642 3018 3692 est
3042 3656 3058 3706 ;
3093 3640 3364 3710 quoniam
3411 3641 3549 3695 dum

1910 3726 2103 3780 omnia
2152 3743 2278 3797 quia
2305 3728 2593 3783 habentur
2622 3729 2683 3782 in
2725 3731 3088 3800 monasterio,
3115 3732 3381 3786 omnibus
3414 3736 3547 3787 sunt

1911 3820 2252 3885 communia,
2305 3820 2512 3875 habere
2560 3838 2670 3875 una
2710 3822 2954 3877 latenter
2987 3824 3298 3894 praesumit,
3330 3826 3480 3897 quod
3511 3842 3544 3879 a

1911 3912 2127 3969 caeteris
2152 3913 2467 3984 ignoratur,
2500 3918 2555 3969 et
2580 3914 2732 3969 aliud
2754 3915 2979 3985 publice
3005 3933 3137 3972 cum
3153 3918 3417 3974 omnibus
3434 3920 3543 3975 uti-

1910 4010 2024 4074 tur,
2064 4005 2217 4061 aliud
2266 4006 2470 4062 furtive
2508 4008 2820 4063 abscondit.
2877 4009 3048 4064 Fraus
3094 4015 3178 4066 est
3218 4012 3542 4083 manifesta,

1910 4098 2044 4169 quia
2094 4115 2208 4153 non
2252 4100 2482 4171 reponit
2512 4100 2571 4155 in
2604 4117 2910 4157 commune
2956 4104 3109 4175 quod
3146 4105 3419 4176 possidet,
3449 4107 3547 4162 sed

1911 4192 2180 4264 exiguam
2204 4193 2539 4264 parvitatem
2568 4194 2834 4266 privatim
2862 4198 3106 4253 occultat
3129 4198 3551 4256 fraude.Unum

1912 4285 2148 4355 crimen,
2178 4286 2274 4341 sed
2300 4286 2465 4358 plura
2491 4288 2770 4360 contagia.
2801 4290 2993 4345 Tanta:
3022 4292 3295 4362 nequitia:
3328 4293 3549 4349 malum

1912 4379 2066 4434 velut
2093 4380 2371 4451 gehennae
2402 4381 2547 4435 evita
2575 4382 2975 4454 praecipitium,
3009 4389 3065 4438 et
3089 4385 3250 4456 quasi
3276 4385 3387 4440 iter
3416 4403 3549 4442 cave

1913 4472 2123 4527 ducens
2144 4473 2215 4527 ad
2244 4472 2553 4527 infernum.
2578 4475 2713 4528 Inde
2740 4491 2918 4545 usque
2935 4476 3005 4531 ad
3032 4478 3249 4530 malum
3276 4477 3549 4548 proditio-

1914 4565 2000 4619 nis
2021 4569 2077 4619 et
2111 4565 2336 4618 Domini
2366 4565 2731 4621 traditionem
2767 4568 2934 4621 ludas
2961 4568 3170 4639 erupit,
3219 4570 3369 4641 quod
3407 4571 3547 4626 furti

1915 4657 2128 4711 crimen
2145 4661 2356 4711 tractus
2382 4658 2687 4728 cupiditate
2713 4659 3016 4714 commisit.
3039 4661 3288 4733 Denique
3306 4679 3436 4717 cum
3453 4664 3549 4718 ha-

1914 4750 2073 4805 beret
2085 4766 2214 4803 cum
2230 4749 2497 4820 apostolis
2516 4750 2793 4821 quidquid
2814 4751 2921 4805 illis
2936 4758 3081 4808 esset
3093 4770 3417 4827 commune,
3431 4773 3549 4813 non

1914 4837 2022 4892 fuit
2046 4841 2343 4892 contentus
2369 4839 2788 4893 communionis
2810 4840 3163 4897 sufficientia.
3181 4844 3288 4900 Sed
3307 4845 3444 4917 quid
3469 4847 3552 4902 di-

1915 4931 1989 4985 cit
2015 4930 2085 4985 de
2111 4947 2178 4986 eo
2205 4930 2573 5001 Evangelium
2591 4932 2619 4986 ‘l
2646 4935 2757 4988 Fur
2779 4939 2917 4997 erat,
2943 4940 2994 4990 et
3021 4936 3215 4994 loculos
3239 4940 3462 5004 habens,
3486 4956 3552 4995 ea

1914 5038 2033 5093 qua:
2058 5024 2413 5078 mittebantur
2430 5025 2694 5093 portabat
2729 5027 2906 5095 (Joan.
2947 5030 3060 5099 xu).
3093 5031 3203 5085 Nec
3233 5048 3349 5086 non
3395 5037 3545 5087 Ana-

1914 5116 2023 5170 niae
2052 5121 2108 5171 et
2127 5116 2377 5187 Saphiraa
2403 5118 2668 5189 exempla
2694 5119 2875 5174 recole
2896 5137 2912 5189 ;
2936 5122 3034 5193 qui
3061 5122 3359 5179 offerentes
3378 5127 3550 5195 Apos-

1914 5208 2027 5262 tolo
2075 5212 2295 5279 partem
2330 5209 2517 5279 pretii,
2560 5216 2782 5282 partem
2810 5229 2945 5268 vero
2994 5215 3258 5285 celantes,
3286 5218 3553 5288 praesenti

1914 5306 2043 5356 sunt
2086 5300 2301 5371 judicio
2344 5302 2598 5357 damnati
2646 5305 2786 5373 (Act.
2830 5308 2915 5374 v);
2946 5311 3003 5362 et
3040 5324 3143 5379 pro
3192 5314 3408 5365 terrore
3453 5328 3543 5366 se-

1914 5394 2214 5467 quentium
2241 5410 2360 5449 non
2390 5401 2474 5450 est
2497 5396 2668 5451 dilata
2692 5398 2957 5453 facinoris
2977 5400 3291 5466 ultio.Quae
3308 5407 3549 5459 autema

1914 5487 2312 5543 communione
2337 5490 2661 5544 monasterii
2691 5490 2908 5563 privata
2943 5495 3274 5565 secernitur,
3324 5512 3552 5554 necesse

1916 5587 1998 5636 est
2034 5586 2154 5636 uta
2179 5582 2417 5636 cmlestis
2448 5582 2571 5637 vita:
2597 5584 2878 5639 consortio
2908 5591 3221 5657 separetur.
3261 5589 3548 5661 Quidquid

1915 5690 2117 5729 manus
2155 5678 2253 5729 tua
2297 5675 2566 5745 attigerit,
2599 5677 2805 5732 seniori
2851 5679 3111 5745 ostende;
3142 5680 3202 5734 in
3246 5697 3552 5740 commune

1915 5782 2143 5839 repone.
2181 5767 2304 5821 Noli
2344 5768 2655 5841 quidquam
2694 5775 3075 5843 transportare
3111 5790 3382 5840 seorsum,
3413 5777 3549 5846 quia

1914 5859 2159 5918 nimium
2188 5859 2344 5914 ludar
2372 5861 2672 5931 proditoris
2700 5865 2960 5937 exempla
2993 5867 3237 5923 cavenda
3266 5870 3418 5923 sunt.
