4034 6228
491 340 583 393 891

1107 449 1323 504 CAPUT
1374 449 1496 503 XIX.

959 551 1035 606 Ne
1058 549 1211 617 virgo
1226 547 1420 616 jurare
1451 548 1658 602 debeat.

564 658 865 730 Nunquam
885 660 1102 730 jurare,
1133 658 1229 712 sed
1275 673 1502 727 semper
1534 675 1734 712 verum
1764 658 1970 724 dicere,
2001 659 2124 730 pari

493 751 725 806 observa
775 751 980 806 studio.
1026 753 1165 805 Nam
1210 751 1355 804 sicut
1402 752 1716 805 carnalibus
1760 769 1860 822 pro
1907 757 2123 807 terrore

491 845 703 899 fraudis
724 845 922 914 jurare
944 844 1284 914 permissum
1302 852 1404 912 est,
1436 847 1513 900 sic
1543 845 1832 916 prohibita
1859 851 1990 900 sunt
2010 846 2118 915 spi-

491 937 806 1006 ritualibus,
838 937 1006 991 etiam
1037 938 1173 991 dum
1207 938 1308 992 sibi
1344 940 1488 993 bene
1510 940 1719 992 conscii
1749 942 1902 1004 sunt,
1935 955 2119 992 sacra-

490 1036 698 1085 menta.
727 1031 830 1092 Sit,
863 1030 1067 1102 inquit,
1097 1047 1267 1086 ser-mo
1298 1039 1488 1093 vester,
1519 1036 1632 1091 Est,
1668 1037 1773 1096 est;
1811 1035 1949 1097 Non,
1977 1048 2118 1098 non;

492 1123 636 1193 quod
665 1129 844 1177 autem
866 1125 994 1192 plus
1020 1130 1117 1186 est,
1146 1142 1178 1178 α
1209 1127 1350 1180 malo
1385 1131 1461 1180 est
1488 1129 1620 1196 (Jac.
1654 1127 1724 1194 v).
1759 1126 1902 1178 Cave
1935 1125 2121 1196 itaque

484 1216 678 1284 jurare
717 1216 775 1269 in
799 1217 968 1282 bono,
997 1217 1132 1288 quia
1155 1217 1223 1272 de
1245 1219 1392 1272 malo
1423 1223 1528 1272 est.
1558 1219 1625 1273 Et
1649 1222 1949 1288 propterea
1975 1217 2118 1272 dici-

489 1314 583 1363 tnr
610 1325 729 1363 esse
761 1327 793 1362 a
823 1310 989 1378 malo,
1021 1328 1086 1365 eo
1123 1311 1277 1382 quod
1298 1311 1533 1382 jurandi
1563 1311 1860 1366 necessitas
1889 1327 1959 1366 ex
1989 1310 2117 1365 infl-

491 1402 601 1455 deli
629 1403 700 1458 sit
723 1404 1086 1459 conscientia.
1118 1405 1252 1474 Ejus
1281 1409 1473 1460 autem
1505 1404 1752 1460 hominis
1770 1405 2004 1474 jurandi
2029 1421 2121 1459 ex-

491 1501 786 1566 torquetur
814 1498 1133 1566 necessitas,
1166 1498 1325 1568 cujus
1350 1498 1488 1553 ﬁdes
1518 1504 1712 1552 manct
1737 1499 1795 1552 in
1822 1498 2016 1552 dubio.
2039 1499 2120 1552 Tu

492 1606 642 1657 vero,
671 1606 799 1659 quze
843 1590 1261 1660 simplicitatem
1298 1591 1481 1646 cordis
1507 1592 1678 1646 debes
1707 1591 2006 1646 ostendere
2035 1592 2115 1644 la-

490 1682 614 1750 biis,
645 1699 745 1737 cur
769 1686 823 1737 te
849 1688 1160 1753 spontaneo
1203 1685 1402 1755 alliges
1440 1688 1791 1739 sacramento
1808 1685 1836 1738 ?
1853 1684 2007 1739 Tolle
2029 1685 2120 1755 ju-

493 1775 652 1830 randi
679 1792 848 1829 usum
877 1777 935 1830 in
963 1777 1130 1844 bono,
1160 1780 1216 1832 et
1234 1794 1352 1832 non
1379 1778 1696 1850 perjurabis
1723 1778 1782 1832 in
1811 1779 1979 1833 malo.
2013 1779 2117 1832 Lo-

1443 344 1672 396 S.\.\'(1TI
1718 344 2043 408 LEANDBI,
2091 343 2520 398 lllSl’ALISNSIS
2561 345 2886 406 lil’lSCOl’I,

3768 348 3866 399 892

2147 471 2205 545 Α
2225 454 2343 505 tare
2369 451 2653 545 voluisset,
2682 467 2797 506 non
2827 451 2960 506 inde
2989 451 3237 522 ejiceret.
3267 452 3378 545 Sed
3405 453 3541 524 quia
3572 453 3711 506 utile
3743 468 3868 523 pro-

2225 545 2408 615 posito
2453 549 2549 600 tuo
2590 544 2712 600 fore
2764 545 3084 616 prospexit,
3131 546 3276 601 bene
3318 544 3462 601 sicut
3496 546 3790 601 Abraham
3834 563 3866 600 a

2223 637 2502 703 Chaldeis,
2537 643 2593 691 et
2629 641 2900 709 tanquam
2928 639 3067 692 Loth
3111 644 3167 694 te
3192 638 3470 694 abstraxit
3505 656 3539 693 a
3583 638 3862 694 Sodomis.

2226 731 2478 802 Denique
2509 748 2761 786 errorem
2789 747 2982 786 meum
3012 732 3134 802 ipse
3159 732 3361 802 fateor,
3389 749 3461 787 ne
3491 749 3865 788 communem

2224 830 2467 879 matrem
2497 842 2646 896 saepe
2674 825 3008 893 allocutum,
3047 843 3209 882 nosse
3236 827 3471 896 cupiens
3495 827 3543 880 si
3574 827 3738 881 vellet
3772 843 3864 880 re-

2222 919 2362 972 verti
2393 918 2462 972 ad
2509 919 2749 989 patriam
2783 937 2797 986 ;
2831 919 2924 972 illa
2961 925 3174 988 autem,
3215 937 3342 990 qua}
3385 936 3443 975 se
3479 925 3715 974 noverat
3771 920 3867 975 Dei

2221 1013 2505 1066 voluntate
2543 1028 2710 1066 causa
2741 1011 2871 1066 inde
2918 1012 3111 1066 salutis
3159 1013 3378 1081 exiisse,
3409 1014 3512 1067 sub
3540 1013 3728 1067 divina
3759 1014 3865 1067 0b-

2223 1105 2522 1158 testatione
2553 1105 2792 1173 dicebat,
2823 1122 2926 1160 nec
2954 1107 3097 1159 velle
3133 1123 3190 1160 se
3226 1106 3436 1174 videre,
3469 1124 3573 1161 nec
3608 1124 3865 1178 unquam

2222 1197 2470 1252 visuram
2496 1198 2651 1252 illam
2678 1198 2922 1269 patriam
2948 1214 3088 1267 esse,
3118 1203 3173 1252 et
3213 1215 3345 1254 cum
3391 1200 3615 1270 magnis
3641 1200 3873 1254 dicebat

2222 1291 2445 1346 fletibus
2478 1308 2491 1345 :
2515 1292 2903 1362 Peregrinatio
2932 1309 3024 1347 me
3052 1293 3228 1348 Deum
3257 1292 3388 1348 fecit
3413 1310 3742 1363 agnoscere,
3779 1309 3869 1363 pe-

2221 1385 2452 1456 regrina
2477 1384 2729 1454 moriar;
2763 1389 2819 1440 et
2845 1385 2924 1440 ibi
2961 1386 3286 1456 sepulcrum
3331 1387 3593 1453 habeam,
3623 1387 3719 1439 ubi
3769 1387 3868 1440 Dei

2220 1477 2604 1548 cognitionem
2625 1479 2836 1551 accepi.
2853 1480 3012 1534 Teste
3031 1481 3161 1534 Jesu
3187 1481 3292 1534 hoc
3315 1480 3376 1534 in
3402 1480 3524 1548 ejus
3550 1480 3867 1550 expertisse

2220 1570 2510 1626 desideriis
2539 1587 2760 1642 memor
2796 1587 2943 1639 sum,
2975 1576 3039 1626 ut
3082 1572 3302 1627 etiamsi
3349 1572 3446 1626 diu
3496 1573 3732 1640 viveret,
3767 1589 3865 1643 pa-

2219 1664 2390 1718 triam
2430 1665 2587 1718 illam
2618 1681 2732 1719 non
2767 1665 3052 1720 reviseret.
3099 1668 3200 1734 Tu,
3241 1683 3454 1738 quaeso,
3499 1683 3653 1732 cave,
3696 1683 3865 1720 soror

2220 1757 2562 1824 Florentina,
2593 1759 2745 1830 quod
2779 1762 2962 1814 mater
2996 1760 3208 1830 timuit,
3238 1766 3296 1814 et
3329 1760 3541 1814 malum
3570 1761 3722 1832 quod
3768 1760 3867 1814 illa

489 1885 661 1938 eluere
693 1870 987 1924 veritatem
1021 1886 1088 1924 ex
1120 1873 1305 1941 corde,
1341 1877 1395 1926 et
1425 1873 1608 1926 aberit
1637 1871 1854 1942 juranti
1884 1871 2119 1925 necessi-

2221 1857 2452 1922 experta
2476 1852 2606 1920 fuit,
2640 1857 2701 1907 tu
2727 1853 3036 1923 prudenter
3065 1854 3230 1908 evita.
3259 1853 3521 1908 Miserum
3563 1871 3656 1908 me
3677 1854 3865 1920 doleo,

493 1969 592 2016 tas.
625 1963 888 2034 Legimus
909 1963 1062 2018 enim
1097 1982 1109 2018 :
1144 1968 1222 2019 Ne
1247 1980 1524 2020 assuescas
1539 1965 1836 2035 jurationi,
1865 1967 2122 2034 quoniam

489 2057 652 2110 multi
677 2072 832 2111 casus
858 2059 918 2112 in
943 2059 1043 2112 illa
1073 2059 1232 2127 (Eccl.
1261 2060 1409 2128 xxv).

1121 2179 1338 2234 CAPUT
1394 2179 1472 2233 XX
1483 2221 1494 2232 .

815 2280 895 2334 Ne
923 2278 1036 2332 sola
1062 2279 1216 2346 virgo
1242 2293 1362 2333 cum
1386 2279 1503 2332 sola
1529 2279 1804 2348 loquatur.

560 2389 680 2443 Noli
694 2405 980 2443 assumere
997 2405 1170 2443 unam
1183 2389 1450 2460 loquendi
1468 2389 1932 2457 familiaritatem,
1957 2394 2013 2445 et
2028 2391 2121 2446 de-

491 2483 701 2536 clinare
727 2482 886 2536 alias.
919 2483 1027 2536 Sed
1069 2498 1182 2553 quo
1210 2481 1350 2537 scire
1379 2483 1480 2536 uni
1519 2483 1651 2538 utile
1678 2488 1780 2552 est,
1814 2483 2024 2538 sciatur
2051 2485 2120 2539 ab

490 2575 776 2630 omnibus.
804 2575 948 2630 Audi
977 2575 1282 2630 Dominum
1311 2575 1448 2648 quid
1478 2575 1624 2630 dicat
1655 2596 1668 2630 :
1705 2578 1858 2644 Quod
1881 2577 2000 2632 dico
2026 2593 2117 2633 vo-

491 2670 570 2724 bis
599 2671 657 2723 in
690 2670 940 2731 tenebris,
968 2669 1200 2724 dicitein
1223 2671 1458 2734 lumine;
1485 2671 1630 2739 quod
1656 2672 1714 2724 in
1741 2686 1870 2726 aure
1890 2671 2118 2734 auditis,

483 2763 782 2830 praedicata
807 2778 970 2832 super
999 2767 1137 2817 tecta
1171 2764 1387 2832 (Matth.
1420 2762 1571 2834 xvn).
1606 2765 1715 2816 Hoc
1757 2766 1860 2832 est,
1905 2763 1950 2816 si
1984 2764 2120 2834 quid

488 2855 643 2910 vobis
670 2856 731 2911 in
768 2861 982 2911 secreto
1025 2857 1230 2912 mentis
1258 2857 1430 2912 fuerit
1464 2857 1794 2924 revelatum,
1826 2858 2014 2928 palam
2040 2858 2122 2912 di-

487 2950 593 3004 cite
612 2967 624 3004 :
647 2954 704 3005 et
717 2950 870 3021 quod
891 2950 1058 3005 corde
1075 2951 1430 3021 concepistis,
1451 2951 1712 3005 omnibus
1732 2951 2116 3008 manifestata.

488 3044 544 3099 Si
574 3043 787 3098 bonum
817 3048 900 3098 est
925 3045 1076 3116 quod
1102 3045 1367 3116 loqueris,
1402 3062 1503 3099 cur
1530 3061 1647 3098 una
1676 3047 1894 3098 tantum
1920 3047 1976 3098 et
2004 3061 2119 3098 non

490 3153 684 3191 omnes
708 3137 896 3208 potius
944 3137 1324 3192 informentur
1346 3139 1374 3191 ‘t
1399 3138 1455 3192 Si
1482 3143 1647 3208 turpe
1677 3143 1780 3204 est,
1827 3154 1931 3192 nec
1961 3137 2116 3208 cogi-

429 3289 438 3308 ι
487 3236 629 3295 tare,
661 3246 765 3284 nec
793 3231 947 3301 loqui
995 3231 1184 3295 debes,
1237 3231 1386 3301 quod
1430 3230 1570 3284 alias
1618 3230 1902 3284 erubescis
1953 3207 2194 3285 seire.C

488 3323 611 3376 Non
625 3322 746 3393 jam
776 3323 844 3377 de
871 3323 1022 3377 bono
1049 3327 1150 3389 est,
1182 3323 1335 3394 quod
1362 3323 1727 3395 singulariter
1750 3324 1909 3394 virgo
1941 3323 2124 3394 loqui-

485 3421 598 3471 tur.
624 3417 805 3473 Omnis
835 3419 973 3472 enim
1001 3420 1096 3486 qui
1123 3419 1263 3472 male
1283 3419 1418 3486 agit,
1451 3417 1529 3470 ait
1555 3417 1854 3486 Dominus,
1888 3419 2002 3472 odit
2035 3419 2118 3472 lu-

489 3525 599 3564 cem
626 3510 800 3579 (Joan.
833 3512 932 3580 In).
962 3511 1118 3566 Unde
1149 3515 1205 3566 et
1231 3511 1322 3566 ille
1362 3511 1834 3582 philosophorum
1863 3512 2118 3582 pruden-

492 3603 742 3658 tissimus
767 3603 946 3658 dixit:
970 3624 997 3655 «
1017 3604 1221 3659 Omnia
1247 3607 1398 3659 recte
1427 3605 1576 3659 facta
1601 3605 1660 3658 in
1686 3605 1813 3658 luce
1841 3621 1899 3659 se
1928 3608 2125 3659 amant

491 3697 772 3752 collocari.
805 3717 832 3748 »
872 3699 914 3752 Ο
941 3698 1100 3770 virgo
1129 3697 1256 3754 ideo
1286 3699 1504 3752 occulte
1547 3698 1816 3768 loqueris,
1844 3700 1978 3771 quia
2006 3715 2120 3753 non

490 3795 574 3846 est
626 3791 773 3846 unde
810 3791 1030 3862 publice
1071 3792 1347 3863 glorieris.
1398 3793 1508 3847 Sed
1551 3792 1598 3846 si
1636 3809 1804 3846 aures
1842 3797 1898 3846 et
1932 3793 2124 3846 oculos

491 3886 774 3940 humanos
795 3885 963 3954 fallis,
983 3886 1243 3956 nunquid
1273 3885 1365 3940 Dei
1387 3886 1776 3957 cognitionem
1802 3885 1996 3940 fallere
2024 3903 2124 3956 po-

490 3977 626 4032 teris
647 3979 676 4032 ‘t
708 3978 947 4032 Pulchre
989 3984 1044 4033 et
1069 3979 1211 4032 alius
1246 3979 1326 4032 ait
1357 3998 1370 4033 :
1414 3999 1441 4031 «
1473 3979 1629 4042 Quod
1669 3979 1752 4033 vis
1780 3980 1963 4034 Deum
1992 3995 2120 4034 nes-

493 4071 627 4138 cire,
661 4086 766 4125 nec
795 4087 948 4140 agas,
977 4087 1079 4125 nec
1102 4072 1334 4141 cogites.
1367 4093 1394 4121 »
1425 4071 1504 4126 Sit
1533 4089 1670 4144 ergo
1695 4072 1798 4126 tibi
1826 4073 2119 4127 conscien-

492 4164 574 4218 tia
601 4164 870 4232 innocua,
900 4179 1084 4219 sermo
1114 4164 1305 4218 libera
1333 4166 1518 4236 culpa.
1548 4166 1884 4236 Respuenda
1911 4183 2013 4220 nec
2027 4183 2123 4220 au-

491 4255 614 4311 dire
640 4261 716 4322 te,
757 4273 862 4311 nec
890 4257 1139 4328 cogitare
1179 4256 1415 4312 delectet
1445 4276 1460 4323 ;
1500 4259 1678 4313 multo
1718 4258 1908 4312 minus
1939 4259 2118 4330 loqui,

492 4350 576 4404 vel
604 4365 793 4422 agere.

1114 4445 1333 4498 CAPUT
1362 4445 1486 4498 XXI.
1519 4519 1524 4523 _

802 4546 880 4599 Ne
898 4544 1027 4598 velit
1052 4545 1203 4611 virgo
1227 4545 1427 4597 reverti
1448 4543 1522 4597 ad
1545 4543 1817 4598 seculum.

558 4658 680 4711 Jam
724 4654 792 4709 ad
845 4659 1071 4724 portum
1116 4670 1316 4708 navem
1372 4654 1642 4708 orationis
1693 4655 2013 4726 dirigimus,
2064 4660 2120 4709 et

491 4765 719 4803 emenso
750 4747 1031 4802 dictorum
1051 4749 1252 4818 pelago
1280 4747 1338 4801 in
1364 4747 1552 4802 littore
1571 4747 1895 4818 quiescendi
1913 4749 2119 4802 ancho-

491 4857 611 4895 ram
641 4840 926 4911 ponimus,
967 4842 1103 4895 flatu
1138 4844 1329 4895 tamen
1354 4841 1642 4896 charitatis
1674 4846 1788 4894 tum
1818 4841 2026 4895 iterum
2059 4842 2116 4894 in

489 4935 752 4988 ﬂuctibus
791 4935 1092 4988 verborum
1137 4936 1396 4989 revehor.
1438 4936 1510 4988 Te
1560 4951 1774 5005 quasso,
1807 4950 1964 4988 soror
1995 4934 2114 4987 Flo-

491 5029 730 5097 rentina,
762 5044 861 5098 per
889 5027 1114 5082 beatam
1139 5043 1366 5099 quoque
1391 5027 1720 5082 Trinitatem
1751 5027 1935 5082 unicae
1975 5027 2114 5081 divi-

487 5123 674 5177 nitatis
691 5122 958 5188 obtestor,
978 5125 1038 5175 ut
1063 5139 1189 5192 quae
1217 5121 1285 5175 de
1310 5124 1461 5176 terra
1486 5125 1584 5175 tua
1603 5126 1658 5175 et
1685 5122 1753 5175 de
1781 5122 2118 5192 cognatione

487 5223 580 5270 tua
604 5233 732 5271 cum
762 5215 1043 5270 Abraham
1075 5231 1299 5285 egressa
1336 5229 1417 5281 es,
1448 5231 1577 5268 cum
1628 5231 1799 5269 uxore
1835 5214 1978 5269 Loth
2003 5232 2119 5269 non

488 5311 750 5381 respicias
778 5315 926 5363 retro
950 5310 1098 5367 (Gen.
1131 5311 1263 5378 xxx);
1293 5324 1364 5362 ne
1391 5307 1655 5362 efficiaris
1682 5309 1940 5380 exemplo
1972 5309 2118 5362 malo

485 5402 891 5456 documentum
921 5402 1166 5456 aliarum
1191 5402 1261 5456 ad
1287 5402 1522 5468 bonum,
1549 5409 1606 5456 et
1633 5418 1702 5456 ne
1731 5402 1789 5455 in
1816 5407 1870 5456 te
1897 5401 2021 5456 aliae
2042 5401 2119 5455 vi-

485 5496 654 5549 deant
677 5496 827 5565 quod
855 5495 910 5549 in
936 5512 993 5549 se
1023 5499 1273 5550 caveant.
1304 5496 1400 5548 llla
1416 5511 1544 5548 vero
1564 5494 1688 5548 aliis
1717 5495 1858 5549 facta
1882 5500 1964 5549 est
1979 5511 2115 5549 con-

482 5589 804 5642 dimentum
830 5588 1139 5658 sapientiae,
1159 5588 1266 5642 sibi
1287 5603 1418 5641 vero
1448 5587 1815 5641 simulacrum
1843 5587 2116 5652 stultitiae,

485 5679 590 5732 sibi
638 5678 790 5732 enim
843 5681 1036 5734 nocuit
1081 5681 1466 5747 malefactum,
1518 5679 1638 5733 aliis
1677 5679 1893 5749 profuit
1921 5696 2116 5734 exem-

487 5769 649 5836 plum
686 5770 1058 5823 contrarium.
1094 5773 1170 5825 Ne
1213 5777 1265 5824 te
1313 5787 1561 5840 unquam
1601 5772 1804 5823 reverti
1841 5771 1912 5824 ad
1957 5771 2116 5842 geni-

492 5859 600 5909 tale
626 5859 807 5911 solum
862 5861 1118 5916 sollicitet
1164 5863 1427 5933 cogitatio
1458 5881 1474 5932 ;
1507 5863 1603 5918 ubi
1634 5863 1678 5916 si
1712 5868 1762 5917 te
1794 5865 1941 5920 Deus
1967 5865 2121 5920 habi-

2221 1945 2318 2016 qui
2349 1945 2560 1999 ibidem
2606 1962 2974 2001 communem
3021 1947 3254 2002 fratrem
3296 1947 3584 2002 transmisi
3611 1949 3864 2020 Fulgen-

2219 2039 2385 2106 tium,
2414 2039 2574 2110 cujus
2604 2039 2854 2110 pericula
2876 2041 3007 2110 jugi
3035 2041 3338 2096 formidine
3364 2042 3730 2111 pertimesco.
3760 2043 3867 2096 Tu-

2219 2132 2330 2186 tior
2349 2137 2542 2186 tamen
2568 2132 2694 2200 erit,
2726 2133 2773 2188 si
2806 2136 2866 2186 tu
2893 2134 3142 2188 securior
3167 2139 3222 2189 et
3248 2135 3449 2189 absens
3475 2151 3578 2205 pro
3605 2135 3706 2190 illo
3737 2152 3863 2190 ora-

2220 2226 2386 2290 veris,
2430 2228 2508 2281 Ea
2530 2226 2663 2282 inde
2703 2230 2869 2282 astate
2921 2227 3204 2282 abstracta
3242 2245 3319 2297 es,
3363 2234 3422 2283 ut
3457 2228 3543 2282 vel
3569 2229 3618 2283 si
3649 2229 3868 2284 ibidem

2218 2323 2353 2374 nata
2376 2320 2571 2390 fueris,
2590 2337 2706 2374 non
2730 2321 3081 2376 memineris.
3104 2321 3266 2376 Nulla
3285 2325 3370 2376 est
3387 2323 3703 2376 recordatio
3732 2340 3865 2394 qua:

2220 2418 2443 2468 moveat
2469 2413 2760 2468 desideriis
2785 2414 3072 2483 animam;
3097 2419 3154 2470 et
3179 2415 3338 2470 beata
3365 2432 3443 2483 es,
3472 2433 3600 2488 quae
3631 2416 3864 2488 ignoras

2220 2508 2371 2579 quod
2403 2507 2611 2562 doleas.
2641 2509 2758 2579 Ego
2786 2513 2977 2562 tamen
3005 2513 3270 2580 expertus
3298 2509 3525 2580 loquor,
3557 2511 3635 2563 sic
3665 2511 3859 2581 perdi-

2221 2601 2364 2655 disse
2390 2604 2600 2654 statum
2629 2606 2685 2655 et
2714 2601 2958 2672 speciem
3002 2601 3160 2656 illam
3192 2602 3460 2673 patriam,
3489 2608 3551 2657 ut
3579 2621 3682 2658 nec
3715 2604 3864 2659 liber

2219 2694 2520 2766 quisquam
2563 2695 2623 2747 in
2665 2711 2730 2748 ea
2771 2694 3034 2764 supersit,
3079 2711 3181 2749 nec
3223 2700 3372 2750 terra
3407 2697 3529 2766 ipsa
3578 2697 3751 2751 solita
3795 2698 3866 2752 sit

2222 2786 2474 2840 ubertate
2498 2787 2757 2854 fecunda,
2778 2793 2962 2842 etnon
2979 2787 3100 2842 sine
3122 2788 3220 2842 Dei
3242 2788 3476 2858 judicio.
3505 2790 3676 2844 Terra
3704 2791 3865 2844 enim

2220 2880 2310 2934 cui
2352 2880 2497 2934 cives
2527 2880 2708 2951 erepti
2755 2886 2906 2947 sunt,
2937 2887 2993 2935 et
3021 2881 3269 2936 concessi
3297 2887 3584 2952 extraneo,
3625 2899 3765 2938 mox
3793 2887 3858 2936 ut

2219 2973 2557 3044 dignitatem
2585 2974 2849 3044 perdidit,
2864 2975 3042 3029 caruit
3063 2979 3119 3029 et
3138 2975 3500 3031 fecunditate.
3517 2977 3676 3045 Vide,
3702 2994 3867 3031 soror

2219 3067 2558 3134 Florentina,
2592 3067 2743 3138 quod
2773 3071 2824 3121 te
2860 3084 3072 3138 pavens
3115 3051 3469 3140 maerensque
3502 3070 3865 3139 conveniam,

2218 3177 2290 3215 ne
2314 3164 2366 3214 te
2397 3176 2627 3231 serpens
2659 3159 2946 3231 praeripiat
2967 3178 3000 3214 a
3027 3162 3304 3232 paradiso,
3333 3166 3387 3217 et
3416 3162 3477 3216 in
3516 3179 3640 3218 eam
3683 3169 3872 3234 ponat

2223 3258 2431 3309 terram
2453 3270 2580 3324 quae
2607 3253 2796 3324 spinas
2823 3259 2878 3308 et
2896 3254 3136 3309 tribulos
3163 3255 3464 3326 germinat,
3493 3256 3564 3310 de
3591 3273 3707 3327 qua
3741 3274 3871 3311 rur-

2222 3364 2348 3402 sum
2373 3347 2419 3400 si
2442 3347 2578 3401 velis
2603 3363 2838 3401 manum
2866 3349 3189 3418 extendere,
3213 3349 3506 3419 etlignum
3533 3350 3666 3403 vitae
3694 3351 3869 3404 eden-

2223 3441 2358 3496 dum
2412 3457 2720 3509 assumere,
2768 3457 2881 3494 non
2923 3441 3262 3512 permittatis
3308 3443 3608 3514 attingere.
3659 3445 3867 3499 Testor

2223 3533 2376 3589 enim
2412 3539 2467 3588 te
2503 3550 2634 3588 cum
2671 3535 2968 3605 Pr0pheta,
3013 3539 3069 3588 et
3097 3536 3316 3590 conscio
3341 3536 3469 3590 Jesu
3499 3537 3727 3590 Christo
3758 3537 3866 3592 ad—

2222 3644 2448 3696 moneo,
2481 3627 2704 3682 dicens:
2739 3628 2906 3689 Audi,
2933 3629 3070 3696 ﬁlia,
3095 3634 3143 3682 et
3169 3630 3325 3683 vide:
3357 3635 3405 3682 et
3434 3631 3639 3683 inclina
3672 3646 3871 3685 aurem

2223 3724 2394 3783 tuam,
2411 3725 2460 3775 et
2473 3721 2777 3775 obliviscere
2795 3722 3058 3790 populum
3074 3726 3242 3784 tuum,
3260 3727 3310 3776 et
3325 3723 3542 3776 domum
3556 3726 3743 3792 patris
3760 3728 3868 3785 tui,

2223 3816 2355 3883 quia
2378 3815 2678 3884 concupivit
2700 3817 2814 3869 Rea:
2838 3816 3063 3883 speciem
3087 3820 3257 3876 tuam,
3294 3820 3343 3869 et
3369 3817 3480 3884 ipse
3503 3821 3577 3869 est
3607 3819 3872 3871 Dominus

2223 3909 2360 3961 Deus
2387 3911 2509 3962 tuus
2537 3907 2758 3977 (Psalm.
2788 3907 2953 3976 xuv).
2982 3909 3145 3964 Nemo
3175 3909 3392 3961 mittens
3435 3924 3661 3962 manum
3702 3925 3867 3965 suam

2223 4003 2281 4054 in
2315 4004 2584 4062 aratrum,
2621 4004 2670 4053 et
2718 4001 3005 4070 respiciens
3034 4005 3199 4061 retro,
3244 4005 3406 4069 aptus
3447 4007 3524 4055 est
3564 4017 3731 4069 regno
3767 4006 3871 4057 Dei

2223 4094 2368 4162 (Luc.
2401 4094 2494 4163 ix).
2524 4092 2646 4146 Noli
2675 4092 2743 4145 ab
2770 4109 2837 4146 eo
2872 4092 3100 4146 avolare
3127 4093 3283 4160 nido,
3317 4093 3468 4164 quod
3497 4093 3722 4148 invenit
3749 4100 3867 4149 tur—

2223 4190 2334 4254 tur,
2365 4185 2464 4240 ubi
2486 4189 2728 4257 reponat
2752 4186 2938 4256 pullos
2965 4202 3092 4239 suos
3117 4187 3331 4254 (Psalm.
3367 4190 3606 4254 Lxxxni).
3638 4188 3867 4259 Simpli-

2221 4279 2402 4334 citatis
2419 4278 2534 4332 ﬁlia
2565 4296 2644 4348 es,
2674 4295 2804 4349 quae
2827 4282 3049 4333 turture
3077 4285 3259 4334 matre
3291 4285 3424 4333 nata
3451 4297 3528 4335 es.
3567 4282 3629 4334 ln
3651 4281 3860 4336 eadem

2224 4389 2338 4426 una
2365 4388 2608 4443 persona
2621 4372 3004 4443 complurium
3022 4372 3497 4426 necessitudinem
3537 4375 3715 4428 uteris
3741 4376 3861 4428 offi-

2220 4466 2324 4520 cio.
2342 4467 2645 4520 Turturem
2672 4482 2775 4536 pro
2802 4471 2982 4520 matre
3015 4465 3248 4536 respice.
3275 4467 3581 4521 Turturem
3614 4484 3716 4538 pro
3744 4485 3858 4521 ma-

2138 4576 2196 4647 D
2222 4559 2396 4630 gistra
2423 4559 2672 4625 attende,
2702 4564 2758 4613 et
2789 4576 2915 4629 qua).
2945 4564 3000 4614 te
3025 4559 3248 4614 Christo
3278 4560 3533 4630 quotidie
3555 4561 3853 4615 affectibus

2221 4656 2480 4723 generat,
2511 4653 2824 4707 chariorem
2860 4668 2971 4722 qua
2995 4657 3130 4706 nata
3157 4669 3216 4706 es
3244 4657 3448 4724 reputa
3467 4656 3718 4708 matrem
3742 4671 3756 4708 :
3782 4655 3853 4708 ab

2221 4746 2377 4800 omni
2397 4745 2662 4817 procella,
2681 4746 2748 4800 ab
2771 4745 2924 4800 omni
2943 4745 3234 4800 mundano
3253 4745 3479 4800 turbine
3496 4746 3554 4800 in
3570 4747 3619 4817 ej
3629 4763 3694 4800 us
3717 4753 3774 4801 te
3788 4748 3858 4801 si-

2220 4840 2384 4893 nibus
2397 4839 2685 4894 conde.Sit
2701 4839 2802 4892 tibi
2819 4855 2987 4893 suave
3009 4839 3132 4908 ejus
3149 4839 3309 4894 lateri
3323 4839 3642 4894 adhaerere.
3658 4840 3740 4895 Sit
3757 4841 3857 4894 tibi

2220 4933 2378 4987 dulce
2399 4933 2522 5003 ejus
2551 4931 2832 5002 gremium
2853 4933 2974 5001 jam
3006 4937 3302 5002 provectae,
3326 4933 3479 5003 quod
3512 4938 3636 4987 erat
3655 4933 3856 4988 infanti

2221 5025 2622 5097 gratissimum.
2669 5027 2958 5079 Postremo
3001 5025 3394 5080 charissimam
3433 5031 3486 5080 te
3520 5042 3855 5097 germanam

2219 5135 2430 5191 quaeso,
2447 5121 2510 5172 ut
2527 5117 2638 5173 mei
2663 5117 2876 5172 orando
2903 5119 3252 5187 memineris,
3280 5135 3384 5173 nec
3404 5119 3649 5188 junioris
3667 5120 3858 5174 fratris

2221 5211 2413 5267 lsidori
2449 5211 2790 5266 obliviscaris
2824 5228 2836 5265 :
2863 5228 3033 5282 quem
3064 5212 3198 5283 quia
3237 5212 3341 5266 sub
3386 5212 3483 5266 Dei
3512 5213 3777 5281 tuitione,
3802 5219 3859 5266 et

2219 5305 2398 5361 tribus
2429 5305 2714 5376 germanis
2753 5305 3144 5375 superstitibus
3187 5309 3449 5376 parentes
3495 5305 3853 5376 reliquerunt

2219 5415 2565 5467 communes,
2582 5397 2716 5464 laati,
2737 5401 2793 5452 et
2808 5398 2878 5452 de
2895 5399 3017 5468 ejus
3038 5398 3180 5452 nihil
3192 5397 3566 5452 formidantes
3583 5398 3845 5464 infantia,

2219 5492 2288 5546 ad
2339 5493 2641 5546 Dominum
2675 5495 3090 5545 commearunt.
3127 5493 3306 5554 Quem
3345 5507 3472 5544 cum
3502 5507 3612 5560 ego
3642 5497 3704 5544 nt
3733 5507 3854 5545 vere

2219 5585 2399 5640 filium
2431 5585 2687 5652 habeam,
2716 5601 2821 5639 nec
2846 5585 3157 5655 temporale
3189 5584 3401 5655 aliquid
3431 5583 3553 5653 ejus
3594 5583 3851 5638 charitati

2219 5695 2571 5750 praeponam,
2586 5683 2754 5749 atque
2771 5678 2827 5731 in
2846 5678 2968 5747 ejus
2985 5693 3196 5748 pronus
3208 5676 3508 5731 dilectione
3524 5678 3850 5731 recumbam

2220 5775 2380 5826 tanto
2405 5787 2537 5825 eum
2567 5770 2793 5826 cliarius
2819 5771 3012 5841 dilige,
3046 5773 3313 5841 tantoque
3329 5770 3521 5847 lesum
3550 5785 3731 5824 exora
3755 5785 3850 5840 pro

2221 5865 2335 5934 illo,
2351 5870 2562 5937 quanto
2580 5863 2729 5920 nosti
2743 5879 2877 5920 eum
2888 5880 2922 5919 a
2934 5863 3264 5936 parentibus
3279 5862 3521 5920 terrenis
3531 5862 3709 5920 fuisse
3727 5862 3852 5918 dile-
