4034 6228
98 368 213 415 Qui}
1257 368 1533 423 llUMILIA
1574 368 1637 421 IN
1683 369 1947 422 l..\l§lllif\l
1993 368 2348 431 EGCLESHS,
3397 374 3499 428 894

100 477 294 526 ctum.
326 472 530 526 Certus
552 489 679 527 sum
707 473 860 544 quod
888 475 1075 529 tlectat
1101 490 1205 546 pro
1234 475 1395 530 nobis
1419 491 1586 531 aures
1615 476 1761 531 divi-
1787 495 1846 568 Α
1866 492 2096 544 corona,
2124 480 2181 530 et
2205 475 2528 531 exhortanti
2561 477 2816 531 Leandre
2843 477 3204 549 praestabitur
3229 479 3417 547 venia;
3446 486 3503 537 et

101 580 212 617 nas
260 568 364 619 tua
407 566 703 637 virginalis
747 566 950 622 oratio.
996 568 1062 622 Et
1104 567 1150 621 si
1195 572 1425 639 pactum
1454 569 1605 641 quod
1634 585 1766 624 cum
1790 566 1843 568 ’ί
1867 569 1914 624 si
1945 568 2392 642 perseveraveris
2428 584 2610 642 usque
2638 570 2698 626 in
2730 569 2925 641 ﬁnem,
2950 571 3101 627 salva
3126 571 3255 627 eris.
3295 574 3496 631 Amen.

102 658 343 712 Christo
372 659 637 731 pepigisti
667 660 996 727 servaveris,
1025 661 1171 718 bene
1192 663 1383 733 agenti
1408 662 1513 718 tibi
1532 662 1771 719 debetur

100 776 3485 843 ῃ

580 915 1016 983 BEATORUM
1057 917 1424 996 LEANDRI,
1473 920 1766 987 ISIDORI
1811 920 1912 985 ET
1954 919 2479 985 FLORENTINIE
2521 919 3039 989 EPITAPHIUM.

100 1122 260 1175 Crux
291 1122 418 1177 haec
447 1123 601 1178 alma
630 1125 776 1194 gerit
802 1128 1132 1181 sanctorum
1158 1143 1393 1198 corpora
1427 1129 1690 1198 fratrum,

102 1214 359 1270 Leandri
391 1216 697 1288 lsidorique
727 1218 955 1289 piorum
988 1235 1058 1275 ex
1087 1220 1285 1275 ordine
1316 1226 1526 1277 vatum.

101 1308 303 1363 Tertia
330 1309 653 1364 Florentina
680 1328 841 1366 soror
875 1312 1077 1368 devota
1106 1314 1391 1385 perennis.

103 1401 173 1454 Et
201 1402 393 1471 posita
425 1402 724 1458 amborum
754 1421 987 1460 consors
1013 1407 1093 1460 sic
1119 1406 1294 1478 digna
1320 1408 1580 1479 quiescit.

104 1493 360 1548 Isidorus
387 1496 576 1550 medio
604 1497 881 1568 disjungit
908 1498 1167 1553 membra
1193 1500 1457 1554 duorum.

106 1587 176 1639 lli
212 1588 417 1658 quales
442 1588 657 1643 fuerint
684 1589 844 1644 libris
874 1591 1166 1662 inquirite,
1190 1593 1387 1659 lector,

104 1683 169 1734 Et
215 1697 497 1752 cognosce
524 1683 647 1737 illos
673 1683 817 1739 bene
844 1690 1047 1739 cuncta
1074 1685 1243 1741 fuisse
1272 1687 1506 1754 locutos,

1862 1131 2134 1200 Dogmata
2162 1132 2487 1183 sanctorum
2514 1143 2752 1184 cernens
2777 1130 3014 1186 crevisse
3049 1131 3243 1187 ﬁdeles

1862 1224 2092 1277 Eterno
2120 1221 2381 1288 Domino,
2410 1237 2551 1293 quos
2574 1221 2749 1292 impia
2769 1222 2903 1292 jura
2932 1224 3215 1279 tenebant.

1780 1303 1799 1313 ’
1864 1316 2042 1387 thue
2070 1315 2219 1369 viros
2251 1315 2447 1369 credas
2475 1314 2745 1370 sublimes
2773 1315 2960 1372 vivere
2990 1334 3215 1389 semper

1862 1408 2155 1480 Aspiciens
2182 1424 2407 1463 sursum
2437 1408 2614 1479 pictos
2642 1409 2917 1464 contende
2946 1410 3153 1466 videre.

1865 1503 2010 1558 Obiit
2035 1503 2211 1571 felicis
2237 1505 2502 1557 memoriae
2538 1502 2781 1558 Leander
2822 1506 3094 1575 episcOpus
3137 1504 3225 1561 die
3274 1506 3357 1562 ΙΠ
3394 1507 3502 1560 Κα-

2258 1595 2400 1649 tend.
2424 1596 2675 1657 Martias,
2704 1610 2815 1650 tera
2845 1595 3067 1652 DCXLI.

102 1867 143 1875 ‘—

654 1976 1037 2053 SANCTI
1088 1980 1559 2054 LEANDRI
1581 2032 1607 2075 ,
1659 1981 2363 2057 HISPALENSIS
2414 1982 2942 2076 EPISCOPI,

303 2138 1081 2267 HOMILIA
1179 2143 1362 2269 IN
1484 2140 2218 2271 LAUDEM
2324 2142 3297 2303 ECCLESI/E,

468 2327 565 2389 Οὐ
593 2329 1075 2392 conversionem
1107 2333 1337 2411 gentis,
1362 2339 1516 2413 post
1544 2331 1894 2394 concilium
1936 2310 2000 2394 et
2023 2333 2581 2410 conﬁrmationem
2610 2351 2937 2397 canonum
2969 2333 3166 2397 edita.

1435 2440 1631 2510 (Mansi
1654 2440 1864 2496 Conci].
1893 2441 2141 2512 Collect.)

2324 2566 2389 2579 *κ

178 2630 565 2686 Festivitatem
604 2633 750 2689 hanc
788 2636 1045 2691 omnium
1090 2653 1208 2692 esse
1249 2638 1653 2692 solemniorem
1679 2638 1833 2722 fe-B
1859 2639 1956 2692 Dei
2001 2638 2282 2709 paradiso,
2323 2638 2430 2694 hoc
2473 2644 2576 2706 est,
2607 2644 2764 2695 extra
2808 2640 3145 2695 catholicam
3190 2640 3494 2695 Ecclesiam

100 2723 450 2793 stivitatem,
508 2726 723 2782 novitas
771 2728 893 2800 ipsa
946 2729 1246 2801 significat.
1293 2731 1571 2795 Quoniam
1614 2731 1759 2787 sicut

100 2834 256 2871 nova
298 2822 385 2873 est
424 2821 714 2875 conversio
740 2825 1029 2878 tantarum
1074 2824 1326 2894 plebium
1354 2841 1540 2893 causa,
1571 2829 1627 2879 et
1650 2841 1753 2879 no-

99 2911 309 2965 biliora
359 2917 492 2967 sunt
537 2914 700 2968 solito
746 2915 1005 2970 Ecclesiae
1056 2916 1263 2989 gaudia
1304 2934 1317 2971 :
1363 2933 1499 2972 nam
1546 2919 1757 2973 multas

98 3005 496 3061 solemnitates
520 3023 624 3077 per
661 3008 797 3062 anni
834 3008 1154 3064 discursum
1201 3010 1448 3065 celebrat
1488 3012 1752 3081 Ecclesia,

99 3098 163 3153 in
193 3098 411 3170 quibus
442 3101 663 3157 tametsi
688 3101 862 3157 habet
907 3104 1108 3174 gaudia
1136 3109 1422 3174 consueta,
1452 3121 1597 3160 nova
1625 3121 1756 3160 vero

99 3192 252 3246 sicut
279 3191 344 3245 in
368 3192 474 3247 hac
494 3209 611 3248 non
639 3194 827 3249 habet.
856 3195 1034 3250 Aliter
1059 3196 1211 3251 enim
1252 3197 1459 3268 gaudet
1493 3199 1562 3253 de
1588 3199 1756 3254 rebus

100 3301 339 3357 semper
364 3287 647 3357 possessis,
672 3288 837 3343 aliter
862 3289 931 3345 de
960 3289 1134 3344 lucris
1176 3291 1400 3362 magnis
1440 3291 1530 3346 his
1568 3308 1757 3364 nuper

98 3379 373 3434 inventis.
400 3381 506 3434 Pro
530 3397 643 3452 qua
667 3398 728 3436 re
757 3384 815 3436 et
843 3398 944 3437 nos
971 3383 1282 3454 majoribus
1320 3384 1540 3456 gaudiis
1567 3385 1750 3440 eleva-

99 3488 258 3539 mur,
290 3472 427 3543 quia
450 3478 683 3546 repente
704 3491 881 3530 novos
908 3476 1210 3531 Ecclesiam
1238 3478 1547 3548 parturisse
1574 3496 1755 3551 popu-

95 3567 184 3620 los
212 3566 548 3637 intuemur;
583 3572 640 3623 et
665 3585 911 3639 quorum
946 3570 1305 3641 asperitatem
1345 3571 1636 3642 quondam
1664 3588 1755 3644 ge-

95 3660 430 3729 mebamus,
459 3661 528 3715 de
575 3677 778 3717 eorum
821 3679 972 3717 nunc
1028 3664 1344 3736 gaudemus
1399 3665 1749 3721 credulitate.

97 3755 255 3823 Ergo
299 3754 535 3809 materia
566 3755 754 3825 gaudii
800 3757 976 3811 nostri
1030 3757 1406 3812 tribulationis
1450 3759 1753 3829 praeteritas

98 3847 324 3901 occasio
374 3847 502 3901 fuit.
547 3848 930 3904 Gemebamus
985 3850 1124 3904 dum
1174 3867 1561 3921 gravaremur,
1614 3852 1753 3908 dum

99 3940 582 4011 exprobaremur;
632 3942 730 3996 sed
768 3942 1014 4014 gemitus
1044 3942 1125 3998 illi
1170 3943 1228 3997 id
1273 3950 1536 4015 egerunt,
1567 3949 1633 3999 ut
1662 3946 1743 4015 hi,

1856 2733 2225 2802 nutriuntur;
2256 2737 2314 2788 et
2350 2733 2457 2788 hoc
2489 2749 2605 2788 non
2643 2734 2862 2789 lectura
2906 2732 3268 2805 [conjectura]
3298 2750 3498 2789 sensus

1858 2825 2056 2895 nostri,
2087 2826 2184 2882 sed
2228 2826 2534 2898 Scriptura!
2572 2827 2778 2882 divinae
2824 2827 3157 2883 auctoritate
3200 2827 3493 2898 probatur,

1856 2919 2074 2975 dicente
2123 2920 2421 2976 Salomone
2472 2940 2486 2976 :
2539 2924 2692 2979 Sicut
2757 2922 2934 2976 lilium
2984 2924 3125 2976 inter
3171 2924 3380 2992 spinas,
3420 2923 3497 2977 sic

1855 3015 2026 3068 amico
2065 3029 2185 3069 mea
2229 3017 2372 3068 inter
2405 3016 2549 3084 ﬁlias
2591 3014 2770 3084 (Cant.
2809 3016 2904 3086 χι).
2936 3017 3086 3086 Ergo
3111 3030 3184 3070 ne
3210 3030 3492 3085 magnum

1856 3103 2011 3157 vobis
2034 3102 2321 3158 videretur
2349 3103 2501 3174 quod
2530 3103 2774 3159 haereses
2801 3103 3009 3159 direxit
3032 3103 3194 3169 filias,
3227 3104 3494 3159 continuo

1855 3212 1947 3250 eas
1960 3200 2226 3251 numerat
2245 3196 2541 3267 [nominat]
2563 3213 2683 3252 esse
2704 3197 2924 3269 spinas;
2952 3197 3217 3265 haereses,
3232 3197 3491 3270 inquam,

1853 3294 1952 3345 aut
1977 3290 2035 3344 in
2055 3290 2303 3362 aliquem
2329 3292 2606 3362 angulum
2626 3291 2848 3362 mundi,
2869 3294 2968 3346 aut
2986 3290 3046 3346 in
3064 3307 3240 3346 unam
3261 3295 3493 3363 gentem

1856 3383 2223 3439 inveniuntur
2257 3385 2489 3439 versari.
2528 3385 2788 3440 Ecclesia
2832 3401 2964 3440 vero
3014 3385 3305 3455 catholica,
3353 3384 3497 3440 sicut

1853 3493 1956 3548 per
1979 3480 2163 3532 totum
2187 3478 2469 3534 mundum
2493 3478 2748 3535 tenditur
2766 3479 2864 3545 ita,
2879 3483 2936 3534 et
2953 3480 3213 3534 omnium
3236 3479 3493 3551 gentium

1853 3570 2118 3626 societate
2146 3571 2526 3627 constituitur.
2558 3574 2727 3627 Recte
2753 3588 2890 3643 ergo
2919 3572 3163 3628 haereses
3200 3573 3259 3627 in
3302 3588 3495 3627 caver-

1852 3663 1972 3732 nis,
2013 3664 2219 3736 quibus
2264 3664 2479 3732 latent,
2519 3669 2871 3737 congregant
2914 3681 2982 3721 ex
3026 3670 3186 3735 parte
3227 3664 3490 3720 divitias:

1850 3757 2095 3811 Ecclesia
2134 3762 2326 3813 autem
2370 3758 2649 3813 catholica
2678 3758 2738 3812 in
2764 3758 2993 3830 speculo
3023 3758 3289 3829 [specula]
3317 3757 3492 3812 totius

1851 3850 2051 3905 mundi
2109 3851 2387 3922 locupleta
2446 3851 2875 3923 supergreditur
2935 3850 3208 3906 universi.
3263 3851 3492 3906 Exsulta

1852 3959 2008 4015 ergo,
2049 3947 2107 3998 et
2154 3944 2367 4009 lmtare,
2411 3945 2654 3999 Ecclesia
2696 3944 2812 4013 Dei,
2867 3944 3067 4016 gaude,
3113 3948 3171 3999 et
3211 3960 3492 4015 consurge

100 4034 204 4105 qui
250 4050 358 4106 per
404 4033 795 4091 inﬁdelitatem
844 4036 1010 4091 nobis
1058 4041 1225 4092 erant
1267 4014 1503 4108 sarcina,
1544 4014 1822 4095 ﬁerentC
1845 4052 2029 4092 unum
2057 4053 2261 4109 corpus
2287 4038 2514 4104 Christi,
2543 4038 2780 4094 induere
2814 4014 3166 4108 fortitudine,
3210 4042 3267 4093 et
3306 4014 3493 4109 jubila

100 4131 297 4183 nostra
312 4144 418 4199 per
440 4144 603 4183 suam
621 4130 1046 4185 conversionem
1075 4147 1301 4186 corona.
1322 4132 1433 4185 Hoc
1454 4127 1608 4186 enim
1625 4149 1747 4205 gra-

100 4221 335 4276 tulative
386 4221 603 4292 profert
643 4223 705 4277 in
741 4223 980 4278 Psalmis
1006 4224 1251 4279 Ecclesia
1276 4224 1471 4281 dicens
1499 4242 1513 4279 :
1542 4228 1609 4280 In
1641 4229 1742 4281 tri-

102 4316 379 4370 bulatione
406 4316 657 4371 dilatasti
682 4332 766 4371 me
795 4317 964 4388 (Psal.
998 4317 1067 4385 ιγ)
1088 4335 1105 4385 ;
1130 4321 1185 4372 et
1214 4318 1346 4375 Sara
1377 4319 1515 4374 dum
1540 4310 1689 4391 saipe
1711 4337 1744 4373 a

100 4408 335 4479 regibus
354 4408 786 4480 concupiscitur,
805 4426 910 4466 nec
938 4411 1218 4466 maculam
1246 4411 1532 4483 pudicitia:
1551 4413 1740 4483 sentit,

100 4507 154 4555 et
178 4502 471 4557 Abraham
499 4519 669 4557 causa
704 4504 1146 4575 pulchritudinis
1181 4521 1299 4559 suae
1337 4504 1569 4561 divitem
1609 4505 1745 4562 facit

102 4594 308 4663 (Genes.
340 4596 428 4666 xx)
443 4614 460 4665 ;
490 4597 561 4650 ab
591 4596 724 4668 ipsis
752 4597 906 4652 enim
934 4598 1161 4670 regibus
1191 4596 1477 4653 Abraham
1508 4599 1738 4670 ditatur,

98 4707 129 4743 a
158 4689 372 4760 quibus
398 4689 529 4743 Sara
552 4690 989 4761 concupiscitur.
1018 4690 1310 4762 Condigne
1332 4708 1471 4764 ergo
1501 4693 1743 4747 Ecclesia

95 4781 375 4836 catholica
402 4786 618 4853 gentes,
651 4800 790 4855 quas
819 4783 991 4838 simul
1019 4783 1257 4838 senserit
1302 4783 1433 4839 ﬁdei
1478 4802 1597 4839 suae
1639 4785 1738 4840 de-

93 4892 246 4942 core,
279 4874 354 4929 ad
383 4875 468 4929 sui
501 4892 597 4930 eas
625 4875 837 4946 sponsi,
870 4877 977 4931 hoc
1002 4880 1104 4947 est,
1135 4876 1343 4933 Christi
1370 4878 1528 4933 lucra
1555 4882 1738 4932 trans-

92 4968 267 5035 ducit,
297 4971 357 5021 et
385 4984 485 5039 per
510 4984 577 5023 ea
610 4984 787 5040 regna
823 4986 991 5024 suum
1033 4970 1218 5025 virum
1260 4970 1491 5025 divitem
1533 4971 1737 5040 reddit,

92 5079 197 5132 per
219 5077 353 5131 quas
378 5077 437 5115 se
469 5060 773 5133 inquietari
808 5062 1183 5133 persenserit;
1213 5061 1291 5116 sic
1323 5063 1476 5117 enim
1508 5063 1643 5117 dum
1672 5081 1741 5119 ex

93 5154 256 5209 initio
282 5153 599 5223 lacessitur,
628 5153 716 5209 vel
739 5154 1111 5211 invidentium
1137 5155 1400 5211 dentibus
1422 5156 1735 5211 mordetur.

96 5248 233 5302 dum
262 5246 563 5318 premitur,
593 5248 878 5318 eruditur;
908 5252 965 5303 et
1003 5249 1141 5303 dum
1182 5249 1507 5318 insectatur,
1540 5248 1737 5305 dilata-

99 5345 209 5396 tur.
227 5339 506 5404 Quoniam
522 5341 795 5412 patientia
816 5358 917 5396 sua
936 5343 1292 5396 aemulatores
1312 5358 1445 5396 suos
1465 5347 1562 5396 aut
1580 5359 1641 5396 su
1650 5358 1742 5413 pe-

97 5439 183 5488 rat.
206 5439 307 5487 aut
336 5434 609 5488 lucratur.
641 5433 784 5491 Dicit
819 5435 972 5489 enim
1010 5436 1082 5490 ad
1108 5451 1234 5490 eam
1261 5435 1482 5490 divinus
1512 5450 1698 5491 sermo
1730 5453 1744 5490 :

94 5528 281 5582 Multa:
317 5527 446 5596 ﬁlia
485 5533 946 5597 congregaverant
973 5529 1219 5590 divitias,
1248 5533 1307 5583 tu
1333 5532 1516 5582 autem
1554 5542 1745 5597 super-

94 5635 275 5689 gressa
312 5635 365 5675 es
408 5622 692 5674 universas
717 5622 890 5687 (Prov.
922 5625 1066 5692 xxxn)
1100 5621 1172 5677 .Si
1203 5638 1318 5675 non
1346 5620 1560 5674 mirum
1589 5621 1746 5691 quod

94 5714 339 5769 haereses
372 5712 505 5767 ﬁliai
535 5713 841 5780 dicuntur,
862 5714 961 5769 sed
989 5714 1397 5770 attendendum
1433 5713 1584 5783 quod
1626 5713 1746 5767 loco

95 5808 391 5877 spinarum
432 5810 728 5877 ponuntur
756 5823 770 5859 :
800 5807 930 5861 tilia:
961 5812 1112 5871 sunt,
1142 5824 1207 5862 eo
1238 5807 1390 5877 quod
1421 5821 1492 5860 ex
1528 5806 1746 5861 semine

96 5901 413 5957 Christiano
448 5912 831 5968 generantur;
863 5899 1040 5970 spina:
1070 5905 1219 5967 sunt,
1254 5917 1320 5953 eo
1361 5899 1511 5969 quod
1551 5896 1686 5951 foris
1713 5916 1746 5953 a

1844 4131 2246 4200 exsultatione;
2279 4132 2551 4203 quoniam
2570 4131 2654 4187 tui
2673 4148 2941 4187 mcerores
2962 4131 3023 4187 in
3051 4131 3325 4204 gaudium
3354 4137 3490 4187 sunt

1843 4224 2065 4292 mutati,
2094 4225 2340 4281 tristitia:
2366 4226 2629 4282 habitum
2653 4226 2714 4283 in
2740 4227 3015 4281 amictum
3032 4226 3245 4282 latitia:
3259 4242 3489 4282 versum

1843 4320 1946 4373 est.
1977 4319 2113 4374 Ecce
2138 4324 2371 4391 repente
2389 4320 2563 4376 oblita
2580 4320 2885 4376 sterilitatis
2904 4325 2961 4376 et
2980 4319 3327 4392 paupertatis
3346 4324 3484 4389 tuae,

1841 4426 1958 4466 uno
1984 4416 2148 4483 partu
2172 4415 2426 4490 populos,
2449 4414 2781 4469 innumeros
2813 4413 3059 4485 genuisti
3101 4413 3326 4468 Christo
3365 4418 3486 4467 tuo.

1843 4505 1983 4559 Nam
2010 4505 2318 4576 dispendiis
2343 4507 2455 4561 tuis
2487 4506 2730 4578 proﬁcis,
2761 4512 2975 4578 tuoque
3014 4506 3223 4562 damno
3267 4504 3493 4560 subcre-

1842 4597 1947 4652 scis
1978 4615 1991 4651 :
2024 4601 2213 4653 tantus
2241 4599 2485 4670 denique
2511 4604 2597 4654 est
2621 4615 2862 4670 sponsus
2886 4602 3037 4666 tuus,
3059 4598 3221 4670 cujus
3248 4597 3488 4669 imperio

1842 4690 2073 4762 regeris,
2105 4694 2171 4745 ut
2197 4691 2334 4746 dum
2359 4696 2414 4746 te
2445 4693 2699 4762 patiatur
2736 4690 3051 4762 depraedari
3078 4691 3149 4746 ad
3176 4690 3483 4760 modicum,

1839 4799 2070 4840 rursum
2110 4784 2364 4854 prmdam
2390 4789 2545 4839 tuam
2582 4785 2652 4839 ad
2678 4788 2734 4839 te
2761 4785 3012 4852 reducat,
3044 4788 3101 4839 et
3134 4784 3325 4840 hostes
3357 4788 3485 4839 tuos

1840 4877 1946 4932 tibi
1970 4877 2287 4948 conquirat.
2317 4876 2406 4931 Sic
2431 4881 2627 4932 autem
2653 4878 2919 4949 agricola,
2949 4877 3026 4932 sic
3055 4877 3321 4950 piscator,
3349 4878 3487 4933 dum

1840 4970 1997 5024 lucra
2041 4970 2283 5025 attendit
2319 4972 2533 5038 futura,
2563 4987 2693 5042 quae
2720 4971 2984 5041 seminat,
3012 4975 3070 5026 et
3105 4988 3234 5044 qua:
3276 4972 3484 5026 amodo

1838 5062 2149 5131 incesserit,
2190 5080 2305 5118 non
2336 5063 2581 5135 imputat
2609 5064 2836 5119 damna.
2876 5066 2956 5119 Tu
2992 5065 3230 5135 proinde
3263 5065 3386 5136 jam
3415 5082 3490 5120 ne

1839 5156 1990 5225 ﬂeas,
2020 5172 2091 5211 ne
2116 5157 2330 5227 lugeas,
2360 5156 2749 5228 temporaliter
2790 5157 3066 5229 quosdam
3110 5157 3404 5211 recessisse
3453 5174 3488 5211 a

1841 5254 1914 5317 te,
1944 5265 2087 5320 quos
2130 5249 2313 5304 cernis
2355 5266 2487 5304 cum
2532 5249 2755 5321 magnis
2799 5250 2972 5304 lucris
3014 5248 3247 5304 rediisse
3294 5248 3363 5303 ad
3411 5254 3487 5304 te.

1848 5337 2078 5393 Exsulta
2119 5353 2257 5409 ergo
2287 5338 2418 5393 fidei
2445 5337 2807 5406 confidentia,
2840 5342 2896 5391 et
2922 5336 3004 5391 tui
3032 5336 3232 5407 capitis
3267 5337 3490 5406 merito,

1850 5384 2078 5393 “⁴⁶““”“”“
2122 5384 2253 5409 ”“Ο“”
2287 5384 2418 5393 “““’““’⁶“
2447 5384 2807 5406 ’ν’“”⁴“’⁹”““”)
2844 5384 2895 5391 ⁷⁷
2927 5384 3004 5391 ”“’”“
3036 5384 3231 5407 ““Ἱ“’⁷’“”
3267 5384 3489 5406 _'""",

1767 5384 1826 5456 D
1848 5431 1957 5487 ﬁde
1987 5434 2107 5486 esto
2130 5430 2391 5501 robusta;
2421 5431 2561 5486 dum
2586 5446 2716 5502 quae
2746 5429 2945 5485 recolis
2968 5429 3102 5483 olim
3128 5429 3489 5500 repromissa,

1845 5540 1998 5580 nunc
2026 5523 2208 5580 cernis
2240 5524 2413 5580 fuisse
2438 5524 2736 5595 completa.
2764 5522 2858 5577 Ait
2894 5522 3046 5577 enim
3089 5521 3149 5576 in
3192 5523 3493 5594 Evangelia

1845 5618 1965 5688 ipsa
1994 5618 2211 5672 Veritas
2244 5634 2256 5672 :
2293 5618 2583 5689 Oportebat
2629 5618 2897 5675 Christum
2939 5617 3079 5670 mori
3103 5631 3204 5685 pro
3236 5620 3413 5683 gente,
3444 5622 3495 5671 et

1845 5726 1953 5766 non
1984 5715 2194 5765 tantum
2219 5727 2321 5780 pro
2351 5717 2525 5781 gente,
2561 5712 2655 5765 sed
2679 5714 2740 5764 ut
2777 5711 2918 5779 ﬁlios
2946 5710 3057 5771 Dei,
3101 5711 3197 5777 qui
3221 5713 3379 5763 erant
3402 5709 3492 5762 di-

1842 5806 2032 5873 spersi,
2061 5809 2405 5873 congregaret
2435 5807 2492 5858 in
2516 5821 2687 5859 unum
2717 5804 2892 5870 (Joan.
2926 5802 3016 5873 χι).
3044 5804 3125 5857 Tu
3156 5801 3403 5873 profecto
3428 5802 3485 5854 in

1845 5896 2079 5951 Psalmis
2123 5898 2459 5967 proclamas,
2489 5897 2811 5951 odienlibus
2849 5913 3041 5968 pacem
3068 5896 3257 5952 dicens
3292 5911 3303 5947 :
3339 5896 3491 5964 Μαυ-
