4034 6228
560 373 662 426 895
730 368 733 371 ’

1140 378 1191 429 S.
1238 376 1549 439 LElNDRI,
1600 377 1852 430 HlSl’AL.
1898 376 2213 439 liPlSCUl’l,
2260 376 2533 429 llUMILM
2577 377 2638 429 ΙΝ
2683 378 2950 431 [AUDEM
2990 378 3344 435 ECCLESHS.

3843 376 3947 427 896

560 484 772 551 niﬁcate
795 487 1078 541 Dominum
1112 502 1331 549 mecum,
1361 492 1411 541 et
1444 487 1737 542 exaltemus
1772 503 1962 542 nomen
1989 487 2102 555 ejus
2137 490 2195 542 in
2215 497 2275 571 Α
2294 490 2597 542 novissimis
2623 488 2812 543 diebus
2832 493 3182 560 praeparatus
3210 504 3357 543 mons
3398 489 3590 542 domus
3632 488 3869 541 Domini
3894 488 3951 539 in

558 589 725 630 unum
751 578 915 646 (Psal.
932 580 1137 649 xxxm);
1154 582 1211 635 et
1227 596 1485 634 rursum:
1511 582 1578 635 In
1593 582 1950 636 conveniendo
1964 582 2195 652 populos
2293 583 2487 635 vertice
2510 584 2795 645 montium,
2820 587 2869 636 et
2895 584 3191 637 elevabitur
3213 598 3373 652 super
3395 582 3579 643 colles,
3601 586 3654 634 et
3684 582 3861 647 ﬂuent
3880 579 3955 633 ad

557 670 615 722 in
642 685 830 734 unum,
853 677 904 725 et
930 689 1113 741 regna,
1145 678 1205 727 ut
1231 675 1475 728 serviant
1504 676 1727 728 Domino
1752 676 1968 743 (Psalm.
2002 680 2094 743 ει).

632 764 810 827 Quam
838 765 1016 819 dulcis
1043 766 1117 819 sit
1143 766 1404 833 charitas,
1430 783 1604 837 quam
1641 768 1981 822 delectabilis
2007 769 2195 823 unitas

560 874 674 911 non
699 858 954 912 nesciens
975 875 1077 928 per
1093 860 1420 931 prophetica
1448 861 1726 927 vaticinia,
1745 878 1848 932 per
1876 862 2196 933 evangelica

562 951 803 1018 oracula,
843 968 948 1022 per
987 953 1287 1022 apostolica
1319 954 1680 1022 documenta,
1709 972 1825 1009 non
1854 955 1960 1008 nisi
1991 972 2195 1010 conne-

560 1043 784 1098 xionem
816 1045 1073 1115 gentium
1098 1048 1392 1117 praedicas,
1424 1065 1535 1102 non
1564 1048 1671 1101 nisi
1701 1049 1979 1103 unitatem
2008 1065 2192 1120 popu-

558 1136 743 1190 lorum
769 1138 1034 1209 suspiras,
1066 1155 1181 1193 non
1206 1140 1315 1195 nisi
1335 1142 1507 1212 pacis,
1538 1147 1593 1196 et
1612 1141 1900 1195 charitatis
1927 1142 2073 1196 bona
2090 1143 2197 1197 dis-

560 1229 826 1284 seminas.
874 1232 1088 1288 Laetare
1133 1249 1269 1305 ergo
1311 1234 1369 1287 in
1410 1234 1665 1305 Domino,
1698 1250 1766 1289 eo
1795 1236 1949 1307 quod
1974 1252 2091 1290 non
2122 1236 2196 1290 sis

556 1322 811 1378 fraudata
843 1326 1118 1380 desiderio
1157 1332 1295 1395 tuo;
1343 1344 1480 1382 nam
1524 1345 1665 1400 quos
1712 1333 1866 1383 tanto
1914 1333 2192 1400 tempore,

559 1417 776 1487 gemitu
804 1423 963 1489 teste,
997 1425 1053 1474 et
1080 1421 1339 1476 oratione
1376 1422 1645 1476 continua
1678 1422 2003 1493 concepisti,
2044 1439 2197 1477 nunc

558 1515 687 1581 post
725 1512 982 1583 glaciem,
1010 1520 1136 1585 post
1178 1514 1449 1585 hiemem,
1478 1520 1607 1587 post
1638 1516 1906 1571 duritiam
1945 1515 2193 1587 frigoris,

556 1607 684 1673 post
703 1606 1095 1661 austeritatem
1112 1608 1276 1675 nivis,
1294 1609 1448 1663 velut
1459 1609 1878 1680 jucunditatem
1898 1626 2168 1681 agrorum
2180 1652 2194 1679 ,

558 1697 808 1769 frugem,
827 1704 883 1754 et
906 1700 1063 1755 laetos
1078 1702 1237 1756 verni
1264 1702 1430 1757 ﬂores
1456 1703 1649 1771 [Forte,
1666 1703 1828 1771 veris,
1848 1707 1948 1757 aut
1973 1707 2195 1773 tempo-

564 1789 638 1845 ris
665 1792 867 1861 verni],
889 1793 977 1847 vel
1013 1793 1330 1850 arridentes
1351 1795 1641 1850 vinearum
1676 1795 1960 1866 stipitibus
1986 1795 2196 1867 palmi-

544 1887 665 1951 ‘tes,
708 1889 942 1956 repente
972 1886 1032 1939 in
1064 1888 1271 1957 gaudio
1300 1888 1591 1959 peperisti,
1636 1889 1802 1959 Ergo,
1831 1866 2052 1957 fratres,
2082 1892 2199 1943 tota
2219 1866 2274 1937 Β

561 1982 834 2038 charitate
860 1983 1035 2038 animi
1065 1986 1410 2039 exsultemus
1447 1985 1508 2039 in
1536 1986 1791 2052 Domino,
1812 1991 1869 2040 et
1885 1985 2199 2056 jubilemus

563 2076 676 2130 Deo
701 2077 936 2131 salutari
963 2082 1175 2132 nostro.
1211 2080 1322 2133 Hoc
1350 2079 1419 2133 de
1450 2083 1653 2133 caetero
1694 2095 1798 2150 per
1834 2095 1901 2133 ea
1927 2094 2056 2150 quae
2078 2080 2203 2149 jam

559 2169 779 2224 sublata
803 2175 955 2236 sunt,
983 2186 1051 2225 ea
1092 2188 1223 2243 quas
1265 2172 1451 2227 adhuc
1478 2175 1880 2243 exspectantur
1907 2171 2201 2243 implenda
2230 2226 2245 2241 κ

559 2278 694 2317 vera
720 2279 839 2318 esse
858 2264 1174 2321 credamus.
1194 2267 1330 2329 Quae
1352 2266 1506 2321 enim
1525 2266 1765 2336 praefata
1784 2268 1937 2335 sunt,
1960 2265 2200 2320 Domino

561 2356 779 2411 dicente
813 2374 826 2411 :
856 2359 1012 2413 Alias
1038 2375 1156 2413 oves
1182 2360 1368 2426 habeo,
1400 2376 1521 2429 quae
1549 2376 1659 2413 non
1682 2364 1811 2414 sunt
1837 2376 1903 2414 ea:
1928 2360 2023 2414 hoc
2048 2361 2197 2422 ovili,

557 2454 607 2503 et
636 2451 762 2504 illas
789 2456 997 2520 oportet
1022 2469 1105 2506 me
1137 2450 1230 2523 [ad
1248 2451 1346 2523 me]
1382 2453 1670 2519 adducere,
1692 2458 1751 2507 ut
1775 2455 1847 2507 sit
1870 2467 2010 2507 unus
2044 2469 2198 2522 grew,

557 2548 609 2597 et
619 2559 757 2598 unus
764 2550 957 2613 pastor
976 2546 1150 2613 (Joan.
1173 2545 1247 2615 Χ),
1271 2561 1397 2600 ecce
1418 2550 1753 2600 contuemur
1767 2545 1940 2601 fuisse
1957 2547 2202 2617 comple-

555 2640 632 2690 ta.
664 2638 768 2691 Pro
788 2653 901 2708 qua
928 2654 990 2692 re
1015 2655 1130 2692 non
1157 2639 1479 2693 dubitemus
1504 2643 1688 2694 totum
1716 2639 2001 2695 mundum
2033 2657 2202 2711 posse

556 2729 618 2783 in
644 2730 866 2784 Christo
890 2732 1141 2800 credere,
1171 2736 1343 2803 atque
1370 2733 1441 2787 ad
1465 2750 1642 2787 unam
1668 2733 1960 2788 ecclesiam
1988 2749 2197 2788 conve-

559 2822 702 2878 nire.
732 2824 1010 2887 Quoniam
1048 2841 1242 2879 rursus
1270 2825 1392 2896 ipso
1432 2825 1766 2881 testiﬁcante
1804 2826 2106 2881 didicimus
2136 2826 2198 2881 in

559 2917 863 2987 Evangelio
890 2934 902 2971 :
934 2921 1006 2973 Et
1026 2920 1423 2988 pradicabitur
1450 2919 1677 2991 (inquit)
1707 2921 1801 2974 hoc
1840 2921 2200 2988 Evangetium

560 3012 715 3079 regni
745 3013 803 3064 in
826 3014 1076 3066 universo
1102 3012 1245 3075 orbe,
1280 3014 1337 3066 in
1376 3016 1734 3067 testimonium
1778 3014 2023 3068 omnibus
2072 3029 2201 3083 gen-

564 3104 739 3171 tibus;
792 3110 842 3158 et
887 3109 1011 3159 tunc
1054 3104 1277 3175 (inquit)
1317 3108 1490 3159 veniet
1543 3110 1925 3161 consummatio
1984 3108 2197 3176 (Matth.

2296 690 2414 728 eum
2438 690 2617 729 omnes
2639 680 2841 742 gentes,
2870 680 2921 730 et
2946 676 3099 730 ibunt
3110 676 3304 745 pepuli
3320 676 3499 737 multi,
3515 678 3567 728 et
3591 674 3818 728 dicent:
3847 675 3945 727 Ve-

2295 770 2405 821 nite
2438 769 2794 823 ascendamus
2830 770 2906 823 ad
2944 774 3173 824 montem
3220 770 3452 830 Domini,
3497 773 3549 822 et
3599 767 3678 821 ad
3726 767 3952 820 domum

2296 863 2391 915 Dei
2433 863 2595 916 Jacob
2639 862 2843 930 (Ibid).
2887 864 3039 916 Mons
3065 863 3219 918 enim
3244 861 3497 918 Christus
3522 866 3628 927 est,
3659 864 3717 914 et
3741 860 3952 914 domus

2296 954 2393 1008 Dei
2418 955 2605 1021 Jacob,
2646 971 2761 1009 una
2806 954 3047 1009 Ecclesia
3090 960 3175 1010 est
3212 956 3351 1026 ejus,
3381 955 3451 1009 ad
3480 971 3680 1026 quam,
3710 958 3770 1008 et
3805 969 3948 1024 gen-

2295 1047 2441 1101 tium
2468 1043 2826 1114 concursum,
2849 1053 2905 1102 et
2926 1049 3269 1119 populorum
3295 1048 3626 1119 pronuntiat
3651 1046 3953 1101 conﬂuere

2296 1150 2669 1213 conventum;
2699 1146 2768 1200 de
2795 1161 2908 1215 qua
2939 1162 3165 1199 rursum
3214 1146 3272 1199 in
3315 1146 3423 1199 alio
3461 1146 3583 1200 loco
3629 1145 3771 1199 dicit
3814 1160 3952 1214 pro-

2296 1237 2466 1308 pheta
2497 1254 2511 1292 :
2541 1239 2730 1306 Surge,
2759 1239 3069 1293 illuminare
3097 1240 3413 1302 Jerusalem,
3440 1241 3572 1308 quia
3598 1241 3745 1292 venit
3767 1239 3953 1292 lumen

2298 1335 2469 1393 tuum,
2500 1336 2551 1386 et
2581 1332 2758 1399 gloria
2797 1334 3018 1387 Domini
3058 1347 3221 1402 super
3246 1336 3295 1387 te
3328 1338 3446 1398 orta
3473 1336 3581 1395 est;
3608 1336 3659 1385 et
3690 1331 3949 1385 ambula-

2299 1429 2432 1483 bunt
2458 1428 2574 1499 (ait)
2594 1434 2774 1497 gentes
2801 1432 2859 1483 in
2888 1430 3088 1483 lumine
3117 1434 3228 1493 tuo,
3273 1434 3325 1484 et
3366 1445 3513 1497 reges
3561 1433 3619 1483 in
3656 1429 3949 1498 splendore

2298 1531 2447 1580 ortus
2478 1528 2579 1580 tui.
2608 1528 2750 1581 Leva
2774 1530 2832 1580 in
2859 1530 3143 1582 circuitum
3170 1528 3350 1582 oculos
3377 1532 3513 1589 tuos,
3546 1533 3596 1580 et
3626 1528 3753 1581 vide
3784 1546 3803 1579 :
3834 1542 3950 1580 om-
3980 1602 3993 1609 η

2296 1640 2390 1679 nes
2416 1627 2512 1679 isti
2530 1628 2840 1693 congregati
2856 1630 3002 1695 sunt,
3025 1632 3076 1681 et
3095 1632 3354 1681 venerunt
3380 1628 3512 1685 tibi:
3531 1631 3583 1679 et
3600 1624 3954 1694 aediﬁcabant

2300 1723 2522 1794 (inquit)
2547 1725 2654 1792 ﬁlii
2673 1727 3082 1793 peregrinorum
3109 1740 3289 1779 muros
3320 1729 3456 1787 tuos,
3493 1730 3545 1778 et
3573 1739 3723 1791 reges
3763 1740 3954 1777 eorum

2297 1822 2687 1876 ministrabant
2710 1823 2811 1876 tibi
2842 1825 2987 1881 (lsai.
3030 1824 3135 1891 Lx).
3171 1822 3298 1888 Qui,
3342 1828 3408 1875 ut
3452 1826 3779 1875 notesceret
3826 1838 3954 1892 qua:

2298 1921 2534 1972 ventura
2564 1924 2748 1973 essent
2777 1920 2958 1990 genti,
2994 1921 3079 1975 vel
3117 1920 3346 1991 populo,
3376 1935 3505 1991 quae
3533 1919 3605 1972 ab
3645 1919 3822 1973 unius
3850 1916 3950 1973 Ed-

2299 2018 2481 2071 clesiae
2502 2018 2901 2071 communione
2922 2018 3253 2073 recidissent
3277 2018 3382 2087 (sic)
3396 2060 3408 2083 ,
3425 2022 3653 2071 secutus
3683 2024 3805 2071 est:
3830 2035 3954 2087 gens

2300 2118 2461 2177 enim,
2495 2120 2545 2169 et
2568 2132 2813 2183 regnum,
2844 2116 2989 2186 quod
3018 2132 3123 2169 non
3147 2117 3394 2170 servierit
3420 2116 3540 2177 tibi,
3565 2116 3776 2185 peribit
3803 2119 3952 2181 (Isai.

2303 2214 2407 2282 ιν).
2440 2212 2560 2266 ΑΙίο
2588 2213 2836 2284 denique
2870 2212 2995 2267 loco
3034 2213 3289 2267 similiter
3329 2213 3408 2266 ait
3464 2230 3477 2266 :
3532 2215 3668 2267 Ecce
3711 2218 3947 2282 gentem,

2301 2328 2466 2381 quam
2503 2312 2773 2366 nesciebas
2800 2311 3048 2377 vocabis;
3077 2316 3128 2365 et
3151 2314 3353 2379 gentes,
3393 2326 3513 2381 qua:
3550 2326 3658 2365 non
3696 2326 3951 2378 cognove-

2302 2414 2432 2464 runt
2459 2414 2526 2473 te,
2555 2409 2631 2463 ad
2650 2413 2699 2463 te
2725 2414 2959 2463 current.
2990 2409 3143 2463 Unus
3165 2408 3317 2463 enim
3343 2413 3427 2463 est
3452 2408 3710 2463 Christus
3756 2408 3949 2463 Domi-

2301 2524 2428 2574 nus,
2452 2507 2614 2578 cujus
2628 2509 2711 2561 est
2721 2523 2838 2561 una
2857 2523 2959 2578 per
2973 2511 3155 2561 totum
3175 2507 3457 2562 mundum
3475 2507 3742 2571 Ecclesia,
3761 2511 3954 2560 sancta

2302 2605 2614 2679 possessio;
2646 2603 2741 2658 ille
2765 2603 2945 2675 igitur
2970 2609 3157 2675 caput,
3187 2609 3243 2659 et
3268 2605 3373 2659 ista
3403 2621 3629 2676 corpus,
3654 2605 3726 2659 de
3746 2604 3951 2675 quibus

2303 2706 2362 2759 in
2392 2704 2669 2775 principio
2695 2702 2927 2757 Genesis
2952 2702 3157 2757 dicitur
3185 2720 3197 2756 :
3228 2704 3406 2756 Erunt
3430 2703 3539 2757 duo
3572 2706 3629 2756 in
3655 2719 3821 2757 carne
3846 2718 3953 2756 una

2307 2799 2512 2867 (Genes.
2542 2804 2597 2867 ιι)
2623 2815 2640 2866 ;
2674 2796 2824 2868 quod
2850 2795 3138 2867 apostolus
3163 2796 3222 2849 in
3251 2796 3471 2850 Christo
3501 2796 3779 2867 intelligit
3813 2802 3871 2850 et
3896 2795 3948 2849 in

2304 2892 2564 2946 Ecclesia.
2598 2892 2741 2944 Dum
2770 2906 2909 2960 ergo
2938 2905 3005 2943 ex
3034 2889 3299 2943 omnibus
3330 2888 3594 2959 gentibus
3632 2905 3814 2943 unam
3839 2888 3953 2942 vult

2303 2985 2555 3039 Christus
2580 2984 2787 3038 habere
2822 2982 3141 3051 Ecclesiam,
3181 2982 3506 3053 quicunque
3536 2987 3849 3037 extraneus
3873 2985 3951 3035 est

2302 3078 2371 3133 ab
2400 3095 2483 3148 ea,
2516 3077 2645 3132 licet
2673 3076 2877 3132 Christi
2918 3076 3151 3131 nomine
3198 3080 3578 3146 nuncupetur,
3621 3076 3837 3130 Christi
3872 3080 3947 3128 ta-

563 3169 730 3263 nw)
759 3193 817 3249 Si
843 3210 981 3264 ergo
1005 3169 1275 3249 remansit
1304 3211 1432 3264 pars
1459 3194 1648 3265 aliqua
1686 3196 1906 3264 mundi,
1933 3169 2021 3250 vel
2064 3211 2201 3265 gens
2225 3240 2274 3265 η
2306 3188 2439 3225 me“
2488 3172 2737 3265 corp?”
2791 3186 3071 3240 compage
3095 3186 3260 3265 ,n°n_
3278 3169 3603 3265 09mins“?
3652 3170 3864 3265 (Ephes,
3883 3172 3946 3235 η’

568 3240 821 3354 δδνέθω,
850 3240 1023 3357 (piam
1052 3286 1190 3341 ﬁdes
1214 3240 1337 3341 ηοξ
1350 3240 1673 3342 ίηάίθξθήι
1696 3240 1924 3356 Christi:
1953 3240 2202 3359 prong
2222 3240 2276 3314 C
2304 3265 2541 3318 llmresis
2560 3263 2733 3333 enim,
2760 3280 2887 3335 qua:
2919 3262 3133 3334 respuit
3158 3262 3451 3316 catholicas
3472 3262 3739 3318 Ecclesiae
3766 3263 3947 3316 unita-

565 3379 929 3445 credituram,
957 3385 1129 3450 atque
1155 3380 1215 3433 in
1241 3396 1414 3433 unam
1437 3380 1739 3435 Ecclesiam
1764 3397 1881 3435 esse
1907 3386 2203 3436 venturam

566 3472 723 3526 nullo
742 3472 913 3527 modo
939 3473 1286 3541 dubitemus,
1318 3473 1364 3526 si
1389 3489 1454 3529 ea
1472 3490 1602 3545 quas
1624 3474 1895 3528 Dominus
1913 3474 2056 3529 dixit
2072 3490 2205 3530 vera

566 3580 683 3619 esse
712 3568 997 3636 putamus.
1028 3567 1194 3638 Ergo,
1224 3566 1446 3637 fratres,
1478 3566 1729 3638 reposita
1754 3570 1839 3622 est
1878 3567 1998 3622 loco
2041 3568 2200 3623 mali-

564 3657 795 3729 gnitatis
820 3658 1057 3729 bonitas,
1080 3664 1138 3715 et
1175 3660 1354 3714 errori
1391 3659 1636 3715 occurrit
1677 3661 1881 3715 veritas
1911 3677 1924 3715 :
1964 3667 2030 3716 ut
2072 3662 2206 3733 quia

562 3756 825 3828 superbia
847 3756 1174 3829 linguarum
1198 3758 1517 3813 diversitate
1547 3758 1616 3813 ab
1640 3758 1854 3814 unione
1886 3764 2080 3829 gentes
2112 3775 2202 3815 se-

564 3853 876 3920 paraverat,
905 3867 998 3905 eas
1048 3868 1238 3906 rursus
1281 3852 1499 3923 gremio
1539 3852 1871 3923 germinatis
1915 3852 2206 3923 colligeret

565 3948 808 4003 charitas
828 3966 841 4014 ;
860 3952 918 4003 et
934 3949 1419 4020 quemadmodum
1437 3965 1586 4003 unus
1611 3966 1896 4019 possessor
1922 3954 2006 4005 est
2033 3950 2205 4004 totius

565 4041 766 4095 mundi
816 4042 1105 4108 Dominus,
1156 4043 1234 4097 ita
1281 4047 1342 4097 ut
1389 4042 1504 4113 (ita,
1550 4042 1624 4115 et]
1675 4043 2041 4113 possessionis
2083 4043 2204 4113 ejus

567 4138 711 4188 esset
736 4150 918 4188 unum
948 4151 1065 4202 cor,
1090 4139 1146 4189 et
1188 4135 1415 4188 animus
1442 4152 1590 4189 unus
1623 4152 1636 4190 :
1674 4139 1797 4191 Pete
1831 4153 1864 4190 a
1904 4152 1985 4191 me
2018 4136 2129 4205 (ait)
2158 4141 2208 4190 et

566 4227 705 4280 dabo
746 4227 848 4281 tibi
885 4231 1063 4295 gentes
1110 4228 1480 4282 hereditatem
1524 4233 1693 4297 tuam,
1739 4234 1791 4283 et
1824 4231 2207 4299 possessionem

566 4324 716 4374 tuam
739 4323 988 4376 terminos
1016 4325 1171 4376 terrae
1206 4321 1426 4390 (Psalm.
1452 4324 1547 4389 11);
1574 4326 1874 4392 pr0pterea
1901 4325 1956 4375 et
1987 4338 2050 4375 ex
2090 4337 2206 4377 uno

565 4414 799 4468 homine
828 4419 1203 4485 propagatum
1244 4418 1328 4469 est
1364 4414 1873 4479 omne,hominum
1914 4430 2113 4486 genus,
2141 4418 2207 4468 ut

565 4511 664 4583 qui
684 4528 754 4565 ex
775 4528 891 4565 uno
909 4511 1007 4564 illo
1024 4512 1397 4584 procederent
1417 4527 1601 4566 unum
1618 4517 1903 4582 saperent,
1924 4512 2204 4567 unitatem

2302 3368 2439 3427 tem,
2483 3378 2549 3415 eo
2591 3362 2743 3433 quod
2787 3360 3103 3415 adulterino
3147 3376 3341 3416 amore
3383 3361 3583 3432 diligat
3630 3361 3946 3429 Christum,

2301 3476 2419 3515 non
2447 3460 2658 3529 uxoris,
2686 3460 2784 3515 sed
2809 3459 3140 3514 concubina:
3177 3458 3392 3513 obtinet
3432 3459 3646 3514 locum.
3675 3460 3949 3523 Quoniam

2303 3574 2503 3613 revera
2526 3558 2666 3613 duos
2690 3557 2825 3612 dicit
2848 3556 3136 3628 Scriptura
3164 3572 3287 3612 esse
3326 3556 3385 3610 in
3422 3572 3591 3611 carne
3619 3572 3743 3611 una
3765 3574 3784 3626 ;
3814 3556 3951 3611 vide-

2304 3657 2436 3712 licet
2475 3656 2761 3712 Christum
2800 3658 2858 3710 et
2900 3654 3223 3724 ecclesiam,
3271 3670 3387 3725 quo
3437 3655 3629 3709 locum
3680 3654 3947 3710 meretrix

2304 3755 2526 3809 nullum
2565 3754 2783 3809 invenit
2811 3752 3065 3808 tertium.
3103 3755 3221 3807 Una
3256 3758 3335 3808 est
3376 3754 3518 3807 enim
3548 3751 3648 3819 (ait
3671 3750 3945 3821 Christus)

2304 3855 2481 3908 amica
2526 3867 2666 3913 mea,
2707 3867 2818 3905 una
2858 3856 2936 3906 est
2976 3866 3175 3921 sponsa
3216 3867 3357 3914 mea,
3399 3866 3509 3905 una
3551 3856 3632 3906 est
3674 3854 3944 3919 genitricis

2302 3965 2413 4004 suae
2438 3951 2557 4019 ﬁlia
2583 3949 2760 4019 (Cant.
2794 3949 2889 4019 v1).
2919 3950 2998 4003 De
3023 3965 3137 4020 quo
3164 3949 3301 4004 item
3321 3948 3521 4003 eadem
3550 3948 3802 4004 Ecclesia
3828 3965 3940 4019 pro-

2305 4046 2530 4101 nuntiat
2554 4046 2784 4102 dicens?
2806 4049 2920 4117 Ego
2946 4048 3138 4103 dilecto
3168 4062 3307 4113 meo;
3335 4051 3384 4102 et
3403 4047 3632 4101 dilectus
3648 4063 3800 4103 meus
3819 4048 3941 4101 mihi

2308 4147 2483 4215 (Cant.
2502 4146 2620 4215 v11).
2643 4146 2912 4209 Quaerant.
2938 4162 3088 4200 nunc
3111 4147 3373 4214 haereses,
3396 4162 3429 4198 a
3446 4161 3560 4216 quo
3576 4150 3937 4217 constupran-

2308 4247 2401 4297 tur
2409 4243 2493 4297 vel
2505 4243 2666 4313 cujus
2677 4243 2791 4297 sint
2804 4243 3184 4313 prostibulum
3199 4242 3660 4313 factaezquoniam
3675 4243 3749 4297 ab
3762 4243 3943 4297 imma-

2308 4340 2490 4394 culato
2501 4344 2628 4394 toro
2644 4345 2998 4395 recesserunt
3010 4339 3217 4395 Christi
3224 4357 3279 4407 ;a
3292 4356 3405 4410 quo
3418 4344 3634 4411 quanto
3646 4340 3936 4411 pretiosam

2308 4453 2426 4491 esse
2438 4437 2698 4491 novimus
2709 4436 2971 4508 c0pulam
2985 4437 3293 4506 charitatis,
3313 4441 3466 4491 tanto
3488 4438 3668 4491 Deum
3688 4437 3799 4491 hac
3818 4437 3937 4491 cele-

2308 4536 2511 4591 britate
2541 4536 2840 4591 laudemus
2871 4552 2884 4589 :
2914 4536 3069 4607 quod
3102 4541 3318 4606 gentes,
3344 4553 3449 4606 pro
3482 4536 3691 4606 quibus
3721 4533 3934 4606 sanguis

563 4610 883 4706 Ψξξθτένθῐξῖ
907 4609 964 4660 et
988 4605 1310 4706 δίῘίξθΓθῖξί·
1340 4606 1488 4706 Οτάξ)
1538 4606 1980 4706 θἚο-ηξὶωΓδοῙίδ
2024 4623 2201 4706 ⁸7³90⁸
2224 4614 2283 4685 D
2305 4636 2459 4689 fusus
2488 4634 2773 4706 Unigeniti
2798 4636 2907 4700 sui,
2934 4605 3050 4688 non
3078 4651 3275 4705 passus
3301 4605 3385 4688 est
3414 4605 3571 4687 extra
3599 4652 3781 4689 unum
3810 4605 3936 4689 ovile

564 4698 667 4753 scit
680 4703 742 4753 ut
757 4698 857 4770 qui
880 4716 950 4753 ex
972 4716 1085 4753 uno
1107 4699 1339 4754 homine
1360 4700 1597 4755 trahunt
1615 4698 1919 4769 originem,
1945 4705 2204 4756 mutuam

564 4795 793 4845 teneant
828 4792 1190 4847 charitatem:
1223 4809 1326 4848 nec
1352 4792 1686 4848 dissentiant
1726 4808 1759 4846 a
1788 4792 1921 4847 tidei
1947 4795 2203 4864 veritate,

564 4883 660 4954 qui
704 4900 816 4938 non
845 4885 1250 4957 disjunguntur
1288 4887 1532 4941 naturali
1581 4885 1911 4957 propagine.
1961 4887 2207 4941 Haereses

563 4992 718 5046 vero,
751 4981 808 5031 et
836 4977 1133 5034 divisiones
1170 4995 1201 5034 e
1241 4979 1396 5034 fonte
1437 4983 1668 5033 manant
1704 4978 2006 5048 vitiorum;
2048 4980 2205 5034 unde

561 5070 817 5142 quisquis
838 5071 909 5125 ad
931 5071 1223 5127 lenitatem
1262 5073 1431 5141 venit,
1461 5089 1530 5127 ex
1558 5072 1693 5127 vitio
1718 5072 1787 5126 ad
1818 5076 2082 5126 naturam
2109 5089 2204 5126 re-

565 5165 649 5219 dit
677 5181 689 5218 :
719 5164 851 5235 quia
877 5164 1019 5218 sicut
1044 5170 1262 5219 naturae
1290 5172 1375 5219 est
1398 5164 1522 5219 ﬁeri
1553 5182 1624 5221 ex
1652 5165 1910 5236 pluribus
1927 5165 2206 5219 unitatem

566 5259 761 5327 [Forte,
802 5258 872 5312 ad
911 5258 1230 5328 unitatem],
1273 5259 1351 5313 sic
1397 5263 1481 5313 est
1522 5258 1663 5328 vitii,
1706 5259 2076 5313 fraternitatis
2105 5259 2205 5314 de-

566 5351 772 5406 clinare
825 5351 1206 5407 dulcedinem.
1254 5351 1556 5423 Erigamur
1584 5368 1721 5423 ergo
1748 5356 1864 5407 tota
1907 5357 2118 5418 mente,
2147 5352 2205 5405 in

566 5444 803 5513 gaudio;
836 5449 899 5498 ut
926 5445 1060 5515 quia
1086 5449 1282 5516 gentes
1318 5444 1505 5499 studio
1540 5444 1863 5500 decertandi
1895 5445 2206 5516 perierant,

566 5534 792 5589 sibimet
819 5536 878 5590 in
904 5537 1211 5591 amicitiam
1249 5537 1504 5592 Christus
1532 5553 1708 5591 unam
1734 5537 2039 5591 Ecclesiam
2072 5553 2207 5608 pro-

565 5632 809 5697 curaret,
843 5629 901 5682 in
928 5646 1043 5699 qua
1068 5646 1161 5685 eas
1186 5646 1381 5684 rursus
1424 5630 1721 5685 reduceret
1747 5629 2046 5683 concordia
2070 5629 2208 5684 cha-

566 5719 765 5772 ritatis.
786 5721 862 5773 De
883 5720 987 5774 hac
1007 5722 1262 5792 profecto
1283 5723 1525 5777 Ecclesia
1548 5721 1888 5776 vaticinatur
1907 5722 2207 5793 propheta,

568 5808 792 5862 dicens:
824 5814 1016 5865 Domus
1063 5830 1183 5866 mea
1228 5816 1419 5869 domus
1462 5816 1722 5869 orationis
1771 5815 2047 5869 vocabitur
2093 5831 2208 5869 om-

569 5899 728 5951 nibus
774 5903 1022 5966 gentibus
1064 5906 1189 5974 (lsu.
1223 5908 1278 5977 u)
1298 5923 1317 5976 ε
1354 5911 1407 5962 et
1449 5907 1660 5963 iterum
1693 5922 1705 5962 :
1737 5910 1859 5963 Erit
1898 5907 2121 5980 (inquit)
2152 5910 2211 5962 in

2305 4734 2513 4788 diaboli
2540 4733 2804 4788 dentibus
2848 4730 3123 4786 devorari.
3153 4732 3366 4801 Lugeat
3406 4731 3586 4802 igitur
3628 4736 3937 4787 veternosus

2308 4833 2497 4903 praedo
2524 4848 2683 4885 suam
2714 4830 2965 4901 praedam
2996 4828 3267 4896 amisisse,
3298 4827 3435 4899 quia
3462 4828 3768 4899 impletum
3802 4828 3936 4882 vide-

2310 4946 2435 4983 mus
2494 4929 2645 4999 quod
2698 4927 2973 4998 propheta
3019 4926 3354 4979 vaticinante
3422 4925 3744 4979 audivimus
3805 4925 3933 4998 (Isai.

2310 5027 2447 5098 xux)
2491 5045 2508 5081 :
2548 5026 2814 5096 Equidem
2850 5024 3072 5095 (inquit)
3101 5025 3211 5078 haec
3255 5026 3547 5094 captivitas
3599 5040 3634 5076 a
3672 5026 3818 5090 forti
3853 5021 3935 5077 tol-

2309 5127 2441 5180 litur
2470 5123 2751 5196 [tolletur],
2783 5128 2835 5178 et
2864 5123 3007 5193 quod
3033 5122 3277 5176 ablatum
3300 5124 3488 5189 fuerat
3520 5138 3553 5175 a
3580 5122 3821 5184 robusto,
3846 5120 3934 5176 sal-

2310 5229 2474 5278 vatur
2509 5220 2849 5294 [salvabitur]
2877 5237 2890 5286 ;
2918 5219 3195 5291 parietem
3241 5218 3397 5274 enim
3437 5218 3759 5289 discordias,
3792 5232 3936 5291 quem

2306 5321 2678 5376 fabricaverat
2700 5319 2981 5385 diabolus,
3011 5334 3121 5389 pax
3146 5316 3353 5371 Christi
3393 5316 3674 5371 destruxit
3724 5333 3739 5370 :
3773 5324 3831 5372 et
3853 5315 3932 5369 do-

2308 5437 2455 5490 mus,
2475 5435 2604 5491 quas
2632 5418 2903 5473 divisione
2923 5417 2982 5471 in
3005 5418 3265 5470 mutuam
3293 5415 3545 5470 certabat
3582 5415 3821 5482 caedem,
3844 5427 3930 5467 uno

2302 5521 2423 5591 jam
2468 5518 2691 5574 Christo
2730 5516 2916 5587 lapide
2958 5513 3219 5586 angulari
3271 5513 3663 5584 conjungitur.
3697 5514 3929 5568 Dicamus

2310 5629 2448 5685 ergo
2475 5627 2671 5667 omnes
2701 5627 2715 5665 :
2747 5610 2934 5665 Gloria
2968 5610 3028 5662 in
3063 5608 3281 5662 excelsis
3307 5608 3432 5669 Deo,
3463 5611 3515 5660 et
3557 5608 3616 5661 in
3667 5611 3815 5662 terra
3839 5616 3929 5677 pa:

2311 5711 2611 5766 hominibus
2668 5709 2813 5763 bona
2867 5707 3166 5760 voluntatis
3215 5704 3365 5774 (Luc.
3394 5704 3475 5773 ιι).
3521 5704 3755 5759 Nullum
3804 5702 3927 5760 enim

2311 5808 2614 5879 praemium
2639 5803 2903 5861 charitati
2931 5807 3351 5874 compensatur.
3382 5801 3519 5857 Inde
3550 5803 3713 5857 omni
3754 5797 3926 5874 gaudio

2309 5903 2687 5978 praeponitur,
2721 5904 2854 5976 quia
2878 5906 2938 5961 et
2963 5900 3207 5959 charitas
3245 5899 3396 5958 facta
3415 5904 3520 5973 est,
3540 5916 3671 5974 qua:
3703 5898 3923 5957 omnium
