4034 6228
104 267 235 323 897
808 306 813 309 Α
1203 266 1521 325 ΑΝἸῸΝΙΝΙ
1559 268 1697 324 ΡΙιΑε

1913 269 1955 325 Π
1995 270 2453 327 ITINERARIUM.
3403 281 3506 337 898

102 373 405 428 virtutem
451 373 676 429 obtinet
711 373 1118 446 principatum.
1168 375 1442 464 superest
1480 380 1673 432 autem
1716 381 1776 432 ut
1798 391 1855 464 Α
1876 377 1993 447 stis,
2026 380 2207 434 Deum
2234 380 2501 451 precibus
2529 380 2833 449 adeamus;
2864 385 2926 437 ut
2954 399 3221 455 regnum,
3252 389 3310 441 et
3338 403 3499 459 gens,

108 468 497 523 unanimiter
530 485 714 523 unum
750 486 953 524 omnes
986 486 1236 540 regnum
1278 470 1485 540 effecti,
1520 475 1637 526 tam
1670 489 1774 544 pro
1877 489 2005 543 quas
2033 472 2318 529 Christum
2356 474 2695 545 gloriﬁcavit
2739 477 2797 531 in
2838 478 3025 547 terris,
3055 479 3407 550 gloriﬁcetur
3435 483 3506 536 ab

105 560 448 616 stabilitate
478 563 645 633 regni
676 562 913 629 terreni,
935 580 1110 635 quam
1134 564 1399 621 felicitate
1425 565 1593 636 regni
1618 567 1776 621 cmle—
1875 565 1970 620 illo
2003 582 2120 621 non
2152 568 2337 622 solum
2366 567 2424 622 in
2456 569 2643 637 terris,
2677 570 2776 624 sed
2811 571 2987 627 etiam
3014 572 3074 627 in
3106 574 3276 629 caelis.
3304 578 3505 631 Amen.

570 915 1541 1037 AUCTOBES
1662 918 2163 1039 INGEI

1475 920 1541 1036 Β
1662 918 2417 1039 INGERTI
2541 924 3068 1044 ANNI.

690 1202 1649 1542 ANTONINUS
1743 1306 2982 1545 PLACEN’I‘INUSI

1437 1817 1757 1872 ΑΝΤΟΝῘΝΙ
1796 1818 2198 1874 PLACENTINI

1247 1949 2406 2063 ITINERARIUM.

1487 2122 1740 2183 (Bolland.
1771 2122 1890 2173 Maii
1913 2126 2041 2174 tom.
2073 2124 2154 2185 II.)

121 1140 3505 1170 ————s——__—__——_————__—_—:—_———————_

120 1156 3504 1186 Mn

129 1665 3500 1693 ..ρ-Μ

1525 2378 2118 2454 PROLOGUS.

193 2637 563 2693 Tornacense
589 2654 699 2694 ms.
732 2639 960 2694 titulum
992 2641 1143 2694 hunc
1174 2640 1409 2712 praefert
1440 2659 1453 2697 :
1482 2646 1557 2698 De
1579 2644 1705 2697 locis
1725 2646 1930 2699 sanctis
1950 2645 2487 2715 quae'perambulavit
2506 2646 2690 2701 beatus
2716 2648 3025 2703 Antoninus
3048 2654 3280 2717 martyr.
3302 2648 3506 2706 Biblio-

119 2726 310 2782 theca:
344 2732 542 2783 autem
561 2729 846 2784 Vaticanae
871 2729 1059 2785 Codex
1100 2731 1202 2785 sub
1231 2747 1474 2786 numero
1509 2736 1633 2800 636,
1657 2732 1746 2787 cui
1774 2732 1969 2787 titulus
1988 2733 2154 2789 Beda:
2181 2737 2239 2787 et
2263 2734 2529 2801 aliorum,
2550 2738 2886 2806 opusculum
2912 2738 3071 2792 idem
3094 2738 3171 2792 sic
3201 2739 3458 2793 inscribit
3486 2758 3499 2795 :

116 2818 339 2871 Relatio
362 2821 519 2873 Beati
539 2819 806 2874 Antonini
830 2823 1113 2890 martyris.
1142 2825 1216 2876 De
1239 2823 1355 2883 hoc,
1390 2822 1578 2893 inquit
1606 2824 1775 2876 Pater
1806 2823 2004 2877 Daniel
2039 2840 2073 2876 a
2097 2823 2328 2894 Virgine
2374 2825 2546 2878 Maria
2576 2824 2636 2879 in
2674 2828 2846 2881 Vinea
2872 2828 3107 2885 Carmeli
3138 2844 3297 2882 num.
3344 2831 3498 2893 1331,

113 2906 383 2961 Molanus
403 2907 461 2960 in
482 2908 885 2981 Martyrologio
908 2910 981 2964 ad
1003 2910 1159 2964 diem
1186 2914 1247 2965 13
1267 2912 1621 2982 Novembris,
1644 2913 1934 2967 Placentia
1959 2914 2230 2969 Revelatio
2256 2916 2435 2968 sancti
2458 2916 2725 2971 Antonini
2745 2919 3027 2986 martyris.
3058 2917 3169 2971 Sed
3201 2917 3504 2972 addiderat

117 2996 411 3061 notulam,
439 2998 505 3049 ut
534 2996 885 3067 signiﬁcaret
914 2999 1124 3053 festum
1155 2999 1265 3054 hoc
1297 3016 1418 3054 esse
1440 3001 1634 3055 minus
1654 3000 1969 3072 principale
2000 2992 2162 3057 istius
2192 3003 2395 3071 sancti,
2432 3020 2536 3057 nec
2557 3004 2617 3058 in
2642 3006 2901 3060 Usuardo
2928 3009 3248 3077 repertum,
3278 3006 3378 3060 sed
3405 3006 3501 3060 ali-

114 3086 285 3141 unde
328 3088 648 3155 acceptum.
680 3087 998 3159 Principale
1026 3093 1221 3145 autem
1252 3090 1464 3144 festum
1492 3093 1613 3145 tam
1641 3091 1795 3161 apud
1823 3091 2112 3162 antiquos,
2141 3110 2316 3163 quam
2362 3093 2421 3147 in
2450 3094 2713 3149 Romano
2746 3094 3027 3150 hodierno
3056 3098 3289 3149 notatur
3318 3095 3409 3150 die
3436 3099 3503 3151 30

118 3176 519 3248 Septembris;
543 3179 640 3234 ubi
662 3178 939 3233 Batonius
963 3180 1241 3234 lectorem
1268 3180 1511 3235 remittit
1535 3180 1609 3235 ad
1634 3182 1869 3235 Petrum
1904 3180 1974 3235 de
1990 3182 2283 3237 Natalibus
2303 3182 2399 3238 lib.
2425 3200 2542 3251 vm,
2563 3201 2690 3255 cap.
2724 3187 2841 3242 133.
2865 3186 2978 3240 Cur
3006 3185 3116 3238 huc
3144 3201 3262 3238 non
3282 3184 3503 3238 remisit

116 3287 231 3326 nos
255 3273 429 3327 Pater
454 3268 696 3326 Daniel?
742 3268 1102 3339 Legissemus
1134 3269 1212 3322 ibi
1254 3269 1410 3341 quod
1443 3290 1471 3317 «
1501 3270 1742 3325 Sanctus
1771 3270 2098 3324 Antoninus
2138 3274 2424 3345 martyr...
2467 3273 2538 3327 de
2578 3273 2925 3328 Placentinis
2963 3273 3174 3327 ﬁnibus
3216 3289 3497 3344 egressus,

118 3378 231 3433 per
254 3361 569 3416 orientales
600 3358 922 3430 provincias
950 3359 1343 3428 pertransivit,
1373 3363 1430 3414 et
1448 3361 1630 3415 multa
1660 3359 1942 3414 miracula
1972 3361 2128 3429 fecit,
2154 3361 2389 3417 demum
2417 3362 2489 3417 ab
2521 3362 2844 3417 inﬁdelibus
2868 3366 3077 3431 tentus,
3101 3368 3159 3416 et
3178 3362 3362 3435 capite
3391 3379 3501 3418 cae-

119 3468 219 3506 sus
245 3450 500 3522 glorioso
529 3448 808 3519 martyrio
830 3451 1136 3513 coronatus
1158 3450 1279 3503 est?
1308 3470 1336 3497 ‹‹
1359 3449 1473 3504 Sed
1499 3449 1610 3504 ista
1632 3450 1910 3520 legentes,
1946 3450 2123 3504 etiam
2152 3451 2508 3522 legissemus,
2536 3453 2692 3522 quod
2714 3452 2819 3507 iste
2861 3475 2889 3501 ‹‹
2913 3456 3159 3507 sanctus
3184 3452 3505 3507 Anteninus

116 3541 233 3595 fuit
262 3557 332 3593 ex
369 3556 528 3595 sacra
561 3538 790 3609 legione
829 3537 1228 3607 Thebaaorum,
1261 3542 1321 3593 et
1350 3539 1537 3594 socius
1574 3540 1730 3594 beati
1769 3538 2017 3594 Mauritii
2056 3542 2349 3611 martyris.
2384 3565 2411 3591 ››
2454 3544 2570 3596 Hoc
2611 3546 2806 3596 autem
2848 3542 3100 3596 indicare
3128 3541 3348 3609 lectori,
3379 3548 3503 3596 erat

116 3636 387 3685 evertere
420 3631 601 3683 totam
632 3626 1036 3682 auctoritatem
1063 3628 1187 3698 ejus
1207 3629 1422 3700 scripti,
1453 3629 1543 3683 cui
1571 3645 1799 3683 summa
1818 3628 1963 3683 ﬁdes
1990 3631 2407 3700 postulabatur.
2442 3631 2589 3684 Fieri
2619 3631 2776 3684 enim
2818 3648 2936 3685 non
2966 3633 3211 3701 poterat,
3247 3634 3311 3683 ut
3344 3630 3499 3683 idem

117 3718 227 3773 sub
259 3718 618 3773 Diocletiano
651 3734 717 3771 ac
747 3716 1090 3772 Maximiano
1119 3717 1567 3787 imperatoribus
1591 3719 1909 3786 militasset,
1942 3718 2084 3773 duce
2115 3722 2312 3773 sancto
2349 3719 2629 3787 Mauritio,
2658 3720 2819 3790 cujus
2845 3718 3188 3790 martyrium
3217 3735 3367 3773 anno
3398 3720 3501 3772 297

118 3807 361 3862 ascribit
388 3806 665 3862 Baronius
689 3823 703 3872 ;
728 3809 786 3859 et
812 3823 880 3860 ea
911 3806 1108 3861 omnia
1136 3807 1447 3878 reperisset
1466 3808 1525 3863 in
1551 3810 1726 3863 Terra
1753 3810 1979 3875 Sancta,
2009 3825 2137 3879 quas
2167 3808 2258 3862 hic
2294 3811 2624 3877 narrantur,
2659 3825 2901 3879 quaeque
2935 3824 3053 3862 non
3079 3807 3188 3861 nisi
3211 3808 3317 3862 sub
3351 3810 3500 3863 Con-

116 3896 378 3953 stantino
398 3897 602 3968 Magno
625 3899 924 3967 cmperunt
942 3896 1330 3962 innotescere;
1364 3900 1427 3950 ut
1453 3897 1523 3951 de
1548 3897 1868 3953 Iustiniano
1889 3896 2033 3951 nihil
2055 3896 2267 3965 dicam,
2290 3898 2453 3968 cujus
2468 3898 2560 3952 hic
2581 3898 2801 3952 mentio
2824 3898 2890 3951 ﬁt
2909 3896 3236 3968 aliquoties,
3265 3900 3323 3950 et
3337 3896 3500 3965 cujus

112 3986 438 4060 imperium
466 3986 634 4057 coepit
658 4002 812 4039 anno
845 3989 965 4040 527.
996 3986 1115 4057 Ego
1136 3989 1197 4040 ut
1223 3986 1521 4041 neminem
1552 3986 1643 4040 hic
1673 4003 1898 4053 accuso,
1928 3986 2006 4040 sic
2032 4003 2138 4042 nec
2170 3989 2309 4058 puto
2342 3987 2482 4041 mihi
2508 3987 2873 4058 sequendum
2904 3986 3230 4057 exemplum
3262 3986 3409 4051 tale;
3442 3988 3501 4039 et

114 4076 331 4133 Leonis
360 4075 549 4130 Allatii
573 4075 857 4145 judicium
884 4074 1074 4143 laudo,
1106 4076 1201 4146 qui
1223 4075 1508 4131 Vaticana:
1532 4076 1899 4131 Bibliotheca:
1921 4082 2302 4131 monumenta
2322 4077 2520 4131 omnia
2542 4076 2844 4132 notissima
2866 4076 3107 4143 habens,
3131 4075 3241 4130 alia
3264 4075 3500 4146 quidem

114 4166 259 4222 inde
287 4164 568 4235 excerpsit
607 4164 932 4235 Symmictis
961 4165 1077 4219 suis
1105 4166 1507 4237 adjungenda;
1543 4166 1643 4220 sed
1672 4166 2036 4221 ltincrarium
2062 4166 2118 4222 S.
2148 4167 2426 4222 Antonini
2459 4166 2731 4239 martyris
2763 4184 2975 4222 nomen
3009 4167 3342 4238 praeferens,
3377 4166 3501 4220 luce

114 4256 355 4329 publica
375 4255 683 4325 indignum
712 4255 951 4309 censuit.
978 4255 1069 4310 Sic
1095 4262 1291 4310 autem
1313 4257 1554 4323 censuit,
1584 4274 1699 4311 non
1722 4260 1947 4311 tantum
1971 4258 2105 4328 quia
2129 4258 2377 4329 tempori
2404 4275 2517 4313 non
2548 4274 2651 4313 suo
2673 4258 3007 4329 ascriptum,
3033 4257 3133 4312 sed
3157 4257 3292 4327 quia
3312 4256 3499 4327 ipsum

118 4344 479 4410 inveniebat,
512 4360 631 4415 prae
657 4344 783 4398 aliis
813 4344 1015 4398 similis
1043 4346 1371 4417 argumenti
1410 4346 1621 4402 Latinis
1664 4347 1907 4419 scriptis,
1940 4348 2219 4403 refertum
2248 4349 2467 4403 fabellis
2493 4350 2665 4420 plane
2697 4348 2963 4414 anilibus,
2992 4363 3136 4418 quas
3168 4345 3332 4399 nobis
3364 4346 3501 4399 satis

120 4435 237 4489 erit
256 4432 529 4488 asterisco
546 4435 569 4458 ‘
582 4436 806 4502 notare,
822 4438 886 4489 ut
898 4434 1160 4490 animum
1173 4436 1645 4492 advertatlector.
1666 4437 1737 4492 lis
1751 4454 1944 4509 porro,
1966 4438 2065 4509 qui
2078 4439 2250 4510 paulo
2267 4438 2554 4494 notiorem
2574 4438 3055 4493 habentlocorum
3072 4435 3262 4500 situm,
3284 4434 3498 4504 quique

122 4524 271 4579 alias
284 4525 556 4594 legerunt
580 4523 874 4578 itineraria
894 4542 1055 4580 sacra
1076 4528 1248 4598 atque
1270 4528 1533 4598 profana,
1556 4528 2041 4583 considerandum
2080 4528 2368 4598 relinquo,
2392 4531 2586 4582 utrum
2608 4528 2667 4581 in
2684 4528 2792 4582 hac
2813 4524 3089 4580 relatione
3108 4522 3351 4577 inveniri
3372 4538 3501 4592 pos-

123 4614 201 4667 sit
226 4613 712 4669 verisimilisratio
738 4613 958 4669 itineris
984 4614 1249 4687 alicujus;
1267 4617 1364 4670 ubi
1388 4618 1528 4671 nihil
1543 4618 1872 4673 ordinatum
1891 4617 2318 4687 digestumque,
2337 4633 2404 4670 ex
2416 4634 2577 4671 more
2595 4632 2800 4671 eorum
2819 4614 2916 4686 qui
2936 4613 3255 4685 prudenter
3267 4614 3326 4665 et
3341 4616 3497 4666 certo

124 4704 301 4758 ductu
326 4703 808 4775 peregrinantur;
839 4704 1430 4775 sedjconfusa'omnia,
1460 4706 1615 4760 velut
1642 4705 1686 4760 si
1717 4723 1822 4777 per
1851 4704 2142 4759 somnium
2175 4721 2267 4758 res
2293 4707 2498 4776 agatur
2518 4704 2576 4758 in
2605 4707 2822 4770 mente,
2851 4719 2970 4756 non
2993 4704 3188 4755 autem
3216 4715 3496 4771 corporeo

122 4797 289 4851 motu
320 4810 494 4865 super
513 4799 751 4849 terram.
778 4795 1049 4849 Antonini
1067 4796 1369 4850 Placentini
1382 4797 1736 4850 ltincrarium
1754 4794 2089 4866 simpliciter
2110 4792 2325 4861 vocavi,
2345 4797 2407 4848 ut
2422 4811 2611 4865 neque
2635 4808 2895 4848 errorem
2918 4788 3245 4845 evidentem
3271 4792 3499 4843 secutus

122 4884 346 4951 videar,
374 4884 420 4938 si
432 4884 718 4955 scripsero
741 4886 1038 4953 Marty-rem
1059 4903 1076 4949 ;
1098 4901 1287 4956 neque
1319 4901 1552 4956 prorsus
1574 4903 1606 4939 a
1620 4886 1745 4956 jam
1768 4888 1908 4939 nota
1935 4883 2320 4955 appellatione
2342 4883 2631 4949 recedam,
2661 4882 2708 4936 si
2735 4881 2948 4937 omisso
2973 4880 3211 4935 nomine
3231 4881 3503 4935 Antonini

123 4990 407 5029 vocavere
437 4973 718 5042 Anonymi
736 4975 1105 5042 ltincrarium;
1136 4978 1398 5045 respectu
1430 4975 1678 5029 auctoris
1700 4990 1917 5030 nomen
1949 4990 2118 5027 suum
2154 4990 2271 5027 non
2305 4971 2696 5043 exprimentis.
2722 4972 2880 5026 Nunc
2907 4970 3095 5042 ipsum
3127 4970 3278 5041 lege,
3303 4973 3361 5024 et
3401 4970 3497 5024 ad-

126 5064 461 5119 notationes
504 5064 607 5117 sub
654 5065 809 5118 textu
856 5064 1165 5136 appositas.
1215 5066 1285 5120 Ut
1308 5081 1443 5119 vero
1470 5065 1648 5120 etiam
1681 5064 2009 5119 discernere
2036 5064 2224 5117 valeas
2270 5079 2337 5117 ea
2363 5062 2509 5127 loca,
2544 5078 2671 5131 quae
2701 5061 2833 5116 hinc
2866 5063 3133 5132 excerpta
3164 5059 3330 5114 nobis
3362 5058 3500 5129 obji-

126 5154 379 5223 ciuntur,
406 5159 686 5225 tanquam
712 5154 1002 5209 luculenta
1022 5158 1323 5225 praetensae
1346 5154 1706 5226 antiquitatis
1729 5154 2099 5221 documenta,
2128 5149 2341 5223 placuit
2360 5150 2459 5205 illa
2482 5150 2673 5205 Italico
2693 5150 3026 5206 charactere
3057 5150 3492 5220 repraesentare.

198 5349 221 5420 ξ
246 5345 461 5420 Martyr
484 5342 692 5420 saeculo
719 5357 801 5408 vr;
836 5340 1397 5420 subﬁujusnomine
1430 5339 1646 5420 incerta
1676 5341 1786 5395 llde
1818 5339 2399 5420 f_ertur,_ltinerarium
2428 5340 2493 5395 de
2523 5339 2657 5420 locis
2677 5340 2856 5420 Terrae
2894 5337 3247 5420 sanctaque
3274 5347 3494 5420 peramf

128 5415 359 5479 bulavit,
387 5402 756 5486 praemissum
771 5402 815 5486 _a
842 5402 1235 5486 Papebi‘ochio
1265 5410 1802 5486 Actis‘Sanctorum,
1825 5402 2073 5486 tomo'll
2098 5411 2249 5486 Maii,
2280 5411 2609 5483 Antuerpia:
2641 5411 2794 5475 1680,
2829 5406 3045 5471 in-fol.,
3070 5402 3244 5474 atque
3273 5402 3493 5457 editum

123 5481 446 5560 primum‘a
474 5484 709 5541 Claudio
739 5482 1033 5540 Menardo.
1062 5482 1359 5552 Andegavi
1390 5481 1505 5536 sive
1529 5483 1716 5537 Julion

634 5484 709 5539 lio
739 5482 1033 5540 Menardo.
1062 5482 1359 5552 Andegavi
1390 5481 1505 5536 sive
1529 5483 1839 5553 Juliomagi
1866 5484 2022 5552 1640,
2056 5483 2227 5538 ἱη-4ο.
