4034 6228
572 258 3946 295 W

1601 325 2901 494 ITINEBABIUM.

1846 523 1940 593 (Ex
1971 536 2066 572 ms.
2100 521 2290 572 Codice
2316 522 2676 585 Tornacensi.)

2038 618 2472 631 __

638 682 687 732 1.
734 679 1052 733 Procedente
1083 679 1242 751 .beato
1293 677 1572 732 Antonino
1626 682 1870 747 martyre
1920 693 2033 731 una
2081 693 2199 731 cum
2220 688 2281 760 Α
2373 679 2425 731 3.
2453 676 2522 730 Et
2552 677 2689 731 inde
2714 676 2981 731 venimus
3012 676 3071 730 in
3103 680 3295 747 partes
3332 676 3510 748 Syrias
3540 674 3621 747 [et
3659 675 3954 728 civitatem

562 771 777 839 collegis
798 772 822 800 ⁸
851 774 985 833 suis,
1017 787 1083 824 ea:
1110 786 1167 824 eo
1203 771 1347 839 quod
1370 773 1645 825 civitatem
1660 772 1997 825 Placentiam
2022 786 2194 838 egres-

560 879 651 918 sus
680 869 776 925 est,
824 866 879 916 in
909 864 1104 931 quibus
1149 864 1280 918 locis
1308 866 1688 933 peregrinatus
1723 869 1820 926 est,
1856 867 1936 919 ire
1972 866 2201 933 vestigia

563 955 763 1010 Christi
783 961 1078 1025 sequentes,
1106 960 1158 1010 et
1175 958 1444 1011 miracula
1470 962 1779 1013 sanctorum
1810 959 2201 1028 prophetarum

554 1049 840 1118 pervidere
874 1055 1163 1119 cmperunt.
1218 1052 1293 1104 Ita
1332 1050 1676 1105 exeuntibus
1710 1051 1876 1105 nobis
1907 1050 1978 1104 de
2022 1053 2197 1106 Cons-

561 1141 903 1211 tantinopoli
918 1142 1285 1212 pervenimus
1306 1143 1557 1213 Cyprum
1578 1143 1605 1183 δ
1633 1143 1695 1196 in
1714 1143 2005 1197 civitatem
2022 1144 2197 1198 Cons-

561 1233 827 1299 tantiam,
862 1235 920 1287 in
949 1251 1063 1306 qua
1089 1235 1397 1305 requiescit
1420 1239 1651 1290 sanctus
1689 1236 2045 1307 Epiphanius
2075 1252 2087 1290 :
2121 1236 2196 1289 ci-

559 1326 704 1380 vitas
736 1328 1297 1397 pulchra,deliciosa,
1332 1334 1538 1384 ornata
1568 1328 1778 1401 palmis
1811 1329 2195 1401 dactylorum.

561 1419 779 1474 Deinde
799 1422 1060 1476 venimus
1082 1423 1340 1493 partibus
1361 1422 1559 1493 Syrias,
1588 1423 1647 1478 in
1670 1423 1919 1478 insulam
1947 1421 2198 1479 Santari-

561 1529 659 1567 cus
679 1523 700 1549 ο
722 1514 797 1567 ad
807 1516 1035 1585 Tyrum.
1055 1518 1198 1571 Tunc
1216 1519 1457 1571 venimus
1479 1516 1883 1571 Tholomaidam
1900 1518 2198 1571 civitatem:

556 1608 735 1661 millia
755 1623 850 1662 sex
866 1610 921 1661 in
942 1611 1601 1665 castraSamaritanorum
1624 1610 1651 1649 ἀ
1680 1610 1941 1664 milliaria
1966 1625 2001 1663 a
2030 1608 2201 1677 Suga-

559 1702 672 1753 mia
696 1700 797 1753 sub
834 1706 1008 1757 monte
1049 1704 1311 1758 Carmelo.
1347 1704 1522 1773 Super
1558 1706 1679 1773 ipsa
1717 1708 1898 1757 castra
1940 1704 2201 1757 milliaria

558 1795 735 1855 semis,
764 1798 1148 1849 monasterium
1172 1796 1358 1850 Elisari
1376 1797 1674 1866 prapheta’,
1698 1797 1795 1849 ubi
1819 1798 2053 1851 occurrit
2078 1812 2198 1851 mu-

563 1886 682 1953 tier,
711 1887 859 1955 cuius
899 1888 1073 1956 ﬁlium
1118 1892 1422 1951 suscitavit,
1450 1892 1509 1943 in
1557 1893 1732 1943 monte
1778 1890 2039 1947 Carmelo.
2090 1889 2199 1943 lbi-

563 1995 677 2049 que
731 1983 817 2033 est
860 1984 1024 2050 petra
1078 1981 1305 2035 modica
1344 1981 1635 2036 rotunda‘
1672 1999 1685 2036 :
1717 1982 1950 2053 quando
2005 1981 2201 2053 exagi-

562 2075 717 2125 tatur
745 2076 930 2141 sonat,
962 2073 1097 2144 quia
1117 2074 1298 2128 solida
1321 2078 1427 2129 est.
1456 2075 1603 2128 Talis
1625 2079 1820 2129 autem
1842 2079 2022 2146 petrae
2054 2076 2205 2130 illius

567 2162 790 2237 [Supple
808 2165 1031 2239 virtus],
1060 2170 1123 2220 ut
1146 2167 1193 2221 si
1214 2184 1491 2239 suspensa
1519 2168 1694 2223 fuerit
1716 2169 1943 2222 mulieri
1973 2170 2059 2223 vel
2093 2169 2195 2223 ali-

562 2259 654 2312 cui
685 2260 941 2325 animali,
965 2260 1188 2330 jactum
1209 2270 1231 2297 °
1264 2277 1565 2332 nunquam
1585 2261 1755 2316 faciet
1790 2279 1801 2315 :
1834 2266 1893 2315 et
1922 2279 1955 2316 a
1980 2261 2203 2316 civitate

562 2368 616 2407 v1
640 2356 738 2407 aut
764 2370 839 2407 vn
858 2353 1039 2407 millia
1064 2358 1354 2424 personat.

634 2448 687 2499 ‘2.
716 2446 794 2499 De
823 2446 1194 2501 Tholomaida
1220 2447 1516 2501 maritima
1542 2448 1803 2502 venimus
1842 2447 1903 2501 in
1931 2448 2074 2502 lines
2100 2450 2204 2504 Ga-

564 2537 745 2605 lilteaa,
778 2539 836 2592 in
878 2540 1163 2594 civitatem
1209 2557 1338 2611 qum
1381 2544 1615 2595 vocatur
1651 2542 2056 2597 Neocaesareaf
2096 2560 2109 2597 :
2145 2542 2201 2596 in

565 2648 681 2702 qua
710 2632 1078 2687 adoravimus
1104 2635 1359 2688 amulam
1376 2638 1435 2688 et
1459 2634 1819 2688 canistellum
1842 2640 2052 2690 sanctae
2087 2637 2201 2691 Ma-

564 2724 667 2778 riae
700 2740 713 2778 :
738 2724 796 2778 in
824 2742 938 2797 quo
968 2726 1093 2781 loco
1130 2729 1255 2780 erat
1281 2727 1553 2781 cathedra
1578 2727 1677 2781 ubi
1703 2727 1941 2782 sedebat
1970 2729 2203 2799 quando

565 2817 640 2872 ad
653 2834 782 2872 eam
800 2820 1041 2889 angelus
1057 2820 1344 2874 veniebat.
1370 2820 1589 2875 Deinde
1616 2821 1798 2875 millia
1814 2821 1924 2875 tria
1940 2822 2203 2877 venimus

563 2911 625 2966 in
654 2913 829 2980 Cana,
859 2913 1250 2985 ubi_Dominus
1292 2914 1399 2967 fuit
1435 2914 1508 2968 ad
1538 2915 1769 2986 nuptias
1802 2931 1814 2969 :
1851 2918 1909 2968 et
1944 2916 2206 2971 accubui-

564 3022 696 3060 mus
735 3006 793 3060 in
835 3006 957 3078 ipso
998 3007 1279 3073 accubitu,
1316 3007 1413 3062 ubi
1445 3024 1554 3079 ego
1584 3008 1858 3080 indignus
1892 3014 2203 3080 parentum

566 3116 833 3155 meorum
856 3101 1095 3155 nomina
1125 3101 1343 3173 scripsi.
1376 3103 1453 3155 Ex
1481 3102 1688 3173 quibus
1712 3102 1931 3173 hydrina
1962 3103 2091 3157 duae
2127 3104 2202 3158 ibi

566 3197 718 3247 sunt.
753 3194 985 3264 Implevi
1010 3212 1160 3265 aqua
1192 3198 1413 3261 unam',
1445 3198 1502 3249 et
1522 3196 1732 3266 protuli
1760 3213 1823 3251 ex
1856 3213 1926 3250 ea
1964 3197 2199 3251 vinum:

568 3291 627 3341 et
654 3286 713 3340 in
740 3287 984 3342 humero
1011 3289 1243 3359 plenam
1276 3289 1474 3353 levavi,
1506 3292 1564 3342 et
1608 3289 1785 3343 obtuli
1818 3289 1893 3344 ad
1922 3291 2118 3357 altare,
2148 3294 2205 3345 et

565 3377 689 3451 ipso
718 3379 776 3433 in
802 3380 961 3434 fonte
983 3380 1297 3435 lavavimus
1325 3398 1426 3452 pro
1458 3381 1887 3437 benedictione.

640 3523 667 3553 ⁸
690 3524 787 3579 Ms.
818 3524 1201 3591 Tornacense,
1230 3525 1436 3592 collega
1471 3538 1601 3591 suo;
1651 3524 1753 3579 sed
1783 3529 1943 3596 patet
1970 3542 2036 3581 ex
2074 3542 2209 3581 con-

567 3598 726 3652 textu
756 3612 913 3650 num.
947 3600 977 3649 7
1006 3596 1201 3667 plures
1231 3612 1265 3649 a
1294 3596 1569 3667 scriptore
1594 3596 1788 3667 induci
1816 3596 1998 3653 socios
2044 3597 2209 3652 itine-

569 3668 667 3735 ris,
697 3667 829 3721 ideo
860 3669 955 3722 Ms.
987 3666 1322 3738 vaticanum
1356 3666 1518 3738 sequi
1546 3666 1636 3720 hic
1664 3668 1862 3722 malui.

639 3741 668 3780 δ
698 3738 947 3811 Scivitne
992 3737 1084 3793 hic
1123 3737 1367 3811 scriptor
1401 3737 1964 3811 Constantinopolim
2004 3741 2063 3792 et
2103 3741 2211 3811 Cy-

567 3827 739 3885 prum
770 3810 888 3881 pari
910 3809 1211 3885 intervallo
1240 3809 1453 3885 distare
1486 3810 1556 3863 ab
1584 3808 1802 3885 italia}
1822 3814 1879 3864 et
1908 3811 1966 3885 in
1989 3808 2213 3879 Syriam

614 3879 807 3937 uideni
846 3884 1024 3953 recta!
1052 3879 1217 3934 ituris
1264 3881 1868 3953 prietemavigandam
1921 3884 2209 3952 Cyprum;

598 3951 1093 4023 lonstantinoplim
1122 3951 1411 4006 vero'illis
1448 3969 1564 4006 non
1612 3951 1798 4023 magis
1828 3951 2211 4007 necessariam

572 4042 697 4080 esse
725 4040 900 4095 quam
931 4023 1205 4095 Bruxella:
1236 4023 1350 4077 sint
1375 4023 1426 4077 ei
1458 4023 1555 4095 qui
1579 4024 1905 4095 Antuerpiee
1931 4026 2210 4090 moratur,

573 4099 638 4150 ut
672 4093 943 4149 Candavo
978 4093 1195 4164 Brugas
1217 4094 1563 4164 perveniat?

643 4178 666 4207 c
704 4165 931 4236 Nullam
972 4163 1281 4236 adTyrum
1328 4165 1577 4219 insulam
1614 4168 1828 4219 norunt
1865 4164 2207 4236 geographi,

574 4253 641 4292 ac
666 4254 741 4292 ne
771 4235 905 4289 alibi
936 4234 1191 4304 quidem,
1234 4252 1361 4305 quae
1407 4238 1640 4290 vocetur
1672 4234 2103 4293 Santericus‘vel
2139 4235 2211 4290 si-

573 4308 700 4365 mili
725 4307 919 4378 aliquo
937 4306 1207 4378 nomine.

644 4381 670 4421 ἀ
701 4376 899 4436 Castra
925 4377 1419 4447 Samaritanorum
1447 4392 1609 4447 aeque
1638 4376 1851 4447 ignotae
1882 4376 2214 4447 appellatio-

574 4449 664 4507 nis
694 4453 847 4506 sunt.
876 4450 1097 4505 Sunam
1118 4451 1333 4519 autem,
1368 4446 1459 4501 hic
1490 4446 1785 4519 S'ugamia,
1816 4446 1976 4501 unde
2002 4448 2215 4519 mulier

574 4520 892 4580 Sunamitis
938 4537 970 4574 χ
1015 4518 1283 4574 milliaria
1314 4518 1548 4573 horaria
1579 4518 1642 4573 ut
1682 4518 1995 4573 minimum
2042 4518 2215 4573 distat

572 4592 953 4661 Ptolemaide,
1011 4608 1118 4646 nec
1141 4589 1370 4645 modice
1411 4591 1576 4644 abest
1614 4606 1647 4644 a
1686 4595 1883 4645 monte
1928 4591 2209 4659 Carmelo,

573 4668 779 4722 saltem
810 4682 881 4720 ea
909 4660 1072 4735 parte
1100 4679 1212 4733 qua
1239 4661 1538 4735 prophetae
1569 4661 1889 4735 creduntur
1903 4660 2208 4735 habitasse.

646 4748 668 4773 ο
698 4731 928 4792 Νεβείᾶ
951 4751 1025 4788 an
1060 4731 1257 4804 jactus
1289 4731 1526 4786 nomine
1567 4733 1838 4804 aborsum
1876 4731 2167 4802 intelligat
2194 4748 2207 4804 ξ

574 4809 865 4866 modicam
892 4792 1129 4876 conciin
1146 4806 1395 4876 oportet,
1424 4820 1552 4874 quas
1579 4803 1961 4876 suspendatur
1983 4792 2209 4876 mulieri
2230 4792 2289 4864 D

573 4881 664 4936 vel
705 4878 941 4934 animali
985 4894 997 4930 :
1037 4873 1139 4930 sed
1184 4873 1353 4929 causa
1390 4873 1711 4945 portentosi
1756 4873 1976 4929 sonitus
2020 4874 2206 4940 reddi,

575 4949 921 5025 quiasolida
951 4952 1055 5025 est,
1087 4950 1208 5025 tam
1238 4949 1327 5025 est
1353 4946 1764 5025 incongruum,
1792 4962 1965 5025 quam
1994 4945 2041 4998 si
2061 4945 2211 5025 dica-

570 5016 670 5083 tur
697 5022 863 5077 facile
893 5018 1124 5091 gestari,
1155 5018 1291 5089 quia
1322 5016 1553 5091 gravis}
1576 5033 1715 5072 nam
1745 5019 1811 5071 ut
1829 5033 2041 5091 sonum
2071 5016 2208 5071 red-

574 5100 673 5156 dat
700 5086 1112 5159 petrafcavam
1145 5086 1268 5143 esse
1296 5086 1582 5156 convenit,
1616 5104 1734 5143 non
1764 5086 2032 5142 solidam.

641 5170 664 5213 ἲ
702 5158 1078 5225 Neocaesarea
1112 5160 1359 5216 Galliaeve
1396 5160 1552 5213 nulla
1581 5164 1687 5227 est,
1720 5158 1822 5213 sed
1864 5159 1924 5213 in
1953 5161 2212 5212 extrema

573 5242 754 5315 Syrias
780 5244 944 5315 parte
972 5233 1044 5289 ad
1070 5230 1293 5287 radices
1330 5231 1500 5315 Tauri
1527 5229 1745 5315 montis
1774 5247 1908 5315 una,
1941 5247 1974 5284 a
2003 5228 2213 5315 ﬁpibus

573 5299 823 5370 Galilieie
858 5308 986 5381 plus
1013 5319 1191 5381 quam
1233 5301 1653 5381 c_n_1illi_aribus
1690 5301 1931 5381 distans,
1964 5299 2212 5381 sednnec

573 5322 823 5370 Galilaaas
858 5322 984 5381 plus
1013 5322 1191 5430 quam
1233 5322 1261 5356 c
1310 5322 1653 5355 muuarwus
1690 5322 1931 5369 (natans,
1968 5322 2067 5355 seu
2108 5322 2210 5353 nec

573 5388 898 5443 Caesaream
929 5377 1029 5434 Phi
1056 5375 1197 5446 ippi,
1228 5373 1302 5428 ad
1334 5372 1843 5453 Jordanem_sitam
1874 5372 1930 5453 in
1958 5371 2210 5453 Galil-tea,

574 5456 829 5527 cogitare
862 5450 953 5504 hic
985 5443 1240 5525 congrue
1268 5461 1608 5516 possumus;
1639 5443 1810 5498 distat
1840 5443 1999 5498 enim
2024 5459 2058 5497 a
2086 5444 2213 5497 Pto-

574 5525 833 5598 lemaide
855 5521 1026 5598 triplo
1055 5520 1285 5598 longius
1307 5532 1481 5587 quam
1504 5516 1682 5582 Cana,
1715 5514 1789 5569 ad
1817 5531 1993 5585 quam
2019 5517 2216 5567 tamen

577 5598 790 5653 ducere
821 5593 913 5647 hic
932 5592 1305 5664 supponitur.
1392 5657 1425 5664 Α.
1608 5656 1620 5664 “
1660 5654 1676 5664 ἱ
1800 5653 1811 5664 ·

647 5681 674 5721 8
703 5665 922 5721 Colitur
958 5654 1187 5715 sanctus
1226 5657 1498 5714 Leontius
1538 5654 1946 5727 celeberrimus
1976 5658 2215 5727 martyr,

573 5735 786 5808 Tripoli
806 5735 866 5808 i_n_
893 5732 1056 5804 Syria
1081 5747 1284 5808 passus
1326 5727 1589 5808 18.1unii.
1618 5725 1761 5808 iiinc
1793 5725 2074 5808 facileest
2112 5725 2216 5808 n_o-

578 5796 715 5864 meh
745 5804 917 5870 urbis,
933 5796 1104 5873 'quod
1130 5800 1438 5866 exciderat,
1472 5796 1769 5869 supplere;
1806 5812 1922 5852 non
1960 5796 2100 5852 item
2132 5799 2218 5853 fa-

2298 769 2615 842 Tripolim],
2659 770 2753 823 ubi
2794 769 3101 840 requiescit
3149 773 3378 823 sanctus
3405 768 3682 823 Leontius
3735 780 3801 836 8;
3833 784 3959 837 qua-

2301 862 2539 933 quidem
2569 862 2763 917 civitas
2787 866 3048 933 tempore
3070 862 3379 918 Iustiniani
3412 860 3794 932 imperatoris
3826 861 3953 912 sub-

2300 972 2465 1010 versa
2491 959 2578 1010 est
2606 972 2642 1011 a
2666 959 3003 1011 terrmmotu
3024 956 3050 996 ιι
3081 973 3212 1011 cum
3243 956 3369 1010 aliis
3397 955 3747 1010 civitatibus.
3789 954 3957 1006 Veni-

2300 1065 2429 1103 mus
2472 1048 2607 1102 inde
2635 1048 2913 1103 Vibilumi
2944 1090 2958 1115 ,
2982 1065 3111 1119 quae
3137 1051 3196 1102 et
3224 1047 3347 1119 ipsa
3374 1047 3571 1101 civitas
3597 1062 3732 1100 cum
3758 1047 3957 1100 homi-

2302 1143 2467 1197 nibus
2497 1142 2769 1199 subversa
2813 1146 2927 1207 est;
2963 1145 3093 1212 post
3116 1142 3174 1195 in
3201 1141 3489 1195 civitatem
3511 1140 3677 1206 Tani,
3714 1156 3859 1209 qua
3906 1143 3957 1191 et

2298 1236 2423 1307 ipsa
2471 1235 2742 1290 subversa
2802 1239 2909 1290 est.
2959 1235 3177 1290 Deinde
3234 1235 3499 1288 venimus
3547 1234 3606 1286 in
3659 1232 3959 1285 civitatem

2299 1328 2827 1402 splendidissimam
2849 1328 3117 1399 Berytho,
3142 1327 3201 1382 in
3222 1343 3337 1398 qua
3360 1342 3547 1399 nuper
3570 1324 3959 1380 fuitstudium

2298 1424 2624 1479 litterarum
2649 1422 2666 1476 i
2694 1465 2708 1489 ,
2740 1439 2867 1492 quas
2891 1422 3087 1477 civitas
3117 1421 3390 1476 subversa
3414 1420 3543 1488 fuit,
3578 1418 3816 1473 dicente
3864 1436 3960 1471 no-

2298 1516 2386 1571 bis
2407 1517 2679 1587 episcopo
2711 1515 3133 1585 civitatisﬁquia
3160 1515 3406 1585 cognita:
3430 1514 3667 1567 fuerunt
3687 1527 3958 1582 personae

2300 1610 2549 1681 exceptis
2576 1608 2917 1681 peregrinis,
2944 1623 3071 1678 quas
3100 1607 3180 1661 ibi
3210 1606 3525 1678 perierant.
3576 1608 3707 1675 Ipsa
3751 1604 3955 1658 civitas

2299 1703 2490 1775 posita
2514 1705 2604 1756 est
2635 1701 2737 1756 sub
2764 1704 3043 1756 montana
3072 1700 3292 1755 Libani.

2371 1842 2424 1895 4.
2450 1843 2496 1895 Α
2517 1841 2763 1911 Berytho
2783 1838 3047 1894 venimus
3068 1838 3516 1910 Sidonem,'quie
3540 1854 3606 1892 ex
3626 1841 3795 1910 parte
3819 1838 3953 1893 ruit;

2300 1937 2361 1987 et
2384 1934 2509 2005 ipsa
2534 1934 2793 1989 adhaeret
2813 1932 3046 1988 Libano.
3071 1932 3345 1987 Homines
3365 1932 3421 1986 in
3452 1948 3522 1985 ea
3543 1931 3805 2002 pessimi.
3843 1930 3953 1983 Illic

2223 2056 2281 2128 Β
2308 2027 2484 2082 currit
2508 2027 2711 2082 ﬂuvius
2727 2026 3019 2098 Asclepius
3041 2026 3067 2066 ι
3100 2043 3113 2081 :
3138 2029 3198 2080 et
3212 2027 3362 2092 fons,
3388 2024 3543 2080 unde
3574 2024 3785 2095 surgit,
3828 2029 3952 2076 stat.

2305 2125 2380 2177 De
2400 2122 2598 2178 Sidone
2621 2123 2862 2177 venimus
2887 2123 3174 2192 Sareptam
3218 2138 3235 2174 :
3279 2135 3399 2189 quae
3424 2121 3620 2173 civitas
3653 2119 3877 2173 modica
3912 2124 3960 2171 et

2304 2215 2463 2269 valde
2494 2216 2803 2273 Christiana
2828 2217 2944 2268 est:
2965 2216 3025 2267 in
3046 2229 3157 2284 qua
3179 2217 3256 2268 est
3274 2213 3609 2267 caenaculum
3635 2211 3786 2266 illud
3812 2212 3956 2280 quod

2302 2310 2514 2375 factum
2557 2312 2759 2376 fuerat
2777 2309 2933 2370 Elite,
2970 2312 3021 2362 et
3047 2308 3211 2362 tectus
3240 2307 3335 2360 ubi
3362 2306 3628 2367 recubuit,
3679 2310 3732 2359 et
3770 2306 3957 2359 alveus

2303 2417 2634 2457 marmoreus
2666 2402 2761 2455 ubi
2809 2401 2978 2455 vidua
3014 2401 3114 2455 illa
3151 2401 3505 2468 fermentavit
3543 2418 3560 2453 :
3591 2401 3651 2453 in
3693 2414 3802 2467 quo
3846 2398 3951 2451 loco

2302 2496 2476 2550 multa
2505 2496 2808 2565 offeruntur
2832 2499 2882 2549 et
2911 2495 3094 2549 multa:
3117 2496 3346 2548 virtutes
3374 2496 3532 2563 ﬁunt.
3562 2493 3857 2547 Exeuntes
3884 2490 3952 2543 dc

2305 2588 2547 2659 Sarepta
2577 2587 2916 2642 venimusin
2948 2586 3238 2641 civitatem
3263 2587 3496 2657 Tyrum.
3518 2586 3732 2655 ATyro
3771 2600 3951 2654 usque

2306 2682 2379 2736 ad
2407 2682 2709 2752 Sareptam
2735 2680 3007 2735 continue
3038 2680 3219 2735 millia
3238 2696 3310 2735 vn
3329 2681 3365 2733 ¹.
3399 2679 3578 2749 Tyrus
3612 2677 3818 2732 civitas
3849 2678 3950 2730 ho-

2304 2775 2495 2829 mines
2536 2774 2709 2829 habet
2746 2777 3031 2846 potentes,
3071 2773 3189 2828 vita
3218 2772 3486 2845 pessima,
3518 2775 3683 2826 tanta
3706 2770 3950 2833 luxuria,

2306 2868 2462 2941 quod
2504 2867 2618 2933 dici
2669 2884 2784 2923 non
2818 2871 3038 2939 potest;
3075 2884 3345 2939 gynaecea
3384 2866 3635 2936 publica,
3670 2865 3947 2920 holoseri-

2306 2979 2458 3029 cum,
2487 2965 2543 3017 et
2572 2961 2798 3017 diversa
2825 2978 3045 3033 genera
3076 2962 3338 3017 telarum.

2376 3109 2427 3159 5.
2461 3106 2534 3158 At
2567 3120 2703 3158 vero
2750 3104 2821 3159 de
2850 3105 2996 3175 Tyro
3040 3104 3305 3158 venimus
3341 3104 3398 3158 in
3444 3104 3743 3157 civitatem
3777 3103 3949 3157 Naza.

2306 3198 2451 3264 reth,
2474 3196 2533 3250 in
2556 3213 2668 3268 qua
2686 3200 2819 3251 sunt
2838 3197 3033 3252 multa:
3050 3197 3305 3251 virtutes.
3334 3197 3413 3251 lbi
3436 3201 3495 3250 et
3522 3196 3743 3267 pendet
3764 3199 3946 3250 tomus

2303 3291 2364 3345 in
2409 3307 2523 3362 quo
2560 3290 2838 3345 Dominus
2868 3294 2912 3344 A
2954 3292 2992 3344 Β
3030 3293 3068 3347 C
3098 3294 3123 3322 ί
3152 3290 3355 3345 habuit
3401 3290 3741 3362 impositum
3770 3299 3811 3324 ιιι
3848 3305 3862 3341 :
3898 3289 3946 3341 in

2224 3424 2279 3497 Ο
2307 3400 2421 3456 qua
2451 3386 2537 3438 est
2562 3372 2861 3455 synagoga
2889 3384 3094 3455 posita,
3124 3387 3181 3439 et
3212 3384 3367 3439 trabs
3394 3384 3491 3438 ubi
3516 3400 3650 3438 cum
3685 3383 3821 3437 aliis
3866 3399 3941 3434 se-

2315 3526 2420 3580 cile
2462 3526 2732 3598 divinare
2759 3526 2898 3598 quid
2941 3526 3281 3598 scriptorem
3319 3526 3583 3598 moverit,
3621 3529 3684 3579 ut
3730 3542 3769 3579 a
3805 3525 3947 3598 Cana

2314 3598 2580 3669 Galilaese,
2619 3596 2796 3669 unde‘
2820 3614 2992 3669 porro
3019 3596 3214 3652 versus
3252 3614 3410 3653 mare
3442 3596 3686 3669 Galilaeae
3727 3600 3790 3650 et
3835 3597 3945 3649 loca

2314 3668 2521 3724 Christi
2576 3667 2983 3738 praedicatione
3035 3686 3100 3723 ac
3143 3669 3432 3723 miraculis
3470 3667 3715 3721 illustria
3764 3683 3947 3721 ascen-

2316 3740 2452 3793 dere
2486 3755 2613 3793 mos
2640 3740 2860 3793 ferebat
2882 3740 3340 3810 peregrinorum,
3365 3739 3453 3793 vel
3478 3740 3553 3793 ad
3574 3738 3864 3793 Nazareth
3890 3754 3946 3790 ac

2315 3814 2577 3865 montem
2607 3810 2833 3865 Thabor
2866 3810 3198 3877 deﬂectere;
3241 3827 3376 3877 non,
3406 3810 3667 3881 inquam,
3712 3811 3945 3881 apparet

2358 3881 2456 3936 uid
2486 3897 2619 3935 eum
2646 3882 2893 3936 moverit
2918 3885 3033 3936 uta
3060 3883 3214 3936 Cana
3242 3882 3435 3936 ﬂectat
3466 3880 3872 3935 narrationem
3893 3880 3941 3931 in

2359 3969 2559 4033 aream
2592 3952 3089 4033 milliaribusplus
3120 3969 3298 4033 quam
3330 3970 3466 4033 axx,
3485 3952 3557 4006 ad
3593 3952 3938 4033 perl_t_15tran-

2315 4024 2451 4078 dam
2470 4023 2759 4104 Phenicim
2789 4023 3166 4104 maritimam,
3199 4041 3232 4077 a
3257 4023 3470 4095 Tripoli
3502 4039 3683 4092 usque
3711 4023 3938 4093 Tyrum,

2316 4112 2429 4166 quo
2437 4095 2709 4219 'lprimum
2739 4095 3061 4165 appulerat.
3929 4162 3936 4171 .

2482 4168 2822 4245 errtemotus
2839 4165 3112 4245 horrendi
3145 4163 3939 4245 annolustiniani27,_Chrish

2315 4239 2417 4292 553
2466 4236 2737 4292 meminit
2776 4236 3068 4302 Baronius,
3102 4236 3377 4307 additque
3417 4251 3484 4289 ex
3522 4236 3800 4306 Agathia,
3828 4249 3940 4307 non

2314 4308 2489 4379 solam
2537 4307 3096 4379 Constantinopolim
3140 4306 3301 4362 foede
3327 4323 3686 4373 concussam,
3741 4306 3842 4379 sed
3889 4308 3937 4358 et

2313 4378 2579 4449 regiones
2606 4378 2856 4432 Orientis
2883 4377 2941 4432 et
2964 4378 3217 4433 civitates
3246 4379 3367 4433 solo
3394 4382 3672 4449 aequatas,
3702 4381 3772 4431 ut
3801 4377 3937 4430 in'ter

2314 4450 2455 4504 alias
2488 4450 2797 4519 Berythum
2826 4450 2885 4503 in
2915 4449 3226 4505 Phoenicia.

2385 4524 2397 4561 ί
2443 4520 2668 4575 Biblum
2697 4520 2977 4591 intelligo,
3003 4520 3199 4575 media
3226 4519 3682 4591 inter'l‘ripolim
3709 4523 3770 4573 et
3790 4519 3933 4585 Beryc

2312 4592 2481 4646 thum
2508 4592 2628 4655 via;
2657 4592 2758 4646 sed
2784 4589 2986 4646 Tanim
3017 4593 3236 4647 nullam
3268 4589 3397 4645 novi
3427 4589 3587 4646 extra
3616 4592 3931 4661 Egyptian,

2314 4680 2418 4735 nec
2440 4663 2665 4734 reperio
2694 4662 3013 4735 quidquam
3042 4663 3200 4735 quod
3229 4663 3338 4717 huc
3366 4661 3597 4716 ﬂectam
3622 4661 3680 4715 in
3712 4661 3830 4715 tota
3859 4674 3934 4711 ve-

2312 4734 2424 4806 teri
2450 4732 2827 4806 geographia.

2378 4751 2424 4857 il
2856 4807 3163 4876 litteran
3178 4804 3322 4875 legis
3342 4820 3446 4876 pro
3457 4803 3762 4866 academia,
3777 4816 3931 4873 agno-

2309 4875 2418 4931 scis
2452 4875 2727 4946 phrasim,
2760 4876 2953 4944 credo,
2986 4875 3075 4930 vix
3105 4875 3498 4946 antiquiOrem
3531 4876 3838 4946 Xismculo.

2378 4947 2406 5019 15
2435 4944 2549 5001 Nec
2590 4948 2913 5019 Asclepium
2944 4946 3192 5019 ﬂuvium
3222 4944 3536 5019 antiquitas
3562 4944 3725 5019 novit
3756 4946 3931 5019 :_inter

2311 5017 2589 5089 Sidonem
2622 5015 2815 5089 autem
2843 5021 2902 5072 et
2937 5018 3147 5089 Tyrum
3177 5015 3520 5073 Eleutherus
3566 5015 3842 5082 decurrit,
3874 5029 3928 5066 ex

2311 5090 2528 5144 Libano
2559 5087 2838 5143 deﬂuens.

2384 5162 2399 5196 ι
2431 5160 2587 5214 Licet
2625 5158 2990 5215 Placentinus
3020 5158 3092 5213 sit
3122 5156 3382 5229 scriptor,
3412 5158 3509 5229 qui
3536 5157 3787 5229 proinde
3827 5172 3929 5229 pos-

2313 5233 2401 5285 set
2433 5230 2680 5285 milliara
2715 5246 3022 5285 numerare
3059 5227 3448 5285 aestimatione
3482 5227 3697 5295 italica,
3734 5234 3799 5283 ut
3829 5227 3928 5281 ‘tria

2314 5302 2695 5382 gequivaleant
2730 5302 2835 5382 _uni
2872 5303 3048 5356 leucaa
3080 5300 3613 5382 horarite,napparet
3654 5304 3851 5381 tamen
3875 5313 3925 5382 ei

2313 5369 2435 5428 toto
2462 5373 2881 5444 contextuteum
2908 5388 3220 5444 numerare
3233 5369 3505 5444 milliaria
3526 5371 3785 5439 horaria,
3813 5370 3925 5425 sicut

2316 5444 2494 5527 etiam
2521 5441 2745 5500 faciunt
2777 5443 2869 5500 alii
2901 5460 3096 5499 rerum
3125 5442 3184 5498 in
3210 5443 3382 5497 Terra
3411 5441 3622 5497 Sancta
3655 5447 3923 5514 gestarum

2317 5519 2789 5663 έϐῗρὸῗιῖῗᾷδέςεο
2837 5585 2916 5663 de.
2946 5585 3175 5663 causa
3192 5583 3582 5663 Νεωτθίςξιαιιί
3615 5581 3923 5663 quaeret?!“

2318 5658 2603 5783 (Joatn?vn)
2633 5675 2646 5713 :
2677 5651 2947 5724 Quomodo
2988 5658 3073 5711 hic
3114 5658 3324 5713 litteras
3366 5658 3484 5717 scit,
3515 5651 3655 5710 curri
3674 5671 3781 5711 non
3811 5651 3924 5709 didi-

2318 5745 2424 5783 ceri

2318 5731 2450 5785 cerit
