4034 6228
126 284 234 339 901

1214 280 1533 339 ΑΝΤΟΝΙΝΙ
1575 279 1975 337 PLACENTINI
2017 280 2479 339 lTlNERARlUM.

3417 287 3523 340 902

133 390 309 446 debat
334 389 645 446 infantibus
679 406 694 445 :
726 406 857 463 quae
882 390 1036 447 trabs
1056 393 1078 415 ⁸
1105 407 1139 446 a
1162 390 1496 448 Christianis
1537 390 1787 462 agitatur
1807 402 1866 475 Α
1885 392 2195 462 vespertina
2212 391 2551 447 mandantur
2577 392 2816 447 them.
2831 392 2975 448 Ante
3006 391 3337 464 ipsumvero
3351 391 3527 448 cliba-

133 489 190 539 et
217 483 577 553 sublevatur;
610 484 787 539 Iudaei
835 501 969 540 vero
1013 501 1137 539 eam
1174 485 1334 540 nullo
1359 484 1531 539 modo
1568 483 1783 556 agitare

134 582 410 649 possunt:
442 578 537 633 sed
558 594 659 633 nec
689 578 970 651 permittit
991 595 1049 633 se
1075 580 1224 633 foras
1251 578 1392 633 tolli.
1424 579 1636 632 Domus
1665 594 1787 632 san-

137 675 251 740 cta,
278 670 513 725 basilica
542 677 654 738 est;
682 676 739 726 et
764 672 941 727 multa
982 674 1118 726 sunt
1141 671 1220 726 ibi
1258 671 1532 727 beneﬁcia
1566 671 1636 726 de
1691 687 1783 725 vc-

136 763 423 819 stimentis
453 764 595 835 ejus.
620 767 682 820 In
708 764 928 819 civitate
964 781 1097 820 vero
1124 769 1279 820 tanta
1316 768 1401 820 est
1439 764 1619 836 gratia
1656 781 1783 819 mu-

137 857 349 912 lierum
368 858 776 926 Hsebraaarum,
800 863 865 913 ut
883 858 1032 913 intra
1046 859 1203 913 illam
1218 858 1365 913 inter
1386 858 1645 913 Hebraeas
1671 860 1790 929 pul-

138 950 396 1006 chriores
443 968 557 1005 non
592 951 998 1006 inveniantur:
1036 956 1092 1007 et
1126 952 1267 1006 hoc“
1308 969 1342 1006 a
1385 955 1584 1006 sancta
1620 952 1791 1007 Maria

140 1044 250 1099 sibi
277 1060 612 1100 concessum
625 1045 821 1100 dicunt
838 1048 990 1111 (nam
1016 1051 1072 1100 et
1096 1048 1399 1117 parentem
1412 1061 1573 1100 suam
1595 1046 1793 1101 dicunt

140 1138 316 1209 eam),
347 1142 403 1193 et
427 1139 566 1193 dum
593 1138 747 1193 nulla
789 1138 863 1193 sit
896 1138 1138 1193 charitas
1170 1138 1419 1194 Hebraeis
1455 1154 1594 1211 erga
1628 1140 1787 1194 Chri-

139 1232 376 1299 stianos,
406 1231 520 1286 illze
561 1235 695 1286 sunt
737 1232 893 1286 omni
936 1232 1212 1287 charitate
1250 1233 1451 1304 plenae.
1498 1233 1793 1287 Provincia

136 1325 408 1396 paradiso
433 1325 636 1380 similis
664 1325 724 1379 in
747 1325 953 1393 tritico,
986 1325 1045 1380 in
1073 1325 1334 1397 frugibus
1372 1325 1576 1380 similis
1619 1328 1786 1397 Egy-

138 1421 274 1489 pto;
308 1417 404 1472 sed
432 1418 706 1489 praecellit
733 1418 793 1473 in
821 1418 956 1472 vino
981 1424 1037 1473 et
1065 1419 1186 1474 oleo
1211 1421 1268 1472 et
1292 1419 1479 1489 pomis
1502 1435 1566 1473 ac
1600 1419 1789 1473 melle.

140 1511 251 1566 Sed
282 1517 341 1565 et
376 1512 597 1566 milium
642 1516 802 1567 extra
844 1516 1109 1567 naturam
1150 1512 1333 1566 altum
1380 1511 1574 1580 nimis,
1625 1528 1795 1583 supra

141 1609 415 1660 naturam
447 1605 693 1659 hominis
718 1605 862 1660 talea
880 1622 1070 1676 grossa
1097 1603 1143 1659 '.

1886 500 2028 539 num
2062 484 2279 557 grande
2305 488 2389 539 est
2415 485 2642 555 solium,
2671 485 2823 557 quod
2849 486 2989 541 dum
3023 485 3325 559 impletum
3362 486 3534 541 fuerit

1886 577 2076 632 omnia
2096 578 2239 633 ostia
2264 578 2640 634 clauduntur:
2674 585 2732 636 et
2749 596 2854 651 per
2881 580 3090 635 ostium
3117 581 3426 635 mittuntur
3451 580 3532 635 in-

1887 675 1978 725 tus
2006 670 2312 729 luminaria
2337 676 2394 728 et
2433 673 2766 743 incensum;
2806 678 2864 729 et
2907 674 3108 729 sedent
3144 673 3202 728 in
3247 673 3354 728 isto
3394 673 3532 728 solio

1886 768 2003 819 tota
2026 767 2189 819 nocte
2220 781 2233 819 :
2265 770 2322 819 et
2358 766 2497 820 dum
2537 768 2781 839 soporati
2820 767 3061 836 fuerint,
3107 766 3256 822 videt
3301 766 3396 822 ille
3432 768 3529 838 qui

1888 858 2195 913 mundatus
2219 863 2305 913 est
2318 859 2610 931 aliquam<1
2640 862 2917 917 visionem
2946 878 2959 915 :
2988 867 3045 916 et
3073 861 3210 916 dum
3236 861 3419 934 ipsam
3439 878 3528 915 re-

1889 950 2161 1022 citaverit,
2193 952 2545 1009 mundantur
2585 955 2827 1011 thermae
2869 970 2973 1026 per
3010 959 3231 1026 septem
3271 955 3409 1010 dies.
3452 955 3531 1009 lbi

1888 1060 2023 1101 vero
2042 1045 2342 1101 defunctus
2367 1051 2451 1102 est
2478 1048 2697 1119 collega
2726 1054 2917 1104 noster
2940 1050 3179 1103 Joannes
3204 1048 3273 1102 de
3299 1048 3528 1103 Placen-

1889 1139 1988 1194 tia.
2021 1141 2141 1211 Ipse
2166 1139 2371 1195 ﬂuvius
2387 1140 2624 1209 calidus,
2654 1142 2753 1212 qui
2780 1142 3035 1196 Gaddera
3059 1141 3283 1207 dicitur,
3306 1134 3535 1196 descen-

1892 1232 1973 1287 dit
2006 1235 2229 1288 torrens
2265 1238 2322 1287 et
2350 1233 2531 1288 intrat
2553 1234 2873 1302 Iordanem,
2898 1239 2955 1289 et
2983 1251 3051 1288 ex
3080 1234 3201 1305 ipso
3228 1233 3534 1305 ampliatur

1891 1325 2151 1380 Iordanis
2179 1329 2239 1380 ct
2262 1328 2444 1399 major
2466 1327 2549 1381 tit.

1964 1421 2017 1474 8.
2047 1421 2113 1474 Et
2138 1424 2274 1474 tunc
2315 1420 2708 1477 descendimus
2744 1436 2847 1492 per
2888 1421 3174 1476 Galilaeam
3201 1421 3367 1492 juxta
3405 1422 3528 1476 Jor-

1894 1511 2123 1581 danem,
2160 1516 2518 1569 transeuntes
2558 1514 2766 1568 multas
2797 1513 3046 1569 civitates
3070 1530 3200 1585 qum
3222 1514 3527 1584 leguntur;

1895 1609 1952 1659 et
1990 1606 2250 1660 venimus
2282 1606 2343 1659 in
2384 1605 2670 1661 civitatem
2700 1607 3062 1677 metropolim
3108 1607 3354 1661 Galileea:
3400 1619 3528 1678 qu‘te

216 1702 270 1753 6.
308 1700 384 1752 De
407 1699 683 1753 Nazareth
710 1698 971 1753 venimus
1008 1699 1068 1753 in
1108 1703 1364 1754 montem
1404 1699 1660 1754 Thabor:
1693 1700 1791 1771 qui
1828 1770 1831 1771 ν
1894 1703 2131 1753 vocatur
2168 1698 2522 1769 Scythopolis
2561 1710 2603 1765 α,
2648 1699 2706 1753 in
2744 1704 2940 1754 monte
2990 1699 3191 1771 posita,
3240 1700 3339 1754 ubi
3397 1716 3527 1754 san-

138 1807 315 1847 mons
330 1792 450 1847 exit
480 1792 537 1847 in
565 1792 750 1847 medio
774 1792 1094 1864 campestri,
1119 1797 1269 1848 terra
1293 1792 1441 1862 viva,
1460 1797 1660 1848 tenens
1679 1793 1788 1847 cir-
1814 1770 1869 1841 B
1892 1796 2083 1847 ctus...
2115 1792 2323 1847 multas
2362 1797 2625 1862 operatus
2661 1797 2743 1848 est
2778 1793 3032 1848 virtutes.
3073 1794 3277 1848 Deinde
3316 1793 3529 1861 desceng

137 1886 365 1941 cuitum
419 1886 599 1941 millia
630 1903 707 1955 vi,
747 1902 1040 1941 ascensum
1077 1886 1259 1941 millia
1304 1903 1384 1956 ιιι,
1423 1902 1648 1941 sursum
1675 1886 1789 1941 adi

140 1979 482 2035 milliarium
528 1980 781 2052 planum,
823 1980 883 2035 in
924 1996 1040 2052 quo
1084 1985 1216 2035 sunt
1248 1982 1362 2035 tres
1396 1980 1665 2049 ecclesiae,
1712 1980 1792 2035 di—

138 2077 304 2128 ctum
328 2078 416 2128 est
440 2090 474 2127 a
497 2073 823 2145 discipulis:
851 2075 1136 2129 Faciamus
1167 2075 1252 2129 hic
1280 2057 1391 2129 tria
1412 2074 1788 2129 tabernacula.

142 2168 209 2222 In
255 2167 495 2222 circuitu
529 2167 762 2222 diversae
811 2167 1066 2223 civitates
1114 2183 1242 2240 quae
1281 2167 1342 2222 in
1378 2166 1523 2222 libro
1568 2170 1789 2239 Regum

140 2260 440 2333 leguntur.
468 2261 546 2315 De
590 2261 812 2316 Thabor
851 2260 1110 2315 venimus
1153 2261 1225 2317 ad
1263 2277 1419 2316 mare
1461 2261 1788 2331 Tiberiadis,

144 2354 206 2409 in
228 2353 517 2410 civitatem
546 2371 675 2426 quae
701 2355 815 2409 alio
833 2358 1088 2426 tempore
1113 2358 1199 2410 est
1223 2355 1503 2427 appellata
1518 2355 1789 2412 Samaria.

141 2464 301 2503 nunc
341 2464 474 2502 vero
516 2448 723 2504 dicitur
766 2448 1025 2520 Neapolis
1052 2449 1099 2519 ἣ,
1141 2448 1201 2503 in
1236 2465 1349 2520 qua
1382 2446 1588 2520 put'eus
1613 2453 1696 2503 est
1722 2466 1792 2504 ex

144 2557 263 2613 quo
292 2542 567 2597 Dominus
604 2559 809 2615 aquam
854 2558 888 2597 a
927 2543 1167 2597 muliere
1201 2542 1555 2597 Samaritana
1587 2542 1788 2613 petiit;

145 2638 204 2690 et
228 2635 309 2690 ibi
336 2635 569 2690 basilica
604 2641 689 2691 est
726 2635 902 2691 sancti
947 2635 1179 2691 Joannis
1223 2636 1516 2709 Baptistae;
1565 2640 1622 2691 et
1672 2635 1791 2707 ipse

144 2732 354 2801 puteus
396 2735 481 2784 est
516 2733 647 2784 ante
687 2730 966 2785 cancellos
998 2728 1223 2799 altaris;
1269 2734 1326 2785 et
1361 2729 1530 2785 situla
1575 2730 1646 2785 de
1682 2746 1794 2801 qua

144 2822 358 2878 dicitur
385 2823 658 2878 Dominus
684 2823 909 2893 bibisse,
940 2827 998 2879 et
1037 2822 1203 2878 multi
1252 2822 1391 2894 tegri
1436 2822 1512 2877 ibi
1556 2823 1794 2878 veniunt

147 2920 207 2970 et
235 2921 532 2972 sanantur.

220 3013 274 3063 7.
323 3010 535 3065 Deinde
582 3011 839 3066 venimus
883 3011 941 3066 in
991 3010 1277 3066 civitatem
1326 3009 1681 3065 Tiberiadem
1732 3010 1792 3065 in

1890 1886 2070 1941 dimus
2094 1902 2195 1957 per
2216 1887 2332 1941 alia
2364 1887 2480 1940 loca
2526 1888 2791 1943 Samaria:
2832 1891 2883 1941 et
2921 1887 3125 1942 Iudaeae
3162 1889 3219 1940 in
3261 1889 3533 1941 civitatem

1891 1979 2220 2035 Sebastaeam
2260 1978 2296 2043 τ,
2336 1982 2394 2033 in
2419 1996 2530 2050 qua
2552 1981 2841 2049 requiescit
2865 1981 3091 2035 Elisaaus
3110 1981 3395 2050 propheta.
3426 1981 3528 2035 De-

1890 2074 2218 2129 scendentes
2243 2089 2349 2145 per
2388 2072 2743 2144 campestria,
2788 2072 2934 2144 [per]
2967 2073 3218 2127 civitates
3257 2074 3343 2127 vel
3385 2073 3533 2127 vicos

1891 2167 2378 2222 Samaritanorum
2401 2171 2459 2222 et
2474 2167 2685 2238 plateas
2699 2166 2852 2220 unde
2868 2165 3226 2221 transivimus
3246 2166 3526 2237 {vidimus}

1891 2262 2180 2317 venientes
2202 2261 2424 2317 Iudaeos
2460 2265 2587 2331 post
2615 2277 2718 2315 nos
2743 2276 2875 2315 cum
2904 2259 3100 2331 paleis,
3150 2260 3386 2330 vestigia
3426 2276 3529 2314 no-

1892 2360 2010 2411 stra
2034 2356 2057 2379 “
2096 2355 2482 2424 incendentes,
2521 2359 2680 2409 tanta
2723 2359 2809 2409 est
2857 2354 3085 2408 illorum
3144 2353 3454 2408 exsecratio
3483 2366 3529 2408 8.

1891 2449 2094 2521 Utique
2134 2449 2467 2504 Christianis
2504 2448 2740 2520 quidem
2785 2463 3122 2519 responsum
3163 2446 3420 2502 faciunt:
3476 2453 3535 2502 at

1891 2547 2107 2612 cavent,
2154 2543 2308 2614 quod
2351 2543 2422 2597 ab
2462 2542 2570 2597 illis
2626 2557 2817 2597 emere
2846 2541 2946 2610 vis,
2981 2557 3095 2596 non
3125 2545 3327 2612 tangas
3352 2541 3534 2612 prius-

1891 2653 2062 2709 quam
2089 2636 2336 2707 pretium
2365 2637 2462 2692 des
2495 2653 2509 2690 :
2541 2636 2693 2708 quod
2717 2636 2762 2689 si
2792 2634 3066 2707 tetigeris,
3096 2640 3150 2690 et
3175 2651 3289 2689 non
3316 2652 3535 2707 compa-

1890 2730 2100 2785 raveris
2129 2730 2155 2769 h
2192 2747 2328 2785 mox
2364 2729 2916 2785 scandalizabuntur.
2957 2730 3097 2783 Nam
3138 2728 3274 2783 foris
3314 2728 3372 2783 in
3416 2729 3535 2783 vico

1890 2825 2103 2879 habent
2138 2841 2268 2879 cum
2307 2825 2477 2879 domo
2503 2841 2618 2879 una
2644 2823 2826 2895 posita
2854 2825 2868 2863 ί
2903 2822 3054 2893 quod
3092 2822 3281 2893 ipsum
3320 2822 3533 2877 faciunt

1889 2934 2247 2990 responsum.
2280 2920 2554 2973 Nummos
2593 2917 2662 2973 de
2706 2933 2883 2971 manu
2923 2921 3017 2971 tua
3041 2932 3157 2970 non
3185 2915 3484 2987 accipient,
3514 2919 3534 2939 ’

1890 3012 1988 3067 sed
2036 2997 2097 3067 tu
2141 3012 2200 3067 in
2246 3028 2452 3084 aquam
2492 3011 2753 3083 projicies
2795 3026 2925 3079 eos;
2969 3015 3025 3065 et
3066 3010 3406 3065 denuntiant
3432 3009 3533 3064 tibi

146 3119 261 3175 qua
285 3106 421 3158 sunt
448 3104 688 3159 thermae
713 3105 895 3159 salsa‘.
930 3104 1029 3159 Hic
1055 3120 1203 3176 aqua
1230 3103 1403 3159 maris
1426 3102 1580 3158 illius
1613 3104 1794 3158 dulcis
1813 3142 1868 3217 Ο
1893 3107 2045 3178 quod
2078 3105 2231 3178 [non]
2279 3105 2637 3178 ingrediaris.
2679 3105 2762 3159 Tu
2803 3120 2938 3159 vero
2980 3102 3095 3158 noli
3132 3119 3445 3175 exspuere;
3490 3104 3535 3156 si

155 3200 230 3217 -_.
291 3197 434 3217 φη,
461 3213 609 3217 μη,
862 3197 1028 3217 ama
1207 3196 1414 3217 ηεηλ,
1448 3196 1703 3217 -ωεμω
1734 3197 1786 3217 ε,,
1904 3215 1913 3217 _
1974 3202 2015 3217 .,
2048 3216 2075 3217 η
2318 3199 2405 3217 ,
2480 3197 2995 3217 γημμεηιημιμέ
3045 3198 3173 3217 ομ,
3428 3213 3499 3217 ___

148 3200 252 3268 est,
283 3197 439 3268 quod
460 3213 615 3252 mare
640 3197 839 3253 circuit
862 3197 1040 3252 millia
1064 3214 1184 3253 vm.
1207 3196 1420 3253 Deinde
1448 3196 1707 3252 venimus
1734 3197 1793 3251 in
1816 3196 1868 3217 υ
1894 3202 2087 3254 autem
2126 3199 2436 3271 exspueris,
2473 3197 3016 3253 scandalizabuntur.
3045 3198 3179 3253 Sero
3207 3201 3401 3252 autem
3426 3213 3534 3269 pu-

146 3290 554 3362 Capharnaum
582 3291 642 3346 in
669 3291 905 3346 domum
929 3291 1079 3346 beati
1104 3291 1274 3358 Petri,
1306 3307 1437 3363 quae
1471 3295 1555 3346 est
1588 3292 1647 3346 in
1692 3291 1792 3346 ba-

148 3384 327 3439 silica.
360 3384 494 3440 Inde
519 3386 812 3440 venientes
836 3401 941 3456 per
965 3388 1164 3453 castra,
1196 3385 1284 3439 vel
1309 3385 1478 3455 vicos,
1527 3384 1614 3440 vel
1656 3384 1792 3439 civi-

147 3482 311 3547 tates,
344 3479 417 3533 ad
443 3479 584 3534 duos
608 3479 791 3534 fontes
816 3480 1098 3548 venimus,
1126 3479 1337 3534 scilicet
1358 3480 1454 3534 Ior
1488 3490 1511 3519 ο
1556 3482 1613 3533 ct
1648 3478 1793 3548 Dan,

148 3572 250 3645 qui
288 3572 348 3627 in
375 3589 557 3628 unum
586 3573 847 3644 efﬂuunt,
874 3577 931 3628 et
973 3573 1250 3628 vocitatur
1275 3573 1551 3628 Iordanis.
1590 3574 1798 3628 Parvus

149 3666 480 3739 ingreditur
507 3683 688 3737 mare,
717 3670 774 3722 et
809 3667 1118 3738 pertransit
1148 3669 1332 3721 totum
1358 3665 1532 3721 maris
1561 3667 1798 3739 pelagus

1894 3292 2117 3348 riticant
2145 3310 2204 3347 se
2234 3293 2293 3347 in
2312 3309 2458 3364 aqua
2491 3308 2505 3346 :
2541 3294 2600 3345 et
2621 3291 2699 3347 sic
2724 3291 3129 3363 ingrediuntur
3156 3290 3215 3345 in
3241 3292 3427 3345 vicum
3440 3297 3538 3345 aut

1895 3386 1956 3440 in
1985 3385 2271 3441 civitatem
2284 3427 2297 3441 .

1969 3482 2022 3533 9.
2052 3479 2264 3534 Deinde
2282 3478 2543 3534 venimus
2567 3478 2627 3532 in
2646 3477 2835 3533 locum
2863 3477 2962 3532 ubi
2987 3477 3257 3532 Dominus
3284 3477 3352 3531 de
3377 3476 3539 3548 quin-

1897 3587 2012 3643 que
2034 3571 2277 3643 panibus
2303 3575 2360 3627 ct
2400 3572 2621 3626 duobus
2662 3570 2912 3642 piscibus
2946 3571 3201 3642 quinque
3237 3569 3537 3624 hominum

1899 3664 2080 3720 millia
2118 3665 2358 3733 satiavit,
2390 3667 2551 3719 extra
2580 3664 2848 3719 mulieres
2875 3669 2931 3718 et
2961 3665 3225 3735 parvulos
3259 3679 3272 3717 :
3315 3668 3539 3718 extenta

148 3775 337 3832 usque
347 3760 419 3815 ad
432 3760 589 3815 littus
600 3761 794 3815 maris.
814 3761 1180 3817 Revertentes
1192 3762 1323 3832 post
1338 3776 1441 3815 nos
1451 3761 1709 3816 venimus
1727 3760 1799 3815 ad
1898 3757 2215 3831 campania,
2247 3758 2451 3813 oliveta
2474 3761 2531 3812 et
2556 3749 2827 3829 palmeta.
2858 3758 2991 3814 Inde
3014 3760 3259 3813 venimus
3279 3757 3353 3811 ad
3367 3757 3539 3811 locum

150 3852 346 3909 locum
387 3853 488 3908 ubi
536 3854 791 3909 Iordanis
828 3854 1121 3925 egreditur
1153 3870 1331 3909 mare.
1361 3855 1434 3908 Et
1462 3856 1519 3908 in
1545 3856 1662 3924 ipso
1690 3854 1800 3908 loco
1899 3853 1994 3907 ubi
2042 3853 2354 3923 baptizatus
2393 3857 2473 3906 est
2516 3853 2789 3907 Dominus.
2836 3853 2900 3906 In
2940 3852 3037 3905 illo
3086 3852 3195 3906 loco
3220 3852 3325 3920 ﬁlii
3370 3851 3543 3906 Israel

154 3948 510 4004 transivimus
529 3948 842 4012 Iordanem,
860 3953 912 4003 et
938 3950 1181 4004 venimus
1204 3950 1263 4002 in
1282 3950 1554 4003 civitatem
1579 3963 1699 4018 quae
1715 3963 1802 4003 vo-
1902 3947 2275 4002 transiverunt
2287 3945 2600 4008 Iordanem,
2621 3950 2671 4000 et
2679 3944 3542 4016 ﬁliiprophetammperdiderunt

152 4046 316 4097 catur
335 4041 591 4097 Gaddera
617 4042 644 4082 ἀ
674 4058 794 4112 quae
817 4047 869 4097 et
893 4042 1117 4097 Gabaon
1138 4042 1356 4097 dicitur.
1392 4044 1454 4096 In
1498 4044 1608 4097 ista
1641 4046 1802 4112 parte
1901 4042 2151 4107 securim;
2173 4044 2224 4095 et
2244 4055 2311 4095 ear:
2334 4041 2449 4110 ipso
2486 4040 2595 4094 loco
2625 4039 2780 4093 Elius
2800 4044 3111 4110 assumptus
3134 4044 3213 4094 est
3244 4041 3302 4094 in
3329 4039 3536 4093 calum.

154 4138 417 4197 civitatis,
448 4136 711 4191 milliaria
739 4152 795 4191 ιιι
830 4137 900 4190 ab
929 4137 1081 4198 urbe,
1113 4140 1238 4190 sunt
1268 4151 1423 4205 aquae
1451 4136 1660 4197 calidae,
1684 4151 1804 4205 quae
1904 4133 2095 4205 Ibique
2125 4150 2291 4188 mons
2325 4128 2600 4187 Hermoni
2632 4132 2911 4203 modicus,
2940 4132 3038 4204 qui
3066 4133 3277 4205 legitur
3306 4132 3362 4187 in
3392 4133 3538 4187 Psal-

155 4230 513 4300 appellantur
533 4231 753 4284 thermae
775 4230 932 4291 Elite,
962 4229 1056 4283 ubi
1090 4230 1287 4300 leprosi
1320 4229 1672 4284 mundantur.
1719 4230 1807 4283 Ibi
1902 4227 2102 4282 mo.Ad
2136 4227 2312 4299 pedes
2340 4227 2549 4282 montis
2582 4226 2757 4298 ipsius
2781 4227 3033 4282 ascendit
3062 4227 3130 4281 de
3143 4226 3313 4281 ﬂuvio
3338 4226 3539 4296 nubes,

157 4328 236 4379 est
256 4323 669 4393 modochium,
705 4324 929 4379 delicias
955 4324 1021 4378 de
1044 4323 1266 4394 publico
1308 4323 1528 4386 habens,
1578 4328 1629 4376 et
1671 4323 1804 4377 hora
1905 4324 1963 4376 et
1983 4322 2122 4376 hora
2153 4321 2336 4392 prima
2356 4321 2575 4377 oriente
2604 4322 2720 4375 sole
2748 4321 3192 4391 Hierosolymam
3221 4321 3416 4375 venit’
3443 4338 3538 4375 su-

232 4509 260 4539 ⁸
286 4508 346 4563 ld
376 4512 463 4563 est
488 4508 716 4564 hominis
735 4510 992 4581 proceri;
1028 4508 1173 4563 talea
1203 4511 1398 4582 autem
1418 4523 1525 4579 pro
1546 4506 1798 4582 longitu-
1820 4509 1880 4582 D
1973 4507 1994 4547 f
2034 4509 2102 4563 Ut
2140 4507 2511 4582 Sebastteam;
2553 4506 2609 4582 id
2645 4511 2729 4561 est
2771 4505 3085 4582 Samariam
3127 4498 3407 4582 veniatur,
3437 4522 3543 4561 nec

159 4579 315 4646 dine,
345 4596 452 4634 vox
475 4582 559 4635 est
581 4576 809 4651 accepta
849 4596 920 4635 ex
960 4578 1260 4634 vernacula
1300 4576 1573 4634 Italorum
1606 4576 1803 4650 lingua
1821 4576 1867 4582 —
1902 4595 2052 4634 unus
2077 4578 2309 4651 quidem
2339 4578 2549 4651 Iudaeae
2576 4576 2735 4632 locus
2759 4577 3123 4648 attingendus
3152 4582 3270 4651 est:
3297 4578 3368 4633 ad
3394 4579 3543 4635 hanc

163 4652 363 4721 taglia,
393 4650 620 4706 Francis
651 4648 824 4706 taille.
1703 4648 1719 4650 ⁷
1903 4652 2101 4729 autem
2122 4648 2375 4729 primum
2400 4649 2647 4717 venitur,
2676 4652 2803 4719 post
2827 4664 3120 4702 emensam
3148 4650 3324 4704 totam
3351 4651 3539 4722 regio-

234 4720 265 4771 Β
295 4730 547 4786 Samaria
572 4730 705 4785 urbs
730 4730 1161 4795 mediterranea,
1190 4730 1359 4785 distat
1384 4745 1419 4783 a
1453 4728 1599 4783 mari
1640 4729 1803 4784 Tibe-
1904 4736 2040 4775 nem
2071 4720 2586 4774 Samaritanorum-

161 4800 339 4876 riadis
358 4802 533 4876 duplo
557 4801 781 4876 longius
798 4817 970 4876 quam
994 4800 1117 4876 ipse
1145 4817 1308 4876 mons
1336 4800 1586 4876 Thabor:
1620 4816 1805 4876 neque
1910 4872 1920 4876 _
1978 4812 2004 4851 8
2031 4798 2265 4876 videtur
2289 4814 2614 4876 supponere
2639 4801 2836 4876 auctor
2859 4797 3011 4876 quod
3031 4803 3209 4876 totam
3246 4804 3542 4876 regionem

161 4874 311 4950 haec,
343 4868 868 4950 sed—vicina'civitas
906 4868 1117 4950 Sicliar
1136 4875 1329 4950 postea
1356 4871 1515 4950 dicta
1545 4876 1631 4950 est
1662 4868 1808 4950 Nea:
1899 4872 2021 4950 jam
2046 4869 2255 4950 dictam
2267 4868 2758 4950 qudteitenerent,
2787 4872 2844 4923 et
2872 4868 3107 4950 quidem
3145 4868 3540 4950 tamfls‘crupu-

164 4889 311 4941 haec,
343 4889 441 4928 sea
470 4890 651 4928 Vicina
676 4889 868 4927 civitas
906 4889 1103 4926 Sicnar
1136 4889 1329 4943 postea
1362 4889 1511 4925 uicta
1545 4889 1631 4925 esr
1664 4889 1803 4925 nea-
1899 4889 2021 4997 jam
2046 4889 2255 4924 uictam
2281 4889 2461 4950 Judaei
2477 4889 2758 4935 tenerent,
2787 4889 2844 4923 ει
2872 4889 3023 4950 φησι

164 4944 336 5017 polis.
382 4946 525 4999 Cum
563 4961 700 5015 ergo
730 4941 962 5017 Ioannis
989 4959 1043 4998 ιν
1064 4943 1272 5017 dicitur
1303 4958 1317 4995 :
1356 4945 1518 5017 Venit
1541 4945 1692 5017 Iesus
1710 4943 1808 5017 _ad
1927 4942 2009 4996 osi
2034 4946 2235 4996 contra
2263 4940 2623 5007 Christianos,
2656 4946 2719 4994 ut
2745 4945 3023 5012 sequitur.

165 5012 446 5097 bivitatem
468 5012 732 5096 Samaria
767 5014 1359 5102 .diciturAS‘ichar,
1377 5012 1804 5102 Αᾳςοξρὶξᾳξξίι-
1977 5021 2004 5061 ιι
2036 5024 2376 5102 Comparare,
2406 5019 2551 5074 Italis
2570 5021 2802 5091 proprio
2827 5021 3133 5102 idiotismo,
3153 5041 3341 5093 emere,
3373 5030 3541 5102 vulgo

166 5087 382 5164 maria,_
400 5103 514 5141 non
533 5103 637 5158 pro
662 5086 795 5164 ipsa
815 5085 1055 5164 civitate,
1088 5085 1185 5140 sed
1210 5101 1315 5157 pro
1342 5089 1460 5140 toto
1486 5100 1553 5139 eo
1578 5085 1804 5140 territo-
1907 5085 2208 5164 comprare,
2238 5091 2389 5145 unde
2415 5085 2656 5160 compra,
2678 5085 2922 5164 emptio.

166 5159 276 5225 rio,
295 5158 458 5245 cpjus
487 5156 657 5245 caput
682 5156 805 5245 erat
830 5156 1098 5245 Sauaria-
1214 5156 1219 5157 γ
1325 5235 1358 5245 Α
1456 5234 1472 5245 1
1635 5238 1645 5245 Δ
1701 5240 1710 5245 Α
1760 5240 1769 5245 _
1982 5156 2228 5243 i-Edipo
2258 5176 2391 5245 eget
2419 5156 2721 5245 hic—locus.
2775 5156 3038 5244 Suspicor
3077 5175 3314 5233 indicari
3356 5181 3545 5238 forum

240 5250 265 5278 ο
298 5236 370 5317 Ψ
391 5238 461 5317 ad
487 5238 594 5294 hos
617 5237 805 5317 fontes
827 5236 1136 5306 veniretur,
1153 5234 1510 5317 remetienda
1533 5238 1654 5290 erat
1680 5240 1811 5317 tota
1910 5261 2105 5300 rerum
2131 5234 2439 5317 venalium,
2469 5246 2636 5317 extra
2649 5243 2797 5317 vicos
2817 5234 3064 5314 positum
3091 5263 3194 5317 pro
3219 5234 3546 5308 Christianis

166 5308 541 5399 ξθΐθᾼςξεωωθο
574 5309 854 5381 superior,
899 5324 1005 5380 Per
1044 5307 1293 5379 spatium
1327 5307 1599 5362 horarum
1643 5307 1806 5362 αἰνεί-
1910 5331 2101 5372 emere
2129 5307 2469 5395 volentibus,
2502 5314 2597 5396 ubi
2625 5314 2732 5368 illis
2751 5307 3323 5399 responsum't‘aciant
3342 5307 3544 5391 Iudmi,

166 5387 260 5437 ter
283 5382 376 5437 2οο
1499 5453 1506 5457 Α
1910 5405 1983 5443 ne
2012 5402 2208 5442 eorum
2229 5386 2489 5457 ingressu
2509 5386 2819 5440 immundae
2839 5382 2979 5440 ﬁant
3006 5386 3383 5448 habitationes
3406 5382 3542 5450 suae:

241 5468 268 5508 d
293 5460 568 5516 Gadaram
591 5475 773 5532 prope
796 5459 983 5514 lacum
1010 5458 1353 5532 Genezareth
1377 5453 1554 5532 novi}
1585 5456 1812 5532 Gabaon
1911 5459 2020 5515 Sed
2046 5458 2171 5529 quis
2198 5453 2336 5511 talia
2360 5473 2617 5528 unquam
2646 5457 2853 5512 Iudmis
2882 5457 3105 5513 afﬁnxit
3130 5461 3157 5514 ?

166 5533 411 5611 unicum
435 5528 613 5611 sacra?
638 5528 862 5611 Litterae
890 5530 1193 5611 nominant
1222 5530 1280 5583 in
1319 5529 1473 5584 tribu
1519 5528 1812 5599 Benjamin
1980 5528 2161 5611 iiNon
2185 5537 2255 5611 ad
2280 5536 2582 5611 Iordanem
2612 5541 2704 5611 est
2733 5553 2894 5591 mons
2937 5537 3181 5594 Hermon
3197 5558 3214 5611 ;
3262 5545 3361 5599 sed
3405 5545 3546 5601 alius

168 5619 357 5683 prope
386 5603 717 5671 Ierusalem,
748 5602 916 5672 longe
942 5619 975 5655 a
1001 5602 1153 5657 dicto
1179 5601 1335 5683 lacu.
1618 5681 1633 5683 Α
1696 5680 1712 5683 _
1914 5610 2096 5683 major
2123 5610 2181 5683 in
2206 5607 2525 5683 Celesyria,
2542 5608 2916 5683 _continuatus
2939 5616 3071 5683 cum
3112 5601 3353 5683 Libano;
3402 5617 3547 5671 alius

244 5696 269 5725 0
297 5682 559 5760 Quinque
584 5689 649 5737 ut
676 5698 977 5760 summum;
1005 5684 1277 5760 horarum
1324 5682 1435 5760 iter
1478 5686 1564 5736 est
1603 5680 1816 5760 Gadara
1914 5679 2107 5760 minor
2128 5680 2189 5734 in
2214 5680 2460 5760 Galileea,
2490 5679 2562 5760 ad
2586 5679 3164 5760 torrentem‘Cissont
3183 5679 3346 5740 haud
3378 5686 3546 5760 longe

171 5750 592 5826 Scythopolim,
620 5754 862 5826 proinde
886 5754 945 5826 in
962 5758 1078 5808 tam
1104 5753 1264 5807 brevi
1281 5753 1463 5823 spatio
1490 5767 1604 5807 non
1628 5750 1817 5823 potuit
1914 5769 1947 5806 a
1970 5751 2276 5808 Thaborzeo
2300 5756 2493 5806 monte
2522 5756 2679 5807 trans
2704 5755 3019 5807 torrentem
3045 5754 3248 5826 posito.

171 5823 303 5903 quis
325 5823 531 5881 multas
553 5823 723 5881 urbes
746 5823 1034 5880 transisse.
