4034 6228
609 267 709 318 903

1917 264 2138 321 ΑΝΤΟΝ
2144 265 2212 320 ΙΝ
2216 266 2235 319 l
2278 264 2675 322 PLACENTINI

3924 271 3984 321 90

604 388 709 443 per
735 372 1024 429 basilicam
1055 379 1261 431 sanctae
1290 375 1474 432 Mariae
1510 377 1578 431 ad
1621 380 1871 430 sanctam
1913 375 2181 446 Sophiam
2201 372 2248 440 ⁸,
2273 384 2332 457 Α
2351 375 2642 445 perficitur
2659 392 2676 443 ;
2704 374 2939 429 inferior
2968 389 3098 429 vero
3122 374 3273 446 fugit
3295 374 3356 429 in
3383 391 3557 444 mare,
3587 374 3833 430 dicente
3865 376 3983 428 Psal

606 482 734 537 qua:
762 467 870 522 fuit
898 470 1230 540 praetorium
1255 470 1353 524 ubi
1379 469 1605 524 auditus
1635 474 1720 523 est
1750 469 2039 523 Dominus.
2073 469 2254 539 Super

605 558 695 614 his
720 560 861 615 locis
881 563 1203 617 descendit“
1220 580 1309 617 ros
1332 563 1474 617 sicut
1494 563 1703 633 pluvia,
1735 567 1791 616 et
1815 562 2095 633 colligunt
2119 578 2253 616 eum

607 655 815 709 medici
836 674 852 725 ;
887 660 944 710 et
966 658 1026 710 in
1044 658 1165 727 ipso
1190 660 1514 727 coquuntur
1539 672 1737 710 omnes
1754 655 2131 710 confectiones
2151 671 2254 725 per

605 749 988 803 xenodochia:
1018 766 1145 803 nam
1173 749 1338 803 multi
1368 750 1669 820 languores
1700 753 1973 803 sanantur
2010 748 2109 808 ibi.
2156 747 2252 801 ubi

606 842 755 895 cadit
779 842 898 913 ipse
927 859 1035 895 ros.
1057 843 1175 911 Ipse
1194 847 1278 896 est
1303 858 1394 896 ros
1418 842 1487 896 de
1517 859 1630 913 quo
1657 843 1908 897 canitur:
1941 864 1967 893 «
1995 842 2147 896 Sicut
2164 856 2252 895 ros

604 938 839 991 Hermon
872 938 967 1003 qui
1000 936 1270 989 descendit
1300 938 1359 989 in
1391 938 1539 992 Sion.
1576 956 1602 987 »
1630 939 1695 990 In
1722 939 1843 1006 ipsa
1872 939 1997 1006 «παφα
2023 940 2101 989 est
2129 938 2253 1003 fons

605 1028 700 1081 ubi
730 1028 1025 1097 baptizavit
1046 1033 1263 1083 sanctus
1288 1032 1541 1085 Joannes.
1570 1030 1703 1084 Inde
1750 1045 1918 1099 usque
1952 1030 2028 1083 ad
2063 1029 2252 1085 Iorda-

606 1136 728 1175 nem
746 1122 919 1175 mittia
939 1122 1064 1176 duo.
1080 1125 1142 1176 In
1162 1125 1281 1192 ipsa
1307 1124 1451 1177 valle
1466 1126 1714 1178 inventus
1739 1128 1817 1177 est
1834 1124 2007 1184 Elias,
2034 1122 2252 1192 quando

605 1230 792 1269 corvus
843 1214 869 1253 ι)
899 1218 950 1269 ei
965 1216 1241 1282 deferebat
1260 1232 1460 1286 panem
1493 1222 1544 1271 et
1568 1232 1799 1271 carnem.
1834 1219 1898 1270 In
1928 1218 2140 1270 circuiti
2157 1231 2253 1270 au-

607 1312 710 1362 tem
728 1310 889 1363 vallis
914 1311 1086 1379 ipsius
1113 1311 1405 1365 multitudo
1433 1313 1797 1364 eremitarum.

683 1405 767 1456 10.
803 1404 867 1457 Et
897 1402 975 1456 ibi
1002 1420 1177 1473 prope
1210 1409 1295 1457 est
1321 1404 1511 1457 civitas
1550 1420 1677 1474 quae
1715 1406 1945 1456 vocatur
1979 1400 2247 1457 Salamis-

607 1495 679 1549 da
712 1509 753 1562 ο,
782 1496 880 1550 ubi
916 1501 1314 1551 remanserunt
1354 1497 1481 1551 dua:
1527 1502 1583 1551 et
1633 1496 1801 1551 semis
1842 1495 2021 1549 tribus
2064 1494 2246 1557 Israel,

604 1590 942 1660 priusquam
971 1590 1280 1644 transirent
1307 1590 1611 1645 Iordanem
1640 1607 1652 1644 :
1683 1589 1743 1643 in
1792 1605 1908 1659 quo
1959 1590 2081 1643 loco
2119 1591 2250 1641 sunt

606 1683 845 1737 thermae
888 1700 955 1737 ex
997 1700 1055 1737 se
1103 1684 1368 1752 lavantes,
1426 1684 1444 1703 '
1498 1700 1623 1754 quae
1677 1686 1949 1737 vocantur
1989 1682 2248 1735 Thermaa

2353 469 2557 522 mista:
2596 470 2749 524 Mare
2781 468 2921 522 cidit
2949 474 3001 522 et
3038 470 3208 538 fugit,
3230 470 3485 524 Iordanis
3510 484 3809 523 conversus
3839 474 3923 522 est
3948 488 3981 520 rp

2355 566 2607 617 trorsum.
2635 562 2788 615 Tunc
2819 578 3016 616 omnes
3045 562 3415 617 Alexandrini
3442 562 3656 617 habent
3684 562 3818 615 ibi‘
3851 578 3975 616 nam

2353 666 2376 694 ο
2424 672 2555 709 suas
2602 672 2734 709 cum
2790 655 3139 725 hominibus,
3188 656 3462 710 habentes
3505 655 3765 710 calathos
3816 656 3980 725 plena

2351 748 2697 803 aromatibus
2723 751 2780 803 et
2819 748 3100 802 balsamo:
3159 754 3215 803 et
3258 750 3397 803 hora
3431 766 3543 821 qua
3578 748 3981 803 benedixerun

2352 842 2564 896 fontem
2603 846 2910 912 antequam
2938 841 3211 912 incipiant
3239 842 3542 913 baptizare,
3581 842 3854 895 fundunt
3897 843 3983 895 illis

2353 935 2597 989 calathos
2626 935 2687 989 in
2716 934 2953 988 ﬂuvium
2981 941 3037 988 et
3064 934 3272 988 tollunt
3299 952 3505 1006 aquam
3532 935 3932 1001 benedictam,
3958 954 3983 987 ξ

2353 1028 2557 1083 exinde
2581 1028 2798 1083 faciunt
2844 1044 3049 1098 aquam
3092 1028 3427 1097 aspersionis
3465 1028 3524 1082 in
3573 1028 3694 1081 suis
3740 1028 3984 1085 navibus.

2351 1125 2656 1191 antequam
2666 1120 2948 1176 exeantad
2963 1120 3361 1191 navigandum.
3389 1122 3673 1191 Baptismo
3685 1137 3826 1176 com
3836 1122 3983 1191 plen.

2352 1231 2548 1269 omnes
2590 1215 2649 1268 in
2674 1206 2911 1269 ﬂuviuni
2950 1229 3053 1284 pro
3082 1213 3470 1269 benedictione
3513 1214 3906 1280 descendunt,
3936 1216 3983 1267 ir-

2352 1307 2472 1364 duti
2506 1308 2800 1376 sindones;
2839 1313 2895 1361 et
2943 1307 3079 1361 alias
3129 1308 3335 1361 multas
3379 1307 3644 1361 sindones
3675 1307 3983 1377 [intingum

2350 1402 2556 1473 aquae],
2610 1417 2750 1472 quas
2783 1400 2886 1454 sibi
2931 1400 3003 1454 ad
3048 1400 3366 1471 sepulturas
3399 1405 3645 1455 servant.
3694 1402 3842 1454 Post
3894 1402 3981 1453 has

2350 1496 2541 1550 omnia
2569 1495 2835 1565 perfecta,
2865 1494 3056 1548 statim
3074 1510 3222 1564 aqua
3250 1493 3309 1547 in
3331 1493 3559 1564 proprio
3589 1493 3916 1547 revertitur
3940 1520 3982 1545 .1.-

2349 1606 2452 1645 veo
2485 1608 2498 1643 :
2529 1605 2663 1644 nam
2700 1588 2852 1641 unde
2898 1587 3083 1658 surgit
3117 1586 3373 1641 Iordanis
3413 1604 3447 1640 a
3487 1603 3643 1641 mare
3684 1586 3982 1641 Tiberiad~

2350 1698 2529 1754 usque
2558 1682 2628 1736 ad
2660 1697 2814 1735 mare
2843 1679 3178 1735 Sabinarum
3207 1684 3341 1735 sunt
3368 1680 3550 1734 millia
3578 1696 3721 1733 cxxx
3762 1678 3803 1733 τ.

604 1775 807 1847 Moysis
837 1793 850 1830 :
883 1776 982 1830 ubi
1012 1777 1180 1830 etiam
1204 1777 1409 1848 leprosi
1434 1751 1803 1845 mundantur,
1834 1779 1891 1830 et
1913 1775 1989 1829 ibi
2020 1777 2104 1828 est
2128 1773 2250 1828 dul-
2270 1751 2325 1823 Β
2424 1751 2509 1831 1—2.
2547 1776 2605 1830 In
2620 1774 2742 1846 ipsa
2765 1789 2898 1828 vero
2926 1773 3052 1844 ripa
3074 1773 3329 1828 Iordanis
3355 1778 3440 1829 est
3468 1774 3768 1845 spelunca,
3797 1772 3865 1827 in
3899 1790 3983 1844 qm

604 1869 862 1925 cissimus
910 1885 1072 1942 aqum
1118 1871 1264 1940 fons,
1324 1871 1415 1925 cui
1450 1870 1667 1924 bibitur
1712 1887 1815 1941 pro
1859 1869 2143 1935 catarrho,
2192 1871 2251 1922 et

603 1963 815 2019 multos
834 1969 994 2018 sanat
1011 1964 1333 2035 languores.
1358 1966 1477 2018 Non
1500 1964 1668 2035 longe
1688 1981 1721 2017 a
1741 1962 1885 2017 mari
1906 1962 2243 2030 Salinarum,

602 2057 675 2111 ad
701 2057 853 2129 quod
878 2056 1136 2111 Iordanis
1162 2057 1503 2129 ingreditur.
1565 2057 1778 2112 Subtus
1821 2060 1906 2110 est
1937 2054 2248 2110 Gomorrha

605 2153 662 2204 et
686 2149 944 2219 Sodoma,
975 2150 1045 2205 ad
1075 2151 1236 2221 cujus
1262 2150 1421 2204 littus
1448 2150 1706 2205 bitumen
1737 2152 1794 2204 et
1822 2149 2063 2220 sulphur
2088 2147 2243 2202 colli-

605 2244 797 2313 gitur;
828 2243 888 2297 in
908 2259 1021 2314 quo
1050 2244 1215 2311 mari,
1245 2260 1441 2298 mense
1465 2244 1609 2299 Iulio
1635 2246 1692 2298 et
1718 2245 1968 2314 Augusto
1993 2245 2050 2296 et
2071 2258 2246 2313 usque

602 2337 675 2391 ad
704 2336 959 2391 medium
990 2336 1357 2407 Septembris,
1386 2342 1505 2392 tota
1530 2336 1620 2391 die
1654 2336 1848 2407 jacent
1890 2335 2095 2407 leprosi
2126 2338 2146 2355 ‘
2190 2339 2247 2390 et

602 2430 674 2484 ad
696 2446 997 2500 vesperum
1020 2430 1284 2484 lavantur
1321 2430 1381 2483 in
1434 2430 1567 2501 ipsis
1606 2429 1841 2484 thermis
1872 2446 1884 2482 :
1931 2433 1988 2483 et
2026 2429 2242 2500 aliquo-

603 2522 729 2577 ties.
760 2523 1049 2591 Dominus,
1076 2539 1249 2594 quem
1276 2524 1413 2591 vult,
1445 2523 1684 2577 mundat
1712 2542 1725 2577 :
1757 2539 1890 2577 nam
1920 2522 1979 2576 in
2008 2539 2243 2594 genera-

600 2613 759 2671 litate
786 2621 869 2670 est
893 2615 1078 2687 aliqua
1101 2616 1373 2687 primitia.
1405 2617 1463 2670 In
1490 2633 1602 2687 quo
1649 2615 1795 2670 mari
1824 2616 1968 2670 nihil
2009 2615 2246 2670 viviﬁca-

605 2711 719 2777 tur,
747 2726 851 2764 nec
881 2709 1039 2780 ligna
1074 2709 1153 2763 ibi
1187 2712 1401 2779 natant,
1444 2726 1544 2764 nec
1582 2710 1779 2781 paleas,
1820 2725 2005 2780 neque
2039 2710 2238 2778 homo;

602 2803 701 2858 sed
728 2803 1007 2875 quidquid
1032 2803 1107 2857 ibi
1127 2803 1442 2875 projectum
1473 2804 1662 2873 fuerit,
1694 2803 1753 2857 in
1778 2804 2122 2874 profundum
2142 2804 2241 2858 de-

600 2898 902 2969 mergitur.
937 2897 1015 2951 De
1042 2897 1280 2952 Iordane
1302 2913 1482 2968 usque
1501 2897 1570 2952 ad
1598 2897 1785 2951 locum
1815 2897 1875 2952 in
1903 2913 2016 2968 quo
2033 2898 2244 2968 Moyses

601 2992 671 3048 de
703 3007 936 3063 corpore
965 2992 1157 3060 exivit,
1191 2996 1324 3045 sunt
1353 2991 1530 3045 millia
1576 3007 1693 3046 vui.
1733 2991 1949 3046 Exinde
1986 3008 2020 3045 a
2056 2995 2239 3059 Sego-r,

2348 1874 2479 1924 sunt
2523 1872 2741 1940 septem
2786 1867 3004 1921 cellula:
3041 1883 3174 1922 cum
3212 1873 3428 1939 septem
3456 1868 3677 1940 puellis,
3707 1868 3731 1889 ⁸
3759 1883 3905 1938 quae
3935 1868 3980 1920 ill.

2345 1962 2641 2018 infantulae
2669 1960 3008 2016 mittuntur:
3033 1966 3090 2015 et
3118 1977 3247 2015 cum
3290 1960 3482 2033 aliqua
3524 1977 3595 2016 ex
3641 1961 3724 2015 eis
3768 1966 3980 2014 mortua

2347 2055 2519 2111 fuerit
2542 2054 2604 2109 in
2641 2054 2760 2125 ipsa
2793 2053 2992 2109 cellula
3026 2053 3326 2125 sepelitur;
3369 2059 3426 2109 et
3460 2054 3575 2109 alia
3609 2054 3824 2109 cellula
3862 2055 3980 2107 inci-

2347 2150 2520 2220 ditur,
2554 2152 2610 2203 et
2643 2148 2753 2202 alia
2780 2146 2860 2201 ibi
2885 2146 3133 2202 mittitur
3156 2147 3347 2218 puella
3370 2152 3437 2203 ut
3459 2164 3737 2203 numerus
3770 2151 3924 2216 stet;
3948 2156 3983 2201 et

2347 2242 2562 2298 habent
2587 2241 2723 2296 foris
2762 2240 2861 2312 qui
2905 2240 2985 2295 eis
3022 2240 3231 2295 cibaria
3268 2246 3567 2313 praeparet.
3609 2243 3669 2295 In
3715 2258 3838 2313 quo
3887 2242 3983 2295 loco

2345 2354 2477 2391 cum
2501 2352 2712 2407 magno
2746 2334 2953 2389 timore
2994 2333 3237 2406 ingressi
3283 2352 3480 2390 sumus
3516 2336 3588 2390 ad
3619 2335 3978 2393 orationem;

2345 2424 2556 2480 nullius
2588 2424 2663 2479 ibi
2692 2423 2895 2479 faciem
2923 2423 3186 2478 vidimus.
3214 2424 3276 2477 In
3301 2424 3422 2495 ipso
3457 2424 3581 2479 loco
3622 2424 3835 2479 dicitur
3880 2441 3979 2477 esse

2345 2523 2637 2578 sudarium
2664 2522 2815 2593 quod
2840 2522 2951 2576 fuit
2989 2536 3161 2592 super
3200 2526 3369 2593 caput
3400 2523 3552 2577 Iesu.
3596 2525 3719 2580 Non
3760 2523 3975 2576 multum

2346 2620 2498 2688 longe
2521 2635 2556 2673 a
2578 2618 2832 2680 Iordane,
2862 2617 2959 2671 ubi
2985 2617 3289 2687 baptizatus
3306 2623 3381 2672 est
3408 2619 3685 2680 Dominus,
3715 2623 3796 2672 est
3811 2634 3975 2671 mona-

2344 2714 2569 2767 sterium
2592 2714 2769 2767 sancti
2785 2712 3011 2765 Ioannis
3035 2711 3196 2765 valde
3223 2727 3504 2780 magnum,
3537 2714 3595 2764 in
3624 2726 3728 2780 quo
3742 2716 3875 2765 sunt
3897 2728 3971 2763 me-

2342 2806 2604 2860 nodochia
2628 2804 2755 2859 duo.
2786 2805 2847 2858 In
2876 2803 2982 2858 ista
3003 2820 3208 2859 vero...
3239 2804 3335 2858 illa
3370 2804 3495 2875 ripa
3525 2804 3785 2858 Iordanis
3828 2805 3969 2858 inve-

2343 2899 2535 2953 nimus
2562 2901 2851 2968 serpentes
2871 2897 2939 2951 de
2967 2897 3172 2968 quibus
3204 2897 3455 2952 theriaca
3493 2897 3808 2952 coniicitur.
3850 2896 3966 2951 Inde

2344 2992 2601 3047 venimus
2621 2991 2692 3046 ad
2719 2990 3040 3046 Iordanem.

598 3089 659 3141 in
691 3088 887 3157 quibus
938 3087 1064 3140 locis
1099 3090 1226 3140 sunt
1269 3086 1427 3140 multi
1474 3088 1723 3140 eremitae.
1772 3085 2023 3139 Vidimus
2068 3085 2145 3139 ibi
2187 3090 2316 3196 etc
2417 3089 2502 3140 13.
2530 3087 2606 3139 De
2630 3084 2871 3140 Iordane
2905 3100 3089 3155 usque
3119 3084 3188 3138 ad
3227 3084 3453 3139 Iericho
3494 3084 3671 3138 millia
3712 3101 3787 3138 vi.
3835 3084 3961 3140 Ieri~

597 3182 1038 3236 monumentum
1061 3179 1300 3233 Absalon
1328 3180 1355 3219 ἀ
1380 3179 1483 3233 ﬁlii
1512 3179 1701 3233 David.

674 3276 759 3326 11.
789 3272 1057 3326 Venimus
1087 3271 1199 3341 (sic)
1230 3271 1592 3341 Theophania
1616 3272 1782 3341 juxta
1809 3271 2108 3326 Iordanem
2139 3287 2151 3324 :
2187 3271 2249 3323 et‘

597 3359 675 3415 ibi
704 3361 849 3415 fiunt
886 3361 1182 3427 mirabilia,
1225 3362 1323 3415 ubi
1363 3361 1675 3431 baptizatus
1714 3365 1799 3416 est
1846 3361 2134 3430 Dominus,
2180 3360 2239 3414 in

595 3448 722 3521 ipsa
746 3453 910 3504 nocte
934 3466 947 3503 :
974 3453 1031 3504 et
1059 3449 1136 3503 ibi
1166 3450 1423 3504 tumulus
1442 3450 1700 3505 cancellis
1727 3451 2110 3506 circumdatur
2138 3466 2150 3503 :
2185 3457 2241 3505 et

595 3543 657 3599 in
683 3544 803 3598 loco
834 3543 929 3597 ubi
967 3544 1246 3599 redundat
1281 3561 1429 3616 aqua
1471 3544 1531 3598 in
1568 3545 1788 3599 alveum
1829 3561 2017 3613 suum,
2064 3546 2241 3616 posita

596 3642 677 3693 est
692 3654 829 3692 crux
849 3637 1057 3707 lignea.
1086 3640 1202 3691 ltur
1228 3638 1287 3692 in
1306 3655 1512 3709 aquam
1540 3655 1609 3692 ex
1628 3642 1870 3710 utraque
1899 3642 2054 3708 parte
2082 3655 2235 3692 mar-

594 3732 792 3807 moris.
825 3733 884 3785 ln
914 3731 1105 3803 vigilia
1130 3732 1514 3803 Theophania:
1547 3733 1787 3804 grandes
1813 3733 1959 3786 ﬁunt
1983 3732 2193 3804 vigilia:
2222 3750 2234 3787 :

593 3826 835 3898 populus
854 3826 1141 3896 inﬁnitus;
1156 3830 1212 3880 et
1230 3830 1430 3898 quarta
1451 3829 1549 3880 aut
1578 3826 1778 3898 quinta
1796 3827 1912 3880 vice
1941 3827 2085 3897 gallo
2112 3843 2238 3880 cau-

596 3922 754 3974 tante
790 3919 937 3973 ﬁunt
962 3919 1190 3990 vigiliae.
1221 3920 1525 3990 Completis
1555 3920 1847 3975 matutinis
1873 3920 2059 3991 primo
2086 3921 2234 3975 dilu-

595 4012 724 4067 culo
753 4015 1069 4081 surgentes,
1102 4014 1418 4084 procedunt
1453 4014 1696 4069 ministri
1733 4014 1838 4068 sub
1867 4014 1994 4068 divo
2020 4020 2076 4069 et
2113 4014 2232 4068 dia-

596 4106 746 4175 coni,
791 4109 1045 4161 tenentes
1086 4107 1455 4162 sacerdotem.
1504 4109 1610 4163 Ter
1649 4108 1936 4163 descendit
1978 4108 2237 4163 sacerdos

594 4200 656 4257 in
685 4199 960 4269 ﬂuvium;
991 4203 1048 4253 et
1071 4199 1210 4253 hora
1234 4216 1345 4271 qua
1374 4200 1605 4271 caeperit
1638 4202 1969 4257 benedicere
2005 4218 2233 4273 aquam,

593 4310 730 4351 mox
754 4293 1008 4349 Iordanis
1028 4293 1049 4313 ‘
1075 4309 1206 4346 cum
1229 4309 1441 4365 magno
1467 4293 1663 4364 rugitu
1682 4294 1980 4350 revertitur
2005 4299 2135 4367 post
2153 4312 2231 4365 se,

594 4392 652 4445 et
697 4392 805 4443 stat
840 4403 987 4459 aqua
1029 4385 1285 4457 superior
1313 4386 1373 4441 in
1417 4403 1474 4441 se
1518 4402 1699 4458 usque
1736 4388 1874 4443 dum
1922 4388 2235 4461 baptismus

665 4515 689 4544 ⁸
712 4515 791 4569 De
835 4518 1027 4568 sancta
1058 4512 1266 4583 Sophia
1303 4512 1919 4584 Constantinopolitana
1956 4514 2099 4568 forte
2141 4514 2227 4568 in-
2250 4493 2309 4565 Ῑ)

593 4586 887 4709 adiﬁciis:
912 4584 1126 4656 aliquid
1152 4584 1409 4655 scriptor,
1438 4584 1592 4655 quod
1622 4584 1751 4639 inde
1790 4585 2229 4655 Hierosolymam

682 4674 749 4709 ns
776 4674 814 4709 u
840 4674 857 4709 ι
891 4698 903 4709 .

594 4657 903 4712 transtulit.

666 4726 1064 4807 b_lnt_egri_diei
1101 4726 1301 4807 itinere
1331 4727 1496 4807 locus
1536 4726 1819 4807 baptismi.
1841 4726 2011 4807 distat
2044 4745 2088 4807 _a
2123 4731 2233 4781 tor-

594 4802 757 4855 rente
782 4797 995 4853 carith.
1025 4798 1121 4851 Est
1155 4803 1347 4854 tamen
1384 4797 1685 4852 verisimile
1721 4798 1871 4865 satis,
1922 4798 1994 4851 ad
2043 4799 2228 4853 locum

593 4870 871 4925 memoria
898 4868 1213 4924 absconditi
1238 4869 1526 4939 quondam
1551 4868 1631 4922 ibi
1657 4869 1792 4922 Eliae
1820 4868 2101 4923 celebrem
2127 4870 2229 4924 ali-

596 4939 1159 5013 quandoAhabitasse
1198 4941 1479 5013 eremitas.
1533 4941 1621 5013 An
1669 4940 1838 5013 etiam
1877 4940 2028 5011 quod
2067 4941 2228 5012 Elias,

592 5010 932 5084 usqueadeo
952 5015 1087 5084 tunc
1111 5010 1381 5084 abductus
1399 5028 1432 5065 a
1457 5010 1673 5084 notitia
1682 5011 2005 5084 hominum,
2037 5017 2102 5066 ut
2128 5010 2229 5067 ne;

594 5080 748 5140 cessa
777 5080 1095 5155 habuerita
1120 5082 1296 5135 corvis
1321 5081 1490 5154 pasci,
1532 5098 1627 5155 eos
1661 5081 1746 5155 ibi
1779 5082 2089 5155 collegerit,
2133 5100 2228 5138 vo-

592 5155 717 5212 lens
743 5158 873 5227 post
896 5169 954 5227 se
982 5152 1302 5227 relinquere
1314 5152 1663 5227 _'monasticie
1699 5153 1828 5227 vitae
1863 5152 2229 5226 successores,

595 5230 661 5283 ut
688 5223 895 5281 dicitur
920 5223 980 5279 in
1014 5223 1161 5278 libro
1202 5223 1270 5278 de
1313 5224 1491 5278 lnstit.
1536 5225 1991 5280 monachorum?
2030 5223 2233 5283 Credat

590 5298 702 5356 hoc
749 5297 1057 5369 quipotest
1081 5294 1310 5369 credere
1338 5296 1761 5369 Graecumgesse
1779 5301 2086 5369 auctorem,
2132 5298 2231 5369 qui

589 5370 653 5427 in
682 5366 815 5425 voce
842 5366 1032 5423 carith
1067 5366 1361 5438 mysticam
1396 5366 1542 5420 hanc
1579 5366 2047 5437 signiﬁcationem
2076 5366 2233 5439 repe-

591 5444 686 5509 rit,
718 5440 867 5512 quod
894 5440 1206 5512 Elias‘sedit
1234 5439 1294 5512 in
1326 5442 1558 5512 torrente
1586 5440 1794 5501 Carith,
1823 5441 1918 5509 qui
1944 5445 2020 5495 est
2045 5447 2231 5495 contra

588 5509 879 5569 Iordanem
906 5529 923 5564 :
971 5509 1105 5580 quia
1135 5512 1192 5562 in
1220 5509 1428 5572 Carith,
1460 5509 1519 5564 id
1555 5515 1652 5573 est,
1706 5513 1761 5564 in
1801 5513 1902 5565 Dei
1944 5512 2229 5574 charitate,

592 5600 714 5640 cum
739 5583 1011 5638 dividente
1035 5596 1071 5635 a
1094 5580 1351 5645 Iordane,
1376 5581 1437 5636 id
1462 5587 1539 5637 est
1574 5597 1609 5637 a
1639 5585 1984 5653 peccatorum
2024 5581 2233 5638 descen-

591 5658 758 5718 sione,
781 5669 847 5707 ϐω
874 5657 1001 5707 tunc
1024 5667 1230 5721 semper
1252 5655 1479 5708 exstitit.

664 5739 686 5767 ο
737 5727 934 5780 Totam
982 5723 1279 5793 regionem
1332 5723 1643 5779 secundum
1687 5723 2007 5793 Iordanem,
2057 5741 2230 5791 quam

594 5793 764 5869 longe
795 5794 921 5851 ﬂuit
946 5809 980 5849 a
1003 5794 1119 5849 suis
1152 5793 1401 5850 fontibus
1433 5811 1610 5868 usque
1639 5794 1709 5851 ad
1753 5809 1908 5850 mare
1947 5795 2231 5855 Mortuum

2341 3180 2449 3234 cho
2476 3182 2668 3233 autem
2688 3178 2747 3232 in
2773 3177 2947 3232 oculis
2976 3177 3277 3233 hominum
3306 3178 3384 3233 ita
3408 3178 3630 3233 videtur
3648 3194 3768 3233 esse
3787 3182 3854 3232 ut
3878 3195 3963 3249 pa-

2340 3273 2579 3341 radisus,
2607 3287 2640 3325 a
2667 3274 2999 3325 tenmmotu
3026 3272 3175 3326 muri
3204 3271 3410 3340 diruti;
3463 3272 3663 3326 domus
3712 3272 3861 3325 Raab
3900 3289 3964 3325 re-

2340 3369 2467 3435 stat,
2494 3370 2551 3420 et
2574 3368 2657 3419 est
2682 3364 3120 3433 xenodochium,
3153 3364 3250 3418 sed
3276 3370 3333 3419 et
3374 3364 3719 3434 cubiculum,
3761 3365 3829 3419 de
3867 3382 3960 3437 quo

2340 3460 2716 3531 exploratores
2742 3458 3020 3529 deposuit,
3051 3458 3361 3513 oratorium
3410 3463 3492 3515 est
3533 3462 3736 3513 sancta:
3772 3459 3954 3512 Maria.

2338 3553 2573 3624 Lapides
2601 3568 2731 3607 vero
2759 3551 2839 3606 illi
2865 3568 3005 3622 quos
3029 3552 3359 3607 levaverunt
3394 3552 3492 3606 ﬁlii
3527 3552 3692 3607 Israel
3742 3552 3808 3607 de
3851 3555 3953 3606 Ior-

2340 3647 2503 3713 dane,
2534 3662 2647 3699 non
2671 3646 2839 3717 longe
2865 3662 2899 3698 a
2924 3644 3147 3700 civitate
3170 3646 3392 3700 Iericho
3418 3645 3581 3716 positi
3624 3652 3754 3701 sunt
3779 3647 3838 3699 iu
3886 3647 3957 3699 ba-

2338 3740 2493 3795 silica
2516 3742 2646 3811 post
2672 3740 2878 3807 altare;
2908 3744 2965 3794 et
2988 3744 3118 3793 ante
3149 3739 3437 3794 basilicam
3478 3745 3563 3795 est
3601 3755 3830 3811 campus
3876 3740 3951 3811 qui

2338 3834 2542 3889 dicitur
2574 3838 2725 3904 Ager
2747 3832 2971 3888 Domini
2998 3851 3011 3886 :
3045 3834 3060 3854 '
3092 3832 3149 3886 in
3177 3849 3291 3903 quo
3324 3832 3599 3887 Dominus
3628 3849 3795 3887 manu
3838 3850 3948 3905 pro-

2335 3928 2459 3999 pria
2483 3927 2799 3995 seminavit,
2826 3926 3014 3980 ferens
3050 3929 3237 3980 satum
3258 3926 3435 3980 tritici
3460 3926 3568 3980 tria
3593 3926 3776 3981 modia
3803 3927 3949 3998 quiet

2335 4022 2640 4093 colligitur,
2682 4026 2737 4075 et
2764 4036 3059 4091 nunquam
3095 4020 3322 4088 seritur,
3355 4020 3451 4075 sed
3477 4036 3546 4074 ex
3577 4037 3634 4075 se
3660 4020 3871 4091 profert
3890 4036 3948 4073 se-

2335 4131 2488 4170 men.
2519 4113 2818 4185 Colligitur
2840 4131 2874 4167 a
2910 4129 3105 4168 mense
3134 4112 3460 4179 Februario,
3490 4116 3547 4168 et
3573 4113 3705 4168 inde
3729 4130 3946 4168 commu-

2337 4208 2557 4262 nicatur
2582 4208 2639 4261 in
2670 4207 2900 4261 Pascha.
2928 4207 3066 4260 Cum
3098 4206 3393 4261 collectum
3428 4206 3623 4275 fuerit,
3663 4210 3868 4273 aratur,
3904 4210 3942 4259 et

2334 4302 2544 4357 iterum
2570 4317 2699 4355 cum
2728 4300 2963 4372 reliquis
2992 4299 3268 4355 messibus
3288 4299 3597 4370 colligitur.

2412 4397 2494 4449 14.
2546 4396 2620 4450 At
2665 4410 2787 4449 vero
2834 4395 2956 4460 fons
2999 4409 3155 4463 aqua:
3198 4408 3353 4463 quem
3398 4393 3704 4448 indulcavit
3745 4391 3938 4448 Elisa’us

2332 4525 2747 4592 occupaverunt
2764 4519 2943 4575 tribus
2966 4518 3168 4592 Ruben
3196 4523 3252 4573 et
3274 4518 3392 4592 Gad
3412 4534 3557 4592 cum,
3572 4518 3795 4592 dimidia
3811 4519 3933 4574 tribu

2332 4590 2609 4671 humasse,
2633 4592 2729 4645 sed
2758 4606 3051 4671 nusquam.
3069 4590 3343 4671 leguntur
3370 4590 3673 4671 invenisse
3690 4590 3929 4671 civitatem

2333 4663 2652 4719 Salamiada
2680 4679 2693 4716 :
2723 4678 2922 4716 verum
2949 4661 3222 4715 Antonini
3243 4661 3599 4731 imperatoris
3614 4661 3930 4715 Itinerarium

2330 4734 2767 4792 Salaminiadam
2811 4733 2983 4786 habet
3020 4733 3214 4802 procul
3263 4732 3414 4801 inde,
3466 4732 3617 4788 inter
3653 4733 3870 4787 0coram
3891 4734 3927 4784 et

2332 4805 2607 4860 Emissam
2636 4803 2950 4873 C(elesyriaz
2979 4803 3164 4857 urbes.

2401 4877 2428 4916 ἀ
2457 4878 2696 4931 Ecoutra
2731 4892 2799 4930 ex
2842 4874 2941 4928 lib.
2990 4875 3032 4927 ll
3074 4875 3317 4945 Regum,
3361 4889 3461 4945 cap
3508 4877 3595 4944 18,
3631 4874 3825 4928 scimus
3850 4890 3924 4945 pu-

2334 4962 2505 5017 gnam
2534 4947 2683 5001 inter
2713 4945 2993 5017 exercitus
3016 4944 3287 5017 Davidiet
3308 4944 3569 5017 _Ab_salon
3613 4944 3923 5000 commissam

2333 5014 2452 5072 esse
2480 5018 2538 5072 in
2569 5018 2713 5072 saltu
2744 5015 3010 5088 Ephraim
3040 5015 3099 5069 in
3124 5014 3485 5088 Galaaditide,
3527 5016 3677 5088 haud
3717 5018 3869 5088 longe
3894 5030 3922 5088 Aa

2332 5090 2476 5144 mari
2512 5084 2842 5155 Tiberiadis,
2869 5087 3059 5158 ibique
3093 5087 3358 5154 occisum,
3388 5091 3446 5141 et
3472 5086 3578 5140 sub
3606 5102 3795 5143 acervo
3813 5084 3919 5158 lapi-

2332 5160 2471 5215 dum
2499 5161 2785 5231 sepultum
2812 5158 3150 5231 Absalonem
3176 5173 3315 5213 esse.

2403 5243 2426 5272 ο
2461 5228 2685 5287 Diceres
2707 5246 2863 5285 mare
2889 5228 3377 5295 Mediterraneum,
3406 5243 3512 5299 per

2331 5302 2482 5357 drini
2509 5303 2836 5374 navigantes
2861 5299 3159 5355 stationem
3185 5298 3423 5374 capiunt
3440 5298 3501 5353 in

2331 5389 2422 5428 ne:
2456 5370 2671 5456 portu;
2690 5374 3075 5456 puta‘Ioppe,
3120 5370 3389 5456 contundi
3440 5386 3473 5423 a
3517 5370 3782 5456 scriptore
3821 5384 3912 5456 culi!

2331 5443 2476 5499 mari
2504 5443 2741 5513 Mortuo,
2772 5443 2989 5498 nullam
3016 5458 3147 5496 cum
3180 5443 3354 5497 altero
3372 5443 3909 5513 communicationem

2332 5515 2607 5585 habente;
2652 5512 2792 5571 adeo
2843 5517 2912 5569 ut
2954 5513 3309 5585 impossibile
3338 5512 3424 5585 sit
3458 5513 3906 5585 Alexandrinorum

2332 5602 2501 5657 naves
2529 5582 2831 5641 ascendere
2855 5585 2926 5641 ad
2949 5582 3137 5639 locum
3159 5582 3745 5657 baptismidominici.

2404 5656 2425 5698 τ
2456 5658 2719 5715 Abundat
2742 5658 2834 5713 hic
2858 5672 3132 5712 numerus
3159 5650 3538 5723 centenarius,
3569 5672 3704 5713 nam
3730 5650 3903 5715 msul-

2332 5728 2499 5786 ﬁcere
2525 5730 2711 5805 reipsa
2737 5732 2913 5803 patet.

3602 5229 3695 5283 10d
3718 5230 3916 5284 Alexan-

3602 5245 3695 5283 ιοα
3718 5245 3914 5284 Alexan-

3524 5245 3710 5372 agiquo
3732 5298 3914 5357 Palesti-
