4034 6228
51 1843 68 1847 ’
165 1833 360 1886 vimus
385 1833 544 1887 villas
574 1834 838 1888 Sodomaa
883 1839 939 1888 et
979 1836 1311 1890 Gomorrha:

50 1913 74 1928 ”
165 1927 529 1997 provinciam
561 1944 791 1999 semper
831 1929 1088 1982 ascendit
1114 1929 1294 1983 nubes
1323 1946 1454 1983 cum
1488 1931 1663 1983 odore
1695 1930 1806 1982 sul-

168 327 279 378 905

1637 329 2092 385 ITINERARIUM.

3435 338 3536 391 906

161 433 461 503 propheta,
490 435 690 502 irrigat
722 448 927 488 omnem
963 435 1194 498 Iericho,
1221 435 1315 489 ubi
1342 438 1582 490 nascitur
1618 439 1805 491 vinum
1828 449 1885 520 Α
1907 441 2047 491 tum.
2083 437 2254 493 Color
2271 453 2406 492 vero
2435 443 2632 508 petrae,
2659 455 2786 510 quas
2813 439 2998 493 excisa
3028 444 3115 493 est
3152 440 3223 494 de
3255 441 3536 513 Golgotha

48 511 52 514 ’
77 508 83 518 Si
160 531 360 595 potens
389 527 536 596 quod
560 527 996 594 febricitantibus
1022 529 1204 583 datur.
1237 529 1317 582 [bi
1341 529 1594 583 nascitur
1615 529 1804 601 dacty-

57 619 68 702 "
169 618 294 672 lum
319 617 351 648 ‘
381 619 450 672 de
490 620 633 673 libra
667 637 679 674 :
711 637 774 674 ex
807 621 1014 691 quibus
1052 638 1275 676 mecum
1321 622 1531 676 adduxi
1575 623 1634 676 in
1674 639 1805 693 pro-

88 734 93 784 ρ
169 711 444 778 vinciam,
475 716 533 765 et
563 711 694 766 dedi
724 730 901 767 unum
932 713 1169 768 domino
1200 715 1424 769 Paterio
1445 715 1699 770 Tributio
1718 732 1808 786 pa-

170 808 359 862 tricio.
378 808 459 862 lbi
487 810 736 864 nascitur
765 811 969 865 cedrus
999 813 1068 866 de
1101 812 1304 866 cubitis
1327 813 1728 884 quadraginta,
1755 818 1811 868 et

73 903 86 971 ί
169 901 339 971 virga
371 902 554 956 fasioli
586 903 730 957 duos
765 905 946 975 pedes
971 907 1164 976 longa.
1203 906 1278 959 lbi
1308 910 1392 959 est
1419 906 1542 959 vitis
1569 906 1718 959 unde
1751 906 1808 959 in

168 995 521 1049 Ascensione
555 997 779 1051 Domini
810 999 996 1068 plena:
1043 999 1196 1052 cistae
1234 999 1477 1052 racemis
1513 999 1570 1052 in
1612 1001 1807 1053 monte

49 1061 90 1162 ἔγ
170 1087 376 1143 Oliveti
406 1091 656 1157 venales,
690 1094 746 1144 et
777 1061 836 1144 in
866 1091 956 1145 die
992 1095 1322 1148 Pentecoste
1351 1091 1572 1146 mixtim
1605 1092 1807 1147 exinde

168 1181 349 1251 plena
371 1183 595 1236 calatha
621 1189 1044 1255 proponuntur.

237 1279 336 1328 '15.
367 1276 649 1329 Exeuntes
672 1277 742 1330 de
769 1277 992 1333 Jericho
1024 1279 1284 1332 venimus
1313 1282 1514 1333 contra
1541 1279 1804 1333 Hieroso-

55 1373 95 1458 ξ’
166 1369 411 1438 lymam.
445 1369 566 1422 Non
602 1370 772 1440 longe
805 1388 836 1424 a
865 1372 1088 1425 Jericho
1121 1377 1206 1426 est
1231 1372 1329 1426 illa
1356 1372 1527 1426 arbor
1556 1372 1650 1425 ubi
1682 1373 1810 1425 Zac-

68 1532 71 1533 ν
165 1461 368 1515 chaeus
388 1461 645 1516 ascendit
673 1469 733 1517 ut
760 1463 980 1518 videret
1012 1465 1318 1519 Dominum
1344 1482 1356 1519 :
1383 1482 1508 1536 qua)
1536 1466 1707 1518 arbor
1728 1465 1808 1518 in-

164 1553 259 1608 fra
305 1555 618 1608 oratorium
662 1556 876 1610 inclusa
916 1563 1019 1624 est,
1066 1561 1124 1611 et
1167 1575 1269 1628 per
1314 1562 1529 1612 tectum
1563 1557 1809 1628 desuper

167 1646 321 1700 sicca
359 1646 600 1701 videtur.
641 1649 821 1718 Igitur
860 1654 1129 1703 exeuntes
1171 1651 1240 1704 de
1269 1651 1516 1718 Jericho,
1551 1651 1809 1704 venimus

166 1744 377 1794 contra
417 1741 830 1795 occidentalem
855 1743 962 1795 bin
1009 1743 1236 1796 sinistra
1278 1760 1453 1797 manu
1489 1761 1502 1797 :
1537 1747 1593 1796 et
1629 1744 1804 1797 intra-

166 2020 410 2089 phureo.
460 2020 625 2084 Quod
672 2020 870 2075 dicunt
911 2022 1176 2076 homines
1216 2022 1286 2076 de
1327 2040 1499 2077 uxore
1544 2022 1708 2089 Loth,
1756 2027 1812 2075 et

67 2099 76 2129 ⁵
169 2112 331 2183 quod
349 2113 626 2183 lingendo
649 2114 720 2168 ab
743 2116 1090 2170 animalibus
1111 2116 1422 2182 minuatur,
1441 2115 1806 2170 mendacium

169 2211 258 2259 est
289 2223 301 2260 :
337 2206 437 2261 sed
462 2209 578 2260 stat
605 2207 662 2260 in
697 2212 849 2262 statu
879 2225 980 2263 suo
1009 2210 1065 2262 in
1099 2226 1211 2280 quo
1243 2209 1368 2263 fuit.

246 2301 332 2353 16.
378 2301 770 2355 Ascendentes
826 2302 896 2355 de
948 2303 1237 2356 montanis
1287 2303 1809 2372 Hierosolymorum

168 2391 513 2446 Barrideum
542 2406 565 2434 ο
593 2436 606 2460 ,
641 2394 892 2465 indeque
933 2399 1288 2450 revertentes
1317 2396 1384 2449 ad
1417 2395 1707 2450 sinistram
1738 2395 1811 2449 ad

53 2481 68 2485 ”
169 2484 390 2555 oppida
407 2486 616 2540 montis
637 2486 860 2555 Oliveti,
879 2488 1141 2542 venimus
1162 2488 1219 2542 in
1239 2488 1578 2542 Bethaniam
1599 2488 1671 2542 ad
1695 2504 1812 2541 mo-

168 2581 524 2632 numentum
571 2580 786 2646 Lazari,
816 2581 1186 2652 respicientes
1219 2582 1393 2635 valles
1440 2581 1560 2635 illas
1591 2585 1647 2635 et
1677 2597 1808 2651 per-

168 2671 538 2726 ambulantes
559 2674 909 2728 monasteria
934 2676 1117 2728 multa
1139 2678 1197 2728 et
1221 2675 1641 2729 mirabiliorum
1663 2675 1808 2738 loca,

167 2764 420 2819 vidimus
451 2767 706 2820 clausam
727 2767 1158 2821 multitudinem
1184 2768 1241 2822 in
1265 2771 1464 2822 monte
1483 2768 1734 2822 virorum
1757 2771 1813 2821 et

162 2858 500 2912 mulierum.
530 2861 599 2914 Et
625 2876 850 2915 rursum
875 2863 934 2914 in
961 2866 1135 2915 monte
1162 2862 1303 2916 unde
1333 2863 1592 2915 Dominus
1619 2877 1809 2916 ascen-

166 2953 256 3005 dit
280 2953 358 3006 ad
381 2955 614 3020 Patrem,
644 2954 740 3007 ubi
775 2959 827 3009 et
854 2954 1105 3022 judicare
1133 2958 1329 3018 veniet,
1358 2955 1592 3009 vidimus
1621 2971 1808 3009 mona-

165 3048 342 3100 steria
369 3049 582 3116 copiosa
619 3051 670 3101 et
705 3048 956 3102 cellulam
981 3049 1077 3102 ubi
1105 3050 1316 3103 inclusa
1349 3051 1460 3116 fuit
1484 3049 1570 3102 vel
1579 3049 1730 3117 jacet
1757 3051 1813 3102 in

165 3153 392 3209 corpore
417 3144 605 3194 sancta
631 3140 875 3207 Pelagia,
908 3144 964 3195 et
993 3141 1051 3195 in
1087 3141 1208 3212 ipso
1245 3145 1445 3196 monte
1469 3142 1625 3212 jacet
1648 3142 1808 3196 Jaco-
1834 3182 1888 3256 Ο

166 3231 275 3256 1...-
305 3231 562 3256 νιλιιηληζ
622 3236 672 3256 -L
701 3233 978 3256 [πλη-ι.--
1027 3237 1075 3256 ,1.
1114 3235 1287 3256 ...η1ι-
1324 3238 1642 3256 --..-ιΑ---...
1693 3251 1785 3256 ---

164 3231 278 3286 bus
303 3231 588 3302 Zebedasi,
618 3236 676 3286 et
700 3233 981 3305 Cleophas
1021 3237 1080 3288 et
1114 3235 1294 3289 multa
1321 3238 1648 3289 sanctorum
1686 3251 1809 3289 cor-

165 3341 335 3397 pora.

245 3423 332 3474 t7.
364 3419 785 3476 Descendentes
834 3421 905 3475 de
947 3423 1144 3474 monte
1199 3419 1402 3476 Oliveti
1443 3421 1704 3475 venimus
1753 3421 1811 3474 in

165 3513 367 3566 villam
416 3513 807 3581 Gethzemani,
838 3514 895 3567 in
929 3516 1053 3569 loco
1095 3514 1192 3568 ubi
1224 3515 1460 3568 traditus
1498 3518 1583 3568 est
1619 3515 1808 3568 Domi-

164 3623 282 3661 nus
317 3624 329 3661 :
361 3606 420 3660 in
453 3623 566 3677 quo
593 3614 726 3662 sunt
753 3608 860 3661 tria
891 3608 1170 3675 accubita,
1203 3607 1263 3661 in
1297 3608 1501 3678 quibus
1528 3609 1619 3662 ille
1646 3625 1807 3662 accu-

162 3700 318 3768 buit,
347 3703 405 3753 et
425 3715 531 3754 nos
553 3717 659 3771 pro
678 3701 1082 3756 benedictione
1105 3701 1472 3756 accubuimus
1497 3718 1509 3755 :
1535 3704 1592 3755 et
1611 3701 1668 3755 in
1692 3701 1814 3771 ipsa

165 3797 260 3848 est
290 3791 497 3848 domus
529 3797 735 3848 sanctae
761 3794 970 3861 Mariae,
995 3795 1066 3849 de
1088 3811 1202 3866 qua
1224 3811 1354 3849 eam
1385 3794 1586 3848 dicunt
1605 3795 1680 3848 ad
1700 3811 1808 3849 cm-

166 3887 258 3942 los
305 3887 477 3940 fuisse
519 3887 824 3942 sublatam.
871 3889 940 3942 Et
986 3887 1041 3941 in
1091 3888 1216 3959 ipsa
1257 3888 1401 3941 valle
1443 3887 1810 3942 Gethzemani

167 3979 394 4034 ibidem
421 3985 658 4035 vocatur
677 3981 838 4034 vallis
863 3981 1158 4052 Josaphat.
1189 3982 1247 4034 In
1270 3980 1504 4036 dextera
1523 3983 1703 4052 portae
1728 3984 1812 4035 est

169 4073 447 4128 olivetum
479 4077 536 4127 et
564 4074 813 4129 ﬁculnea
842 4074 898 4128 in
933 4091 1047 4146 qua
1073 4091 1132 4128 se
1152 4074 1326 4129 Judas
1352 4076 1560 4145 laqueo
1581 4091 1812 4146 suspen-

169 4166 277 4233 dit,
311 4168 420 4222 hoc
447 4171 534 4221 est
563 4167 635 4221 ad
665 4170 895 4238 portam
937 4169 1275 4236 Jerusalem,
1307 4169 1465 4240 cujus
1505 4168 1658 4223 talea
1701 4172 1813 4222 stat

169 4260 401 4316 munita
417 4261 667 4332 perticis.
693 4262 916 4316 Portam
935 4261 1170 4316 civitatis
1190 4261 1338 4333 (qua
1359 4263 1611 4317 cohaeret
1631 4265 1809 4333 portae

171 4349 479 4420 Speciosae,
506 4366 633 4421 quae
655 4349 763 4404 fuit
792 4351 1013 4422 templi,
1037 4350 1198 4420 cujus
1227 4350 1490 4406 liminare
1509 4354 1568 4405 et
1586 4351 1806 4405 tabula-

167 4438 252 4493 tio
286 4440 412 4508 stat)
441 4438 789 4493 inclinanter
818 4439 986 4510 proni
1011 4439 1072 4493 in
1102 4441 1314 4494 terram
1343 4440 1589 4512 ingressi
1614 4457 1810 4494 sumus

1364 1854 1376 1890 :
1422 1853 1593 1907 super
1631 1853 1806 1907 quam
1829 1815 1885 1884 Β

1911 548 2027 584 non
2058 530 2413 602 dignoscitur
2441 549 2453 586 :
2483 548 2616 586 nam
2640 536 2803 603 petra
2829 532 2951 603 ipsa
2978 536 3182 588 ornata
3208 537 3294 588 est
3313 552 3453 590 auro
3483 540 3540 590 et

1911 625 2182 694 gemmis;
2215 629 2272 680 et
2301 625 2669 696 postmodum
2700 625 2768 679 de
2800 626 2921 696 ipsa
2948 630 3107 696 petra
3128 627 3342 681 factum
3362 631 3448 682 est
3466 630 3540 683 al-

1911 719 2053 783 tare,
2083 717 2139 770 in
2165 718 2288 772 loco
2319 719 2415 772 ubi
2447 719 2748 773 cruciﬁxus
2781 722 2864 772 est
2892 719 3187 774 Dominus.
3213 723 3378 775 Petra
3405 737 3539 776 vero

1910 810 2276 864 monumenti
2306 812 2462 865 velut
2505 812 2740 866 molaris
2781 815 2884 879 est,
2925 817 2982 866 et
3019 812 3239 867 inﬁnite
3286 818 3491 868 ornata
3526 834 3537 868 :

1908 903 2083 972 virgis
2113 904 2314 957 ferreis
2336 905 2593 974 pendent
2619 905 2951 972 brachialia,
2987 905 3403 974 dextrocheria,
3423 924 3543 962 mu-

1909 1012 2082 1058 renae,
2117 997 2376 1067 monilia,
2412 999 2610 1052 annuli
2655 998 3014 1069 capitulares,
3049 1000 3314 1068 cingella,
3345 1000 3542 1065 baltei,

1909 1105 2155 1158 coronae,
2174 1090 2482 1162 imperium
2503 1109 2570 1145 ex
2583 1108 2721 1145 auro
2736 1093 2820 1144 vel
2841 1092 3106 1162 gemmis,
3124 1095 3181 1145 et
3197 1098 3541 1148 ornamenta

1908 1184 2174 1253 plurima.
2196 1186 2264 1238 Et
2281 1183 2467 1255 ipsum
2489 1189 2933 1239 monumentum
2956 1185 3013 1238 in
3036 1185 3272 1240 modum
3293 1187 3543 1241 ecclesiae

1909 1282 2248 1348 c00pertum
2273 1296 2340 1332 ex
2361 1283 2602 1349 argento
2628 1296 2640 1333 :
2667 1284 2725 1334 et
2747 1282 2878 1333 ante
2903 1284 3341 1334 monumentum
3363 1282 3542 1335 altare

1909 1369 2183 1440 positum.

1984 1466 2067 1517 l9.
2099 1466 2142 1517 A
2174 1468 2554 1518 monumento
2601 1481 2778 1536 usque
2823 1466 3105 1536 Golgotha
3147 1469 3277 1520 sunt
3318 1482 3545 1537 gressus

1910 1555 2220 1625 octoginta.
2241 1557 2324 1610 Ab
2348 1574 2460 1611 una
2483 1562 2642 1628 parte
2668 1558 2995 1612 ascenditur
3014 1574 3116 1628 per
3141 1559 3369 1628 gradus,
3393 1559 3543 1614 unde

1909 1648 2181 1703 Dominus
2221 1650 2478 1704 ascendit
2516 1651 2589 1704 ad
2629 1651 3106 1720 cruciﬁgendum.
3141 1652 3283 1704 Nam
3322 1652 3380 1705 in
3421 1653 3544 1708 loco

1908 1743 2006 1795 ubi
2058 1743 2166 1796 fuit
2204 1744 2520 1808 cruciﬁxus,
2551 1748 2791 1814 apparet
2829 1760 2998 1798 cruor
3035 1744 3349 1814 sanguinis.
3384 1745 3451 1800 Et
3489 1745 3546 1798 in

1911 1837 2033 1906 ipso
2064 1837 2239 1889 latere
2268 1841 2446 1906 petra!
2476 1841 2561 1890 est
2587 1838 2766 1890 altare
2799 1837 3139 1907 patriarchae
3158 1837 3463 1907 Abraham,
3488 1837 3544 1892 in

1913 1945 2023 2000 quo
2051 1929 2168 1983 ibat
2199 1929 2404 1984 offerre
2436 1933 2610 1998 Isaac,
2647 1931 2880 2001 quando
2911 1932 3150 1986 tentavit
3184 1947 3314 1984 eum
3347 1931 3544 1986 Domi-

1913 2040 2035 2076 nus.
2061 2023 2142 2076 lbi
2164 2029 2220 2076 et
2239 2024 2650 2078 Melchisedech
2674 2025 2879 2078 obtulit
2905 2025 3247 2078 sacriﬁcium
3267 2024 3543 2088 Abrahae;

1913 2116 2143 2187 quando
2193 2117 2587 2170 revertebatur
2628 2134 2757 2170 cum
2797 2117 3032 2172 victoria
3072 2135 3105 2171 a
3145 2117 3300 2172 cado
3327 2119 3352 2157 ἀ
3380 2122 3544 2173 Ame-

1912 2209 2055 2262 lech.
2088 2209 2242 2263 Tunc
2273 2209 2492 2262 ibidem
2530 2210 2688 2263 dedit
2720 2210 2770 2263 ei
2797 2210 3090 2264 Abraham
3123 2225 3359 2265 omnem
3393 2210 3542 2265 deci-

1911 2301 2228 2356 mationem
2259 2302 2316 2355 in
2348 2302 2583 2356 hostias.
2605 2305 2769 2356 Juxta
2799 2303 2985 2372 ipsum
3016 2304 3195 2357 altare
3218 2308 3304 2356 est
3325 2305 3544 2375 crypta,

1912 2393 2006 2447 ubi
2037 2395 2202 2465 ponis
2231 2411 2453 2460 aurem,
2486 2399 2542 2448 et
2573 2396 2732 2450 audis
2762 2394 3002 2449 ﬂumina
3033 2412 3349 2465 aquarum;
3383 2400 3440 2450 et
3460 2397 3546 2465 ja-

1913 2492 2030 2542 ctas
2051 2491 2069 2514 ‘
2100 2504 2336 2558 pomum
2372 2492 2471 2541 aut
2502 2488 2657 2542 aliud
2687 2489 2838 2558 quod
2870 2493 3066 2542 natare
3090 2495 3289 2559 potest,
3314 2492 3372 2543 et
3391 2489 3550 2544 vadis

1911 2580 1986 2634 ad
2032 2581 2186 2635 Siloa
2217 2582 2460 2646 fontem,
2502 2581 2596 2634 ubi
2634 2581 2775 2635 illud
2818 2581 3078 2651 recipies.
3112 2583 3266 2636 Intra
3311 2581 3465 2636 Siloa
3495 2587 3551 2637 et

1912 2674 2195 2745 Golgotha
2227 2674 2399 2729 credo
2442 2678 2527 2728 est
2561 2673 2891 2728 milliarium
2926 2691 2938 2728 :
2976 2691 3109 2728 nam
3153 2674 3548 2746 Hierosolyma

1912 2784 2121 2839 aquam
2152 2767 2341 2821 vivam
2368 2784 2478 2821 non
2509 2768 2703 2833 habet,
2734 2771 2946 2838 praeter
2972 2767 3031 2820 in
3064 2767 3217 2822 Siloa
3245 2769 3426 2822 fonte.

1982 2864 2070 2915 20.
2104 2862 2180 2914 De
2212 2861 2498 2932 Golgotha
2526 2877 2705 2931 usque
2735 2861 2832 2914 ubi
2863 2859 3095 2914 inventa
3133 2864 3219 2914 est
3250 2878 3382 2914 crux
3417 2865 3550 2915 sunt

1912 2970 2136 3024 gressus
2179 2970 2228 3006 ι.
2277 2957 2339 3008 In
2385 2953 2618 3007 basilica
2648 2953 3010 3009 Constantini
3039 2954 3366 3008 cohaerente
3396 2954 3548 3009 circa

1913 3050 2356 3102 monumentum
2375 3047 2464 3100 vel
2498 3047 2798 3117 Golgotha,
2826 3047 2884 3100 in
2913 3047 3059 3101 atrio
3080 3046 3256 3118 ipsius
3276 3047 3546 3114 basilicas,

1914 3143 1999 3195 est
2044 3140 2369 3194 cubiculum
2412 3140 2508 3194 ubi
2549 3140 2770 3210 lignum
2813 3140 2995 3194 crucis
3036 3140 3399 3195 reconditum
3430 3143 3545 3206 est;

1915 3250 2089 3305 quam
2121 3232 2484 3287 adoravimus
2515 3236 2572 3286 et
2598 3233 2996 3287 osculavimus.
3032 3234 3175 3287 Nam
3209 3237 3266 3286 et
3293 3234 3548 3301 titulum,

1915 3327 2013 3398 qui
2033 3343 2204 3396 super
2228 3329 2399 3397 caput
2427 3327 2548 3397 ejus
2575 3327 2791 3398 positus
2823 3327 3031 3394 fuerat,
3054 3327 3113 3380 in
3135 3343 3250 3397 quo
3273 3327 3546 3398 scriptum

1915 3424 2001 3474 est
2039 3423 2188 3475 Jesus
2227 3423 2540 3479 Nazarenus
2585 3424 2700 3477 Rea:
2721 3421 3058 3484 Iudaeorum,
3091 3420 3251 3474 tenui
3283 3422 3340 3474 in
3372 3437 3550 3476 manu

1915 3517 1972 3567 et
1995 3515 2278 3567 osculatus
2309 3530 2455 3567 sum.
2487 3514 2731 3583 Lignum
2761 3514 2943 3567 crucis
2976 3513 3046 3566 de
3082 3530 3226 3568 nuce
3261 3518 3346 3568 est
3377 3532 3389 3569 :
3424 3531 3559 3586 pro-

1915 3607 2156 3661 cedente
2179 3623 2316 3660 vero
2349 3611 2545 3661 sancta
2577 3623 2741 3660 cruce
2766 3607 2835 3660 de
2856 3605 3116 3660 cubiculo
3143 3623 3243 3661 suo
3267 3611 3546 3678 apparet‘

1915 3700 2078 3755 stella
2103 3700 2162 3753 in
2189 3701 2351 3766 caelo,
2374 3703 2431 3753 et
2449 3699 2606 3754 venit
2632 3716 2804 3770 super
2833 3700 3021 3754 locum
3044 3699 3138 3754 ubi
3161 3716 3294 3754 crux
3315 3701 3548 3769 residet,

1914 3796 1972 3848 et
1993 3793 2130 3847 dum
2154 3793 2430 3847 adoretur
2449 3809 2606 3860 crux,
2625 3796 2738 3846 stat
2759 3809 2931 3863 super
2951 3808 3081 3846 eam
3102 3793 3282 3847 stella.
3303 3794 3371 3846 Et
3389 3792 3552 3848 aﬁ‘er-

1912 3891 2006 3941 tur
2017 3887 2208 3941 oleum
2222 3886 2294 3941 ad
2310 3886 2772 3941 benedicendum
2791 3885 3060 3956 ampullis
3075 3885 3551 3957 onychinis.Hora

1912 3997 2046 4035 vero
2091 3997 2202 4051 qua
2244 3980 2503 4051 tetigerit
2536 3980 2760 4050 lignum
2802 3979 2983 4034 crucis
3023 3979 3308 4050 ampullas
3338 3983 3380 4049 ',
3416 3997 3548 4036 mox

1913 4074 2112 4129 ebullit
2143 4075 2315 4128 foras.
2352 4074 2698 4128 Revertente
2731 4090 2896 4128 cruce
2936 4073 2995 4127 in
3038 4063 3232 4128 locum:
3271 4091 3458 4142 suum,
3495 4079 3553 4129 et

1913 4168 2075 4222 stella
2117 4167 2330 4238 pariter
2367 4168 2690 4237 revertitur,
2739 4171 2796 4221 et
2834 4172 2959 4238 post
2994 4169 3275 4222 reclusam
3322 4184 3546 4224 crucem

1913 4278 2029 4316 non
2053 4265 2290 4333 apparet
2313 4261 2496 4316 stella.
2514 4262 2700 4316 Etiam
2724 4261 2802 4315 ibi
2827 4263 2912 4315 est
2931 4278 3117 4316 canna
3138 4263 3194 4316 et
3213 4263 3457 4333 spongia
3477 4262 3548 4316 de

1912 4351 2118 4421 quibus
2139 4351 2350 4421 legitur
2364 4351 2422 4404 in
2441 4351 2767 4420 Evangelio,
2788 4366 2919 4404 cum
2943 4367 3056 4421 qua
3073 4351 3312 4420 spongia
3333 4367 3548 4422 aquam

1911 4439 2160 4494 bibimus
2195 4457 2207 4493 :
2237 4443 2293 4493 et
2323 4440 2466 4494 calix
2493 4440 2811 4510 onychinus
2839 4455 3009 4509 quem
3038 4437 3332 4492 benedixit
3358 4439 3548 4494 Domi-

169 4527 230 4582 in
281 4531 536 4582 sanctam
573 4527 880 4596 civitatem,
914 4528 971 4582 in
1019 4545 1132 4599 qua
1176 4527 1538 4585 adoravimus
1581 4529 1887 4626 DominiD
1909 4545 2018 4582 nus
2046 4529 2107 4582 in
2136 4544 2316 4594 cmna,
2345 4531 2401 4582 et
2445 4529 2570 4582 aliae
2598 4529 2792 4583 multae
2817 4528 3071 4582 virtutes.
3108 4527 3333 4597 Species
3363 4527 3547 4582 beatae

171 4620 643 4671 monumentum.

248 4713 334 4765 18.
362 4712 555 4780 Ipsum
599 4713 1066 4779 monumentum,
1102 4712 1162 4766 in
1195 4728 1308 4782 quo
1341 4728 1544 4784 corpus
1580 4711 1808 4767 Domini

171 4799 426 4872 positum
455 4800 582 4867 fuit,
607 4801 666 4854 in
695 4801 1018 4855 naturalem
1044 4801 1292 4856 excisum
1321 4804 1406 4856 est
1431 4804 1674 4872 petram.
1699 4802 1805 4855 Lu-

173 4906 362 4945 cernae
394 4889 599 4961 hydria
626 4907 752 4961 quae
780 4890 877 4946 illo
899 4894 1162 4962 tempore
1184 4891 1254 4946 ad
1282 4894 1453 4962 caput
1479 4892 1601 4962 ejus
1625 4891 1811 4962 posita

169 4980 380 5046 fuerat,
415 4978 632 5033 ibidem
661 4979 825 5034 ardet
851 4979 948 5034 diu
979 4983 1269 5052 noctuque
1303 4998 1316 5035 :
1351 4998 1418 5035 ex
1445 4997 1558 5051 qua
1582 4981 1811 5035 benedi-

169 5069 422 5122 ctionem
472 5067 726 5135 tulimus,
760 5072 817 5122 et
850 5070 1343 5140 recomposuimus
1387 5087 1534 5124 eam.
1586 5072 1646 5124 In
1696 5087 1808 5141 quo

170 5157 559 5211 monumento
593 5155 663 5210 de
697 5157 831 5210 foris
863 5158 1107 5213 mittitur
1135 5163 1310 5226 terra,
1333 5163 1390 5214 et
1419 5159 1811 5230 ingredientes

167 5244 640 5301 benedictionem
683 5245 909 5299 tollunt.
971 5247 1137 5317 Lapis
1181 5265 1313 5303 vero
1359 5248 1512 5302 unde
1553 5249 1810 5303 clausum

168 5333 276 5389 fuit
303 5336 752 5388 monumentum
783 5333 993 5404 ipsum,
1028 5339 1115 5390 est
1144 5340 1277 5391 ante
1303 5337 1445 5392 illud
1472 5354 1812 5393 monumen-

239 5481 266 5511 ⁸
293 5481 354 5536 Si
385 5498 584 5554 sensus
623 5485 708 5534 est
746 5481 1128 5554 dactylosqui
1168 5484 1246 5538 ibi
1287 5490 1602 5540 nascuntur
1645 5487 1811 5540 unius

166 5552 333 5680 iibrae
362 5553 618 5624 singulos
658 5569 802 5620 esse,
834 5552 1068 5608 caneris
1083 5555 1306 5610 fabellis
1338 5573 1435 5610 eos
1465 5573 1812 5612 annumeres

191 5630 324 5680 lcet.

191 5641 324 5680 ιεθῑ.

237 5696 267 5736 ι’
301 5696 422 5769 lmo
452 5693 1001 5769 adimeridionalem
1038 5695 1274 5769 plagam
1297 5702 1561 5769 respectu
1585 5698 1810 5754 Jericho

169 5767 292 5824 sitae
322 5767 559 5820 fuerunt
588 5765 844 5822 Sodoma
871 5770 929 5820 et
955 5765 1296 5822 Gomorrha.

239 5852 262 5881 ο
319 5836 681 5904 Barrideum,
734 5853 950 5891 nomen
999 5838 1276 5893 hactenus
1315 5840 1574 5903 ignotum
1625 5842 1811 5894 Terrae.

499 5933 773 5997 PATROL.
822 5933 1057 5997 LXXII.

1908 4617 2095 4673 Maria:
2122 4617 2180 4670 in
2211 4616 2490 4687 superiori
2518 4618 2663 4682 loco,
2687 4619 2743 4670 et
2771 4632 2915 4670 zona
2944 4616 3140 4687 ipsius,
3176 4619 3233 4669 et
3257 4615 3545 4687 ligamen-

1911 4712 2032 4762 tum
2079 4723 2193 4777 quo
2237 4706 2296 4758 in
2341 4705 2523 4775 capite
2569 4705 2840 4759 utebatur
2874 4721 2885 4758 :
2919 4707 2975 4758 et
3018 4703 3096 4758 ibi
3145 4707 3280 4758 sunt
3323 4709 3544 4776 septem

1910 4796 2198 4850 cathedra:
2219 4810 2529 4849 marmora:
2556 4793 2871 4847 seniorum.

1980 4893 2069 4946 2i.
2102 4889 2240 4945 lnde
2267 4887 2630 4943 ascendimus
2658 4885 2715 4940 in
2749 4885 2951 4940 turrim
2982 4887 3180 4959 David,
3215 4887 3311 4942 ubi
3343 4889 3549 4945 decan-

1908 4979 2050 5034 tavit
2091 4976 2450 5032 Psalterium.
2483 4976 2686 5046 Magna
2717 4978 2802 5029 est
2831 4975 2994 5030 valde
3026 4992 3038 5030 :
3074 4976 3132 5030 in
3166 4976 3403 5049 singulis
3434 4994 3543 5034 cae-

1912 5066 2148 5134 naculis,
2183 5083 2311 5137 qua:
2342 5064 2758 5135 quadrangula,
2794 5065 2965 5119 turris
2993 5069 3104 5133 est;
3139 5069 3197 5121 et
3229 5084 3373 5139 opus
3400 5069 3543 5122 scul-

1912 5161 2095 5228 ptum,
2121 5173 2237 5210 non
2269 5154 2486 5208 habens
2515 5156 2749 5220 tectum,
2780 5153 2838 5208 in
2860 5171 2973 5225 qua
2998 5155 3301 5210 Christiani
3325 5172 3429 5226 pro
3453 5155 3548 5211 de-

1911 5246 2138 5300 votione
2166 5243 2486 5299 ascendunt
2512 5242 2584 5298 ad
2608 5242 3008 5309 mansionem;
3043 5247 3101 5296 et
3121 5243 3270 5298 circa
3291 5243 3546 5300 medium

1913 5335 2095 5391 noctis
2134 5334 2380 5407 spatium
2415 5334 2735 5402 surgentes,
2766 5330 3010 5385 audiunt
3038 5347 3204 5387 voces
3232 5335 3252 5356 '
3281 5348 3541 5389 murmu-

1914 5488 2138 5544 Sanctaz
2165 5485 2549 5556 scriptoribus.

1984 5560 2010 5600 ἀ
2038 5552 2330 5612 Abraham
2370 5573 2486 5612 non
2521 5554 2800 5627 percussit
2832 5552 3214 5627 Amalec,_sed
3245 5556 3378 5610 Saul
3413 5571 3436 5627 :7
3463 5555 3540 5610 vi-

1912 5630 2091 5684 ctoria
2131 5633 2326 5684 autem
2371 5646 2405 5682 a
2445 5623 2559 5699 qua
2606 5624 3000 5699 revertebatur
3039 5623 3332 5699 Abraham
3363 5626 3545 5682 relata

1911 5701 2019 5755 fuit
2045 5701 2117 5755 de
2145 5701 2398 5771 quinque
2429 5696 2663 5771 regibus
2688 5697 2786 5771 qui
2816 5696 2961 5771 victo
2992 5711 3128 5766 rege
3143 5696 3539 5771 Sodomorum

1914 5775 1970 5828 et
1994 5765 2326 5842 sociis-ejus
2344 5765 2618 5842 nepotem
2645 5765 2790 5826 Loth
2814 5765 3102 5840 captivum
3126 5766 3431 5823 ducebant.

3161 5942 3238 6001 29
