4034 6228
551 310 652 363 907

1855 298 2171 357 ΑΝΤΟΝΙΝΙ
2210 300 2604 357 PLACENTlNl

3817 302 3918 356 908

549 415 803 470 rantium
852 411 1119 467 deorsum
1165 410 1225 466 in
1266 411 1405 465 valle
1441 410 1729 480 Josaphat,
1769 409 1841 463 ad
1884 410 2005 463 loca
2050 425 2178 480 quas
2199 415 2362 493 Aest
2405 409 2482 463 ibi
2524 408 2757 493 basilica
2788 407 3070 474 volubilis,
3102 407 3172 463 de
3218 406 3322 463 sub
3366 424 3480 479 qua
3522 406 3713 479 surgit
3743 406 3915 473 Siloa,

548 507 862 579 respiciunt
889 509 1089 561 contra
1112 505 1423 560 Sodomam
1453 507 1512 557 et
1535 502 1938 557 Gomorrham.

620 604 707 655 22.
741 599 958 654 Deinde
990 598 1247 653 venimus
1285 596 1343 650 in
1377 595 1673 650 basilicam
1714 594 1872 661 Sion,
1910 594 2008 649 ubi
2047 598 2180 650 sunt

551 693 838 748 mirabilia
866 693 1045 747 multa
1076 708 1088 744 :
1125 690 1271 744 inter
1302 705 1429 760 quae
1457 692 1542 743 est
1570 689 1721 759 quod
1756 688 1967 759 legitur
1996 689 2065 743 de
2093 690 2174 743 la-

550 786 687 858 pide
712 786 993 857 angulari,
1035 783 1132 854 qui
1159 783 1495 854 reprobatus
1521 788 1607 837 est
1635 783 1707 836 ab
1741 782 2173 837 aediﬁcantibus.

547 879 792 934 Domino
824 876 978 931 enim
1010 875 1371 946 ingrediente
1400 875 1460 930 in
1486 876 1673 946 ipsam
1701 876 2019 942 ecclesiam,
2049 892 2177 946 quae

548 972 657 1027 fuit
685 972 889 1026 domus
925 969 1105 1024 sancti
1150 968 1363 1036 Jacobi,
1395 968 1612 1023 invenit
1651 968 1904 1039 lapidem
1937 970 1958 991 ‘
1986 968 2173 1023 defor-

545 1082 720 1132 mem,
750 1064 807 1118 in
835 1062 1029 1117 medio
1046 1062 1369 1133 jacentem;
1404 1062 1702 1132 tenuitque
1729 1078 1883 1131 eum,
1908 1066 1965 1116 et
1990 1061 2180 1133 posuit

546 1159 607 1212 in
629 1157 859 1228 angulo.
878 1156 1061 1221 Quem
1083 1159 1290 1210 tenens
1315 1156 1467 1209 levas
1487 1159 1545 1209 et
1570 1155 1735 1226 ponis
1756 1171 1955 1209 aurem
1978 1155 2035 1208 in
2055 1155 2175 1224 ipso

547 1251 760 1322 angulo
776 1253 817 1317 ',
842 1253 899 1303 et
923 1253 1092 1304 sonat
1122 1249 1179 1302 in
1214 1249 1447 1303 auribus
1471 1248 1584 1302 tuis
1605 1248 1768 1320 quasi
1792 1248 2175 1302 murmuratio

546 1345 856 1398 multorum
888 1343 1211 1396 hominum.
1246 1344 1306 1397 lu
1338 1342 1461 1412 ipsa
1493 1342 1739 1395 Ecclesia
1770 1344 1853 1394 est
1884 1342 2173 1407 columna,

545 1437 605 1491 in
624 1453 737 1507 qua
756 1438 865 1490 tale
884 1440 969 1489 est
987 1435 1239 1505 signum,
1256 1437 1318 1488 ut
1334 1435 1472 1488 dum
1488 1450 1616 1488 eam
1631 1433 1867 1504 quidam
1885 1436 2177 1505 amplexus

543 1530 763 1597 fuisset,
792 1530 850 1583 in
886 1529 1011 1600 ipsa
1043 1529 1095 1581 ei
1133 1531 1332 1598 pectus
1361 1527 1604 1582 adhaesit
1629 1531 1687 1581 et
1711 1531 1994 1599 apparent
2020 1527 2081 1581 in
2108 1544 2178 1581 ea

543 1624 754 1696 palmas
786 1627 844 1677 et
873 1622 1071 1693 digiti;
1102 1622 1179 1677 ita
1212 1624 1273 1674 ut
1298 1621 1432 1674 inde
1466 1638 1569 1691 per
1596 1621 1849 1691 singulos
1873 1622 2177 1690 languores

440 1762 443 1765 ς
544 1718 797 1783 tollatur,
829 1719 887 1771 et
927 1716 1023 1786 qui
1068 1715 1219 1769 circa
1263 1716 1472 1768 collum
1517 1714 1750 1782 habent,
1785 1718 2076 1768 sanantur.
2115 1716 2176 1767 ln

2277 504 2533 559 clausura
2551 490 2962 571 cancellorum;
3005 502 3066 556 in
3095 501 3301 573 quibus
3319 518 3423 572 pro
3444 500 3844 557 benedictione
3858 501 3915 555 in

2277 613 2391 651 uno
2419 598 2678 653 lavantur
2703 596 2828 664 viri,
2850 596 2912 650 in
2940 596 3118 651 altero
3139 611 3271 650 vero
3294 595 3559 651 mulieres
3589 612 3602 648 :
3625 595 3688 649 in
3712 594 3917 675 quibus

2278 691 2438 762 aquis
2466 690 2647 745 multa
2668 689 3066 759 ostenduntur,
3090 689 3206 743 imo
3232 693 3288 744 et
3310 687 3516 759 leprosi
3537 688 3913 742 mundantur.

2277 784 2345 838 Et
2370 787 2500 839 ante
2525 783 2733 839 atrium
2760 788 2845 838 est
2869 782 3084 854 piscina
3109 781 3361 853 grandis,
3393 798 3575 836 manu
3606 780 3916 835 hominum

2278 877 2516 945 munita,
2543 877 2602 931 in
2630 893 2743 949 qua
2767 876 2991 932 lavatur
3026 876 3270 947 p0pulus
3306 875 3525 930 assidue
3570 875 3707 929 solis
3748 875 3917 928 certis

2277 970 2434 1025 horis
2461 987 2474 1023 :
2508 987 2642 1024 nam
2677 970 2770 1025 ille
2798 970 2922 1024 fons
2955 969 3160 1041 irrigat
3190 985 3364 1040 aquas
3394 968 3622 1036 multas,
3650 984 3785 1039 quae
3814 968 3913 1021 de-

2276 1063 2553 1118 scendunt
2576 1080 2679 1135 per
2701 1062 2908 1118 vallem
2942 1062 3229 1133 Josaphat,
3259 1078 3386 1133 qua:
3423 1066 3480 1115 et
3520 1061 3915 1130 Gethzemani,

2278 1161 2332 1211 et
2362 1156 2761 1228 ingrediuntur
2788 1156 2847 1210 in
2874 1156 3115 1211 Jordane
3141 1154 3331 1224 fluvio,
3352 1154 3450 1210 ubi
3474 1153 3737 1209 Jordanis
3772 1153 3914 1208 deﬁ-

2277 1249 2353 1304 cit
2380 1250 2440 1304 in
2472 1267 2629 1304 mare
2659 1249 2999 1317 Salinarum,
3030 1249 3229 1303 subtus
3255 1248 3562 1303 Sodomam
3591 1250 3649 1302 et
3674 1248 3918 1302 Gomor-

2277 1343 2438 1397 rham
2452 1385 2464 1398 .

2346 1434 2582 1503 25.1pse
2626 1432 2754 1487 fons
2800 1431 2948 1486 Siloa
2996 1431 3143 1486 infra
3195 1429 3477 1484 civitatem
3527 1429 3783 1485 inclusus
3808 1431 3916 1495 est,

2277 1526 2411 1597 quia
2444 1525 2699 1580 Eudoxia
2735 1525 2763 1566 ι)
2806 1542 2953 1580 uxor
2978 1522 3669 1595 Justinianiiimperatoris
3696 1521 3919 1576 addidit

2277 1635 2470 1674 muros
2498 1619 2557 1673 in
2583 1619 2808 1674 civitate
2833 1619 3162 1682 Jerusalem,
3195 1623 3252 1673 et
3288 1619 3411 1689 ipsa
3447 1616 3696 1672 munivit
3721 1615 3913 1686 sepul-

2276 1730 2437 1768 crum
2464 1717 2521 1767 et
2543 1713 2829 1767 basilicam
2868 1713 3016 1767 beati
3045 1711 3333 1783 Stephani,
3363 1716 3419 1766 et
3444 1712 3567 1783 ipsa
3592 1725 3767 1765 suum
3807 1709 3912 1763 ha-

546 1810 670 1881 ipsa
698 1811 965 1865 columna
993 1812 1077 1863 est
1106 1825 1285 1863 cornu
1306 1807 1446 1861 illud
1472 1807 1542 1861 de
1571 1824 1684 1878 quo
1705 1824 1871 1877 reges
1891 1788 2254 1877 ungeban-B
2277 1807 2374 1861 bet
2415 1806 2738 1877 sepulcrum
2767 1806 2930 1876 juxta
2960 1805 3287 1877 sepulcrum
3326 1804 3476 1860 beati
3516 1802 3826 1875 Stephani;
3858 1806 3918 1857 et

545 1908 657 1973 tur,
692 1904 844 1958 unde
881 1907 938 1957 et
966 1902 1136 1956 David
1167 1902 1227 1955 in
1263 1918 1444 1971 regno
1477 1907 1679 1955 unctus
1719 1905 1823 1955 est.
1856 1901 1935 1955 lbi
1964 1904 2048 1955 est
2081 1918 2174 1955 co-

546 2014 691 2053 rona
712 1997 909 2068 spinea
930 1996 1001 2049 de
1022 2012 1137 2065 qua
1158 1994 1431 2049 Dominus
1450 1998 1756 2049 coronatus
1777 1997 1881 2061 est,
1903 1998 1961 2048 ct
1978 1995 2178 2049 lancea

547 2092 618 2146 de
642 2107 757 2162 qua
776 2090 835 2144 in
856 2091 1034 2144 latere
1062 2104 1362 2159 percussus
1387 2090 1491 2155 est,
1519 2090 1574 2142 et
1593 2087 1812 2159 lapides
1838 2087 2024 2155 multi,
2045 2104 2176 2142 cum

545 2184 754 2255 quibus
780 2182 889 2237 fuit
913 2181 1198 2253 lapidatus
1217 2181 1560 2251 Stephanus.
1584 2180 1665 2234 lbi
1688 2181 1953 2235 columna
1976 2181 2035 2234 in
2066 2197 2179 2252 qua

542 2277 731 2350 posita
772 2276 879 2331 fuit
920 2292 1053 2330 crux
1100 2274 1254 2329 beati
1287 2274 1460 2342 Petri,
1493 2273 1592 2328 ubi
1628 2274 1924 2329 crucifixus
1952 2276 2038 2328 est
2066 2275 2174 2328 Bo-

544 2388 691 2438 mae;
725 2365 805 2424 ib'i
831 2372 889 2423 et
913 2368 1055 2423 calix
1080 2368 1137 2421 in
1167 2384 1280 2438 quo
1302 2370 1433 2438 post
1457 2368 1933 2422 resurrectionem
1954 2366 2178 2422 Domini

545 2465 748 2519 missas
774 2463 1136 2517 celebrarunt
1157 2460 1431 2531 apostoli;
1460 2464 1519 2514 et
1548 2461 1728 2515 multa
1756 2461 1868 2515 alia
1892 2460 2177 2515 mirabilia

548 2574 676 2628 quae
717 2574 831 2610 non
873 2556 1084 2610 recolo.
1116 2555 1200 2609 Ibi
1225 2560 1300 2610 est
1328 2556 1712 2609 monasterium
1729 2555 2043 2624 puellarum
2073 2572 2089 2608 :
2122 2556 2180 2608 et

546 2646 625 2700 ibi
656 2645 769 2699 vidi
807 2647 1016 2698 testam
1049 2642 1304 2697 hominis
1341 2642 1621 2697 inclusam
1662 2643 1718 2697 in
1769 2644 1958 2698 loculo
2001 2659 2176 2699 aureo

547 2742 750 2794 ornato
788 2737 1034 2808 gemmis
1067 2753 1080 2791 :
1110 2753 1285 2808 quam
1319 2736 1518 2791 dicunt
1552 2753 1673 2791 esse
1712 2740 1882 2808 caput
1908 2736 2178 2807 martyris

544 2832 850 2888 Theodotus
883 2841 907 2870 ι
936 2831 995 2885 in
1025 2847 1139 2902 qua
1177 2830 1340 2886 multi
1382 2846 1595 2902 aquam
1625 2846 1731 2901 pro
1773 2829 2175 2884 benedictione

543 2925 771 2993 bibunt,
799 2929 858 2980 et
880 2940 989 2995 ego
1014 2923 1154 2978 bibi.

617 3022 704 3075 23.
732 3021 807 3073 De
838 3020 971 3075 Sion
1000 3032 1167 3087 usque
1204 3018 1481 3072 basilicam
1516 3022 1717 3072 sancte
1748 3018 1960 3081 Mariae,
1986 3017 2065 3071 ibi
2100 3020 2178 3071 est

545 3114 888 3182 congregatio
920 3126 1122 3180 magna
1161 3112 1543 3166 monachorum
1583 3126 1645 3165 ac
1669 3111 1957 3165 mulierum
1985 3124 2179 3165 mensas

541 3205 980 3267 innumerabiles,
1000 3205 1136 3259 lecta
1160 3204 1529 3274 languentium
1550 3204 1679 3272 plus
1698 3205 1934 3273 quinque
1950 3203 2175 3265 millia‘,

545 3299 622 3354 ad
648 3301 830 3354 minus
861 3300 990 3352 tria.
1024 3298 1093 3350 Et
1116 3296 1404 3351 oravimus
1438 3296 1497 3349 in
1526 3296 1792 3367 praetorio
1824 3296 1922 3350 ubi
1947 3296 2177 3351 auditus

546 3396 635 3447 est
662 3390 975 3457 Dominus;
1006 3394 1064 3444 et
1087 3389 1147 3443 in
1168 3405 1237 3444 eo
1261 3389 1496 3444 basilica
1522 3394 1732 3445 sanctae
1760 3389 2009 3461 Sophiaa.
2030 3391 2175 3445 Ante

544 3485 741 3542 ruinas
764 3483 965 3556 templi
996 3483 1319 3539 Salomonis
1339 3484 1443 3538 sub
1474 3483 1666 3555 platea
1694 3500 1845 3554 aqua
1866 3482 2119 3538 decurrit
2143 3500 2177 3538 a

545 3581 706 3636 fonte
735 3579 909 3635 Siloe.
942 3579 1116 3634 Secus
1139 3577 1424 3648 porticum
1455 3578 1781 3633 Salomonis
1803 3578 1862 3632 in
1891 3577 2014 3649 ipsa
2032 3578 2178 3633 basi-

545 3675 653 3730 lica
693 3679 778 3729 est
814 3673 970 3729 sedes
1001 3671 1056 3726 in
1104 3687 1217 3742 qua
1260 3671 1407 3726 sedit
1434 3671 1664 3742 Pilatus,
1696 3672 1923 3743 quando
1963 3672 2179 3727 audivit

545 3768 871 3824 Dominum.
895 3767 1060 3822 Petra
1084 3769 1170 3820 est
1191 3765 1581 3836 quadrangula
1598 3765 1659 3819 in
1679 3781 1789 3836 qua
1809 3782 1940 3821 reus
1958 3765 2177 3821 levaba-

543 3867 659 3932 tur,
688 3864 756 3917 ut
779 3861 849 3916 ab
876 3859 1141 3915 omnibus
1166 3858 1461 3915 audiretur
1484 3862 1544 3914 et
1567 3858 1874 3914 videretur.
1913 3861 1973 3914 ln
2000 3876 2066 3915 ea
2091 3860 2173 3915 le-

542 3960 704 4010 vatus
729 3958 813 4010 est
841 3953 1134 4019 Dominus,
1162 3952 1391 4023 quando
1417 3952 1642 4007 auditus
1668 3956 1751 4007 est
1776 3969 1810 4006 a
1838 3952 2032 4019 Pilato,
2064 3952 2174 4008 ibi-

543 4065 657 4120 que
682 4047 833 4102 illius
859 4046 1132 4101 remansit
1156 4046 1374 4117 imago,
1397 4046 1602 4116 pedem
1627 4046 1840 4101 habens
1867 4046 2173 4116 modicum,

542 4140 869 4214 pulchrum,
896 4138 1181 4194 subtilem.
1216 4139 1424 4194 Natura
1459 4140 1796 4209 communis,
1827 4141 2063 4212 pulchra
2090 4140 2175 4196 fa-

544 4235 677 4305 cies,
733 4233 929 4305 capillo
982 4232 1389 4302 subannulato,
1446 4249 1648 4288 manus
1696 4233 1960 4303 formosa,
2016 4234 2177 4306 digiti

542 4329 722 4401 longi,
751 4330 1029 4398 quantum
1056 4326 1245 4399 imago
1284 4326 1560 4397 designat,
1585 4344 1713 4397 quas
1751 4328 1848 4382 illo
1872 4328 2093 4383 vivente
2121 4333 2180 4383 et

541 4423 785 4496 pedibus
807 4422 1134 4476 ambulante
1160 4421 1183 4443 ‘
1209 4420 1358 4493 picta
1384 4424 1487 4491 est,
1518 4425 1575 4475 et
1598 4420 1779 4492 posita
1802 4421 1863 4476 in
1890 4421 2012 4493 ipso
2038 4439 2179 4493 prte-

2198 3157 2252 3232 C

2279 1899 2429 1954 infra
2473 1899 2799 1970 sepulcrum
2843 1904 2976 1953 sunt
3020 1915 3244 1970 gressus
3280 1913 3429 1964 xxvr,
3459 1901 3514 1952 et
3550 1896 3751 1951 beatus
3789 1895 3909 1951 Steo

2278 1993 2504 2065 phanus
2520 1991 2818 2064 requiescit
2840 1992 2974 2046 foris
2994 1996 3217 2063 portam
3241 1991 3459 2062 sagittae
3478 1990 3661 2061 jactu,
3685 2005 3918 2061 unaque

2278 2087 2446 2141 modo
2472 2090 2633 2157 porta
2679 2102 2744 2139 ex
2787 2085 3022 2140 nomine
3064 2084 3242 2157 ipsius
3288 2083 3551 2155 martyris
3579 2087 3834 2149 vocatur,
3862 2087 3919 2135 et

2279 2183 2364 2233 est
2390 2180 2461 2234 ad
2487 2178 2635 2233 viam
2663 2196 2790 2251 quas
2817 2178 3047 2249 respicit
3085 2178 3157 2233 ad
3198 2178 3580 2243 Occidentem,
3608 2194 3741 2248 quae
3787 2176 3918 2230 des-

2277 2272 2468 2328 cendit
2490 2273 2561 2327 ad
2592 2274 2828 2343 10ppem
2855 2278 2910 2327 et
2934 2272 3249 2327 Caesaream
3298 2271 3611 2326 Palaestinae
3638 2271 3727 2325 vel
3754 2270 3919 2324 Dios-

2278 2366 2420 2439 polis
2447 2365 2749 2433 civitatem,
2781 2382 2910 2437 qua
2949 2365 3261 2437 antiquitus
3302 2365 3592 2420 dicebatur
3633 2367 3839 2419 Azotus
3870 2376 3915 2432 ο,

2279 2461 2341 2516 in
2379 2477 2492 2532 qua
2534 2459 2836 2530 requiescit
2865 2463 3090 2514 sanctus
3119 2459 3389 2531 Georgius
3428 2463 3666 2529 martyr.
3696 2460 3761 2512 In
3792 2458 3921 2528 ipsa

2277 2555 2389 2623 via,
2421 2570 2537 2608 non
2582 2553 2753 2623 longe
2800 2555 2947 2606 astat
2993 2553 3257 2607 columna
3304 2566 3644 2620 marmorea,
3693 2551 3756 2605 in
3799 2567 3921 2623 qua

2280 2646 2549 2701 Dominus
2591 2645 2748 2716 prius
2783 2644 3092 2699 ducebatur
3127 2645 3198 2700 ad
3241 2644 3645 2716 ﬂagellandum
3686 2662 3700 2699 :
3736 2660 3869 2715 qua
3894 2644 3919 2664 ⁸

2276 2739 2502 2811 fugiens
2534 2740 2718 2793 levata
2749 2743 2834 2793 est
2866 2738 2935 2793 ad
2975 2739 3174 2806 nubes,
3203 2742 3261 2793 et
3282 2738 3537 2809 deposita
3570 2743 3658 2793 est
3694 2739 3758 2792 in
3795 2738 3918 2809 ipso

2277 2835 2433 2904 loco;
2485 2839 2543 2889 et
2580 2834 2642 2888 in
2687 2837 2905 2888 tantum
2953 2848 3153 2887 verum
3198 2831 3555 2903 cognoscitur
3603 2848 3747 2899 esse,
3779 2832 3919 2903 quia

2277 2945 2392 2984 non
2440 2928 2613 2983 habet
2652 2926 2833 2981 basim
2879 2926 2977 2981 ubi
3023 2926 3193 2982 debet
3235 2941 3355 2981 esse
3394 2924 3648 2995 fundata,
3693 2925 3793 2980 sed
3836 2926 3916 2980 sic

2276 3026 2385 3077 stat
2430 3037 2600 3101 super
2640 3026 2854 3076 terram
2893 3024 2950 3075 et
2993 3019 3260 3091 agitatur.
3290 3021 3353 3073 In
3381 3018 3542 3089 cujus
3583 3019 3917 3074 summitate

2278 3117 2427 3172 Crux
2468 3116 2655 3171 ferrea
2680 3114 2862 3185 posita
2887 3117 2991 3169 est.
3018 3114 3087 3168 Et
3112 3129 3309 3167 rursus
3341 3129 3444 3183 per
3467 3112 3679 3167 scalam
3710 3129 3915 3168 ascen-

2277 3210 2451 3279 ditur,
2480 3212 2538 3265 et
2564 3208 2711 3263 ﬁunt
2738 3208 2817 3262 ibi
2840 3207 3147 3262 luminaria
3180 3211 3237 3261 et
3261 3207 3579 3275 incensum,
3611 3209 3671 3261 et
3693 3206 3916 3262 (ἰξεωο-

2276 3303 2421 3358 niaci
2446 3304 2833 3359 mundantur:
2863 3317 2996 3355 nam
3027 3305 3083 3356 et
3106 3300 3177 3371 in
3204 3301 3324 3371 ipsa
3351 3300 3639 3371 provincia
3669 3304 3757 3356 est
3777 3300 3917 3355 bea-

2277 3401 2366 3451 tus
2392 3401 2609 3468 martyr
2632 3394 2926 3467 Georgius.

2345 3494 2435 3547 26.
2481 3493 2674 3561 Itaque
2723 3492 2994 3544 exeuntes
3045 3504 3108 3543 ex
3152 3487 3300 3543 Siloa
3345 3487 3521 3557 fonte,
3551 3488 3817 3543 venimus
3855 3488 3919 3542 in

2276 3601 2481 3655 agrum
2505 3583 2605 3655 qui
2634 3587 2991 3654 comparatus
3021 3586 3105 3638 est
3137 3581 3320 3653 pretio
3344 3581 3637 3653 sanguinis
3662 3582 3915 3649 Domini,

2275 3678 2374 3750 qui
2418 3679 2652 3733 vocatur
2689 3676 3043 3739 Haceldama,
3090 3675 3147 3730 id
3194 3679 3277 3730 est
3318 3677 3463 3742 Ager
3502 3678 3810 3743 sanguinis,
3856 3675 3917 3730 in

2276 3787 2391 3843 quo
2427 3770 2779 3842 sepeliuntur
2804 3785 3003 3824 omnes
3042 3768 3352 3840 peregrini.
3392 3769 3458 3823 Et
3489 3768 3645 3823 intra
3667 3768 3791 3840 ipsa
3820 3785 3913 3824 se-

2274 3865 2470 3936 pulcra
2496 3865 2631 3920 sunt
2667 3863 2882 3918 cellula:
2910 3878 3199 3918 servorum
3242 3860 3361 3929 Dei,
3390 3861 3484 3915 ubi
3525 3861 3675 3916 ﬁunt
3714 3861 3916 3918 multa:

2274 3958 2510 4014 virtutes
2537 3975 2551 4013 :
2582 3961 2639 4013 et
2666 3972 2769 4029 per
2800 3956 2922 4012 loca
2956 3956 3105 4012 infra
3142 3955 3263 4027 ipsa
3289 3956 3545 4028 sepulcra
3571 3960 3706 4011 sunt
3730 3956 3915 4011 vinea:

2276 4057 2333 4109 et
2354 4069 2542 4125 poma.
3086 4040 3091 4045 ’
3196 4050 3205 4059 “

2346 4150 2435 4202 27.
2455 4148 2816 4203 Revertentes
2842 4147 2900 4202 in
2926 4145 3230 4214 civitatem,
3250 4143 3513 4200 venimus
3536 4143 3608 4199 ad
3632 4143 3915 4215 piscinam

2276 4240 2636 4309 natatoriam,
2667 4257 2794 4313 quae
2822 4240 3075 4313 quinque
3111 4238 3362 4311 porticus
3401 4237 3592 4308 habet,
3622 4242 3680 4293 et
3708 4238 3772 4293 in
3797 4255 3917 4293 una

2278 4350 2476 4390 earnm
2513 4337 2599 4389 est
2636 4333 2860 4389 basilica
2902 4337 3106 4388 sanctas
3148 4332 3357 4401 Mariae,
3389 4331 3486 4387 ubi
3526 4331 3725 4387 multa:
3766 4330 3915 4386 ﬁunt

2276 4428 2532 4483 virtutes.
2564 4429 2688 4500 Ipsa
2719 4444 2849 4483 vero
2880 4426 3098 4499 piscina
3131 4425 3300 4480 modo
3320 4425 3530 4496 jactata
3555 4430 3641 4480 est
3670 4425 3735 4480 in
3765 4429 3909 4480 ster-

542 4518 711 4574 torio.
741 4516 923 4572 Etiam
951 4516 1021 4570 de
1046 4515 1167 4585 ipsa
1190 4519 1349 4586 petra
1370 4515 1568 4570 multas
1593 4516 1740 4570 ﬁunt
1767 4516 2001 4573 virtutes
2028 4534 2042 4571 ε
2076 4517 2178 4572 tol-
2194 4531 2254 4605 D
2277 4536 2425 4590 core,
2449 4526 2505 4576 et
2530 4520 2610 4575 ibi
2632 4521 2896 4577 lavantur
2925 4520 3121 4575 omnia
3147 4536 3275 4591 quas
3301 4519 3618 4574 necessaria
3646 4524 3801 4574 sunt.
3819 4519 3911 4573 Vi-

542 4611 724 4667 lentes
756 4625 1085 4664 mensuram
1109 4608 1178 4663 de
1206 4609 1327 4681 ipso
1355 4609 1611 4681 vestigio,
1646 4610 1825 4681 ligant
1843 4628 1948 4682 per
1976 4611 2173 4683 singu-

543 4705 629 4760 los
672 4706 973 4776 languores
998 4706 1055 4758 et
1083 4707 1374 4758 sanantur.
1403 4704 1469 4758 Et
1496 4703 1619 4775 ipsa
1657 4707 1822 4775 porta
1858 4710 2054 4760 ornata
2097 4711 2181 4761 est

547 4815 615 4853 ex
640 4815 778 4853 auro
807 4801 864 4852 et
890 4801 1146 4868 argento.

617 4893 707 4947 24.
753 4891 887 4947 Inde
933 4891 1192 4945 venimus
1236 4891 1306 4946 ad
1353 4906 1509 4945 aram
1561 4891 1660 4947 ubi
1705 4891 1811 4947 fuit
1866 4891 2180 4964 antiquitus

544 4991 712 5062 porta
737 4985 974 5041 civitatis
1002 5002 1015 5040 :
1042 4986 1102 5040 in
1145 4985 1267 5057 ipso
1309 4985 1429 5040 loco
1470 4990 1602 5040 sunt
1628 5002 1790 5058 aqua:
1828 4986 2091 5057 putridaa,
2118 4987 2179 5042 in

546 5099 685 5155 quas
704 5082 910 5136 missus
935 5084 1020 5135 est
1037 5079 1306 5135 Jeremias
1332 5080 1630 5151 propheta.
1655 5079 1737 5134 Ab
1767 5095 1902 5135 arcu
1934 5080 2027 5135 illo
2059 5081 2181 5135 des.

546 5175 918 5233 candentibus
934 5173 1095 5228 nobis
1110 5173 1178 5228 ad
1196 5173 1413 5228 fontem
1434 5173 1580 5229 Siloa
1600 5190 1701 5245 per
1722 5175 1929 5246 gradus
1949 5176 2177 5248 multos,

620 5345 645 5374 ι
674 5331 852 5386 Variae
877 5330 1041 5385 variis
1075 5328 1272 5385 diebus
1296 5330 1597 5384 Theodotus
1623 5334 1897 5401 martyres
1921 5331 2181 5387 coluntur

547 5421 577 5458 a
600 5403 828 5470 Graecis,
859 5419 961 5455 nec
990 5402 1150 5455 facile
1181 5408 1264 5456 est
1291 5401 1541 5455 divinare
1584 5404 1781 5455 utrum
1827 5402 2031 5458 harum
2074 5403 2177 5458 ali-

547 5492 715 5547 quam
750 5475 833 5547 vel
861 5474 1026 5547 aliam
1056 5473 1335 5547 diversam
1368 5471 1647 5547 intelligat
1664 5479 1890 5547 auctor.
1974 5509 1989 5519 -

618 5547 645 5587 b
676 5545 892 5599 Nullam
927 5545 1033 5598 hoc
1062 5544 1298 5598 nomine
1322 5560 1559 5597 uxorem
1591 5543 1790 5597 habuit
1814 5546 2177 5613 Justinianus,

548 5633 653 5670 nec
678 5616 987 5682 'l‘heodora,
1025 5632 1194 5686 quam
1232 5614 1450 5681 habuit,
1481 5615 1890 5684 Hierosolymas
1926 5633 2180 5686 unquam

547 5687 742 5758 venit;
777 5687 873 5758 sed
918 5686 1288 5758 intelligenda
1331 5691 1476 5758 esset
1517 5686 1779 5758 Eudocia,
1811 5703 1957 5758 uxor
1998 5687 2179 5741 ’l'heo-

549 5756 986 5835 d_osii_jpnioris,
1019 5758 1088 5835 de
1106 5756 1283 5835 cujus
1297 5757 1359 5811 in
1384 5757 1555 5835 Terra
1580 5756 1780 5810 Sancta
1808 5757 1976 5835 rebus
1998 5758 2182 5835 gestis

550 5830 607 5885 et
633 5826 885 5882 aediﬁciis
910 5827 1078 5880 sacris
1106 5826 1294 5882 licebit
1312 5828 1489 5882 multa
1512 5827 1701 5899 legere
1726 5828 1876 5898 apud
1896 5826 2176 5903 antiquos;

2281 4614 2467 4669 dimus
2488 4619 2543 4670 et
2566 4615 2626 4670 in
2653 4632 2769 4670 uno
2794 4615 3005 4687 angulo
3030 4617 3285 4669 catenam
3312 4613 3557 4668 ferream
3580 4613 3626 4678 ⁸,
3648 4629 3780 4668 cum
3804 4628 3914 4683 qua

2279 4724 2337 4764 se
2364 4707 2689 4780 illaqueavit
2714 4708 2907 4763 infelix
2935 4709 2962 4763 J
2968 4708 3123 4763 udas.
3152 4709 3364 4762 Iterum
3394 4710 3666 4762 exeuntes
3688 4705 3759 4760 ad
3778 4722 3937 4783 por:

2276 4806 2400 4857 tam
2430 4802 2728 4873 majorem,
2760 4802 3019 4857 venimus
3054 4800 3127 4856 ad
3161 4801 3349 4856 locum
3374 4800 3435 4854 in
3470 4815 3585 4871 quo
3614 4799 3919 4870 requiescit

2278 4895 2477 4950 beatus
2513 4896 2720 4950 Ysitius
2742 4896 2769 4937 d
2802 4912 2815 4950 :
2846 4895 3039 4968 ibique
3082 4898 3392 4966 erogantur
3429 4909 3601 4966 panes
3644 4892 3915 4964 pauperi-

2278 4988 2405 5057 bus,
2431 5005 2574 5061 quos
2597 4990 2889 5062 deputavit
2910 4990 3074 5045 beata
3101 4989 3327 5044 Helena.

2350 5086 2439 5139 28.
2474 5083 2577 5140 Via
2603 5099 2732 5155 quae
2761 5083 2916 5139 ducit
2943 5083 3012 5139 ad
3039 5083 3330 5139 Bethleem
3356 5081 3617 5137 milliario
3650 5080 3822 5136 tertio
3850 5080 3916 5134 ab

2278 5177 2607 5248 Jerusalem,
2628 5178 2784 5249 jacet
2822 5177 3046 5246 Rachel,
3082 5193 3228 5231 uxor
3264 5175 3451 5246 Jacob,
3480 5180 3667 5230 mater
3708 5173 3917 5229 scilicet

2281 5330 2363 5385 uti
2385 5335 2442 5385 et
2465 5330 2590 5399 hoc,
2615 5331 2769 5402 quod
2802 5335 3027 5385 mortuo
3052 5330 3297 5402 conjuge
3324 5329 3525 5402 eodem
3552 5345 3797 5395 reversa,
3827 5345 3911 5383 se-

2280 5402 2435 5472 pulta
2461 5402 2532 5455 sit
2554 5402 2612 5455 in
2633 5400 2877 5456 ecclesia
2914 5402 3089 5455 sancti
3118 5400 3406 5471 Stephani.

2353 5485 2374 5513 °
2402 5477 2501 5528 Ast
2541 5472 2938 5528 diversissimae
2984 5469 3233 5527 civitates
3272 5476 3404 5526 sunt
3449 5469 3728 5542 Diospolis
3762 5470 3914 5539 (alias

2282 5545 2451 5600 Liddo
2478 5560 2541 5596 ac
2569 5546 2820 5611 Ramula)
2848 5550 2905 5597 ct
2926 5548 3156 5613 Azotus;
3190 5544 3310 5596 haec
3348 5542 3501 5596 enim
3528 5544 3600 5596 ad
3627 5558 3785 5597 mare
3814 5542 3911 5596 sita

2282 5620 2364 5669 est
2392 5615 2450 5669 in
2478 5614 2684 5668 linibus
2709 5617 2825 5669 Dan
2855 5615 2925 5669 ad
2955 5615 3271 5681 meridiem,
3294 5614 3394 5667 illa
3416 5628 3545 5666 vero
3568 5614 3630 5667 in
3659 5614 3908 5683 ejusdem

2280 5686 2460 5741 tribus
2484 5685 2691 5739 ﬁnibus
2718 5686 3041 5740 Borealibus
3066 5685 3499 5740 mediterranea.

2351 5760 2376 5798 ά
2408 5757 2604 5829 Neque
2629 5756 2883 5829 isitium,
2912 5773 3095 5829 neque
3136 5754 3785 5829 Hesychium__sanctum
3814 5753 3903 5810 ali-

2281 5844 2454 5902 quem
2480 5798 2610 5883 δονὶ
2636 5828 2706 5884 de
2734 5844 2848 5903 quo
2869 5798 2961 5883 hic
2984 5798 3140 5885 limus
3160 5798 3340 5901 pos’sit
3363 5823 3629 5902 intelligi.
