4034 6228
149 286 262 337 909

1635 291 2099 346 lTlNERARlUM.

3433 303 3537 354 910

141 391 366 462 Ioseph
394 395 450 445 et
476 392 931 463 Benjamin,qua:
952 393 1256 464 requiescit
1281 394 1338 448 in
1368 395 1574 451 finibus
1593 399 1788 454 Rama.
1814 412 1872 483 Α
1895 399 2084 470 pluvia
2114 399 2421 468 descendit,
2451 405 2756 472 postquam
2788 403 2959 458 David
2989 419 3082 458 eos
3120 402 3454 471 maledixit;
3484 411 3540 461 et

145 485 216 539 ln
273 484 465 539 medio
511 485 634 539 loco
687 486 746 539 in
792 487 978 541 media
1019 487 1106 540 via
1151 504 1294 557 aqua
1327 489 1540 560 surgit,
1588 492 1804 549 habens

145 577 320 647 quasi
350 578 623 632 sextarios
666 584 903 649 septem,
951 581 1096 634 unde
1135 596 1331 635 omnes
1385 585 1674 654 complent
1721 604 1806 643 sa-

147 670 414 724 tietatem
463 671 710 738 bibendi,
745 678 800 727 et
843 689 946 726 nec
985 679 1226 743 augetur
1268 692 1371 729 nec
1419 677 1716 748 minuitur,
1751 687 1805 735 et

143 768 236 817 est
267 765 457 818 suavis
505 763 574 818 ad
624 766 972 832 bibendum;
1026 771 1083 819 et
1131 768 1328 822 dicunt
1375 771 1526 840 quod
1573 772 1805 842 fugiens

144 854 321 910 beata
371 858 541 910 Maria
589 858 650 912 in
694 859 980 929 :Egytum,
1012 860 1218 914 sederit
1245 861 1319 914 ibi
1356 879 1485 916 cum
1520 881 1718 934 puero,
1749 871 1805 920 et

146 948 356 1002 sitiens
404 950 600 1016 oravit,
647 956 703 1004 et
745 952 1012 1006 continuo
1060 970 1209 1022 aqua
1255 955 1567 1022 emanavit;
1599 963 1654 1010 et
1683 958 1804 1028 ipso

145 1041 278 1095 loco
311 1043 482 1097 modo
510 1044 743 1097 ecclesia
768 1050 1084 1100 constructa
1105 1051 1208 1101 est.

226 1137 320 1188 29.
355 1136 484 1190 lnde
513 1152 692 1207 usque
717 1137 1002 1192 Bethleem
1025 1140 1286 1194 milliaria
1318 1157 1398 1196 ιιι.
1423 1143 1488 1196 Et
1516 1143 1802 1198 Bethleem

146 1233 241 1282 est
271 1227 428 1281 locus
457 1229 965 1300 splendidissimus,
998 1234 1144 1286 servi
1200 1235 1299 1288 Dei
1349 1236 1533 1288 multi.
1593 1237 1670 1289 lbi
1724 1241 1806 1291 est

151 1321 429 1390 spelunca
474 1322 569 1376 ubi
618 1328 785 1377 natus
835 1331 920 1378 est
965 1326 1252 1394 Dominus,
1281 1333 1338 1382 et
1364 1328 1708 1398 praesepium
1736 1347 1802 1384 ex

148 1429 301 1467 auro
343 1420 398 1468 et
436 1421 673 1486 argento
716 1423 1006 1485 ornatum,
1055 1426 1109 1473 et
1145 1421 1366 1491 jugiter
1413 1422 1488 1475 ibi
1534 1421 1680 1477 fiunt
1726 1425 1804 1476 lu-

151 1507 427 1574 minaria,
456 1526 516 1562 os
564 1525 695 1563 vero
741 1512 1024 1579 speluncas
1071 1518 1398 1584 augustum.
1435 1516 1806 1586 Hieronymus

151 1599 480 1670 presbyter,
520 1602 578 1655 in
621 1603 906 1673 loquendo
956 1606 1190 1674 peritus,
1235 1606 1290 1659 in
1337 1608 1802 1677 interpretatione

150 1693 367 1758 clarus,
397 1693 544 1748 inter
564 1702 796 1750 cunctos
823 1697 1031 1751 relator
1052 1700 1402 1769 conspicuus,
1428 1701 1486 1753 in
1507 1701 1685 1772 ipsius
1707 1719 1802 1756 ore

1904 493 2196 548 nocturnis
2223 493 2375 548 horis
2407 501 2620 549 secreto
2650 495 2910 550 videntur
2953 495 3215 551 ibixvolvi
3260 498 3540 552 immundi

1904 586 2152 656 spiritus,
2182 592 2453 658 tanquam
2481 589 2686 643 vellera
2720 590 2864 642 lanas
2891 591 2977 644 vel
3007 590 3174 644 unda:
3203 591 3393 644 maris.

1976 683 2064 734 32.
2090 680 2301 735 Deinde
2329 682 2542 736 viantes
2570 684 2638 737 ad
2667 684 2831 750 latus,
2857 684 3114 738 venimus
3156 685 3213 738 in
3261 684 3542 738 civitatem

1903 789 2030 843 quae
2073 773 2278 827 dicitur
2319 775 2624 845 Heliopolis
2655 777 2700 842 ἀ,
2733 776 2789 830 in
2832 777 2955 830 loco
2988 776 3085 829 ubi
3114 777 3387 847 Sampson
3423 777 3539 833 for-

1903 865 2152 920 tissimus
2195 883 2323 920 cum
2370 868 2595 922 maxilla
2635 869 2778 922 asini
2822 869 2977 923 mille
3022 869 3224 924 occidit
3269 870 3441 936 viros,
3476 886 3542 924 ea

1903 971 2015 1025 qua
2045 956 2273 1010 maxilla
2297 958 2420 1027 ipso
2447 962 2644 1011 orante
2672 973 2823 1027 aqua
2849 957 3133 1027 proﬂuxit,
3165 957 3262 1027 qui
3289 957 3413 1011 fons
3442 974 3539 1010 us-

1905 1064 2015 1117 que
2037 1050 2096 1103 in
2117 1049 2455 1104 hodiernum
2483 1049 2632 1104 diem
2661 1050 2783 1103 loca
2802 1050 2896 1103 illa
2916 1050 3118 1120 irrigat
3142 1066 3153 1102 :
3185 1065 3319 1103 nam
3341 1049 3399 1102 in
3419 1049 3543 1104 loco

1905 1141 2002 1194 ubi
2030 1142 2232 1211 surgit,
2261 1143 2494 1197 fuimus.
2531 1143 2737 1197 Deinde
2764 1143 3022 1197 venimus
3065 1143 3216 1196 inter
3262 1143 3544 1212 templum

1907 1239 1964 1287 et
1991 1235 2165 1288 altare
2204 1236 2300 1289 ubi
2341 1235 2554 1290 occisus
2585 1241 2668 1290 est
2695 1236 3010 1302 Zacharias,
3052 1238 3109 1289 et
3149 1234 3245 1288 ubi
3293 1236 3543 1306 requies-

1904 1326 2000 1380 cit.
2032 1328 2163 1382 lnde
2190 1328 2450 1382 venimus
2487 1329 2558 1382 ad
2582 1329 2772 1383 locum
2809 1328 2906 1382 ubi
2942 1327 3112 1382 Isaias
3154 1329 3430 1398 propheta
3477 1329 3546 1382 de

1904 1420 2092 1490 lignea
2117 1437 2269 1475 serra
2293 1427 2510 1476 secatus
2539 1426 2643 1476 est.
2672 1423 2740 1476 Et
2764 1422 2882 1492 ipse
2902 1422 3053 1491 jacet
3079 1421 3157 1475 ibi
3198 1421 3300 1476 sub
3330 1437 3546 1492 quercu
3575 1436 3590 1453 σ

1905 1513 2081 1582 Rogel
2099 1515 2267 1584 juxta
2295 1532 2574 1584 aquarum
2602 1516 2943 1583 decursum;
2978 1522 3032 1568 et
3078 1515 3199 1584 ipsa
3245 1531 3398 1569 serra
3441 1531 3544 1585 pro

1903 1606 2231 1661 testimonio
2259 1608 2443 1678 posita
2465 1614 2548 1663 est
2570 1608 2641 1662 ad
2663 1614 2923 1663 sanctum
2946 1607 3296 1662 Zachariam.
3322 1609 3389 1662 Et
3414 1608 3545 1662 inde

1907 1701 2162 1754 venimus
2192 1701 2262 1754 ad
2290 1701 2479 1754 locum
2506 1701 2607 1755 ubi
2644 1701 2864 1755 Abacuc
2916 1701 3192 1771 propheta
3237 1701 3543 1771 prandium

153 1785 446 1855 speluncas
467 1791 686 1857 petram
707 1790 956 1860 sculpsit,
985 1797 1041 1844 et
1067 1793 1140 1845 ob
1169 1793 1522 1848 devotionem
1554 1795 1803 1850 Salvato-
1827 1779 1883 1850 B
1907 1793 2122 1847 ferebat
2149 1795 2510 1858 messoribus,
2539 1794 2766 1864 quando
2795 1811 2924 1848 cum
2951 1795 3187 1864 angelus
3229 1810 3332 1864 per
3375 1794 3546 1848 verti-

154 1879 238 1933 ris
265 1879 481 1934 ibidem
510 1881 615 1934 sibi
636 1891 1073 1939 monumentum
1094 1886 1244 1940 fecit.
1273 1887 1529 1941 Milliario
1550 1889 1717 1943 semis
1738 1890 1806 1943 de

155 1972 458 2027 Bethleem
496 1974 552 2027 in
581 1975 683 2028 sub
703 1976 838 2030 urbe
871 1978 1062 2043 David,
1088 1980 1241 2048 jacet
1267 1981 1442 2033 David
1470 1997 1482 2033 :
1513 1983 1608 2035 sed
1639 1987 1692 2035 et
1721 1982 1802 2035 in-

155 2065 346 2121 fantes
375 2084 516 2137 quos
548 2070 747 2123 occidit
793 2071 1053 2140 Herodes,
1085 2072 1203 2142 ipso
1232 2074 1288 2126 in
1316 2074 1437 2128 loco
1480 2075 1690 2129 habent
1717 2093 1803 2131 se-

156 2159 384 2230 pulcra,
409 2167 464 2215 et
479 2161 741 2216 videntur
770 2180 966 2218 eorum
994 2171 1187 2220 sancta
1219 2184 1361 2222 ossa.
1385 2170 1529 2222 Ante
1542 2170 1806 2224 Bethleem

159 2260 238 2308 est
289 2259 666 2310 monasterium
722 2274 873 2310 muro
899 2262 1152 2321 cinctum,
1186 2262 1242 2313 in
1283 2278 1386 2330 quo
1429 2263 1680 2317 mltitudo
1732 2269 1806 2317 est

159 2349 567 2402 monachorum.

235 2442 324 2494 30.
359 2440 434 2493 De
470 2442 760 2496 Bethleem
797 2459 976 2514 usque
1029 2445 1099 2498 ad
1157 2446 1342 2500 ilicem
1383 2447 1628 2502 Mamhre
1674 2453 1805 2503 sunt

159 2531 343 2586 millia
369 2549 500 2588 xxm
529 2534 592 2603 ‘;
641 2535 700 2588 in
751 2553 864 2607 quo
909 2537 1034 2591 loco
1081 2539 1444 2609 requiescunt
1493 2541 1800 2608 Abraham,

163 2628 334 2696 Isaac,
379 2632 436 2681 et
477 2629 668 2698 Jacob,
703 2635 758 2683 et
800 2631 951 2698 Sara,
982 2636 1038 2685 et
1087 2632 1258 2686 simul
1311 2651 1435 2687 ossa
1477 2636 1718 2706 Ioseph;
1750 2642 1804 2689 et

161 2719 391 2774 basilica
418 2721 690 2775 aadilicata
717 2728 820 2778 est.
853 2725 913 2776 In
937 2725 1361 2795 quadriporticu
1387 2727 1594 2781 atrium
1615 2729 1674 2782 in
1694 2745 1805 2783 me-

164 2812 259 2867 dio
291 2813 750 2885 discoopertum;
786 2820 843 2870 et
869 2833 968 2886 per
1008 2818 1259 2872 medium
1303 2822 1687 2876 cancellorum
1735 2839 1802 2877 ex

166 2922 280 2960 uno
313 2907 488 2962 latere
536 2908 748 2964 intrant
776 2910 1099 2977 Christiani,
1133 2928 1202 2966 ex
1232 2913 1340 2966 alio
1365 2915 1566 2982 Judaei,
1593 2917 1799 2970 facien-

165 3005 248 3053 tes
275 3000 504 3055 incensa
538 3002 753 3070 multa;
792 3019 925 3056 nam
967 3005 1241 3074 depositio
1280 3007 1449 3060 David
1490 3013 1544 3062 et
1577 3009 1746 3064 Jacob
1778 3010 1803 3049 ι)

165 3092 224 3145 in
264 3097 418 3147 terra
463 3094 575 3164 illa,
604 3096 694 3150 die
722 3097 908 3166 primo
933 3101 1059 3167 post
1086 3098 1278 3154 Natale
1309 3099 1528 3154 Domini
1560 3101 1800 3156 devotis-

165 3191 309 3245 sime
353 3193 424 3246 ab
469 3194 733 3248 omnibus
780 3194 1121 3264 celebratur,
1153 3196 1231 3250 ita
1259 3202 1323 3251 ut
1351 3213 1419 3251 ex
1450 3199 1607 3253 omni
1635 3204 1803 3269 terra,

165 3284 494 3340 Judaaorum
541 3289 839 3344 conveniat
889 3289 1320 3345 innumerabilis
1363 3291 1688 3360 multitudo,
1717 3293 1803 3346 in-

167 3394 337 3432 censa
381 3380 629 3436 ferentes
674 3382 760 3436 vel
811 3383 1128 3452 luminaria,
1164 3389 1220 3438 et
1250 3384 1448 3440 dantes
1480 3402 1717 3440 munera
1745 3403 1808 3440 ac

165 3472 472 3527 servientes
501 3475 732 3529 ibidem.
767 3477 972 3534 lterum
1001 3482 1348 3533 revertentes
1390 3478 1448 3532 in
1479 3480 1807 3546 Jerusalem,

166 3565 565 3621 descendimus
608 3585 710 3638 per
753 3569 899 3624 viam
950 3587 1078 3641 qua:
1117 3571 1269 3626 vadit
1298 3572 1368 3626 ad
1396 3572 1598 3626 Gazam
1631 3578 1685 3627 et
1710 3577 1806 3627 As-

167 3659 336 3714 calon
366 3661 548 3714 millia
579 3678 671 3716 xx.

238 3755 329 3807 3i.
387 3754 462 3808 De
512 3755 824 3811 Jerusalem
875 3758 1133 3813 venimus
1181 3759 1242 3813 in
1287 3763 1539 3814 montem
1586 3759 1808 3829 Gelboe,

165 3846 269 3901 ubi
301 3847 505 3902 occidit
532 3849 705 3904 David
735 3850 1024 3922 gigantem
1052 3852 1246 3919 Goliat,
1279 3865 1322 3920 ο,
1352 3858 1408 3907 et
1435 3853 1529 3906 ubi
1555 3859 1812 3908 mortuus

169 3945 255 3994 est
295 3939 425 3995 Saul
469 3947 526 3996 et
566 3942 716 3997 filius
759 3945 878 4013 ejus
920 3946 1202 4000 Jonathas.
1232 3947 1382 4000 Jacet
1425 3945 1505 4000 ibi
1547 3946 1725 4000 Goliat
1753 3946 1811 4000 in

169 4034 361 4088 media
401 4036 508 4101 via,
556 4036 810 4106 ligneum
861 4038 1074 4093 habens
1119 4039 1189 4093 ad
1231 4045 1400 4110 caput
1440 4056 1722 4107 acervum,
1758 4045 1815 4094 et

170 4143 344 4199 super
373 4145 504 4183 eum
542 4131 836 4200 congeries
881 4148 1092 4202 magna
1135 4137 1451 4203 petrarum,
1483 4133 1560 4187 ita
1590 4137 1652 4188 ut
1679 4151 1713 4189 a
1741 4151 1809 4188 xx

172 4221 426 4276 millibus
453 4239 566 4276 non
595 4223 773 4293 possis
813 4224 1063 4279 invenire
1101 4226 1348 4296 lapidem
1386 4243 1556 4297 quem
1586 4244 1812 4282 movere.

171 4316 372 4386 possis,
406 4315 537 4386 quia
564 4333 695 4370 usus
721 4322 806 4372 est
833 4318 978 4372 talis.
1023 4319 1250 4383 Quoties
1297 4320 1423 4391 quis
1468 4321 1546 4374 ibi
1591 4322 1809 4389 transit,

174 4412 366 4463 ternos
401 4409 616 4480 lapides
660 4426 852 4466 secum
882 4412 1081 4480 defert,
1114 4417 1171 4467 et
1196 4429 1290 4468 eos
1323 4414 1401 4468 ibi
1428 4415 1650 4485 projicit
1669 4432 1684 4484 ;
1718 4416 1813 4470 sed

1907 1903 2030 1940 cem
2057 1891 2274 1955 tenens,
2303 1887 2463 1940 duxit
2492 1887 2550 1941 in
2578 1888 2768 1941 locum
2796 1888 2894 1941 ubi
2933 1887 3123 1941 Daniel
3164 1887 3313 1941 inter
3353 1887 3546 1941 leones

1906 1980 2123 2033 orabat.
2157 1982 2224 2035 Et
2251 1979 2325 2033 ibi
2365 1978 2548 2050 surgit
2591 1980 2718 2034 fons
2766 1979 2861 2033 ubi
2906 1980 3199 2049 Philippus
3242 1980 3548 2050 baptizavit

1909 2073 2264 2127 Eunuchum.
2298 2075 2356 2126 ln
2384 2073 2518 2142 ipsis
2547 2077 2680 2126 sunt
2704 2072 2862 2142 putei
2894 2088 3038 2142 quos
3069 2072 3334 2126 foderunt
3365 2073 3540 2127 Abra—

1906 2164 2040 2219 ham
2068 2171 2125 2219 et
2158 2167 2324 2230 Isaac,
2356 2171 2412 2219 et
2437 2165 2797 2236 appellarunt
2823 2164 3198 2219 Calumniam.

1978 2261 2065 2313 33.
2091 2259 2225 2312 Inde
2258 2259 2496 2328 ingressi
2521 2275 2717 2312 sumus
2744 2258 2998 2312 Ascalou.
3053 2258 3268 2311 Ibidem
3314 2263 3398 2312 est
3436 2275 3539 2329 pu-

1907 2358 2028 2406 teus
2053 2351 2232 2417 Pacis,
2265 2353 2323 2405 in
2349 2353 2582 2406 modum
2608 2353 2817 2406 theatri
2861 2353 3061 2416 factus,
3112 2351 3167 2404 in
3209 2367 3321 2421 quo
3366 2368 3542 2421 usque

1905 2445 1973 2498 ad
2006 2462 2216 2514 aquam
2247 2445 2606 2499 descenditur
2634 2463 2736 2516 per
2775 2445 3018 2515 gradus;
3050 2445 3149 2497 ubi
3179 2445 3545 2514 requiescunt

1906 2542 2018 2590 tres
2046 2538 2247 2592 fratres
2276 2544 2550 2607 martyres
2579 2551 2620 2590 θ.
2671 2539 2897 2608 Propria
2925 2536 3156 2608 quidem
3185 2537 3395 2591 habent
3433 2554 3538 2592 no-

1908 2630 2082 2698 mina,
2141 2631 2238 2685 sed
2294 2631 2602 2700 vulgariter
2655 2631 2900 2702 zEgyptii
2949 2635 3241 2685 vocantur.
3296 2630 3544 2684 Milliario

1903 2741 1936 2778 a
1965 2725 2204 2793 civitate,
2254 2725 2490 2794 Herapia
2537 2729 2639 2790 est,
2687 2723 2880 2778 civitas
2924 2725 3143 2778 Maxoni
3188 2723 3540 2778 Ascalonitaa.

1904 2818 2035 2872 [nde
2057 2817 2317 2872 venimus
2335 2818 2393 2871 in
2414 2817 2696 2872 civitatem
2725 2821 3044 2883 Axomatcs,
3074 2817 3132 2871 in
3156 2833 3269 2888 qua
3293 2816 3541 2887 requies-

1903 2911 1980 2964 cit
2037 2914 2262 2964 sanctus
2313 2910 2501 2964 Victor
2548 2915 2764 2981 martyr
2792 2910 2836 2964 ί.
2899 2911 2977 2965 De
3023 2911 3248 2964 Mazona
3285 2909 3546 2964 venimus

1902 3020 2082 3074 usque
2112 3005 2316 3058 Gazam
2351 3003 2678 3058 milliarium
2703 3021 2716 3058 :
2741 3005 2879 3059 Gaza
2907 3006 3098 3058 autem
3127 3002 3321 3057 civitas
3349 3002 3536 3073 splen—

1908 3097 2059 3165 dida,
2115 3096 2396 3166 deliciosa,
2440 3096 2699 3151 homines
2747 3096 3142 3164 honestissimi,
3191 3095 3349 3150 omni
3403 3094 3538 3149 libe-

1907 3190 2122 3244 ralitate
2151 3190 2362 3257 decori,
2393 3195 2680 3245 amatores
2707 3191 3159 3262 peregrinorum.
3181 3189 3316 3244 lnde
3342 3188 3544 3242 millia-

1909 3284 1992 3338 rio
2017 3284 2262 3338 secundo
2294 3284 2590 3354 requiescit
2616 3289 2843 3338 sanctus
2867 3283 3112 3339 Hilarion
3143 3297 3187 3337 8.

1982 3379 2068 3431 34,
2113 3376 2246 3431 [nde
2275 3377 2529 3430 venimus
2558 3376 2617 3430 in
2663 3377 2943 3432 civitatem
2970 3377 3182 3431 Dunaal
3211 3375 3257 3446 ιι,
3290 3376 3350 3430 in
3379 3378 3546 3446 caput

1911 3470 2086 3524 eremi
2111 3487 2239 3541 quae
2261 3470 2414 3524 vadit
2431 3471 2501 3524 ad
2529 3471 2660 3524 Sina
2691 3476 2944 3525 montem
2974 3489 2988 3524 :
3024 3471 3083 3524 in
3122 3487 3235 3541 qua
3279 3486 3349 3524 ex
3393 3469 3541 3523 rela-

1911 3563 2065 3617 tione
2091 3563 2336 3634 episcopi
2360 3563 2536 3634 ipsius
2565 3563 2822 3631 civitatis,
2852 3578 3032 3616 unum
3072 3562 3389 3617 audivimus
3432 3561 3540 3614 mi-

1912 3656 2187 3724 raculum,
2217 3656 2371 3727 quod
2398 3656 2561 3710 silere
2600 3673 2715 3710 non
2758 3660 2999 3726 oportet.
3043 3655 3236 3709 Puella
3278 3653 3544 3724 quasdam

1912 3749 2260 3803 nobilissima
2286 3749 2518 3804 nomine
2561 3749 2756 3815 Maria,
2787 3765 2916 3803 cum
2960 3753 3139 3819 nupta
3180 3748 3396 3817 fuisset,
3425 3747 3547 3818 ipsa

1910 3846 2072 3897 nocte
2101 3845 2311 3912 nuptus
2337 3843 2424 3897 sui
2454 3846 2712 3896 mortuus
2741 3845 2825 3896 est
2849 3857 3091 3911 sponsus
3120 3841 3274 3910 ejus;
3313 3840 3545 3911 ipsaque

1912 3938 2057 3990 hanc
2106 3952 2226 3990 rem
2269 3936 2547 4006 patienter
2592 3935 2852 4006 portavit,
2893 3939 2947 3989 et
2985 3934 3129 3988 infra
3168 3933 3543 4004 septimanam

1911 4029 2101 4084 omnia
2127 4045 2228 4083 sua
2254 4029 2536 4084 distribuit
2561 4029 2922 4101 pauperibus.
2958 4028 3249 4083 Celebrate
3291 4027 3382 4082 die
3417 4043 3544 4098 sep-

1915 4125 2078 4190 timo,
2103 4128 2268 4178 nocte
2312 4123 2436 4194 ipsa
2474 4129 2624 4178 veste
2670 4123 2859 4195 sponsi
2903 4122 3139 4191 sublata,
3170 4122 3397 4178 inventa
3430 4137 3548 4176 non

1912 4224 1996 4273 est
2025 4237 2040 4271 :
2073 4217 2143 4272 de
2173 4234 2286 4288 qua
2310 4217 2522 4272 dictum
2553 4221 2638 4272 est
2670 4217 2832 4272 nobis
2872 4217 3006 4288 quia
3055 4221 3201 4271 esset
3249 4217 3311 4270 in
3355 4232 3545 4270 eremo

1914 4316 2066 4365 trans
2118 4312 2442 4381 Jordanem,
2499 4313 2649 4367 inter
2697 4313 2968 4367 calameta
3007 4311 3094 4365 vel
3132 4311 3379 4380 palmata
3415 4313 3544 4363 ante

1913 4422 2013 4459 nos
2043 4406 2102 4458 in
2133 4405 2340 4460 ﬁnibus
2369 4407 2566 4478 Segor,
2590 4406 2648 4459 in
2687 4405 2831 4460 mari
2855 4404 3171 4459 Salinarum
3200 4422 3212 4457 :
3254 4403 3314 4456 in
3342 4401 3549 4472 quibus

173 4507 228 4558 et
251 4518 356 4556 nos
379 4503 635 4559 similiter
660 4504 918 4571 fecimus.
947 4508 1005 4561 ln
1038 4506 1184 4577 ipsos
1212 4513 1434 4563 montes
1459 4525 1563 4563 nec
1593 4525 1682 4562 ros
1709 4525 1811 4562 nec
1831 4509 1888 4580 D
1911 4498 2049 4553 IOCiS
2096 4499 2418 4553 invenimus
2459 4499 2798 4553 monasteria
2826 4514 2896 4551 XV
2923 4498 3006 4551 vel
3044 4513 3174 4550 XVIII
3203 4495 3542 4566 Puellarum,

242 4671 265 4746 _'
301 4672 607 4746 Expunctis
637 4689 725 4743 xx,
756 4673 998 4746 sufﬁciet
1020 4674 1308 4746 reliquisse
1335 4692 1418 4730 ιιι.

244 4742 270 4781 δ
301 4742 388 4796 De
424 4745 595 4798 David
640 4742 718 4799 ex,
751 4745 978 4799 Menaeis
1029 4742 1262 4800 constat.
1309 4746 1476 4800 Jacob
1521 4763 1637 4800 una
1682 4763 1811 4800 cum

175 4814 393 4872 creteris
424 4815 880 4886 progenitoribus
923 4816 1128 4870 Christi
1156 4817 1364 4871 festum
1411 4818 1580 4871 habet
1619 4817 1808 4872 Domi-

171 4888 300 4942 nica
349 4891 480 4939 ante
519 4887 768 4959 Natalem
822 4888 1067 4957 Domini,
1100 4887 1246 4942 sicut
1294 4889 1365 4942 ad
1413 4889 1812 4959 Ephemerides

175 4960 586 5014 Graecomoscas
612 4958 796 5012 docui.

246 5042 268 5069 ο
297 5027 459 5081 Lib.l
490 5029 732 5097 Regum,
765 5046 886 5099 cap.
922 5046 1050 5097 xvu,
1081 5029 1320 5084 Goliathi
1365 5030 1577 5084 caedem
1613 5031 1814 5086 descri-

177 5099 279 5168 bit,
317 5099 522 5153 factam
565 5099 622 5152 in
668 5101 808 5153 valle
852 5101 1198 5167 Tercbinthi,
1248 5100 1341 5153 ubi
1389 5106 1814 5157 castrametatus

178 5175 297 5225 erat
325 5169 463 5224 Saul
489 5174 683 5224 contra
709 5171 1038 5239 Philistzeos,
1062 5172 1332 5225 habentes
1351 5177 1529 5225 castra
1550 5190 1648 5227 sua
1669 5175 1817 5227 inter

177 5241 412 5314 Sochot_
439 5241 594 5295 Iudae
643 5247 698 5296 et
747 5247 922 5314 Azeca
950 5243 1029 5314 in
1074 5243 1304 5296 Finibus
1355 5243 1658 5313 Dommim,
1688 5261 1814 5314 quae

178 5312 371 5366 omnia
397 5311 520 5385 loca
549 5316 682 5385 sunt
701 5313 889 5367 media
910 5313 1000 5367 via
1019 5314 1176 5385 inter
1199 5314 1507 5385 Jerusalem
1537 5320 1593 5368 et
1618 5311 1813 5385 Joppe,

178 5400 212 5438 a
237 5383 524 5437 montibus
551 5384 774 5448 Gelboe,
798 5385 995 5455 procul
1012 5384 1143 5439 inde
1169 5384 1240 5437 ad
1261 5385 1643 5440 Euroboream
1673 5383 1812 5453 sitis,

177 5455 304 5526 plus
329 5470 502 5526 quam
529 5471 598 5507 xx
629 5455 822 5526 leucis.

249 5526 348 5580 ἀςΑ
389 5525 534 5579 valle
591 5524 917 5579 Terebinthi
973 5541 1152 5595 usque
1204 5526 1276 5579 ad
1332 5527 1608 5582 civitatem
1665 5527 1814 5593 solis,

181 5597 270 5651 cui
315 5595 678 5668 propinquus
705 5601 789 5650 est
812 5597 937 5650 fons
963 5597 1307 5668 Sampsonis,
1336 5614 1368 5652 x
1393 5598 1616 5653 circiter
1642 5600 1816 5653 leucae

182 5667 567 5723 extenduntur
612 5684 807 5722 versus
849 5667 1169 5734 meridiem,
1203 5673 1260 5723 et
1287 5668 1421 5723 hinc
1448 5674 1649 5725 caetera
1689 5670 1819 5723 satis

181 5740 481 5794 commode
507 5744 843 5809 sequuntur,
863 5737 972 5792 nisi
998 5739 1151 5809 quod
1170 5740 1380 5794 iterum
1407 5748 1601 5796 auctor
1626 5757 1814 5795 recur-

185 5817 267 5867 rat
295 5809 763 5882 Hierosolymam,
793 5812 1024 5881 propter
1051 5810 1381 5866 Zachariam
1411 5817 1468 5867 et
1493 5812 1710 5867 Isaiam.

1980 4678 2003 4706 θ
2032 4668 2243 4722 Meneca
2269 4667 2338 4720 ad
2364 4671 2395 4719 6
2420 4667 2628 4738 Aprilis
2671 4665 3056 4738 meminerunt
3100 4665 3342 4717 duorum
3392 4677 3540 4738 mar-

1910 4746 2102 4810 tyrum
2130 4734 2738 4810 Ascalonepassorum,
2779 4740 2911 4810 post
2949 4737 3155 4810 factam
3209 4734 3547 4810 memoriam

1912 4806 2117 4866 sanctis
2139 4807 2466 4873 Platonidis,
2499 4825 2671 4879 quam
2714 4806 2986 4861 Baronius
3031 4806 3110 4879 in,
3134 4806 3410 4860 hodierno
3439 4807 3547 4860 Ro-

1913 4898 2080 4938 mano
2107 4897 2209 4952 pro
2237 4879 2355 4952 viro
2384 4878 2684 4950 accipiens,
2715 4879 2934 4933 duobus
2964 4878 3290 4932 Ascalonitis
3331 4884 3546 4950 marty-

1913 4955 2067 5010 ribus
2084 4951 2294 5023 junxit.

1982 5025 2002 5064 ί
2039 5022 2229 5103 Neque
2284 5022 2557 5100 Victorem
2618 5025 2946 5103 martyrem,
2988 5022 3084 5103 qui
3131 5023 3243 5103 huc
3294 5030 3544 5094 spectare

1913 5097 2105 5168 possit,
2134 5092 2534 5168 _ullu_m.rn_ovi;
2576 5108 2763 5168 neque
2814 5092 3146 5168 Herapiam,
3187 5092 3544 5168 Axomatem,

1914 5162 2197 5222 Mazonam
2237 5163 2520 5229 civitates;
2561 5162 2668 5216 nisi
2708 5164 2850 5216 forte
2888 5162 3090 5217 ultima
3147 5169 3230 5217 est
3277 5162 3542 5234 Majulna,

1914 5256 2046 5309 qua:
2066 5239 2230 5309 Gazae
2251 5234 2570 5309 emporium
2597 5235 2926 5288 nominatur
2944 5251 2976 5287 a
2992 5240 3183 5288 sancto
3210 5235 3549 5307 Hieronymo

1915 5305 1974 5364 ιῖι
2006 5311 2125 5363 Vita
2151 5305 2469 5361 Hilarionis.

1986 5393 2013 5433 8
2041 5380 2244 5456 Sancti.
2277 5374 2575 5456 Hilarionis
2600 5375 3030 5456 _monasterium
3083 5376 3328 5456 septimo
3366 5395 3412 5456 a_
3433 5379 3546 5456 lita-

1910 5453 2074 5522 juma
2109 5448 2397 5517 milliario,
2438 5448 2496 5522 id
2535 5449 2619 5522 est
2656 5447 2882 5522 duabus
2909 5447 3358 5522 ac__s_emileucis,
3399 5450 3549 5504 idem

1916 5517 2290 5593 Hieronymus
2317 5517 2622 5585 constituit,
2641 5518 2732 5593 cui
2748 5519 2956 5593 certior
2983 5519 3120 5593 fides
3140 5520 3478 5593 adhibenda.

1989 5593 2016 5634 ιι
2047 5590 2258 5648 Dunaal
2307 5593 2478 5661 urbs,
2519 5593 2576 5645 et
2629 5590 2858 5662 quidem
2914 5590 3262 5662 episcopalis,
3321 5593 3381 5645 in
3437 5597 3553 5646 tota

1918 5682 2072 5720 sacra
2100 5682 2165 5719 ac
2189 5665 2424 5736 profana
2451 5661 2798 5736 geographia
2839 5661 2995 5717 nulla
3024 5669 3144 5736 est;
3181 5664 3266 5717 uti
3296 5681 3399 5718 nec
3439 5665 3548 5736 Eu-

1919 5737 2057 5791 latia
2084 5737 2290 5808 aliqua,
2319 5737 2387 5791 ad
2415 5735 2710 5792 introitum
2749 5735 2944 5807 eremi,
2985 5735 3166 5808 capite
3205 5751 3325 5808 seq.
3366 5735 3550 5790 nomi-

1921 5813 2071 5864 nata.
