  <div class='ocr_page' id='page_1' title='image "/cluster/home/n/w/nwhite01/storage/ocr_20150623/72/uva.x000827084/649.png"; bbox 0 0 4034 6228; ppageno 0'>
   <div class='ocr_carea' id='block_1_1' title="bbox 527 286 620 340">
    <p class='ocr_par' dir='ltr' id='par_1_1' title="bbox 527 286 620 340">
     <span class='ocr_line' id='line_1_1' title="bbox 527 286 620 340; baseline -0.022 0"><span class='ocrx_word' id='word_1_1' title='bbox 527 286 620 340; x_wconf 85' lang='grc'><strong>911</strong></span> 
     </span>
    </p>
   </div>
   <div class='ocr_carea' id='block_1_2' title="bbox 1827 276 2583 339">
    <p class='ocr_par' dir='ltr' id='par_1_2' title="bbox 1827 276 2583 339">
     <span class='ocr_line' id='line_1_2' title="bbox 1827 276 2583 339; baseline -0.001 -1"><span class='ocrx_word' id='word_1_2' title='bbox 1827 283 2145 338; x_wconf 73' lang='grc' dir='ltr'><strong>ΑΝΤΟΝΙΝΙ</strong></span> <span class='ocrx_word' id='word_1_3' title='bbox 2184 276 2583 339; x_wconf 82' lang='lat' dir='ltr'><strong>PLACENTINI</strong></span> 
     </span>
    </p>
   </div>
   <div class='ocr_carea' id='block_1_3' title="bbox 3810 280 3912 335">
    <p class='ocr_par' dir='ltr' id='par_1_3' title="bbox 3810 280 3912 335">
     <span class='ocr_line' id='line_1_3' title="bbox 3810 280 3912 335; baseline 0.01 -1"><span class='ocrx_word' id='word_1_4' title='bbox 3810 280 3912 335; x_wconf 74' lang='lat'><strong>912</strong></span> 
     </span>
    </p>
   </div>
   <div class='ocr_carea' id='block_1_4' title="bbox 527 387 3912 477">
    <p class='ocr_par' dir='ltr' id='par_1_4' title="bbox 527 387 3912 477">
     <span class='ocr_line' id='line_1_4' title="bbox 527 387 3912 477; baseline -0.001 -32"><span class='ocrx_word' id='word_1_5' title='bbox 527 407 657 464; x_wconf 89' lang='lat' dir='ltr'><strong>qua</strong></span> <span class='ocrx_word' id='word_1_6' title='bbox 686 388 989 447; x_wconf 82' lang='lat' dir='ltr'><strong>Christiani</strong></span> <span class='ocrx_word' id='word_1_7' title='bbox 1017 388 1364 462; x_wconf 87' lang='lat' dir='ltr'><strong>populabant</strong></span> <span class='ocrx_word' id='word_1_8' title='bbox 1381 406 1399 459; x_wconf 85' lang='lat'><strong>;</strong></span> <span class='ocrx_word' id='word_1_9' title='bbox 1430 405 1561 460; x_wconf 85' lang='lat' dir='ltr'><strong>qua</strong></span> <span class='ocrx_word' id='word_1_10' title='bbox 1602 389 1886 444; x_wconf 85' lang='lat' dir='ltr'><strong>habebant</strong></span> <span class='ocrx_word' id='word_1_11' title='bbox 1924 391 2157 446; x_wconf 86' lang='lat' dir='ltr'><strong>asellum</strong></span> <span class='ocrx_word' id='word_1_12' title='bbox 2179 404 2239 477; x_wconf 70' lang='grc' dir='ltr'><strong>Α</strong></span> <span class='ocrx_word' id='word_1_13' title='bbox 2256 394 2502 460; x_wconf 80' lang='lat' dir='ltr'><strong>fecimus,</strong></span> <span class='ocrx_word' id='word_1_14' title='bbox 2534 396 2585 445; x_wconf 90' lang='lat' dir='ltr'><strong>et</strong></span> <span class='ocrx_word' id='word_1_15' title='bbox 2626 392 3065 460; x_wconf 81' lang='lat' dir='ltr'><strong>lacrymavimus.</strong></span> <span class='ocrx_word' id='word_1_16' title='bbox 3102 387 3249 444; x_wconf 88' lang='lat' dir='ltr'><strong>Tunc</strong></span> <span class='ocrx_word' id='word_1_17' title='bbox 3282 389 3706 444; x_wconf 64' lang='lat' dir='ltr'><strong>introdumeruut</strong></span> <span class='ocrx_word' id='word_1_18' title='bbox 3734 403 3835 443; x_wconf 86' lang='lat' dir='ltr'><strong>nos</strong></span> <span class='ocrx_word' id='word_1_19' title='bbox 3857 391 3912 441; x_wconf 85' lang='lat' dir='ltr'><strong>in</strong></span> 
     </span>
    </p>
   </div>
   <div class='ocr_carea' id='block_1_5' title="bbox 525 482 2157 556">
    <p class='ocr_par' dir='ltr' id='par_1_5' title="bbox 525 482 2157 556">
     <span class='ocr_line' id='line_1_5' title="bbox 525 482 2157 556; baseline -0.001 -17"><span class='ocrx_word' id='word_1_20' title='bbox 525 485 625 556; x_wconf 89' lang='lat' dir='ltr'><strong>qui</strong></span> <span class='ocrx_word' id='word_1_21' title='bbox 657 484 737 539; x_wconf 91' lang='lat' dir='ltr'><strong>eis</strong></span> <span class='ocrx_word' id='word_1_22' title='bbox 761 483 967 539; x_wconf 89' lang='lat' dir='ltr'><strong>cibaria</strong></span> <span class='ocrx_word' id='word_1_23' title='bbox 991 483 1299 551; x_wconf 84' lang='lat' dir='ltr'><strong>deferebat,</strong></span> <span class='ocrx_word' id='word_1_24' title='bbox 1327 487 1382 538; x_wconf 90' lang='lat' dir='ltr'><strong>et</strong></span> <span class='ocrx_word' id='word_1_25' title='bbox 1410 482 1736 537; x_wconf 80' lang='lat' dir='ltr'><strong>nutriebant</strong></span> <span class='ocrx_word' id='word_1_26' title='bbox 1776 484 2001 538; x_wconf 89' lang='lat' dir='ltr'><strong>leonem</strong></span> <span class='ocrx_word' id='word_1_27' title='bbox 2041 489 2157 539; x_wconf 88' lang='lat' dir='ltr'><strong>ter-</strong></span> 
     </span>
    </p>
   </div>
   <div class='ocr_carea' id='block_1_6' title="bbox 524 576 2159 649">
    <p class='ocr_par' dir='ltr' id='par_1_6' title="bbox 524 576 2159 649">
     <span class='ocr_line' id='line_1_6' title="bbox 524 576 2159 649; baseline -0.001 -16"><span class='ocrx_word' id='word_1_28' title='bbox 524 578 754 633; x_wconf 90' lang='lat' dir='ltr'><strong>ribilem</strong></span> <span class='ocrx_word' id='word_1_29' title='bbox 789 577 863 632; x_wconf 91' lang='lat' dir='ltr'><strong>ad</strong></span> <span class='ocrx_word' id='word_1_30' title='bbox 904 576 1228 632; x_wconf 90' lang='lat' dir='ltr'><strong>videndum.</strong></span> <span class='ocrx_word' id='word_1_31' title='bbox 1258 576 1514 647; x_wconf 87' lang='lat' dir='ltr'><strong>Cumque</strong></span> <span class='ocrx_word' id='word_1_32' title='bbox 1550 576 2159 649; x_wconf 80' lang='lat' dir='ltr'><strong>appmpinquassemus</strong></span> 
     </span>
    </p>
   </div>
   <div class='ocr_carea' id='block_1_7' title="bbox 524 668 2157 740">
    <p class='ocr_par' dir='ltr' id='par_1_7' title="bbox 524 668 2157 740">
     <span class='ocr_line' id='line_1_7' title="bbox 524 668 2157 740; baseline -0.001 -14"><span class='ocrx_word' id='word_1_33' title='bbox 524 672 761 739; x_wconf 90' lang='lat' dir='ltr'><strong>cellula,</strong></span> <span class='ocrx_word' id='word_1_34' title='bbox 791 669 978 725; x_wconf 84' lang='lat' dir='ltr'><strong>omnia</strong></span> <span class='ocrx_word' id='word_1_35' title='bbox 1002 668 1264 724; x_wconf 86' lang='lat' dir='ltr'><strong>animalia</strong></span> <span class='ocrx_word' id='word_1_36' title='bbox 1292 685 1418 740; x_wconf 86' lang='lat' dir='ltr'><strong>qua</strong></span> <span class='ocrx_word' id='word_1_37' title='bbox 1455 676 1614 726; x_wconf 89' lang='lat' dir='ltr'><strong>erant</strong></span> <span class='ocrx_word' id='word_1_38' title='bbox 1636 670 1932 725; x_wconf 90' lang='lat' dir='ltr'><strong>nobiscum</strong></span> <span class='ocrx_word' id='word_1_39' title='bbox 1952 671 1975 694; x_wconf 71' lang='lat'>“</span> <span class='ocrx_word' id='word_1_40' title='bbox 1998 687 2032 724; x_wconf 88' lang='lat' dir='ltr'><strong>a</strong></span> <span class='ocrx_word' id='word_1_41' title='bbox 2060 688 2157 725; x_wconf 90' lang='lat' dir='ltr'><strong>ru-</strong></span> 
     </span>
    </p>
   </div>
   <div class='ocr_carea' id='block_1_8' title="bbox 525 762 2161 836">
    <p class='ocr_par' dir='ltr' id='par_1_8' title="bbox 525 762 2161 836">
     <span class='ocr_line' id='line_1_8' title="bbox 525 762 2161 836; baseline 0.001 -18"><span class='ocrx_word' id='word_1_42' title='bbox 525 765 648 836; x_wconf 89' lang='lat' dir='ltr'><strong>gitu</strong></span> <span class='ocrx_word' id='word_1_43' title='bbox 677 764 829 819; x_wconf 92' lang='lat' dir='ltr'><strong>illius</strong></span> <span class='ocrx_word' id='word_1_44' title='bbox 854 762 1203 831; x_wconf 87' lang='lat' dir='ltr'><strong>minxerunt,</strong></span> <span class='ocrx_word' id='word_1_45' title='bbox 1234 766 1292 817; x_wconf 86' lang='lat' dir='ltr'><strong>et</strong></span> <span class='ocrx_word' id='word_1_46' title='bbox 1333 762 1393 817; x_wconf 89' lang='lat' dir='ltr'><strong>in</strong></span> <span class='ocrx_word' id='word_1_47' title='bbox 1440 766 1652 819; x_wconf 88' lang='lat' dir='ltr'><strong>terram</strong></span> <span class='ocrx_word' id='word_1_48' title='bbox 1698 768 2072 833; x_wconf 84' lang='lat' dir='ltr'><strong>corruerunt;</strong></span> <span class='ocrx_word' id='word_1_49' title='bbox 2105 769 2161 819; x_wconf 92' lang='lat' dir='ltr'><strong>et</strong></span> 
     </span>
    </p>
   </div>
   <div class='ocr_carea' id='block_1_9' title="bbox 522 855 2155 929">
    <p class='ocr_par' dir='ltr' id='par_1_9' title="bbox 522 855 2155 929">
     <span class='ocr_line' id='line_1_9' title="bbox 522 855 2155 929; baseline -0.001 -17"><span class='ocrx_word' id='word_1_50' title='bbox 522 858 818 912; x_wconf 84' lang='lat' dir='ltr'><strong>dicebatur</strong></span> <span class='ocrx_word' id='word_1_51' title='bbox 840 855 1004 910; x_wconf 90' lang='lat' dir='ltr'><strong>nobis</strong></span> <span class='ocrx_word' id='word_1_52' title='bbox 1032 855 1181 926; x_wconf 90' lang='lat' dir='ltr'><strong>quod</strong></span> <span class='ocrx_word' id='word_1_53' title='bbox 1210 856 1397 926; x_wconf 89' lang='lat' dir='ltr'><strong>ipsum</strong></span> <span class='ocrx_word' id='word_1_54' title='bbox 1425 857 1662 912; x_wconf 88' lang='lat' dir='ltr'><strong>asellum</strong></span> <span class='ocrx_word' id='word_1_55' title='bbox 1688 859 1775 912; x_wconf 90' lang='lat' dir='ltr'><strong>leo</strong></span> <span class='ocrx_word' id='word_1_56' title='bbox 1800 857 1918 928; x_wconf 90' lang='lat' dir='ltr'><strong>ipse</strong></span> <span class='ocrx_word' id='word_1_57' title='bbox 1946 858 2155 929; x_wconf 90' lang='lat' dir='ltr'><strong>guber-</strong></span> 
     </span>
    </p>
   </div>
   <div class='ocr_carea' id='block_1_10' title="bbox 520 949 2158 1022">
    <p class='ocr_par' dir='ltr' id='par_1_10' title="bbox 520 949 2158 1022">
     <span class='ocr_line' id='line_1_10' title="bbox 520 949 2158 1022; baseline -0.001 -16"><span class='ocrx_word' id='word_1_58' title='bbox 520 956 687 1006; x_wconf 87' lang='lat' dir='ltr'><strong>naret</strong></span> <span class='ocrx_word' id='word_1_59' title='bbox 710 950 766 1004; x_wconf 92' lang='lat' dir='ltr'><strong>in</strong></span> <span class='ocrx_word' id='word_1_60' title='bbox 796 950 1016 1021; x_wconf 88' lang='lat' dir='ltr'><strong>pascuis</strong></span> <span class='ocrx_word' id='word_1_61' title='bbox 1046 966 1059 1004; x_wconf 89' lang='lat'>:</span> <span class='ocrx_word' id='word_1_62' title='bbox 1083 964 1257 1020; x_wconf 87' lang='lat' dir='ltr'><strong>quem</strong></span> <span class='ocrx_word' id='word_1_63' title='bbox 1280 949 1590 1006; x_wconf 82' lang='lat' dir='ltr'><strong>offerebant</strong></span> <span class='ocrx_word' id='word_1_64' title='bbox 1618 950 1780 1005; x_wconf 90' lang='lat' dir='ltr'><strong>nobis</strong></span> <span class='ocrx_word' id='word_1_65' title='bbox 1806 968 1910 1022; x_wconf 90' lang='lat' dir='ltr'><strong>pro</strong></span> <span class='ocrx_word' id='word_1_66' title='bbox 1930 956 2158 1006; x_wconf 86' lang='lat' dir='ltr'><strong>centum</strong></span> 
     </span>
    </p>
   </div>
   <div class='ocr_carea' id='block_1_11' title="bbox 522 1042 2159 1115">
    <p class='ocr_par' dir='ltr' id='par_1_11' title="bbox 522 1042 2159 1115">
     <span class='ocr_line' id='line_1_11' title="bbox 522 1042 2159 1115; baseline 0 -17"><span class='ocrx_word' id='word_1_67' title='bbox 522 1044 733 1098; x_wconf 83' lang='lat' dir='ltr'><strong>solidis.</strong></span> <span class='ocrx_word' id='word_1_68' title='bbox 775 1043 882 1098; x_wconf 91' lang='lat' dir='ltr'><strong>Sed</strong></span> <span class='ocrx_word' id='word_1_69' title='bbox 920 1044 1082 1097; x_wconf 89' lang='lat' dir='ltr'><strong>Pater</strong></span> <span class='ocrx_word' id='word_1_70' title='bbox 1121 1043 1439 1098; x_wconf 85' lang='lat' dir='ltr'><strong>Antoninus</strong></span> <span class='ocrx_word' id='word_1_71' title='bbox 1484 1042 1767 1115; x_wconf 89' lang='lat' dir='ltr'><strong>suscipere</strong></span> <span class='ocrx_word' id='word_1_72' title='bbox 1819 1044 2021 1114; x_wconf 91' lang='lat' dir='ltr'><strong>noluit,</strong></span> <span class='ocrx_word' id='word_1_73' title='bbox 2062 1044 2159 1099; x_wconf 91' lang='lat' dir='ltr'><strong>sed</strong></span> 
     </span>
    </p>
   </div>
   <div class='ocr_carea' id='block_1_12' title="bbox 523 1136 2159 1204">
    <p class='ocr_par' dir='ltr' id='par_1_12' title="bbox 523 1136 2159 1204">
     <span class='ocr_line' id='line_1_12' title="bbox 523 1136 2159 1204; baseline -0.001 -13"><span class='ocrx_word' id='word_1_74' title='bbox 523 1136 682 1191; x_wconf 89' lang='lat' dir='ltr'><strong>misit</strong></span> <span class='ocrx_word' id='word_1_75' title='bbox 724 1136 782 1189; x_wconf 90' lang='lat' dir='ltr'><strong>in</strong></span> <span class='ocrx_word' id='word_1_76' title='bbox 831 1136 1144 1191; x_wconf 84' lang='lat' dir='ltr'><strong>Jerusalem</strong></span> <span class='ocrx_word' id='word_1_77' title='bbox 1198 1136 1330 1204; x_wconf 90' lang='lat' dir='ltr'><strong>cito,</strong></span> <span class='ocrx_word' id='word_1_78' title='bbox 1371 1143 1429 1191; x_wconf 90' lang='lat' dir='ltr'><strong>et</strong></span> <span class='ocrx_word' id='word_1_79' title='bbox 1464 1137 1699 1192; x_wconf 87' lang='lat' dir='ltr'><strong>adduxit</strong></span> <span class='ocrx_word' id='word_1_80' title='bbox 1735 1137 1814 1192; x_wconf 91' lang='lat' dir='ltr'><strong>eis</strong></span> <span class='ocrx_word' id='word_1_81' title='bbox 1852 1142 2038 1191; x_wconf 90' lang='lat' dir='ltr'><strong>ternas</strong></span> <span class='ocrx_word' id='word_1_82' title='bbox 2075 1140 2159 1191; x_wconf 90' lang='lat' dir='ltr'><strong>tu-</strong></span> 
     </span>
    </p>
   </div>
   <div class='ocr_carea' id='block_1_13' title="bbox 519 1228 2161 1301">
    <p class='ocr_par' dir='ltr' id='par_1_13' title="bbox 519 1228 2161 1301">
     <span class='ocr_line' id='line_1_13' title="bbox 519 1228 2161 1301; baseline 0.001 -18"><span class='ocrx_word' id='word_1_83' title='bbox 519 1228 677 1284; x_wconf 87' lang='lat' dir='ltr'><strong>nicas</strong></span> <span class='ocrx_word' id='word_1_84' title='bbox 706 1234 761 1283; x_wconf 92' lang='lat' dir='ltr'><strong>et</strong></span> <span class='ocrx_word' id='word_1_85' title='bbox 789 1230 979 1284; x_wconf 90' lang='lat' dir='ltr'><strong>oleum</strong></span> <span class='ocrx_word' id='word_1_86' title='bbox 1008 1230 1078 1283; x_wconf 93' lang='lat' dir='ltr'><strong>ad</strong></span> <span class='ocrx_word' id='word_1_87' title='bbox 1113 1230 1433 1298; x_wconf 87' lang='lat' dir='ltr'><strong>luminaria,</strong></span> <span class='ocrx_word' id='word_1_88' title='bbox 1462 1236 1518 1285; x_wconf 90' lang='lat' dir='ltr'><strong>et</strong></span> <span class='ocrx_word' id='word_1_89' title='bbox 1544 1230 1839 1301; x_wconf 79' lang='lat' dir='ltr'><strong>legumina</strong></span> <span class='ocrx_word' id='word_1_90' title='bbox 1867 1231 2067 1285; x_wconf 90' lang='lat' dir='ltr'><strong>multa.</strong></span> <span class='ocrx_word' id='word_1_91' title='bbox 2094 1232 2161 1284; x_wconf 91' lang='lat' dir='ltr'><strong>Et</strong></span> 
     </span>
    </p>
   </div>
   <div class='ocr_carea' id='block_1_14' title="bbox 517 1322 2157 1394">
    <p class='ocr_par' dir='ltr' id='par_1_14' title="bbox 517 1322 2157 1394">
     <span class='ocr_line' id='line_1_14' title="bbox 517 1322 2157 1394; baseline 0 -17"><span class='ocrx_word' id='word_1_92' title='bbox 517 1322 657 1394; x_wconf 89' lang='lat' dir='ltr'><strong>ipsa</strong></span> <span class='ocrx_word' id='word_1_93' title='bbox 687 1322 852 1377; x_wconf 89' lang='lat' dir='ltr'><strong>nobis</strong></span> <span class='ocrx_word' id='word_1_94' title='bbox 876 1323 1142 1377; x_wconf 90' lang='lat' dir='ltr'><strong>dixerunt</strong></span> <span class='ocrx_word' id='word_1_95' title='bbox 1182 1323 1251 1377; x_wconf 92' lang='lat' dir='ltr'><strong>de</strong></span> <span class='ocrx_word' id='word_1_96' title='bbox 1289 1322 1590 1377; x_wconf 82' lang='lat' dir='ltr'><strong>virtutibus</strong></span> <span class='ocrx_word' id='word_1_97' title='bbox 1619 1323 1823 1389; x_wconf 82' lang='lat' dir='ltr'><strong>Maria,</strong></span> <span class='ocrx_word' id='word_1_98' title='bbox 1864 1324 2026 1393; x_wconf 89' lang='lat' dir='ltr'><strong>cujus</strong></span> <span class='ocrx_word' id='word_1_99' title='bbox 2063 1340 2157 1377; x_wconf 92' lang='lat' dir='ltr'><strong>su-</strong></span> 
     </span>
    </p>
   </div>
   <div class='ocr_carea' id='block_1_15' title="bbox 517 1414 2161 1487">
    <p class='ocr_par' dir='ltr' id='par_1_15' title="bbox 517 1414 2161 1487">
     <span class='ocr_line' id='line_1_15' title="bbox 517 1414 2161 1487; baseline 0.001 -17"><span class='ocrx_word' id='word_1_100' title='bbox 517 1416 715 1487; x_wconf 89' lang='lat' dir='ltr'><strong>perius</strong></span> <span class='ocrx_word' id='word_1_101' title='bbox 743 1415 1095 1471; x_wconf 88' lang='lat' dir='ltr'><strong>mentionem</strong></span> <span class='ocrx_word' id='word_1_102' title='bbox 1121 1414 1377 1481; x_wconf 87' lang='lat' dir='ltr'><strong>fecimus,</strong></span> <span class='ocrx_word' id='word_1_103' title='bbox 1397 1432 1527 1487; x_wconf 89' lang='lat' dir='ltr'><strong>qua</strong></span> <span class='ocrx_word' id='word_1_104' title='bbox 1547 1416 1935 1471; x_wconf 90' lang='lat' dir='ltr'><strong>ambulaverat</strong></span> <span class='ocrx_word' id='word_1_105' title='bbox 1952 1416 2014 1470; x_wconf 89' lang='lat' dir='ltr'><strong>in</strong></span> <span class='ocrx_word' id='word_1_106' title='bbox 2040 1416 2161 1471; x_wconf 85' lang='lat' dir='ltr'><strong>Hie-</strong></span> 
     </span>
    </p>
   </div>
   <div class='ocr_carea' id='block_1_16' title="bbox 520 1509 2161 1581">
    <p class='ocr_par' dir='ltr' id='par_1_16' title="bbox 520 1509 2161 1581">
     <span class='ocr_line' id='line_1_16' title="bbox 520 1509 2161 1581; baseline 0 -17"><span class='ocrx_word' id='word_1_107' title='bbox 520 1509 829 1580; x_wconf 83' lang='lat' dir='ltr'><strong>rosolyma,</strong></span> <span class='ocrx_word' id='word_1_108' title='bbox 860 1509 978 1563; x_wconf 91' lang='lat' dir='ltr'><strong>sola</strong></span> <span class='ocrx_word' id='word_1_109' title='bbox 1013 1513 1242 1579; x_wconf 85' lang='lat' dir='ltr'><strong>portans</strong></span> <span class='ocrx_word' id='word_1_110' title='bbox 1279 1509 1593 1580; x_wconf 80' lang='lat' dir='ltr'><strong>legumina,</strong></span> <span class='ocrx_word' id='word_1_111' title='bbox 1633 1510 1929 1581; x_wconf 83' lang='lat' dir='ltr'><strong>sportellas</strong></span> <span class='ocrx_word' id='word_1_112' title='bbox 1964 1511 2161 1580; x_wconf 89' lang='lat' dir='ltr'><strong>plenas</strong></span> 
     </span>
    </p>
   </div>
   <div class='ocr_carea' id='block_1_17' title="bbox 522 1602 2161 1674">
    <p class='ocr_par' dir='ltr' id='par_1_17' title="bbox 522 1602 2161 1674">
     <span class='ocr_line' id='line_1_17' title="bbox 522 1602 2161 1674; baseline 0 -17"><span class='ocrx_word' id='word_1_113' title='bbox 522 1608 581 1657; x_wconf 92' lang='lat' dir='ltr'><strong>et</strong></span> <span class='ocrx_word' id='word_1_114' title='bbox 605 1602 860 1669; x_wconf 87' lang='lat' dir='ltr'><strong>tunicas;</strong></span> <span class='ocrx_word' id='word_1_115' title='bbox 889 1619 1031 1674; x_wconf 89' lang='lat' dir='ltr'><strong>quas</strong></span> <span class='ocrx_word' id='word_1_116' title='bbox 1080 1602 1133 1657; x_wconf 91' lang='lat' dir='ltr'><strong>ei</strong></span> <span class='ocrx_word' id='word_1_117' title='bbox 1178 1602 1481 1672; x_wconf 90' lang='lat' dir='ltr'><strong>cupiebant</strong></span> <span class='ocrx_word' id='word_1_118' title='bbox 1521 1602 1782 1670; x_wconf 88' lang='lat' dir='ltr'><strong>auferre;</strong></span> <span class='ocrx_word' id='word_1_119' title='bbox 1828 1603 1925 1657; x_wconf 90' lang='lat' dir='ltr'><strong>sed</strong></span> <span class='ocrx_word' id='word_1_120' title='bbox 1971 1603 2161 1657; x_wconf 91' lang='lat' dir='ltr'><strong>nullus</strong></span> 
     </span>
    </p>
   </div>
   <div class='ocr_carea' id='block_1_18' title="bbox 522 1694 2163 1767">
    <p class='ocr_par' dir='ltr' id='par_1_18' title="bbox 522 1694 2163 1767">
     <span class='ocr_line' id='line_1_18' title="bbox 522 1694 2163 1767; baseline 0 -16"><span class='ocrx_word' id='word_1_121' title='bbox 522 1711 650 1751; x_wconf 88' lang='lat' dir='ltr'><strong>eam</strong></span> <span class='ocrx_word' id='word_1_122' title='bbox 705 1695 961 1750; x_wconf 84' lang='lat' dir='ltr'><strong>invenire</strong></span> <span class='ocrx_word' id='word_1_123' title='bbox 1015 1696 1201 1766; x_wconf 88' lang='lat' dir='ltr'><strong>potuit</strong></span> <span class='ocrx_word' id='word_1_124' title='bbox 1226 1694 1251 1723; x_wconf 79' lang='grc'><strong><em>⁸</em></strong></span> <span class='ocrx_word' id='word_1_125' title='bbox 1307 1698 1558 1750; x_wconf 85' lang='lat' dir='ltr'><strong>attamen</strong></span> <span class='ocrx_word' id='word_1_126' title='bbox 1595 1696 1664 1751; x_wconf 92' lang='lat' dir='ltr'><strong>de</strong></span> <span class='ocrx_word' id='word_1_127' title='bbox 1700 1695 1769 1750; x_wconf 91' lang='lat' dir='ltr'><strong>iis</strong></span> <span class='ocrx_word' id='word_1_128' title='bbox 1805 1712 1934 1767; x_wconf 88' lang='lat' dir='ltr'><strong>qua</strong></span> <span class='ocrx_word' id='word_1_129' title='bbox 1972 1713 2163 1751; x_wconf 89' lang='lat' dir='ltr'><strong>secum</strong></span> 
     </span>
    </p>
   </div>
   <div class='ocr_carea' id='block_1_19' title="bbox 2255 482 3914 552">
    <p class='ocr_par' dir='ltr' id='par_1_19' title="bbox 2255 482 3914 552">
     <span class='ocr_line' id='line_1_19' title="bbox 2255 482 3914 552; baseline -0.004 -11"><span class='ocrx_word' id='word_1_130' title='bbox 2255 487 2453 541; x_wconf 89' lang='lat' dir='ltr'><strong>vallem</strong></span> <span class='ocrx_word' id='word_1_131' title='bbox 2476 488 2618 539; x_wconf 90' lang='lat' dir='ltr'><strong>inter</strong></span> <span class='ocrx_word' id='word_1_132' title='bbox 2642 484 2815 539; x_wconf 83' lang='lat' dir='ltr'><strong>Horeb</strong></span> <span class='ocrx_word' id='word_1_133' title='bbox 2851 489 2902 538; x_wconf 89' lang='lat' dir='ltr'><strong>et</strong></span> <span class='ocrx_word' id='word_1_134' title='bbox 2939 483 3076 538; x_wconf 90' lang='lat' dir='ltr'><strong>Sina</strong></span> <span class='ocrx_word' id='word_1_135' title='bbox 3118 483 3193 537; x_wconf 85' lang='lat' dir='ltr'><strong>ad</strong></span> <span class='ocrx_word' id='word_1_136' title='bbox 3228 483 3385 551; x_wconf 85' lang='lat' dir='ltr'><strong>cujus</strong></span> <span class='ocrx_word' id='word_1_137' title='bbox 3415 485 3613 536; x_wconf 87' lang='lat' dir='ltr'><strong>montis</strong></span> <span class='ocrx_word' id='word_1_138' title='bbox 3634 482 3806 552; x_wconf 84' lang='lat' dir='ltr'><strong>pedes</strong></span> <span class='ocrx_word' id='word_1_139' title='bbox 3836 488 3914 535; x_wconf 86' lang='lat' dir='ltr'><strong>est</strong></span> 
     </span>
    </p>
   </div>
   <div class='ocr_carea' id='block_1_20' title="bbox 2256 574 3911 647">
    <p class='ocr_par' dir='ltr' id='par_1_20' title="bbox 2256 574 3911 647">
     <span class='ocr_line' id='line_1_20' title="bbox 2256 574 3911 647; baseline -0.005 -12"><span class='ocrx_word' id='word_1_140' title='bbox 2256 582 2378 647; x_wconf 87' lang='lat' dir='ltr'><strong>fons</strong></span> <span class='ocrx_word' id='word_1_141' title='bbox 2401 581 2497 634; x_wconf 86' lang='lat' dir='ltr'><strong>ubi</strong></span> <span class='ocrx_word' id='word_1_142' title='bbox 2532 582 2736 647; x_wconf 83' lang='lat' dir='ltr'><strong>Moyses</strong></span> <span class='ocrx_word' id='word_1_143' title='bbox 2761 577 3081 647; x_wconf 84' lang='lat' dir='ltr'><strong>adaquabat</strong></span> <span class='ocrx_word' id='word_1_144' title='bbox 3116 592 3255 639; x_wconf 83' lang='lat' dir='ltr'><strong>oves,</strong></span> <span class='ocrx_word' id='word_1_145' title='bbox 3285 576 3503 646; x_wconf 84' lang='lat' dir='ltr'><strong>quando</strong></span> <span class='ocrx_word' id='word_1_146' title='bbox 3544 576 3689 629; x_wconf 87' lang='lat' dir='ltr'><strong>vidit</strong></span> <span class='ocrx_word' id='word_1_147' title='bbox 3713 574 3911 629; x_wconf 85' lang='lat' dir='ltr'><strong>rubum</strong></span> 
     </span>
    </p>
   </div>
   <div class='ocr_carea' id='block_1_21' title="bbox 2258 670 3910 739">
    <p class='ocr_par' dir='ltr' id='par_1_21' title="bbox 2258 670 3910 739">
     <span class='ocr_line' id='line_1_21' title="bbox 2258 670 3910 739; baseline -0.004 -11"><span class='ocrx_word' id='word_1_148' title='bbox 2258 674 2552 728; x_wconf 75' lang='lat' dir='ltr'><strong>ardentem.</strong></span> <span class='ocrx_word' id='word_1_149' title='bbox 2586 673 2689 739; x_wconf 83' lang='lat' dir='ltr'><strong>Qui</strong></span> <span class='ocrx_word' id='word_1_150' title='bbox 2710 673 2834 738; x_wconf 90' lang='lat' dir='ltr'><strong>fons</strong></span> <span class='ocrx_word' id='word_1_151' title='bbox 2860 674 2938 724; x_wconf 87' lang='lat' dir='ltr'><strong>est</strong></span> <span class='ocrx_word' id='word_1_152' title='bbox 2964 670 3205 724; x_wconf 84' lang='lat' dir='ltr'><strong>inclusus</strong></span> <span class='ocrx_word' id='word_1_153' title='bbox 3234 671 3389 736; x_wconf 85' lang='lat' dir='ltr'><strong>infra</strong></span> <span class='ocrx_word' id='word_1_154' title='bbox 3409 670 3821 731; x_wconf 80' lang='lat' dir='ltr'><strong>monasterium,</strong></span> <span class='ocrx_word' id='word_1_155' title='bbox 3852 670 3910 720; x_wconf 86' lang='lat' dir='ltr'><strong>in</strong></span> 
     </span>
    </p>
   </div>
   <div class='ocr_carea' id='block_1_22' title="bbox 2257 762 3908 837">
    <p class='ocr_par' dir='ltr' id='par_1_22' title="bbox 2257 762 3908 837">
     <span class='ocr_line' id='line_1_22' title="bbox 2257 762 3908 837; baseline -0.005 -16"><span class='ocrx_word' id='word_1_156' title='bbox 2257 783 2362 837; x_wconf 87' lang='lat' dir='ltr'><strong>quo</strong></span> <span class='ocrx_word' id='word_1_157' title='bbox 2396 771 2521 820; x_wconf 87' lang='lat' dir='ltr'><strong>sunt</strong></span> <span class='ocrx_word' id='word_1_158' title='bbox 2544 770 2647 819; x_wconf 86' lang='lat' dir='ltr'><strong>tres</strong></span> <span class='ocrx_word' id='word_1_159' title='bbox 2673 764 2889 819; x_wconf 90' lang='lat' dir='ltr'><strong>abbates</strong></span> <span class='ocrx_word' id='word_1_160' title='bbox 2909 765 3129 818; x_wconf 83' lang='lat' dir='ltr'><strong>scientes</strong></span> <span class='ocrx_word' id='word_1_161' title='bbox 3160 763 3396 830; x_wconf 79' lang='lat' dir='ltr'><strong>linguas,</strong></span> <span class='ocrx_word' id='word_1_162' title='bbox 3423 762 3486 816; x_wconf 87' lang='lat' dir='ltr'><strong>id</strong></span> <span class='ocrx_word' id='word_1_163' title='bbox 3524 765 3603 816; x_wconf 87' lang='lat' dir='ltr'><strong>est</strong></span> <span class='ocrx_word' id='word_1_164' title='bbox 3644 762 3908 821; x_wconf 71' lang='lat' dir='ltr'><strong>Graecam.</strong></span> 
     </span>
    </p>
   </div>
   <div class='ocr_carea' id='block_1_23' title="bbox 2257 854 3914 926">
    <p class='ocr_par' dir='ltr' id='par_1_23' title="bbox 2257 854 3914 926">
     <span class='ocr_line' id='line_1_23' title="bbox 2257 854 3914 926; baseline -0.005 -11"><span class='ocrx_word' id='word_1_165' title='bbox 2257 862 2533 921; x_wconf 78' lang='lat' dir='ltr'><strong>Latinam,</strong></span> <span class='ocrx_word' id='word_1_166' title='bbox 2584 860 2809 926; x_wconf 83' lang='lat' dir='ltr'><strong>Syram,</strong></span> <span class='ocrx_word' id='word_1_167' title='bbox 2867 858 3245 926; x_wconf 70' lang='lat' dir='ltr'><strong>Egyptiacam</strong></span> <span class='ocrx_word' id='word_1_168' title='bbox 3294 868 3317 896; x_wconf 78' lang='grc' dir='ltr'><strong>ο</strong></span> <span class='ocrx_word' id='word_1_169' title='bbox 3373 860 3424 909; x_wconf 87' lang='lat' dir='ltr'><strong>et</strong></span> <span class='ocrx_word' id='word_1_170' title='bbox 3484 858 3722 911; x_wconf 79' lang='lat' dir='ltr'><strong>Bessum.</strong></span> <span class='ocrx_word' id='word_1_171' title='bbox 3778 854 3914 908; x_wconf 84' lang='lat' dir='ltr'><strong>Inde</strong></span> 
     </span>
    </p>
   </div>
   <div class='ocr_carea' id='block_1_24' title="bbox 2256 952 3906 1026">
    <p class='ocr_par' dir='ltr' id='par_1_24' title="bbox 2256 952 3906 1026">
     <span class='ocr_line' id='line_1_24' title="bbox 2256 952 3906 1026; baseline -0.005 -14"><span class='ocrx_word' id='word_1_172' title='bbox 2256 960 2500 1012; x_wconf 87' lang='lat' dir='ltr'><strong>venimus</strong></span> <span class='ocrx_word' id='word_1_173' title='bbox 2526 957 2602 1011; x_wconf 88' lang='lat' dir='ltr'><strong>ad</strong></span> <span class='ocrx_word' id='word_1_174' title='bbox 2623 955 2930 1026; x_wconf 83' lang='lat' dir='ltr'><strong>speluan</strong></span> <span class='ocrx_word' id='word_1_175' title='bbox 2957 955 3052 1008; x_wconf 86' lang='lat' dir='ltr'><strong>ubi</strong></span> <span class='ocrx_word' id='word_1_176' title='bbox 3075 954 3421 1008; x_wconf 83' lang='lat' dir='ltr'><strong>absconditus</strong></span> <span class='ocrx_word' id='word_1_177' title='bbox 3448 954 3561 1019; x_wconf 86' lang='lat' dir='ltr'><strong>fuit</strong></span> <span class='ocrx_word' id='word_1_178' title='bbox 3588 952 3749 1005; x_wconf 82' lang='lat' dir='ltr'><strong>Elius</strong></span> <span class='ocrx_word' id='word_1_179' title='bbox 3768 966 3906 1020; x_wconf 86' lang='lat' dir='ltr'><strong>pro-</strong></span> 
     </span>
    </p>
   </div>
   <div class='ocr_carea' id='block_1_25' title="bbox 2252 1045 3914 1121">
    <p class='ocr_par' dir='ltr' id='par_1_25' title="bbox 2252 1045 3914 1121">
     <span class='ocr_line' id='line_1_25' title="bbox 2252 1045 3914 1121; baseline -0.005 -16"><span class='ocrx_word' id='word_1_180' title='bbox 2252 1052 2439 1121; x_wconf 86' lang='lat' dir='ltr'><strong>pheta,</strong></span> <span class='ocrx_word' id='word_1_181' title='bbox 2469 1050 2687 1119; x_wconf 83' lang='lat' dir='ltr'><strong>quando</strong></span> <span class='ocrx_word' id='word_1_182' title='bbox 2722 1051 2869 1118; x_wconf 83' lang='lat' dir='ltr'><strong>fugit</strong></span> <span class='ocrx_word' id='word_1_183' title='bbox 2892 1048 3107 1103; x_wconf 80' lang='lat' dir='ltr'><strong>Jezabel</strong></span> <span class='ocrx_word' id='word_1_184' title='bbox 3134 1047 3411 1100; x_wconf 84' lang='lat' dir='ltr'><strong>mulierem</strong></span> <span class='ocrx_word' id='word_1_185' title='bbox 3438 1045 3735 1116; x_wconf 73' lang='lat' dir='ltr'><strong>perfidam.</strong></span> <span class='ocrx_word' id='word_1_186' title='bbox 3770 1045 3914 1099; x_wconf 79' lang='lat' dir='ltr'><strong>Ante</strong></span> 
     </span>
    </p>
   </div>
   <div class='ocr_carea' id='block_1_26' title="bbox 2257 1141 3909 1214">
    <p class='ocr_par' dir='ltr' id='par_1_26' title="bbox 2257 1141 3909 1214">
     <span class='ocr_line' id='line_1_26' title="bbox 2257 1141 3909 1214; baseline -0.005 -16"><span class='ocrx_word' id='word_1_187' title='bbox 2257 1147 2432 1214; x_wconf 88' lang='lat' dir='ltr'><strong>ipsam</strong></span> <span class='ocrx_word' id='word_1_188' title='bbox 2457 1143 2766 1213; x_wconf 85' lang='lat' dir='ltr'><strong>speluncam</strong></span> <span class='ocrx_word' id='word_1_189' title='bbox 2789 1144 2967 1210; x_wconf 84' lang='lat' dir='ltr'><strong>surgit</strong></span> <span class='ocrx_word' id='word_1_190' title='bbox 2983 1144 3107 1209; x_wconf 90' lang='lat' dir='ltr'><strong>fons</strong></span> <span class='ocrx_word' id='word_1_191' title='bbox 3123 1142 3218 1210; x_wconf 87' lang='lat' dir='ltr'><strong>qui</strong></span> <span class='ocrx_word' id='word_1_192' title='bbox 3232 1141 3430 1207; x_wconf 82' lang='lat' dir='ltr'><strong>irrigat</strong></span> <span class='ocrx_word' id='word_1_193' title='bbox 3450 1141 3628 1209; x_wconf 87' lang='lat' dir='ltr'><strong>ipsum</strong></span> <span class='ocrx_word' id='word_1_194' title='bbox 3648 1143 3909 1193; x_wconf 80' lang='lat' dir='ltr'><strong>montem.</strong></span> 
     </span>
    </p>
   </div>
   <div class='ocr_carea' id='block_1_27' title="bbox 2261 1231 3914 1301">
    <p class='ocr_par' dir='ltr' id='par_1_27' title="bbox 2261 1231 3914 1301">
     <span class='ocr_line' id='line_1_27' title="bbox 2261 1231 3914 1301; baseline -0.005 -9"><span class='ocrx_word' id='word_1_195' title='bbox 2261 1238 2392 1292; x_wconf 88' lang='lat' dir='ltr'><strong>Inde</strong></span> <span class='ocrx_word' id='word_1_196' title='bbox 2426 1236 2782 1291; x_wconf 88' lang='lat' dir='ltr'><strong>ascendimus</strong></span> <span class='ocrx_word' id='word_1_197' title='bbox 2815 1251 3101 1289; x_wconf 90' lang='lat' dir='ltr'><strong>summum</strong></span> <span class='ocrx_word' id='word_1_198' title='bbox 3140 1249 3410 1287; x_wconf 83' lang='lat' dir='ltr'><strong>cacumen</strong></span> <span class='ocrx_word' id='word_1_199' title='bbox 3448 1232 3677 1300; x_wconf 89' lang='lat' dir='ltr'><strong>montis,</strong></span> <span class='ocrx_word' id='word_1_200' title='bbox 3696 1231 3758 1284; x_wconf 90' lang='lat' dir='ltr'><strong>in</strong></span> <span class='ocrx_word' id='word_1_201' title='bbox 3795 1245 3914 1301; x_wconf 89' lang='lat' dir='ltr'><strong>quo</strong></span> 
     </span>
    </p>
   </div>
   <div class='ocr_carea' id='block_1_28' title="bbox 2259 1324 3913 1396">
    <p class='ocr_par' dir='ltr' id='par_1_28' title="bbox 2259 1324 3913 1396">
     <span class='ocr_line' id='line_1_28' title="bbox 2259 1324 3913 1396; baseline -0.006 -10"><span class='ocrx_word' id='word_1_202' title='bbox 2259 1338 2343 1387; x_wconf 91' lang='lat' dir='ltr'><strong>est</strong></span> <span class='ocrx_word' id='word_1_203' title='bbox 2364 1330 2677 1385; x_wconf 84' lang='lat' dir='ltr'><strong>oratorium</strong></span> <span class='ocrx_word' id='word_1_204' title='bbox 2694 1329 3002 1396; x_wconf 89' lang='lat' dir='ltr'><strong>modicum,</strong></span> <span class='ocrx_word' id='word_1_205' title='bbox 3021 1327 3235 1381; x_wconf 92' lang='lat' dir='ltr'><strong>habens</strong></span> <span class='ocrx_word' id='word_1_206' title='bbox 3252 1324 3667 1396; x_wconf 81' lang='lat' dir='ltr'><strong>longitudinem</strong></span> <span class='ocrx_word' id='word_1_207' title='bbox 3690 1341 3792 1377; x_wconf 92' lang='lat' dir='ltr'><strong>sex</strong></span> <span class='ocrx_word' id='word_1_208' title='bbox 3818 1339 3913 1393; x_wconf 88' lang='lat' dir='ltr'><strong>pe-</strong></span> 
     </span>
    </p>
   </div>
   <div class='ocr_carea' id='block_1_29' title="bbox 2260 1416 3910 1491">
    <p class='ocr_par' dir='ltr' id='par_1_29' title="bbox 2260 1416 3910 1491">
     <span class='ocr_line' id='line_1_29' title="bbox 2260 1416 3910 1491; baseline -0.006 -12"><span class='ocrx_word' id='word_1_209' title='bbox 2260 1426 2421 1491; x_wconf 90' lang='lat' dir='ltr'><strong>dum,</strong></span> <span class='ocrx_word' id='word_1_210' title='bbox 2450 1423 2709 1477; x_wconf 87' lang='lat' dir='ltr'><strong>similiter</strong></span> <span class='ocrx_word' id='word_1_211' title='bbox 2734 1425 2792 1476; x_wconf 91' lang='lat' dir='ltr'><strong>et</strong></span> <span class='ocrx_word' id='word_1_212' title='bbox 2817 1421 3197 1485; x_wconf 85' lang='lat' dir='ltr'><strong>latitudinem,</strong></span> <span class='ocrx_word' id='word_1_213' title='bbox 3227 1419 3285 1472; x_wconf 89' lang='lat' dir='ltr'><strong>in</strong></span> <span class='ocrx_word' id='word_1_214' title='bbox 3313 1435 3428 1490; x_wconf 90' lang='lat' dir='ltr'><strong>quo</strong></span> <span class='ocrx_word' id='word_1_215' title='bbox 3454 1434 3686 1472; x_wconf 91' lang='lat' dir='ltr'><strong>manere</strong></span> <span class='ocrx_word' id='word_1_216' title='bbox 3713 1416 3910 1471; x_wconf 85' lang='lat' dir='ltr'><strong>nullus</strong></span> 
     </span>
    </p>
   </div>
   <div class='ocr_carea' id='block_1_30' title="bbox 2259 1510 3908 1589">
    <p class='ocr_par' dir='ltr' id='par_1_30' title="bbox 2259 1510 3908 1589">
     <span class='ocr_line' id='line_1_30' title="bbox 2259 1510 3908 1589; baseline -0.007 -16"><span class='ocrx_word' id='word_1_217' title='bbox 2259 1517 2585 1589; x_wconf 86' lang='lat' dir='ltr'><strong>prasumit;</strong></span> <span class='ocrx_word' id='word_1_218' title='bbox 2616 1516 2711 1570; x_wconf 91' lang='lat' dir='ltr'><strong>sed</strong></span> <span class='ocrx_word' id='word_1_219' title='bbox 2747 1521 2871 1570; x_wconf 90' lang='lat' dir='ltr'><strong>orto</strong></span> <span class='ocrx_word' id='word_1_220' title='bbox 2909 1516 3029 1585; x_wconf 90' lang='lat' dir='ltr'><strong>jam</strong></span> <span class='ocrx_word' id='word_1_221' title='bbox 3072 1513 3163 1568; x_wconf 91' lang='lat' dir='ltr'><strong>die</strong></span> <span class='ocrx_word' id='word_1_222' title='bbox 3199 1513 3514 1567; x_wconf 89' lang='lat' dir='ltr'><strong>ascendunt</strong></span> <span class='ocrx_word' id='word_1_223' title='bbox 3541 1510 3810 1565; x_wconf 89' lang='lat' dir='ltr'><strong>monachi</strong></span> <span class='ocrx_word' id='word_1_224' title='bbox 3839 1510 3908 1563; x_wconf 89' lang='lat' dir='ltr'><strong>de</strong></span> 
     </span>
    </p>
   </div>
   <div class='ocr_carea' id='block_1_31' title="bbox 2259 1600 3905 1683">
    <p class='ocr_par' dir='ltr' id='par_1_31' title="bbox 2259 1600 3905 1683">
     <span class='ocr_line' id='line_1_31' title="bbox 2259 1600 3905 1683; baseline -0.007 -17"><span class='ocrx_word' id='word_1_225' title='bbox 2259 1611 2579 1683; x_wconf 89' lang='lat' dir='ltr'><strong>supradicto</strong></span> <span class='ocrx_word' id='word_1_226' title='bbox 2611 1600 2983 1677; x_wconf 87' lang='lat' dir='ltr'><strong>monasterio,</strong></span> <span class='ocrx_word' id='word_1_227' title='bbox 3015 1611 3073 1661; x_wconf 91' lang='lat' dir='ltr'><strong>et</strong></span> <span class='ocrx_word' id='word_1_228' title='bbox 3103 1606 3388 1661; x_wconf 86' lang='lat' dir='ltr'><strong>celebrant</strong></span> <span class='ocrx_word' id='word_1_229' title='bbox 3416 1605 3493 1658; x_wconf 88' lang='lat' dir='ltr'><strong>ibi</strong></span> <span class='ocrx_word' id='word_1_230' title='bbox 3525 1604 3815 1658; x_wconf 83' lang='lat' dir='ltr'><strong>ofﬁcium:</strong></span> <span class='ocrx_word' id='word_1_231' title='bbox 3848 1602 3905 1655; x_wconf 90' lang='lat' dir='ltr'><strong>in</strong></span> 
     </span>
    </p>
   </div>
   <div class='ocr_carea' id='block_1_32' title="bbox 2263 1697 3906 1776">
    <p class='ocr_par' dir='ltr' id='par_1_32' title="bbox 2263 1697 3906 1776">
     <span class='ocr_line' id='line_1_32' title="bbox 2263 1697 3906 1776; baseline -0.006 -17"><span class='ocrx_word' id='word_1_232' title='bbox 2263 1721 2377 1776; x_wconf 89' lang='lat' dir='ltr'><strong>quo</strong></span> <span class='ocrx_word' id='word_1_233' title='bbox 2408 1704 2535 1758; x_wconf 91' lang='lat' dir='ltr'><strong>loco</strong></span> <span class='ocrx_word' id='word_1_234' title='bbox 2567 1720 2670 1775; x_wconf 86' lang='lat' dir='ltr'><strong>pro</strong></span> <span class='ocrx_word' id='word_1_235' title='bbox 2699 1702 2998 1756; x_wconf 79' lang='lat' dir='ltr'><strong>devotione</strong></span> <span class='ocrx_word' id='word_1_236' title='bbox 3025 1699 3190 1753; x_wconf 90' lang='lat' dir='ltr'><strong>multi</strong></span> <span class='ocrx_word' id='word_1_237' title='bbox 3218 1699 3455 1753; x_wconf 80' lang='lat' dir='ltr'><strong>tondent</strong></span> <span class='ocrx_word' id='word_1_238' title='bbox 3489 1697 3729 1768; x_wconf 88' lang='lat' dir='ltr'><strong>capillos</strong></span> <span class='ocrx_word' id='word_1_239' title='bbox 3772 1711 3906 1749; x_wconf 87' lang='lat' dir='ltr'><strong>suos</strong></span> 
     </span>
    </p>
   </div>
   <div class='ocr_carea' id='block_1_33' title="bbox 525 1768 3832 1865">
    <p class='ocr_par' dir='ltr' id='par_1_33' title="bbox 525 1768 3832 1865">
     <span class='ocr_line' id='line_1_33' title="bbox 525 1768 3832 1865; baseline -0.001 -23"><span class='ocrx_word' id='word_1_240' title='bbox 525 1788 688 1843; x_wconf 86' lang='lat' dir='ltr'><strong>duxit</strong></span> <span class='ocrx_word' id='word_1_241' title='bbox 712 1788 781 1843; x_wconf 91' lang='lat' dir='ltr'><strong>de</strong></span> <span class='ocrx_word' id='word_1_242' title='bbox 812 1804 1002 1843; x_wconf 90' lang='lat' dir='ltr'><strong>eremo</strong></span> <span class='ocrx_word' id='word_1_243' title='bbox 1029 1789 1175 1843; x_wconf 90' lang='lat' dir='ltr'><strong>nihil</strong></span> <span class='ocrx_word' id='word_1_244' title='bbox 1200 1789 1507 1861; x_wconf 84' lang='lat' dir='ltr'><strong>reportavit</strong></span> <span class='ocrx_word' id='word_1_245' title='bbox 1535 1794 1841 1844; x_wconf 90' lang='lat' dir='ltr'><strong>revertens.</strong></span> <span class='ocrx_word' id='word_1_246' title='bbox 1881 1790 2053 1861; x_wconf 87' lang='lat' dir='ltr'><strong>Cujus</strong></span> <span class='ocrx_word' id='word_1_247' title='bbox 2079 1790 2159 1844; x_wconf 90' lang='lat' dir='ltr'><strong>af-</strong></span> <span class='ocrx_word' id='word_1_248' title='bbox 2182 1768 2239 1839; x_wconf 87' lang='grc' dir='ltr'><strong>Β</strong></span> <span class='ocrx_word' id='word_1_249' title='bbox 2264 1768 2319 1853; x_wconf 68' lang='grc' dir='ltr'><strong>έι</strong></span> <span class='ocrx_word' id='word_1_250' title='bbox 2346 1768 2586 1852; x_wconf 48' lang='lat' dir='ltr'><strong>barbam-</strong></span> <span class='ocrx_word' id='word_1_251' title='bbox 2598 1813 2610 1861; x_wconf 79' lang='grc'>;</span> <span class='ocrx_word' id='word_1_252' title='bbox 2643 1812 2774 1849; x_wconf 73' lang='lat' dir='ltr'><strong>nam</strong></span> <span class='ocrx_word' id='word_1_253' title='bbox 2798 1800 2855 1849; x_wconf 72' lang='grc' dir='ltr'><strong>ει</strong></span> <span class='ocrx_word' id='word_1_254' title='bbox 2873 1811 2981 1865; x_wconf 74' lang='lat' dir='ltr'><strong>ego</strong></span> <span class='ocrx_word' id='word_1_255' title='bbox 3010 1792 3224 1848; x_wconf 69' lang='lat' dir='ltr'><strong>totondi</strong></span> <span class='ocrx_word' id='word_1_256' title='bbox 3251 1792 3332 1846; x_wconf 83' lang='lat' dir='ltr'><strong>ibi</strong></span> <span class='ocrx_word' id='word_1_257' title='bbox 3356 1791 3591 1845; x_wconf 84' lang='lat' dir='ltr'><strong>barbam</strong></span> <span class='ocrx_word' id='word_1_258' title='bbox 3620 1805 3832 1843; x_wconf 85' lang='lat' dir='ltr'><strong>meam.</strong></span> 
     </span>
    </p>
   </div>
   <div class='ocr_carea' id='block_1_34' title="bbox 521 1881 2165 1954">
    <p class='ocr_par' dir='ltr' id='par_1_34' title="bbox 521 1881 2165 1954">
     <span class='ocr_line' id='line_1_34' title="bbox 521 1881 2165 1954; baseline 0.002 -19"><span class='ocrx_word' id='word_1_259' title='bbox 521 1881 833 1937; x_wconf 87' lang='lat' dir='ltr'><strong>ﬂictionem</strong></span> <span class='ocrx_word' id='word_1_260' title='bbox 858 1882 947 1937; x_wconf 89' lang='lat' dir='ltr'><strong>vel</strong></span> <span class='ocrx_word' id='word_1_261' title='bbox 976 1882 1261 1953; x_wconf 89' lang='lat' dir='ltr'><strong>ploratum</strong></span> <span class='ocrx_word' id='word_1_262' title='bbox 1308 1883 1461 1936; x_wconf 90' lang='lat' dir='ltr'><strong>nulla</strong></span> <span class='ocrx_word' id='word_1_263' title='bbox 1493 1883 1714 1937; x_wconf 87' lang='lat' dir='ltr'><strong>ratione</strong></span> <span class='ocrx_word' id='word_1_264' title='bbox 1752 1884 2028 1937; x_wconf 88' lang='lat' dir='ltr'><strong>consolari</strong></span> <span class='ocrx_word' id='word_1_265' title='bbox 2070 1900 2165 1954; x_wconf 85' lang='lat' dir='ltr'><strong>po-</strong></span> 
     </span>
    </p>
   </div>
   <div class='ocr_carea' id='block_1_35' title="bbox 518 1974 2163 2046">
    <p class='ocr_par' dir='ltr' id='par_1_35' title="bbox 518 1974 2163 2046">
     <span class='ocr_line' id='line_1_35' title="bbox 518 1974 2163 2046; baseline 0.001 -17"><span class='ocrx_word' id='word_1_266' title='bbox 518 1974 770 2045; x_wconf 86' lang='lat' dir='ltr'><strong>tuimus;</strong></span> <span class='ocrx_word' id='word_1_267' title='bbox 799 1976 896 2030; x_wconf 91' lang='lat' dir='ltr'><strong>sed</strong></span> <span class='ocrx_word' id='word_1_268' title='bbox 921 1979 1152 2030; x_wconf 90' lang='lat' dir='ltr'><strong>tantum</strong></span> <span class='ocrx_word' id='word_1_269' title='bbox 1189 1975 1394 2046; x_wconf 88' lang='lat' dir='ltr'><strong>sapius</strong></span> <span class='ocrx_word' id='word_1_270' title='bbox 1421 1975 1643 2031; x_wconf 88' lang='lat' dir='ltr'><strong>dicebat</strong></span> <span class='ocrx_word' id='word_1_271' title='bbox 1672 1976 1814 2031; x_wconf 87' lang='lat' dir='ltr'><strong>ﬂens</strong></span> <span class='ocrx_word' id='word_1_272' title='bbox 1846 1993 1860 2031; x_wconf 89' lang='lat'>:</span> <span class='ocrx_word' id='word_1_273' title='bbox 1894 1978 1985 2031; x_wconf 87' lang='lat' dir='ltr'><strong>Va</strong></span> <span class='ocrx_word' id='word_1_274' title='bbox 2022 1975 2163 2031; x_wconf 87' lang='lat' dir='ltr'><strong>mihi</strong></span> 
     </span>
    </p>
   </div>
   <div class='ocr_carea' id='block_1_36' title="bbox 519 2067 1922 2140">
    <p class='ocr_par' dir='ltr' id='par_1_36' title="bbox 519 2067 1922 2140">
     <span class='ocr_line' id='line_1_36' title="bbox 519 2067 1922 2140; baseline 0.001 -18"><span class='ocrx_word' id='word_1_275' title='bbox 519 2067 745 2123; x_wconf 87' lang='lat' dir='ltr'><strong>misera</strong></span> <span class='ocrx_word' id='word_1_276' title='bbox 776 2068 789 2121; x_wconf 88' lang='lat' dir='ltr'><strong>l</strong></span> <span class='ocrx_word' id='word_1_277' title='bbox 831 2069 992 2140; x_wconf 89' lang='lat' dir='ltr'><strong>cujus</strong></span> <span class='ocrx_word' id='word_1_278' title='bbox 1020 2085 1190 2123; x_wconf 88' lang='lat' dir='ltr'><strong>causa</strong></span> <span class='ocrx_word' id='word_1_279' title='bbox 1219 2084 1310 2123; x_wconf 92' lang='lat' dir='ltr'><strong>me</strong></span> <span class='ocrx_word' id='word_1_280' title='bbox 1340 2068 1466 2123; x_wconf 92' lang='lat' dir='ltr'><strong>dico</strong></span> <span class='ocrx_word' id='word_1_281' title='bbox 1498 2069 1876 2125; x_wconf 87' lang='lat' dir='ltr'><strong>Christianam</strong></span> <span class='ocrx_word' id='word_1_282' title='bbox 1894 2070 1922 2124; x_wconf 82' lang='lat'><strong>?</strong></span> 
     </span>
    </p>
   </div>
   <div class='ocr_carea' id='block_1_37' title="bbox 593 2160 2162 2218">
    <p class='ocr_par' dir='ltr' id='par_1_37' title="bbox 593 2160 2162 2218">
     <span class='ocr_line' id='line_1_37' title="bbox 593 2160 2162 2218; baseline 0.001 -2"><span class='ocrx_word' id='word_1_283' title='bbox 593 2164 681 2216; x_wconf 85' lang='lat'><strong>35.</strong></span> <span class='ocrx_word' id='word_1_284' title='bbox 723 2160 1140 2217; x_wconf 87' lang='lat' dir='ltr'><strong>Proﬁciscentes</strong></span> <span class='ocrx_word' id='word_1_285' title='bbox 1167 2162 1236 2217; x_wconf 90' lang='lat' dir='ltr'><strong>de</strong></span> <span class='ocrx_word' id='word_1_286' title='bbox 1276 2162 1489 2217; x_wconf 84' lang='lat' dir='ltr'><strong>Eulatia</strong></span> <span class='ocrx_word' id='word_1_287' title='bbox 1517 2162 1876 2217; x_wconf 88' lang='lat' dir='ltr'><strong>introivimus</strong></span> <span class='ocrx_word' id='word_1_288' title='bbox 1905 2179 2162 2218; x_wconf 86' lang='lat' dir='ltr'><strong>eremum</strong></span> 
     </span>
    </p>
   </div>
   <div class='ocr_carea' id='block_1_38' title="bbox 518 2253 2161 2326">
    <p class='ocr_par' dir='ltr' id='par_1_38' title="bbox 518 2253 2161 2326">
     <span class='ocr_line' id='line_1_38' title="bbox 518 2253 2161 2326; baseline 0.001 -17"><span class='ocrx_word' id='word_1_289' title='bbox 518 2253 787 2309; x_wconf 88' lang='lat' dir='ltr'><strong>milliario</strong></span> <span class='ocrx_word' id='word_1_290' title='bbox 813 2271 902 2323; x_wconf 86' lang='lat' dir='ltr'><strong>xx,</strong></span> <span class='ocrx_word' id='word_1_291' title='bbox 927 2254 984 2309; x_wconf 93' lang='lat' dir='ltr'><strong>in</strong></span> <span class='ocrx_word' id='word_1_292' title='bbox 1013 2272 1126 2326; x_wconf 90' lang='lat' dir='ltr'><strong>quo</strong></span> <span class='ocrx_word' id='word_1_293' title='bbox 1153 2260 1238 2309; x_wconf 88' lang='lat' dir='ltr'><strong>est</strong></span> <span class='ocrx_word' id='word_1_294' title='bbox 1257 2258 1505 2309; x_wconf 89' lang='lat' dir='ltr'><strong>castrum</strong></span> <span class='ocrx_word' id='word_1_295' title='bbox 1526 2256 1622 2310; x_wconf 89' lang='lat' dir='ltr'><strong>ubi</strong></span> <span class='ocrx_word' id='word_1_296' title='bbox 1643 2260 1725 2310; x_wconf 89' lang='lat' dir='ltr'><strong>est</strong></span> <span class='ocrx_word' id='word_1_297' title='bbox 1748 2256 2161 2311; x_wconf 87' lang='lat' dir='ltr'><strong>xenodochium</strong></span> 
     </span>
    </p>
   </div>
   <div class='ocr_carea' id='block_1_39' title="bbox 517 2346 2159 2419">
    <p class='ocr_par' dir='ltr' id='par_1_39' title="bbox 517 2346 2159 2419">
     <span class='ocr_line' id='line_1_39' title="bbox 517 2346 2159 2419; baseline 0.002 -17"><span class='ocrx_word' id='word_1_298' title='bbox 517 2346 697 2402; x_wconf 89' lang='lat' dir='ltr'><strong>sancti</strong></span> <span class='ocrx_word' id='word_1_299' title='bbox 725 2348 1002 2419; x_wconf 88' lang='lat' dir='ltr'><strong>Gregorii,</strong></span> <span class='ocrx_word' id='word_1_300' title='bbox 1027 2348 1087 2402; x_wconf 91' lang='lat' dir='ltr'><strong>in</strong></span> <span class='ocrx_word' id='word_1_301' title='bbox 1112 2365 1226 2419; x_wconf 90' lang='lat' dir='ltr'><strong>quo</strong></span> <span class='ocrx_word' id='word_1_302' title='bbox 1252 2348 1468 2403; x_wconf 88' lang='lat' dir='ltr'><strong>habent</strong></span> <span class='ocrx_word' id='word_1_303' title='bbox 1510 2354 1868 2404; x_wconf 89' lang='lat' dir='ltr'><strong>transeuntes</strong></span> <span class='ocrx_word' id='word_1_304' title='bbox 1902 2350 1989 2404; x_wconf 88' lang='lat' dir='ltr'><strong>vel</strong></span> <span class='ocrx_word' id='word_1_305' title='bbox 2035 2366 2159 2405; x_wconf 90' lang='lat' dir='ltr'><strong>ere-</strong></span> 
     </span>
    </p>
   </div>
   <div class='ocr_carea' id='block_1_40' title="bbox 516 2440 2158 2512">
    <p class='ocr_par' dir='ltr' id='par_1_40' title="bbox 516 2440 2158 2512">
     <span class='ocr_line' id='line_1_40' title="bbox 516 2440 2158 2512; baseline 0.001 -17"><span class='ocrx_word' id='word_1_306' title='bbox 516 2440 672 2495; x_wconf 88' lang='lat' dir='ltr'><strong>mita</strong></span> <span class='ocrx_word' id='word_1_307' title='bbox 699 2441 987 2511; x_wconf 83' lang='lat' dir='ltr'><strong>refugium</strong></span> <span class='ocrx_word' id='word_1_308' title='bbox 1016 2441 1102 2495; x_wconf 86' lang='lat' dir='ltr'><strong>vel</strong></span> <span class='ocrx_word' id='word_1_309' title='bbox 1134 2441 1437 2512; x_wconf 88' lang='lat' dir='ltr'><strong>stipendia.</strong></span> <span class='ocrx_word' id='word_1_310' title='bbox 1466 2441 1598 2496; x_wconf 87' lang='lat' dir='ltr'><strong>Inde</strong></span> <span class='ocrx_word' id='word_1_311' title='bbox 1627 2442 1900 2498; x_wconf 89' lang='lat' dir='ltr'><strong>intrantes</strong></span> <span class='ocrx_word' id='word_1_312' title='bbox 1926 2443 2158 2498; x_wconf 89' lang='lat' dir='ltr'><strong>interio-</strong></span> 
     </span>
    </p>
   </div>
   <div class='ocr_carea' id='block_1_41' title="bbox 515 2534 2160 2607">
    <p class='ocr_par' dir='ltr' id='par_1_41' title="bbox 515 2534 2160 2607">
     <span class='ocr_line' id='line_1_41' title="bbox 515 2534 2160 2607; baseline 0.001 -17"><span class='ocrx_word' id='word_1_313' title='bbox 515 2549 642 2590; x_wconf 88' lang='lat' dir='ltr'><strong>rem</strong></span> <span class='ocrx_word' id='word_1_314' title='bbox 668 2549 946 2601; x_wconf 88' lang='lat' dir='ltr'><strong>eremum,</strong></span> <span class='ocrx_word' id='word_1_315' title='bbox 973 2534 1233 2589; x_wconf 86' lang='lat' dir='ltr'><strong>venimus</strong></span> <span class='ocrx_word' id='word_1_316' title='bbox 1260 2535 1332 2589; x_wconf 89' lang='lat' dir='ltr'><strong>ad</strong></span> <span class='ocrx_word' id='word_1_317' title='bbox 1361 2536 1548 2589; x_wconf 91' lang='lat' dir='ltr'><strong>locum</strong></span> <span class='ocrx_word' id='word_1_318' title='bbox 1592 2536 1662 2590; x_wconf 93' lang='lat' dir='ltr'><strong>de</strong></span> <span class='ocrx_word' id='word_1_319' title='bbox 1700 2552 1814 2607; x_wconf 89' lang='lat' dir='ltr'><strong>quo</strong></span> <span class='ocrx_word' id='word_1_320' title='bbox 1856 2536 2062 2591; x_wconf 90' lang='lat' dir='ltr'><strong>dicitur</strong></span> <span class='ocrx_word' id='word_1_321' title='bbox 2101 2536 2160 2591; x_wconf 90' lang='lat' dir='ltr'><strong>in</strong></span> 
     </span>
    </p>
   </div>
   <div class='ocr_carea' id='block_1_42' title="bbox 512 2630 2158 2703">
    <p class='ocr_par' dir='ltr' id='par_1_42' title="bbox 512 2630 2158 2703">
     <span class='ocr_line' id='line_1_42' title="bbox 512 2630 2158 2703; baseline 0.003 -19"><span class='ocrx_word' id='word_1_322' title='bbox 512 2630 752 2702; x_wconf 88' lang='lat' dir='ltr'><strong>psalmo,</strong></span> <span class='ocrx_word' id='word_1_323' title='bbox 772 2634 937 2686; x_wconf 86' lang='lat' dir='ltr'><strong>Terra</strong></span> <span class='ocrx_word' id='word_1_324' title='bbox 959 2634 1250 2700; x_wconf 83' lang='lat' dir='ltr'><strong>fructifera</strong></span> <span class='ocrx_word' id='word_1_325' title='bbox 1266 2635 1325 2686; x_wconf 87' lang='lat' dir='ltr'><strong>in</strong></span> <span class='ocrx_word' id='word_1_326' title='bbox 1342 2633 1615 2703; x_wconf 85' lang='lat' dir='ltr'><strong>salsugine</strong></span> <span class='ocrx_word' id='word_1_327' title='bbox 1642 2632 1719 2701; x_wconf 91' lang='lat' dir='ltr'><strong>(id</strong></span> <span class='ocrx_word' id='word_1_328' title='bbox 1746 2639 1849 2701; x_wconf 90' lang='lat' dir='ltr'><strong>est,</strong></span> <span class='ocrx_word' id='word_1_329' title='bbox 1864 2634 1924 2688; x_wconf 91' lang='lat' dir='ltr'><strong>in</strong></span> <span class='ocrx_word' id='word_1_330' title='bbox 1944 2634 2158 2689; x_wconf 86' lang='lat' dir='ltr'><strong>amari—</strong></span> 
     </span>
    </p>
   </div>
   <div class='ocr_carea' id='block_1_43' title="bbox 514 2723 2161 2795">
    <p class='ocr_par' dir='ltr' id='par_1_43' title="bbox 514 2723 2161 2795">
     <span class='ocr_line' id='line_1_43' title="bbox 514 2723 2161 2795; baseline 0.001 -16"><span class='ocrx_word' id='word_1_331' title='bbox 514 2723 752 2795; x_wconf 85' lang='lat' dir='ltr'><strong>tudine),</strong></span> <span class='ocrx_word' id='word_1_332' title='bbox 783 2725 1050 2780; x_wconf 85' lang='lat' dir='ltr'><strong>animalia</strong></span> <span class='ocrx_word' id='word_1_333' title='bbox 1091 2727 1458 2781; x_wconf 82' lang='lat' dir='ltr'><strong>habitantium</strong></span> <span class='ocrx_word' id='word_1_334' title='bbox 1494 2729 1553 2780; x_wconf 88' lang='lat' dir='ltr'><strong>in</strong></span> <span class='ocrx_word' id='word_1_335' title='bbox 1590 2743 1672 2781; x_wconf 87' lang='lat' dir='ltr'><strong>ea.</strong></span> <span class='ocrx_word' id='word_1_336' title='bbox 1718 2727 1787 2781; x_wconf 85' lang='lat' dir='ltr'><strong>Et</strong></span> <span class='ocrx_word' id='word_1_337' title='bbox 1815 2727 1893 2781; x_wconf 89' lang='lat' dir='ltr'><strong>ibi</strong></span> <span class='ocrx_word' id='word_1_338' title='bbox 1921 2727 2161 2782; x_wconf 87' lang='lat' dir='ltr'><strong>vidimus</strong></span> 
     </span>
    </p>
   </div>
   <div class='ocr_carea' id='block_1_44' title="bbox 516 2816 2159 2891">
    <p class='ocr_par' dir='ltr' id='par_1_44' title="bbox 516 2816 2159 2891">
     <span class='ocr_line' id='line_1_44' title="bbox 516 2816 2159 2891; baseline 0.002 -20"><span class='ocrx_word' id='word_1_339' title='bbox 516 2816 780 2872; x_wconf 89' lang='lat' dir='ltr'><strong>homines</strong></span> <span class='ocrx_word' id='word_1_340' title='bbox 824 2833 1000 2887; x_wconf 89' lang='lat' dir='ltr'><strong>rasos,</strong></span> <span class='ocrx_word' id='word_1_341' title='bbox 1028 2817 1314 2891; x_wconf 84' lang='lat' dir='ltr'><strong>fugientes</strong></span> <span class='ocrx_word' id='word_1_342' title='bbox 1356 2836 1490 2874; x_wconf 91' lang='lat' dir='ltr'><strong>cum</strong></span> <span class='ocrx_word' id='word_1_343' title='bbox 1532 2819 1779 2874; x_wconf 89' lang='lat' dir='ltr'><strong>camelis.</strong></span> <span class='ocrx_word' id='word_1_344' title='bbox 1822 2821 1964 2875; x_wconf 88' lang='lat' dir='ltr'><strong>Nam</strong></span> <span class='ocrx_word' id='word_1_345' title='bbox 2004 2826 2062 2875; x_wconf 86' lang='lat' dir='ltr'><strong>et</strong></span> <span class='ocrx_word' id='word_1_346' title='bbox 2099 2821 2159 2875; x_wconf 89' lang='lat' dir='ltr'><strong>in</strong></span> 
     </span>
    </p>
   </div>
   <div class='ocr_carea' id='block_1_45' title="bbox 498 2909 2199 2983">
    <p class='ocr_par' dir='ltr' id='par_1_45' title="bbox 498 2909 2199 2983">
     <span class='ocr_line' id='line_1_45' title="bbox 498 2909 2199 2983; baseline 0.002 -18"><span class='ocrx_word' id='word_1_347' title='bbox 498 2909 903 2982; x_wconf 71' lang='lat' dir='ltr'><strong>Hierosolyma</strong></span> <span class='ocrx_word' id='word_1_348' title='bbox 927 2911 1174 2967; x_wconf 86' lang='lat' dir='ltr'><strong>vidimus</strong></span> <span class='ocrx_word' id='word_1_349' title='bbox 1202 2912 1463 2968; x_wconf 89' lang='lat' dir='ltr'><strong>homines</strong></span> <span class='ocrx_word' id='word_1_350' title='bbox 1482 2928 1552 2968; x_wconf 86' lang='lat' dir='ltr'><strong>ex</strong></span> <span class='ocrx_word' id='word_1_351' title='bbox 1575 2912 1859 2983; x_wconf 70' lang='lat' dir='ltr'><strong>Ethiopia</strong></span> <span class='ocrx_word' id='word_1_352' title='bbox 1883 2913 2159 2968; x_wconf 91' lang='lat' dir='ltr'><strong>habentes</strong></span> <span class='ocrx_word' id='word_1_353' title='bbox 2196 2968 2199 2969; x_wconf 29' lang='grc' dir='ltr'><em>ν</em></span> 
     </span>
    </p>
   </div>
   <div class='ocr_carea' id='block_1_46' title="bbox 515 3001 2159 3078">
    <p class='ocr_par' dir='ltr' id='par_1_46' title="bbox 515 3001 2159 3078">
     <span class='ocr_line' id='line_1_46' title="bbox 515 3001 2159 3078; baseline 0.003 -20"><span class='ocrx_word' id='word_1_354' title='bbox 515 3001 673 3059; x_wconf 79' lang='lat' dir='ltr'><strong>ﬁssas</strong></span> <span class='ocrx_word' id='word_1_355' title='bbox 700 3015 864 3059; x_wconf 84' lang='lat' dir='ltr'><strong>nares</strong></span> <span class='ocrx_word' id='word_1_356' title='bbox 888 3005 913 3027; x_wconf 72' lang='lat'><strong><em>‘</em></strong></span> <span class='ocrx_word' id='word_1_357' title='bbox 934 3009 992 3059; x_wconf 90' lang='lat' dir='ltr'><strong>et</strong></span> <span class='ocrx_word' id='word_1_358' title='bbox 1020 3021 1205 3075; x_wconf 88' lang='lat' dir='ltr'><strong>aures,</strong></span> <span class='ocrx_word' id='word_1_359' title='bbox 1235 3006 1509 3077; x_wconf 84' lang='lat' dir='ltr'><strong>caligulas</strong></span> <span class='ocrx_word' id='word_1_360' title='bbox 1540 3005 1786 3075; x_wconf 89' lang='lat' dir='ltr'><strong>calceati,</strong></span> <span class='ocrx_word' id='word_1_361' title='bbox 1811 3010 1866 3061; x_wconf 92' lang='lat' dir='ltr'><strong>et</strong></span> <span class='ocrx_word' id='word_1_362' title='bbox 1890 3022 1995 3078; x_wconf 89' lang='lat' dir='ltr'><strong>per</strong></span> <span class='ocrx_word' id='word_1_363' title='bbox 2020 3006 2159 3077; x_wconf 87' lang='lat' dir='ltr'><strong>digi-</strong></span> 
     </span>
    </p>
   </div>
   <div class='ocr_carea' id='block_1_47' title="bbox 512 3097 2156 3171">
    <p class='ocr_par' dir='ltr' id='par_1_47' title="bbox 512 3097 2156 3171">
     <span class='ocr_line' id='line_1_47' title="bbox 512 3097 2156 3171; baseline 0.002 -19"><span class='ocrx_word' id='word_1_364' title='bbox 512 3100 602 3152; x_wconf 87' lang='lat' dir='ltr'><strong>tos</strong></span> <span class='ocrx_word' id='word_1_365' title='bbox 644 3097 704 3151; x_wconf 93' lang='lat' dir='ltr'><strong>in</strong></span> <span class='ocrx_word' id='word_1_366' title='bbox 746 3097 919 3168; x_wconf 85' lang='lat' dir='ltr'><strong>pedes</strong></span> <span class='ocrx_word' id='word_1_367' title='bbox 945 3099 1182 3153; x_wconf 90' lang='lat' dir='ltr'><strong>annulos</strong></span> <span class='ocrx_word' id='word_1_368' title='bbox 1220 3099 1438 3154; x_wconf 91' lang='lat' dir='ltr'><strong>missos.</strong></span> <span class='ocrx_word' id='word_1_369' title='bbox 1480 3099 1952 3170; x_wconf 86' lang='lat' dir='ltr'><strong>lnterrogavimus</strong></span> <span class='ocrx_word' id='word_1_370' title='bbox 1980 3116 2156 3171; x_wconf 86' lang='lat' dir='ltr'><strong>quare</strong></span> 
     </span>
    </p>
   </div>
   <div class='ocr_carea' id='block_1_48' title="bbox 515 3190 2154 3265">
    <p class='ocr_par' dir='ltr' id='par_1_48' title="bbox 515 3190 2154 3265">
     <span class='ocr_line' id='line_1_48' title="bbox 515 3190 2154 3265; baseline 0.002 -21"><span class='ocrx_word' id='word_1_371' title='bbox 515 3190 615 3259; x_wconf 86' lang='lat' dir='ltr'><strong>sic,</strong></span> <span class='ocrx_word' id='word_1_372' title='bbox 671 3194 727 3245; x_wconf 92' lang='lat' dir='ltr'><strong>et</strong></span> <span class='ocrx_word' id='word_1_373' title='bbox 781 3190 1051 3246; x_wconf 88' lang='lat' dir='ltr'><strong>dixerunt</strong></span> <span class='ocrx_word' id='word_1_374' title='bbox 1091 3208 1105 3246; x_wconf 90' lang='lat'><strong>:</strong></span> <span class='ocrx_word' id='word_1_375' title='bbox 1147 3192 1281 3263; x_wconf 88' lang='lat' dir='ltr'><strong>quia</strong></span> <span class='ocrx_word' id='word_1_376' title='bbox 1328 3192 1603 3263; x_wconf 76' lang='lat' dir='ltr'><strong>Traianus</strong></span> <span class='ocrx_word' id='word_1_377' title='bbox 1632 3193 1660 3234; x_wconf 76' lang='grc' dir='ltr'><strong>ι)</strong></span> <span class='ocrx_word' id='word_1_378' title='bbox 1712 3193 2025 3265; x_wconf 89' lang='lat' dir='ltr'><strong>imperator</strong></span> <span class='ocrx_word' id='word_1_379' title='bbox 2078 3193 2154 3249; x_wconf 90' lang='lat' dir='ltr'><strong>si-</strong></span> 
     </span>
    </p>
   </div>
   <div class='ocr_carea' id='block_1_49' title="bbox 519 3283 1320 3355">
    <p class='ocr_par' dir='ltr' id='par_1_49' title="bbox 519 3283 1320 3355">
     <span class='ocr_line' id='line_1_49' title="bbox 519 3283 1320 3355; baseline 0.004 -19"><span class='ocrx_word' id='word_1_380' title='bbox 519 3298 701 3353; x_wconf 87' lang='lat' dir='ltr'><strong>gnum</strong></span> <span class='ocrx_word' id='word_1_381' title='bbox 739 3283 850 3337; x_wconf 93' lang='lat' dir='ltr'><strong>hoc</strong></span> <span class='ocrx_word' id='word_1_382' title='bbox 880 3284 1042 3338; x_wconf 90' lang='lat' dir='ltr'><strong>nobis</strong></span> <span class='ocrx_word' id='word_1_383' title='bbox 1068 3284 1320 3355; x_wconf 89' lang='lat' dir='ltr'><strong>reliquit.</strong></span> 
     </span>
    </p>
   </div>
   <div class='ocr_carea' id='block_1_50' title="bbox 587 3375 2154 3449">
    <p class='ocr_par' dir='ltr' id='par_1_50' title="bbox 587 3375 2154 3449">
     <span class='ocr_line' id='line_1_50' title="bbox 587 3375 2154 3449; baseline 0.003 -19"><span class='ocrx_word' id='word_1_384' title='bbox 587 3378 676 3430; x_wconf 87' lang='lat'><strong>36.</strong></span> <span class='ocrx_word' id='word_1_385' title='bbox 718 3375 1082 3432; x_wconf 88' lang='lat' dir='ltr'><strong>Ambulantes</strong></span> <span class='ocrx_word' id='word_1_386' title='bbox 1110 3393 1213 3449; x_wconf 89' lang='lat' dir='ltr'><strong>per</strong></span> <span class='ocrx_word' id='word_1_387' title='bbox 1242 3393 1499 3433; x_wconf 79' lang='lat' dir='ltr'><strong>eremum</strong></span> <span class='ocrx_word' id='word_1_388' title='bbox 1524 3378 1643 3434; x_wconf 90' lang='lat' dir='ltr'><strong>dies</strong></span> <span class='ocrx_word' id='word_1_389' title='bbox 1670 3396 1747 3449; x_wconf 75' lang='lat' dir='ltr'><strong>vr,</strong></span> <span class='ocrx_word' id='word_1_390' title='bbox 1775 3380 2006 3435; x_wconf 88' lang='lat' dir='ltr'><strong>camelis</strong></span> <span class='ocrx_word' id='word_1_391' title='bbox 2048 3397 2154 3436; x_wconf 92' lang='lat' dir='ltr'><strong>no-</strong></span> 
     </span>
    </p>
   </div>
   <div class='ocr_carea' id='block_1_51' title="bbox 515 3468 2157 3542">
    <p class='ocr_par' dir='ltr' id='par_1_51' title="bbox 515 3468 2157 3542">
     <span class='ocr_line' id='line_1_51' title="bbox 515 3468 2157 3542; baseline 0.004 -19"><span class='ocrx_word' id='word_1_392' title='bbox 515 3468 604 3524; x_wconf 89' lang='lat' dir='ltr'><strong>bis</strong></span> <span class='ocrx_word' id='word_1_393' title='bbox 625 3485 835 3541; x_wconf 89' lang='lat' dir='ltr'><strong>aquam</strong></span> <span class='ocrx_word' id='word_1_394' title='bbox 856 3470 1229 3542; x_wconf 87' lang='lat' dir='ltr'><strong>portantibus,</strong></span> <span class='ocrx_word' id='word_1_395' title='bbox 1249 3472 1559 3527; x_wconf 79' lang='lat' dir='ltr'><strong>sextarium</strong></span> <span class='ocrx_word' id='word_1_396' title='bbox 1586 3489 1753 3529; x_wconf 91' lang='lat' dir='ltr'><strong>mane</strong></span> <span class='ocrx_word' id='word_1_397' title='bbox 1777 3480 1833 3530; x_wconf 93' lang='lat' dir='ltr'><strong>et</strong></span> <span class='ocrx_word' id='word_1_398' title='bbox 1850 3475 2157 3529; x_wconf 81' lang='lat' dir='ltr'><strong>sextarium</strong></span> 
     </span>
    </p>
   </div>
   <div class='ocr_carea' id='block_1_52' title="bbox 512 3563 2153 3638">
    <p class='ocr_par' dir='ltr' id='par_1_52' title="bbox 512 3563 2153 3638">
     <span class='ocr_line' id='line_1_52' title="bbox 512 3563 2153 3638; baseline 0.004 -21"><span class='ocrx_word' id='word_1_399' title='bbox 512 3578 745 3634; x_wconf 83' lang='lat' dir='ltr'><strong>vespere</strong></span> <span class='ocrx_word' id='word_1_400' title='bbox 798 3563 1040 3618; x_wconf 88' lang='lat' dir='ltr'><strong>dabatur</strong></span> <span class='ocrx_word' id='word_1_401' title='bbox 1090 3580 1196 3635; x_wconf 91' lang='lat' dir='ltr'><strong>per</strong></span> <span class='ocrx_word' id='word_1_402' title='bbox 1250 3565 1544 3621; x_wconf 91' lang='lat' dir='ltr'><strong>hominem</strong></span> <span class='ocrx_word' id='word_1_403' title='bbox 1580 3567 1830 3638; x_wconf 90' lang='lat' dir='ltr'><strong>quotidie</strong></span> <span class='ocrx_word' id='word_1_404' title='bbox 1874 3584 1887 3620; x_wconf 91' lang='lat'>:</span> <span class='ocrx_word' id='word_1_405' title='bbox 1928 3584 2153 3623; x_wconf 84' lang='lat' dir='ltr'><strong>amare-</strong></span> 
     </span>
    </p>
   </div>
   <div class='ocr_carea' id='block_1_53' title="bbox 513 3656 2158 3729">
    <p class='ocr_par' dir='ltr' id='par_1_53' title="bbox 513 3656 2158 3729">
     <span class='ocr_line' id='line_1_53' title="bbox 513 3656 2158 3729; baseline 0.004 -19"><span class='ocrx_word' id='word_1_406' title='bbox 513 3661 706 3711; x_wconf 88' lang='lat' dir='ltr'><strong>scente</strong></span> <span class='ocrx_word' id='word_1_407' title='bbox 734 3673 879 3729; x_wconf 90' lang='lat' dir='ltr'><strong>aqua</strong></span> <span class='ocrx_word' id='word_1_408' title='bbox 906 3656 967 3711; x_wconf 91' lang='lat' dir='ltr'><strong>in</strong></span> <span class='ocrx_word' id='word_1_409' title='bbox 997 3657 1218 3712; x_wconf 87' lang='lat' dir='ltr'><strong>utribus</strong></span> <span class='ocrx_word' id='word_1_410' title='bbox 1239 3674 1343 3729; x_wconf 91' lang='lat' dir='ltr'><strong>per</strong></span> <span class='ocrx_word' id='word_1_411' title='bbox 1368 3660 1601 3715; x_wconf 91' lang='lat' dir='ltr'><strong>modum</strong></span> <span class='ocrx_word' id='word_1_412' title='bbox 1626 3661 1793 3728; x_wconf 88' lang='lat' dir='ltr'><strong>fellis,</strong></span> <span class='ocrx_word' id='word_1_413' title='bbox 1826 3659 2158 3717; x_wconf 69' lang='lat' dir='ltr'><strong>mittebatur</strong></span> 
     </span>
    </p>
   </div>
   <div class='ocr_carea' id='block_1_54' title="bbox 512 3749 2157 3817">
    <p class='ocr_par' dir='ltr' id='par_1_54' title="bbox 512 3749 2157 3817">
     <span class='ocr_line' id='line_1_54' title="bbox 512 3749 2157 3817; baseline 0.005 -14"><span class='ocrx_word' id='word_1_414' title='bbox 512 3749 573 3803; x_wconf 89' lang='lat' dir='ltr'><strong>in</strong></span> <span class='ocrx_word' id='word_1_415' title='bbox 599 3765 725 3805; x_wconf 90' lang='lat' dir='ltr'><strong>eam</strong></span> <span class='ocrx_word' id='word_1_416' title='bbox 741 3752 763 3773; x_wconf 74' lang='grc'><strong><em>⁵</em></strong></span> <span class='ocrx_word' id='word_1_417' title='bbox 782 3766 1039 3817; x_wconf 87' lang='lat' dir='ltr'><strong>arenam,</strong></span> <span class='ocrx_word' id='word_1_418' title='bbox 1064 3756 1121 3805; x_wconf 93' lang='lat' dir='ltr'><strong>et</strong></span> <span class='ocrx_word' id='word_1_419' title='bbox 1146 3751 1563 3808; x_wconf 91' lang='lat' dir='ltr'><strong>dulcorabatur.</strong></span> <span class='ocrx_word' id='word_1_420' title='bbox 1586 3755 1833 3809; x_wconf 85' lang='lat' dir='ltr'><strong>Familia</strong></span> <span class='ocrx_word' id='word_1_421' title='bbox 1853 3758 2046 3810; x_wconf 88' lang='lat' dir='ltr'><strong>autem</strong></span> <span class='ocrx_word' id='word_1_422' title='bbox 2066 3756 2157 3811; x_wconf 89' lang='lat' dir='ltr'><strong>Sa-</strong></span> 
     </span>
    </p>
   </div>
   <div class='ocr_carea' id='block_1_55' title="bbox 511 3847 2153 3907">
    <p class='ocr_par' dir='ltr' id='par_1_55' title="bbox 511 3847 2153 3907">
     <span class='ocr_line' id='line_1_55' title="bbox 511 3847 2153 3907; baseline 0.005 -10"><span class='ocrx_word' id='word_1_423' title='bbox 511 3858 849 3898; x_wconf 88' lang='lat' dir='ltr'><strong>racenorum</strong></span> <span class='ocrx_word' id='word_1_424' title='bbox 874 3848 931 3899; x_wconf 93' lang='lat' dir='ltr'><strong>et</strong></span> <span class='ocrx_word' id='word_1_425' title='bbox 957 3860 1160 3899; x_wconf 83' lang='lat' dir='ltr'><strong>uxores</strong></span> <span class='ocrx_word' id='word_1_426' title='bbox 1189 3860 1387 3900; x_wconf 89' lang='lat' dir='ltr'><strong>eorum</strong></span> <span class='ocrx_word' id='word_1_427' title='bbox 1410 3847 1698 3903; x_wconf 88' lang='lat' dir='ltr'><strong>venientes</strong></span> <span class='ocrx_word' id='word_1_428' title='bbox 1735 3849 1805 3904; x_wconf 90' lang='lat' dir='ltr'><strong>de</strong></span> <span class='ocrx_word' id='word_1_429' title='bbox 1849 3865 2153 3907; x_wconf 89' lang='lat' dir='ltr'><strong>eremo.....</strong></span> 
     </span>
    </p>
   </div>
   <div class='ocr_carea' id='block_1_56' title="bbox 510 3936 2157 4015">
    <p class='ocr_par' dir='ltr' id='par_1_56' title="bbox 510 3936 2157 4015">
     <span class='ocr_line' id='line_1_56' title="bbox 510 3936 2157 4015; baseline 0.005 -25"><span class='ocrx_word' id='word_1_430' title='bbox 510 3936 573 3990; x_wconf 89' lang='lat' dir='ltr'><strong>in</strong></span> <span class='ocrx_word' id='word_1_431' title='bbox 606 3936 695 3990; x_wconf 87' lang='lat' dir='ltr'><strong>via</strong></span> <span class='ocrx_word' id='word_1_432' title='bbox 731 3938 987 3993; x_wconf 88' lang='lat' dir='ltr'><strong>sedentes</strong></span> <span class='ocrx_word' id='word_1_433' title='bbox 1025 3937 1278 4008; x_wconf 88' lang='lat' dir='ltr'><strong>deposita</strong></span> <span class='ocrx_word' id='word_1_434' title='bbox 1316 3941 1556 4010; x_wconf 87' lang='lat' dir='ltr'><strong>sarcina,</strong></span> <span class='ocrx_word' id='word_1_435' title='bbox 1598 3942 1865 4012; x_wconf 89' lang='lat' dir='ltr'><strong>petebant</strong></span> <span class='ocrx_word' id='word_1_436' title='bbox 1909 3960 2087 4015; x_wconf 89' lang='lat' dir='ltr'><strong>panes</strong></span> <span class='ocrx_word' id='word_1_437' title='bbox 2123 3961 2157 3997; x_wconf 91' lang='lat' dir='ltr'><strong>a</strong></span> 
     </span>
    </p>
   </div>
   <div class='ocr_carea' id='block_1_57' title="bbox 512 4029 2154 4099">
    <p class='ocr_par' dir='ltr' id='par_1_57' title="bbox 512 4029 2154 4099">
     <span class='ocr_line' id='line_1_57' title="bbox 512 4029 2154 4099; baseline 0.005 -16"><span class='ocrx_word' id='word_1_438' title='bbox 512 4029 970 4099; x_wconf 83' lang='lat' dir='ltr'><strong>transeuntibus;</strong></span> <span class='ocrx_word' id='word_1_439' title='bbox 1005 4035 1062 4085; x_wconf 91' lang='lat' dir='ltr'><strong>et</strong></span> <span class='ocrx_word' id='word_1_440' title='bbox 1088 4031 1396 4088; x_wconf 88' lang='lat' dir='ltr'><strong>veniebant</strong></span> <span class='ocrx_word' id='word_1_441' title='bbox 1423 4034 1529 4087; x_wconf 87' lang='lat' dir='ltr'><strong>viri</strong></span> <span class='ocrx_word' id='word_1_442' title='bbox 1558 4050 1755 4089; x_wconf 90' lang='lat' dir='ltr'><strong>earum</strong></span> <span class='ocrx_word' id='word_1_443' title='bbox 1790 4035 1859 4091; x_wconf 91' lang='lat' dir='ltr'><strong>de</strong></span> <span class='ocrx_word' id='word_1_444' title='bbox 1899 4036 2154 4091; x_wconf 90' lang='lat' dir='ltr'><strong>interiori</strong></span> 
     </span>
    </p>
   </div>
   <div class='ocr_carea' id='block_1_58' title="bbox 512 4122 2152 4201">
    <p class='ocr_par' dir='ltr' id='par_1_58' title="bbox 512 4122 2152 4201">
     <span class='ocr_line' id='line_1_58' title="bbox 512 4122 2152 4201; baseline 0.005 -26"><span class='ocrx_word' id='word_1_445' title='bbox 512 4126 678 4193; x_wconf 89' lang='lat' dir='ltr'><strong>parte</strong></span> <span class='ocrx_word' id='word_1_446' title='bbox 708 4122 904 4190; x_wconf 89' lang='lat' dir='ltr'><strong>eremi,</strong></span> <span class='ocrx_word' id='word_1_447' title='bbox 924 4123 1391 4196; x_wconf 89' lang='lat' dir='ltr'><strong>adducebantque</strong></span> <span class='ocrx_word' id='word_1_448' title='bbox 1420 4130 1572 4182; x_wconf 78' lang='lat' dir='ltr'><strong>utres</strong></span> <span class='ocrx_word' id='word_1_449' title='bbox 1598 4144 1727 4182; x_wconf 91' lang='lat' dir='ltr'><strong>cum</strong></span> <span class='ocrx_word' id='word_1_450' title='bbox 1753 4145 1900 4200; x_wconf 89' lang='lat' dir='ltr'><strong>aqua</strong></span> <span class='ocrx_word' id='word_1_451' title='bbox 1927 4129 2152 4201; x_wconf 85' lang='lat' dir='ltr'><strong>frigida,</strong></span> 
     </span>
    </p>
   </div>
   <div class='ocr_carea' id='block_1_59' title="bbox 514 4214 2157 4289">
    <p class='ocr_par' dir='ltr' id='par_1_59' title="bbox 514 4214 2157 4289">
     <span class='ocr_line' id='line_1_59' title="bbox 514 4214 2157 4289; baseline 0.007 -22"><span class='ocrx_word' id='word_1_452' title='bbox 514 4218 573 4268; x_wconf 92' lang='lat' dir='ltr'><strong>et</strong></span> <span class='ocrx_word' id='word_1_453' title='bbox 599 4214 948 4285; x_wconf 90' lang='lat' dir='ltr'><strong>accipiebant</strong></span> <span class='ocrx_word' id='word_1_454' title='bbox 986 4217 1087 4271; x_wconf 90' lang='lat' dir='ltr'><strong>sibi</strong></span> <span class='ocrx_word' id='word_1_455' title='bbox 1135 4235 1330 4289; x_wconf 87' lang='lat' dir='ltr'><strong>panes,</strong></span> <span class='ocrx_word' id='word_1_456' title='bbox 1361 4222 1418 4273; x_wconf 90' lang='lat' dir='ltr'><strong>et</strong></span> <span class='ocrx_word' id='word_1_457' title='bbox 1440 4220 1795 4276; x_wconf 91' lang='lat' dir='ltr'><strong>adducebant</strong></span> <span class='ocrx_word' id='word_1_458' title='bbox 1821 4228 1997 4277; x_wconf 90' lang='lat' dir='ltr'><strong>restes</strong></span> <span class='ocrx_word' id='word_1_459' title='bbox 2026 4240 2157 4279; x_wconf 91' lang='lat' dir='ltr'><strong>cum</strong></span> 
     </span>
    </p>
   </div>
   <div class='ocr_carea' id='block_1_60' title="bbox 512 4308 2151 4387">
    <p class='ocr_par' dir='ltr' id='par_1_60' title="bbox 512 4308 2151 4387">
     <span class='ocr_line' id='line_1_60' title="bbox 512 4308 2151 4387; baseline 0.005 -25"><span class='ocrx_word' id='word_1_460' title='bbox 512 4308 816 4378; x_wconf 87' lang='lat' dir='ltr'><strong>radicibus,</strong></span> <span class='ocrx_word' id='word_1_461' title='bbox 847 4326 1089 4380; x_wconf 87' lang='lat' dir='ltr'><strong>quarum</strong></span> <span class='ocrx_word' id='word_1_462' title='bbox 1116 4312 1255 4366; x_wconf 91' lang='lat' dir='ltr'><strong>odor</strong></span> <span class='ocrx_word' id='word_1_463' title='bbox 1278 4312 1641 4368; x_wconf 89' lang='lat' dir='ltr'><strong>suavissimus</strong></span> <span class='ocrx_word' id='word_1_464' title='bbox 1676 4332 1846 4386; x_wconf 89' lang='lat' dir='ltr'><strong>super</strong></span> <span class='ocrx_word' id='word_1_465' title='bbox 1882 4321 2151 4387; x_wconf 83' lang='lat' dir='ltr'><strong>aromata,</strong></span> 
     </span>
    </p>
   </div>
   <div class='ocr_carea' id='block_1_61' title="bbox 490 4401 2155 4482">
    <p class='ocr_par' dir='ltr' id='par_1_61' title="bbox 490 4401 2155 4482">
     <span class='ocr_line' id='line_1_61' title="bbox 490 4401 2155 4482; baseline 0.006 -26"><span class='ocrx_word' id='word_1_466' title='bbox 490 4406 575 4456; x_wconf 40' lang='lat' dir='ltr'><strong>oet</strong></span> <span class='ocrx_word' id='word_1_467' title='bbox 599 4401 717 4457; x_wconf 90' lang='lat' dir='ltr'><strong>dies</strong></span> <span class='ocrx_word' id='word_1_468' title='bbox 745 4402 914 4457; x_wconf 86' lang='lat' dir='ltr'><strong>festos</strong></span> <span class='ocrx_word' id='word_1_469' title='bbox 951 4420 1082 4458; x_wconf 90' lang='lat' dir='ltr'><strong>suos</strong></span> <span class='ocrx_word' id='word_1_470' title='bbox 1121 4404 1496 4461; x_wconf 89' lang='lat' dir='ltr'><strong>celebrabant.</strong></span> <span class='ocrx_word' id='word_1_471' title='bbox 1537 4408 1783 4478; x_wconf 88' lang='lat' dir='ltr'><strong>Populus</strong></span> <span class='ocrx_word' id='word_1_472' title='bbox 1829 4416 2020 4465; x_wconf 89' lang='lat' dir='ltr'><strong>autem</strong></span> <span class='ocrx_word' id='word_1_473' title='bbox 2057 4412 2155 4482; x_wconf 85' lang='lat' dir='ltr'><strong>qui</strong></span> 
     </span>
    </p>
   </div>
   <div class='ocr_carea' id='block_1_62' title="bbox 2334 1882 3903 1958">
    <p class='ocr_par' dir='ltr' id='par_1_62' title="bbox 2334 1882 3903 1958">
     <span class='ocr_line' id='line_1_62' title="bbox 2334 1882 3903 1958; baseline -0.006 -13"><span class='ocrx_word' id='word_1_474' title='bbox 2334 1894 2421 1945; x_wconf 91' lang='lat'><strong>38.</strong></span> <span class='ocrx_word' id='word_1_475' title='bbox 2464 1891 2618 1945; x_wconf 85' lang='lat' dir='ltr'><strong>Mons</strong></span> <span class='ocrx_word' id='word_1_476' title='bbox 2646 1905 2782 1943; x_wconf 89' lang='lat' dir='ltr'><strong>vero</strong></span> <span class='ocrx_word' id='word_1_477' title='bbox 2814 1887 2945 1943; x_wconf 90' lang='lat' dir='ltr'><strong>Sina</strong></span> <span class='ocrx_word' id='word_1_478' title='bbox 2978 1890 3237 1958; x_wconf 89' lang='lat' dir='ltr'><strong>petrosus</strong></span> <span class='ocrx_word' id='word_1_479' title='bbox 3280 1889 3384 1952; x_wconf 90' lang='lat' dir='ltr'><strong>est,</strong></span> <span class='ocrx_word' id='word_1_480' title='bbox 3415 1901 3542 1938; x_wconf 90' lang='lat' dir='ltr'><strong>raro</strong></span> <span class='ocrx_word' id='word_1_481' title='bbox 3584 1882 3758 1937; x_wconf 84' lang='lat' dir='ltr'><strong>habet</strong></span> <span class='ocrx_word' id='word_1_482' title='bbox 3789 1886 3903 1937; x_wconf 85' lang='lat' dir='ltr'><strong>ter-</strong></span> 
     </span>
    </p>
   </div>
   <div class='ocr_carea' id='block_1_63' title="bbox 2262 1976 3906 2052">
    <p class='ocr_par' dir='ltr' id='par_1_63' title="bbox 2262 1976 3906 2052">
     <span class='ocr_line' id='line_1_63' title="bbox 2262 1976 3906 2052; baseline -0.006 -13"><span class='ocrx_word' id='word_1_483' title='bbox 2262 2000 2406 2052; x_wconf 89' lang='lat' dir='ltr'><strong>ram,</strong></span> <span class='ocrx_word' id='word_1_484' title='bbox 2436 1989 2494 2038; x_wconf 93' lang='lat' dir='ltr'><strong>et</strong></span> <span class='ocrx_word' id='word_1_485' title='bbox 2522 1984 2578 2037; x_wconf 89' lang='lat' dir='ltr'><strong>in</strong></span> <span class='ocrx_word' id='word_1_486' title='bbox 2602 1982 2846 2037; x_wconf 88' lang='lat' dir='ltr'><strong>circuitu</strong></span> <span class='ocrx_word' id='word_1_487' title='bbox 2872 1982 2993 2052; x_wconf 89' lang='lat' dir='ltr'><strong>ejus</strong></span> <span class='ocrx_word' id='word_1_488' title='bbox 3020 1979 3240 2034; x_wconf 86' lang='lat' dir='ltr'><strong>cellula</strong></span> <span class='ocrx_word' id='word_1_489' title='bbox 3268 1978 3463 2033; x_wconf 87' lang='lat' dir='ltr'><strong>multa</strong></span> <span class='ocrx_word' id='word_1_490' title='bbox 3492 1992 3791 2031; x_wconf 85' lang='lat' dir='ltr'><strong>servorum</strong></span> <span class='ocrx_word' id='word_1_491' title='bbox 3811 1976 3906 2030; x_wconf 86' lang='lat' dir='ltr'><strong>Dei</strong></span> 
     </span>
    </p>
   </div>
   <div class='ocr_carea' id='block_1_64' title="bbox 2263 2069 3911 2144">
    <p class='ocr_par' dir='ltr' id='par_1_64' title="bbox 2263 2069 3911 2144">
     <span class='ocr_line' id='line_1_64' title="bbox 2263 2069 3911 2144; baseline -0.006 -12"><span class='ocrx_word' id='word_1_492' title='bbox 2263 2077 2525 2132; x_wconf 90' lang='lat' dir='ltr'><strong>similiter</strong></span> <span class='ocrx_word' id='word_1_493' title='bbox 2552 2081 2609 2131; x_wconf 91' lang='lat' dir='ltr'><strong>et</strong></span> <span class='ocrx_word' id='word_1_494' title='bbox 2625 2077 2684 2130; x_wconf 91' lang='lat' dir='ltr'><strong>in</strong></span> <span class='ocrx_word' id='word_1_495' title='bbox 2712 2075 2915 2143; x_wconf 84' lang='lat' dir='ltr'><strong>Horeb,</strong></span> <span class='ocrx_word' id='word_1_496' title='bbox 2945 2080 3000 2129; x_wconf 93' lang='lat' dir='ltr'><strong>et</strong></span> <span class='ocrx_word' id='word_1_497' title='bbox 3025 2074 3084 2127; x_wconf 93' lang='lat' dir='ltr'><strong>in</strong></span> <span class='ocrx_word' id='word_1_498' title='bbox 3104 2077 3266 2144; x_wconf 89' lang='lat' dir='ltr'><strong>parte</strong></span> <span class='ocrx_word' id='word_1_499' title='bbox 3287 2071 3438 2126; x_wconf 88' lang='lat' dir='ltr'><strong>illius</strong></span> <span class='ocrx_word' id='word_1_500' title='bbox 3456 2071 3665 2125; x_wconf 88' lang='lat' dir='ltr'><strong>montis</strong></span> <span class='ocrx_word' id='word_1_501' title='bbox 3691 2069 3911 2123; x_wconf 86' lang='lat' dir='ltr'><strong>habent</strong></span> 
     </span>
    </p>
   </div>
   <div class='ocr_carea' id='block_1_65' title="bbox 2262 2164 3904 2235">
    <p class='ocr_par' dir='ltr' id='par_1_65' title="bbox 2262 2164 3904 2235">
     <span class='ocr_line' id='line_1_65' title="bbox 2262 2164 3904 2235; baseline -0.005 -10"><span class='ocrx_word' id='word_1_502' title='bbox 2262 2170 2523 2226; x_wconf 86' lang='lat' dir='ltr'><strong>Saraceni</strong></span> <span class='ocrx_word' id='word_1_503' title='bbox 2551 2169 2771 2223; x_wconf 91' lang='lat' dir='ltr'><strong>idolum</strong></span> <span class='ocrx_word' id='word_1_504' title='bbox 2800 2168 2821 2190; x_wconf 80' lang='grc'><strong><em>⁸</em></strong></span> <span class='ocrx_word' id='word_1_505' title='bbox 2848 2183 3014 2222; x_wconf 91' lang='lat' dir='ltr'><strong>suum</strong></span> <span class='ocrx_word' id='word_1_506' title='bbox 3042 2180 3433 2221; x_wconf 89' lang='lat' dir='ltr'><strong>marmoreum</strong></span> <span class='ocrx_word' id='word_1_507' title='bbox 3466 2164 3739 2235; x_wconf 90' lang='lat' dir='ltr'><strong>positum,</strong></span> <span class='ocrx_word' id='word_1_508' title='bbox 3772 2178 3904 2216; x_wconf 89' lang='lat' dir='ltr'><strong>can-</strong></span> 
     </span>
    </p>
   </div>
   <div class='ocr_carea' id='block_1_66' title="bbox 2261 2256 3906 2334">
    <p class='ocr_par' dir='ltr' id='par_1_66' title="bbox 2261 2256 3906 2334">
     <span class='ocr_line' id='line_1_66' title="bbox 2261 2256 3906 2334; baseline -0.007 -15"><span class='ocrx_word' id='word_1_509' title='bbox 2261 2264 2461 2319; x_wconf 90' lang='lat' dir='ltr'><strong>didum</strong></span> <span class='ocrx_word' id='word_1_510' title='bbox 2487 2266 2760 2334; x_wconf 88' lang='lat' dir='ltr'><strong>tanquam</strong></span> <span class='ocrx_word' id='word_1_511' title='bbox 2785 2260 2994 2315; x_wconf 90' lang='lat' dir='ltr'><strong>nivem.</strong></span> <span class='ocrx_word' id='word_1_512' title='bbox 3021 2260 3098 2313; x_wconf 90' lang='lat' dir='ltr'><strong>lbi</strong></span> <span class='ocrx_word' id='word_1_513' title='bbox 3125 2265 3183 2313; x_wconf 94' lang='lat' dir='ltr'><strong>et</strong></span> <span class='ocrx_word' id='word_1_514' title='bbox 3196 2263 3498 2329; x_wconf 89' lang='lat' dir='ltr'><strong>permanet</strong></span> <span class='ocrx_word' id='word_1_515' title='bbox 3520 2256 3783 2311; x_wconf 89' lang='lat' dir='ltr'><strong>sacerdos</strong></span> <span class='ocrx_word' id='word_1_516' title='bbox 3808 2271 3906 2311; x_wconf 87' lang='lat' dir='ltr'><strong>eo-</strong></span> 
     </span>
    </p>
   </div>
   <div class='ocr_carea' id='block_1_67' title="bbox 2259 2348 3904 2429">
    <p class='ocr_par' dir='ltr' id='par_1_67' title="bbox 2259 2348 3904 2429">
     <span class='ocr_line' id='line_1_67' title="bbox 2259 2348 3904 2429; baseline -0.007 -16"><span class='ocrx_word' id='word_1_517' title='bbox 2259 2374 2391 2413; x_wconf 89' lang='lat' dir='ltr'><strong>rum</strong></span> <span class='ocrx_word' id='word_1_518' title='bbox 2438 2357 2697 2429; x_wconf 90' lang='lat' dir='ltr'><strong>ipsorum</strong></span> <span class='ocrx_word' id='word_1_519' title='bbox 2754 2354 2985 2409; x_wconf 90' lang='lat' dir='ltr'><strong>indutus</strong></span> <span class='ocrx_word' id='word_1_520' title='bbox 3039 2352 3336 2407; x_wconf 88' lang='lat' dir='ltr'><strong>dalmatica</strong></span> <span class='ocrx_word' id='word_1_521' title='bbox 3389 2356 3445 2405; x_wconf 91' lang='lat' dir='ltr'><strong>et</strong></span> <span class='ocrx_word' id='word_1_522' title='bbox 3498 2350 3674 2422; x_wconf 90' lang='lat' dir='ltr'><strong>pallio</strong></span> <span class='ocrx_word' id='word_1_523' title='bbox 3732 2348 3904 2403; x_wconf 88' lang='lat' dir='ltr'><strong>lineo.</strong></span> 
     </span>
    </p>
   </div>
   <div class='ocr_carea' id='block_1_68' title="bbox 2259 2445 3906 2518">
    <p class='ocr_par' dir='ltr' id='par_1_68' title="bbox 2259 2445 3906 2518">
     <span class='ocr_line' id='line_1_68' title="bbox 2259 2445 3906 2518; baseline -0.006 -13"><span class='ocrx_word' id='word_1_524' title='bbox 2259 2451 2492 2515; x_wconf 87' lang='lat' dir='ltr'><strong>Quando</strong></span> <span class='ocrx_word' id='word_1_525' title='bbox 2515 2448 2669 2504; x_wconf 88' lang='lat' dir='ltr'><strong>venit</strong></span> <span class='ocrx_word' id='word_1_526' title='bbox 2696 2454 2919 2518; x_wconf 87' lang='lat' dir='ltr'><strong>tempus</strong></span> <span class='ocrx_word' id='word_1_527' title='bbox 2941 2445 3253 2502; x_wconf 82' lang='lat' dir='ltr'><strong>festivitatis</strong></span> <span class='ocrx_word' id='word_1_528' title='bbox 3285 2460 3504 2510; x_wconf 90' lang='lat' dir='ltr'><strong>eorum,</strong></span> <span class='ocrx_word' id='word_1_529' title='bbox 3533 2447 3906 2513; x_wconf 71' lang='lat' dir='ltr'><strong>percurrente</strong></span> 
     </span>
    </p>
   </div>
   <div class='ocr_carea' id='block_1_69' title="bbox 2258 2534 3907 2613">
    <p class='ocr_par' dir='ltr' id='par_1_69' title="bbox 2258 2534 3907 2613">
     <span class='ocr_line' id='line_1_69' title="bbox 2258 2534 3907 2613; baseline -0.007 -15"><span class='ocrx_word' id='word_1_530' title='bbox 2258 2544 2395 2598; x_wconf 89' lang='lat' dir='ltr'><strong>luna</strong></span> <span class='ocrx_word' id='word_1_531' title='bbox 2430 2547 2731 2613; x_wconf 90' lang='lat' dir='ltr'><strong>antequam</strong></span> <span class='ocrx_word' id='word_1_532' title='bbox 2770 2540 3094 2611; x_wconf 84' lang='lat' dir='ltr'><strong>egrediatur</strong></span> <span class='ocrx_word' id='word_1_533' title='bbox 3129 2555 3163 2592; x_wconf 90' lang='lat' dir='ltr'><strong>a</strong></span> <span class='ocrx_word' id='word_1_534' title='bbox 3198 2538 3340 2592; x_wconf 91' lang='lat' dir='ltr'><strong>festo</strong></span> <span class='ocrx_word' id='word_1_535' title='bbox 3378 2536 3659 2608; x_wconf 91' lang='lat' dir='ltr'><strong>ipsorum,</strong></span> <span class='ocrx_word' id='word_1_536' title='bbox 3701 2534 3907 2605; x_wconf 89' lang='lat' dir='ltr'><strong>incipit</strong></span> 
     </span>
    </p>
   </div>
   <div class='ocr_carea' id='block_1_70' title="bbox 2260 2629 3907 2701">
    <p class='ocr_par' dir='ltr' id='par_1_70' title="bbox 2260 2629 3907 2701">
     <span class='ocr_line' id='line_1_70' title="bbox 2260 2629 3907 2701; baseline -0.006 -10"><span class='ocrx_word' id='word_1_537' title='bbox 2260 2652 2515 2691; x_wconf 89' lang='lat' dir='ltr'><strong>marmor</strong></span> <span class='ocrx_word' id='word_1_538' title='bbox 2539 2635 2682 2690; x_wconf 86' lang='lat' dir='ltr'><strong>illud</strong></span> <span class='ocrx_word' id='word_1_539' title='bbox 2712 2640 2935 2689; x_wconf 88' lang='lat' dir='ltr'><strong>mutare</strong></span> <span class='ocrx_word' id='word_1_540' title='bbox 2961 2633 3241 2699; x_wconf 86' lang='lat' dir='ltr'><strong>colorem;</strong></span> <span class='ocrx_word' id='word_1_541' title='bbox 3272 2636 3329 2685; x_wconf 93' lang='lat' dir='ltr'><strong>et</strong></span> <span class='ocrx_word' id='word_1_542' title='bbox 3354 2629 3581 2701; x_wconf 90' lang='lat' dir='ltr'><strong>quando</strong></span> <span class='ocrx_word' id='word_1_543' title='bbox 3605 2633 3907 2700; x_wconf 78' lang='lat' dir='ltr'><strong>caperunt</strong></span> 
     </span>
    </p>
   </div>
   <div class='ocr_carea' id='block_1_71' title="bbox 2260 2723 3905 2796">
    <p class='ocr_par' dir='ltr' id='par_1_71' title="bbox 2260 2723 3905 2796">
     <span class='ocr_line' id='line_1_71' title="bbox 2260 2723 3905 2796; baseline -0.007 -11"><span class='ocrx_word' id='word_1_544' title='bbox 2260 2730 2495 2785; x_wconf 86' lang='lat' dir='ltr'><strong>adorare</strong></span> <span class='ocrx_word' id='word_1_545' title='bbox 2530 2728 2766 2796; x_wconf 91' lang='lat' dir='ltr'><strong>idolum,</strong></span> <span class='ocrx_word' id='word_1_546' title='bbox 2796 2726 2859 2782; x_wconf 81' lang='lat' dir='ltr'><strong>fit</strong></span> <span class='ocrx_word' id='word_1_547' title='bbox 2890 2742 3143 2781; x_wconf 89' lang='lat' dir='ltr'><strong>marmor</strong></span> <span class='ocrx_word' id='word_1_548' title='bbox 3170 2724 3308 2779; x_wconf 91' lang='lat' dir='ltr'><strong>illud</strong></span> <span class='ocrx_word' id='word_1_549' title='bbox 3349 2723 3583 2794; x_wconf 85' lang='lat' dir='ltr'><strong>nigrum</strong></span> <span class='ocrx_word' id='word_1_550' title='bbox 3626 2726 3905 2792; x_wconf 89' lang='lat' dir='ltr'><strong>tanquam</strong></span> 
     </span>
    </p>
   </div>
   <div class='ocr_carea' id='block_1_72' title="bbox 2259 2814 3906 2895">
    <p class='ocr_par' dir='ltr' id='par_1_72' title="bbox 2259 2814 3906 2895">
     <span class='ocr_line' id='line_1_72' title="bbox 2259 2814 3906 2895; baseline -0.006 -18"><span class='ocrx_word' id='word_1_551' title='bbox 2259 2824 2392 2895; x_wconf 85' lang='lat' dir='ltr'><strong>pix;</strong></span> <span class='ocrx_word' id='word_1_552' title='bbox 2422 2822 2706 2893; x_wconf 90' lang='lat' dir='ltr'><strong>completo</strong></span> <span class='ocrx_word' id='word_1_553' title='bbox 2733 2829 2992 2891; x_wconf 89' lang='lat' dir='ltr'><strong>tempore</strong></span> <span class='ocrx_word' id='word_1_554' title='bbox 3016 2817 3330 2874; x_wconf 84' lang='lat' dir='ltr'><strong>festivitatis</strong></span> <span class='ocrx_word' id='word_1_555' title='bbox 3354 2832 3574 2883; x_wconf 91' lang='lat' dir='ltr'><strong>eorum,</strong></span> <span class='ocrx_word' id='word_1_556' title='bbox 3598 2814 3906 2871; x_wconf 88' lang='lat' dir='ltr'><strong>revertitur</strong></span> 
     </span>
    </p>
   </div>
   <div class='ocr_carea' id='block_1_73' title="bbox 2257 2908 3905 2987">
    <p class='ocr_par' dir='ltr' id='par_1_73' title="bbox 2257 2908 3905 2987">
     <span class='ocr_line' id='line_1_73' title="bbox 2257 2908 3905 2987; baseline -0.006 -16"><span class='ocrx_word' id='word_1_557' title='bbox 2257 2917 2468 2971; x_wconf 89' lang='lat' dir='ltr'><strong>iterum</strong></span> <span class='ocrx_word' id='word_1_558' title='bbox 2506 2915 2566 2970; x_wconf 90' lang='lat' dir='ltr'><strong>in</strong></span> <span class='ocrx_word' id='word_1_559' title='bbox 2603 2914 2904 2987; x_wconf 89' lang='lat' dir='ltr'><strong>pristinum</strong></span> <span class='ocrx_word' id='word_1_560' title='bbox 2941 2913 3219 2982; x_wconf 89' lang='lat' dir='ltr'><strong>colorem,</strong></span> <span class='ocrx_word' id='word_1_561' title='bbox 3259 2910 3414 2966; x_wconf 90' lang='lat' dir='ltr'><strong>unde</strong></span> <span class='ocrx_word' id='word_1_562' title='bbox 3450 2909 3612 2964; x_wconf 84' lang='lat' dir='ltr'><strong>valde</strong></span> <span class='ocrx_word' id='word_1_563' title='bbox 3661 2908 3905 2963; x_wconf 84' lang='lat' dir='ltr'><strong>miratus</strong></span> 
     </span>
    </p>
   </div>
   <div class='ocr_carea' id='block_1_74' title="bbox 2258 3024 2407 3065">
    <p class='ocr_par' dir='ltr' id='par_1_74' title="bbox 2258 3024 2407 3065">
     <span class='ocr_line' id='line_1_74' title="bbox 2258 3024 2407 3065; baseline 0.007 -1"><span class='ocrx_word' id='word_1_564' title='bbox 2258 3024 2386 3064; x_wconf 91' lang='lat' dir='ltr'><strong>sum</strong></span> <span class='ocrx_word' id='word_1_565' title='bbox 2395 3052 2407 3065; x_wconf 89' lang='lat'><strong>.</strong></span> 
     </span>
    </p>
   </div>
   <div class='ocr_carea' id='block_1_75' title="bbox 2328 3095 3907 3168">
    <p class='ocr_par' dir='ltr' id='par_1_75' title="bbox 2328 3095 3907 3168">
     <span class='ocr_line' id='line_1_75' title="bbox 2328 3095 3907 3168; baseline -0.006 -9"><span class='ocrx_word' id='word_1_566' title='bbox 2328 3107 2416 3159; x_wconf 88' lang='lat'><strong>39.</strong></span> <span class='ocrx_word' id='word_1_567' title='bbox 2457 3105 2607 3159; x_wconf 86' lang='lat' dir='ltr'><strong>Inter</strong></span> <span class='ocrx_word' id='word_1_568' title='bbox 2645 3102 2781 3157; x_wconf 91' lang='lat' dir='ltr'><strong>Sina</strong></span> <span class='ocrx_word' id='word_1_569' title='bbox 2818 3105 2875 3156; x_wconf 92' lang='lat' dir='ltr'><strong>et</strong></span> <span class='ocrx_word' id='word_1_570' title='bbox 2910 3100 3093 3155; x_wconf 86' lang='lat' dir='ltr'><strong>Horeb</strong></span> <span class='ocrx_word' id='word_1_571' title='bbox 3147 3103 3231 3154; x_wconf 90' lang='lat' dir='ltr'><strong>est</strong></span> <span class='ocrx_word' id='word_1_572' title='bbox 3267 3098 3425 3153; x_wconf 89' lang='lat' dir='ltr'><strong>vallis</strong></span> <span class='ocrx_word' id='word_1_573' title='bbox 3471 3096 3533 3151; x_wconf 88' lang='lat' dir='ltr'><strong>in</strong></span> <span class='ocrx_word' id='word_1_574' title='bbox 3578 3111 3698 3168; x_wconf 88' lang='lat' dir='ltr'><strong>qua</strong></span> <span class='ocrx_word' id='word_1_575' title='bbox 3734 3095 3907 3150; x_wconf 83' lang='lat' dir='ltr'><strong>certis</strong></span> 
     </span>
    </p>
   </div>
   <div class='ocr_carea' id='block_1_76' title="bbox 2258 3188 3905 3269">
    <p class='ocr_par' dir='ltr' id='par_1_76' title="bbox 2258 3188 3905 3269">
     <span class='ocr_line' id='line_1_76' title="bbox 2258 3188 3905 3269; baseline -0.007 -17"><span class='ocrx_word' id='word_1_576' title='bbox 2258 3196 2609 3269; x_wconf 89' lang='lat' dir='ltr'><strong>temporibus</strong></span> <span class='ocrx_word' id='word_1_577' title='bbox 2640 3211 2734 3250; x_wconf 89' lang='lat' dir='ltr'><strong>ros</strong></span> <span class='ocrx_word' id='word_1_578' title='bbox 2757 3195 2826 3249; x_wconf 90' lang='lat' dir='ltr'><strong>de</strong></span> <span class='ocrx_word' id='word_1_579' title='bbox 2857 3194 2998 3249; x_wconf 85' lang='lat' dir='ltr'><strong>coelo</strong></span> <span class='ocrx_word' id='word_1_580' title='bbox 3031 3191 3237 3265; x_wconf 86' lang='lat' dir='ltr'><strong>[cadit],</strong></span> <span class='ocrx_word' id='word_1_581' title='bbox 3264 3207 3438 3263; x_wconf 92' lang='lat' dir='ltr'><strong>quem</strong></span> <span class='ocrx_word' id='word_1_582' title='bbox 3465 3205 3675 3244; x_wconf 89' lang='lat' dir='ltr'><strong>manna</strong></span> <span class='ocrx_word' id='word_1_583' title='bbox 3700 3188 3905 3260; x_wconf 91' lang='lat' dir='ltr'><strong>appel-</strong></span> 
     </span>
    </p>
   </div>
   <div class='ocr_carea' id='block_1_77' title="bbox 2256 3282 3903 3361">
    <p class='ocr_par' dir='ltr' id='par_1_77' title="bbox 2256 3282 3903 3361">
     <span class='ocr_line' id='line_1_77' title="bbox 2256 3282 3903 3361; baseline -0.007 -15"><span class='ocrx_word' id='word_1_584' title='bbox 2256 3291 2398 3345; x_wconf 87' lang='lat' dir='ltr'><strong>lant.</strong></span> <span class='ocrx_word' id='word_1_585' title='bbox 2431 3291 2498 3345; x_wconf 88' lang='lat' dir='ltr'><strong>Et</strong></span> <span class='ocrx_word' id='word_1_586' title='bbox 2527 3287 2881 3361; x_wconf 87' lang='lat' dir='ltr'><strong>coagulatur,</strong></span> <span class='ocrx_word' id='word_1_587' title='bbox 2902 3292 2960 3341; x_wconf 90' lang='lat' dir='ltr'><strong>et</strong></span> <span class='ocrx_word' id='word_1_588' title='bbox 2977 3288 3042 3342; x_wconf 88' lang='lat' dir='ltr'><strong>tit</strong></span> <span class='ocrx_word' id='word_1_589' title='bbox 3060 3291 3332 3357; x_wconf 86' lang='lat' dir='ltr'><strong>tanquam</strong></span> <span class='ocrx_word' id='word_1_590' title='bbox 3354 3300 3600 3356; x_wconf 88' lang='lat' dir='ltr'><strong>granum</strong></span> <span class='ocrx_word' id='word_1_591' title='bbox 3618 3282 3903 3347; x_wconf 88' lang='lat' dir='ltr'><strong>masticis;</strong></span> 
     </span>
    </p>
   </div>
   <div class='ocr_carea' id='block_1_78' title="bbox 2256 3376 3902 3454">
    <p class='ocr_par' dir='ltr' id='par_1_78' title="bbox 2256 3376 3902 3454">
     <span class='ocr_line' id='line_1_78' title="bbox 2256 3376 3902 3454; baseline -0.006 -15"><span class='ocrx_word' id='word_1_592' title='bbox 2256 3388 2315 3440; x_wconf 92' lang='lat' dir='ltr'><strong>et</strong></span> <span class='ocrx_word' id='word_1_593' title='bbox 2333 3384 2545 3438; x_wconf 90' lang='lat' dir='ltr'><strong>habent</strong></span> <span class='ocrx_word' id='word_1_594' title='bbox 2571 3383 2703 3437; x_wconf 89' lang='lat' dir='ltr'><strong>inde</strong></span> <span class='ocrx_word' id='word_1_595' title='bbox 2728 3381 2898 3454; x_wconf 90' lang='lat' dir='ltr'><strong>plena</strong></span> <span class='ocrx_word' id='word_1_596' title='bbox 2924 3381 3090 3450; x_wconf 89' lang='lat' dir='ltr'><strong>dolia,</strong></span> <span class='ocrx_word' id='word_1_597' title='bbox 3120 3384 3177 3433; x_wconf 91' lang='lat' dir='ltr'><strong>et</strong></span> <span class='ocrx_word' id='word_1_598' title='bbox 3200 3378 3337 3434; x_wconf 90' lang='lat' dir='ltr'><strong>dant</strong></span> <span class='ocrx_word' id='word_1_599' title='bbox 3361 3377 3485 3432; x_wconf 87' lang='lat' dir='ltr'><strong>aliis</strong></span> <span class='ocrx_word' id='word_1_600' title='bbox 3521 3393 3623 3448; x_wconf 86' lang='lat' dir='ltr'><strong>pro</strong></span> <span class='ocrx_word' id='word_1_601' title='bbox 3661 3376 3902 3431; x_wconf 90' lang='lat' dir='ltr'><strong>benedi-</strong></span> 
     </span>
    </p>
   </div>
   <div class='ocr_carea' id='block_1_79' title="bbox 2256 3472 3906 3547">
    <p class='ocr_par' dir='ltr' id='par_1_79' title="bbox 2256 3472 3906 3547">
     <span class='ocr_line' id='line_1_79' title="bbox 2256 3472 3906 3547; baseline -0.005 -14"><span class='ocrx_word' id='word_1_602' title='bbox 2256 3478 2459 3547; x_wconf 89' lang='lat' dir='ltr'><strong>ctione,</strong></span> <span class='ocrx_word' id='word_1_603' title='bbox 2483 3482 2539 3531; x_wconf 94' lang='lat' dir='ltr'><strong>et</strong></span> <span class='ocrx_word' id='word_1_604' title='bbox 2565 3476 2731 3531; x_wconf 90' lang='lat' dir='ltr'><strong>nobis</strong></span> <span class='ocrx_word' id='word_1_605' title='bbox 2759 3475 3039 3531; x_wconf 90' lang='lat' dir='ltr'><strong>dederunt</strong></span> <span class='ocrx_word' id='word_1_606' title='bbox 3064 3472 3332 3528; x_wconf 84' lang='lat' dir='ltr'><strong>sextarios</strong></span> <span class='ocrx_word' id='word_1_607' title='bbox 3359 3472 3612 3544; x_wconf 91' lang='lat' dir='ltr'><strong>quinque</strong></span> <span class='ocrx_word' id='word_1_608' title='bbox 3641 3488 3655 3526; x_wconf 89' lang='lat'><strong>:</strong></span> <span class='ocrx_word' id='word_1_609' title='bbox 3689 3487 3766 3525; x_wconf 91' lang='lat' dir='ltr'><strong>ex</strong></span> <span class='ocrx_word' id='word_1_610' title='bbox 3791 3486 3906 3541; x_wconf 91' lang='lat' dir='ltr'><strong>quo</strong></span> 
     </span>
    </p>
   </div>
   <div class='ocr_carea' id='block_1_80' title="bbox 2257 3564 3906 3642">
    <p class='ocr_par' dir='ltr' id='par_1_80' title="bbox 2257 3564 3906 3642">
     <span class='ocr_line' id='line_1_80' title="bbox 2257 3564 3906 3642; baseline -0.006 -15"><span class='ocrx_word' id='word_1_611' title='bbox 2257 3577 2314 3627; x_wconf 91' lang='lat' dir='ltr'><strong>et</strong></span> <span class='ocrx_word' id='word_1_612' title='bbox 2340 3570 2556 3642; x_wconf 88' lang='lat' dir='ltr'><strong>perdite</strong></span> <span class='ocrx_word' id='word_1_613' title='bbox 2582 3569 2804 3638; x_wconf 89' lang='lat' dir='ltr'><strong>bibunt,</strong></span> <span class='ocrx_word' id='word_1_614' title='bbox 2836 3573 2894 3623; x_wconf 89' lang='lat' dir='ltr'><strong>et</strong></span> <span class='ocrx_word' id='word_1_615' title='bbox 2917 3567 3082 3623; x_wconf 90' lang='lat' dir='ltr'><strong>nobis</strong></span> <span class='ocrx_word' id='word_1_616' title='bbox 3115 3566 3397 3622; x_wconf 89' lang='lat' dir='ltr'><strong>dederunt</strong></span> <span class='ocrx_word' id='word_1_617' title='bbox 3419 3564 3637 3620; x_wconf 81' lang='lat' dir='ltr'><strong>bibere.</strong></span> <span class='ocrx_word' id='word_1_618' title='bbox 3672 3564 3821 3617; x_wconf 83' lang='lat' dir='ltr'><strong>Nam</strong></span> <span class='ocrx_word' id='word_1_619' title='bbox 3849 3570 3906 3617; x_wconf 91' lang='lat' dir='ltr'><strong>et</strong></span> 
     </span>
    </p>
   </div>
   <div class='ocr_carea' id='block_1_81' title="bbox 2256 3657 3900 3736">
    <p class='ocr_par' dir='ltr' id='par_1_81' title="bbox 2256 3657 3900 3736">
     <span class='ocr_line' id='line_1_81' title="bbox 2256 3657 3900 3736; baseline -0.006 -16"><span class='ocrx_word' id='word_1_620' title='bbox 2256 3666 2316 3720; x_wconf 91' lang='lat' dir='ltr'><strong>in</strong></span> <span class='ocrx_word' id='word_1_621' title='bbox 2345 3664 2480 3736; x_wconf 90' lang='lat' dir='ltr'><strong>ipsis</strong></span> <span class='ocrx_word' id='word_1_622' title='bbox 2505 3663 2797 3719; x_wconf 89' lang='lat' dir='ltr'><strong>montibus</strong></span> <span class='ocrx_word' id='word_1_623' title='bbox 2821 3663 2909 3717; x_wconf 87' lang='lat' dir='ltr'><strong>leo</strong></span> <span class='ocrx_word' id='word_1_624' title='bbox 2934 3666 2991 3716; x_wconf 90' lang='lat' dir='ltr'><strong>et</strong></span> <span class='ocrx_word' id='word_1_625' title='bbox 3017 3660 3226 3732; x_wconf 88' lang='lat' dir='ltr'><strong>pardus</strong></span> <span class='ocrx_word' id='word_1_626' title='bbox 3250 3661 3294 3728; x_wconf 69' lang='grc'><strong>⁸,</strong></span> <span class='ocrx_word' id='word_1_627' title='bbox 3323 3675 3541 3730; x_wconf 87' lang='lat' dir='ltr'><strong>caprea</strong></span> <span class='ocrx_word' id='word_1_628' title='bbox 3582 3661 3641 3713; x_wconf 91' lang='lat' dir='ltr'><strong>et</strong></span> <span class='ocrx_word' id='word_1_629' title='bbox 3678 3657 3900 3712; x_wconf 85' lang='lat' dir='ltr'><strong>burdo-</strong></span> 
     </span>
    </p>
   </div>
   <div class='ocr_carea' id='block_1_82' title="bbox 2256 3751 3900 3829">
    <p class='ocr_par' dir='ltr' id='par_1_82' title="bbox 2256 3751 3900 3829">
     <span class='ocr_line' id='line_1_82' title="bbox 2256 3751 3900 3829; baseline -0.005 -16"><span class='ocrx_word' id='word_1_630' title='bbox 2256 3775 2358 3814; x_wconf 91' lang='lat' dir='ltr'><strong>nes</strong></span> <span class='ocrx_word' id='word_1_631' title='bbox 2399 3757 2569 3812; x_wconf 89' lang='lat' dir='ltr'><strong>simul</strong></span> <span class='ocrx_word' id='word_1_632' title='bbox 2598 3761 2873 3829; x_wconf 90' lang='lat' dir='ltr'><strong>pascunt:</strong></span> <span class='ocrx_word' id='word_1_633' title='bbox 2907 3761 2963 3809; x_wconf 93' lang='lat' dir='ltr'><strong>et</strong></span> <span class='ocrx_word' id='word_1_634' title='bbox 2985 3771 3056 3809; x_wconf 85' lang='lat' dir='ltr'><strong>ex</strong></span> <span class='ocrx_word' id='word_1_635' title='bbox 3081 3756 3161 3810; x_wconf 88' lang='lat' dir='ltr'><strong>eis</strong></span> <span class='ocrx_word' id='word_1_636' title='bbox 3185 3753 3374 3809; x_wconf 89' lang='lat' dir='ltr'><strong>nullus</strong></span> <span class='ocrx_word' id='word_1_637' title='bbox 3400 3751 3627 3807; x_wconf 88' lang='lat' dir='ltr'><strong>laditur</strong></span> <span class='ocrx_word' id='word_1_638' title='bbox 3650 3767 3684 3805; x_wconf 90' lang='lat' dir='ltr'><strong>a</strong></span> <span class='ocrx_word' id='word_1_639' title='bbox 3712 3751 3900 3818; x_wconf 90' lang='lat' dir='ltr'><strong>leone,</strong></span> 
     </span>
    </p>
   </div>
   <div class='ocr_carea' id='block_1_83' title="bbox 2255 3844 3903 3926">
    <p class='ocr_par' dir='ltr' id='par_1_83' title="bbox 2255 3844 3903 3926">
     <span class='ocr_line' id='line_1_83' title="bbox 2255 3844 3903 3926; baseline -0.007 -18"><span class='ocrx_word' id='word_1_640' title='bbox 2255 3857 2493 3926; x_wconf 90' lang='lat' dir='ltr'><strong>propter</strong></span> <span class='ocrx_word' id='word_1_641' title='bbox 2510 3851 2688 3907; x_wconf 88' lang='lat' dir='ltr'><strong>eremi</strong></span> <span class='ocrx_word' id='word_1_642' title='bbox 2705 3850 3039 3905; x_wconf 86' lang='lat' dir='ltr'><strong>vastitatem.</strong></span> <span class='ocrx_word' id='word_1_643' title='bbox 3062 3850 3128 3903; x_wconf 87' lang='lat' dir='ltr'><strong>Et</strong></span> <span class='ocrx_word' id='word_1_644' title='bbox 3147 3848 3281 3918; x_wconf 89' lang='lat' dir='ltr'><strong>quia</strong></span> <span class='ocrx_word' id='word_1_645' title='bbox 3299 3848 3425 3918; x_wconf 90' lang='lat' dir='ltr'><strong>jam</strong></span> <span class='ocrx_word' id='word_1_646' title='bbox 3451 3862 3511 3901; x_wconf 89' lang='lat' dir='ltr'><strong>se</strong></span> <span class='ocrx_word' id='word_1_647' title='bbox 3537 3844 3903 3916; x_wconf 89' lang='lat' dir='ltr'><strong>complebant</strong></span> 
     </span>
    </p>
   </div>
   <div class='ocr_carea' id='block_1_84' title="bbox 2258 3936 3899 4013">
    <p class='ocr_par' dir='ltr' id='par_1_84' title="bbox 2258 3936 3899 4013">
     <span class='ocr_line' id='line_1_84' title="bbox 2258 3936 3899 4013; baseline -0.006 -13"><span class='ocrx_word' id='word_1_648' title='bbox 2258 3946 2378 4001; x_wconf 89' lang='lat' dir='ltr'><strong>dies</strong></span> <span class='ocrx_word' id='word_1_649' title='bbox 2405 3944 2530 4000; x_wconf 85' lang='lat' dir='ltr'><strong>festi</strong></span> <span class='ocrx_word' id='word_1_650' title='bbox 2556 3944 2991 4012; x_wconf 84' lang='lat' dir='ltr'><strong>lsmaelitarum,</strong></span> <span class='ocrx_word' id='word_1_651' title='bbox 3027 3958 3210 4013; x_wconf 86' lang='lat' dir='ltr'><strong>praco</strong></span> <span class='ocrx_word' id='word_1_652' title='bbox 3239 3940 3378 3995; x_wconf 90' lang='lat' dir='ltr'><strong>exiit</strong></span> <span class='ocrx_word' id='word_1_653' title='bbox 3404 3944 3469 3994; x_wconf 92' lang='lat' dir='ltr'><strong>ut</strong></span> <span class='ocrx_word' id='word_1_654' title='bbox 3497 3939 3690 3993; x_wconf 89' lang='lat' dir='ltr'><strong>nullus</strong></span> <span class='ocrx_word' id='word_1_655' title='bbox 3718 3936 3899 3991; x_wconf 85' lang='lat' dir='ltr'><strong>subsi-</strong></span> 
     </span>
    </p>
   </div>
   <div class='ocr_carea' id='block_1_85' title="bbox 2257 4028 3895 4109">
    <p class='ocr_par' dir='ltr' id='par_1_85' title="bbox 2257 4028 3895 4109">
     <span class='ocr_line' id='line_1_85' title="bbox 2257 4028 3895 4109; baseline -0.005 -17"><span class='ocrx_word' id='word_1_656' title='bbox 2257 4043 2430 4094; x_wconf 86' lang='lat' dir='ltr'><strong>steret</strong></span> <span class='ocrx_word' id='word_1_657' title='bbox 2454 4054 2558 4109; x_wconf 89' lang='lat' dir='ltr'><strong>per</strong></span> <span class='ocrx_word' id='word_1_658' title='bbox 2586 4051 2864 4105; x_wconf 91' lang='lat' dir='ltr'><strong>eremum,</strong></span> <span class='ocrx_word' id='word_1_659' title='bbox 2894 4053 2995 4108; x_wconf 91' lang='lat' dir='ltr'><strong>per</strong></span> <span class='ocrx_word' id='word_1_660' title='bbox 3023 4051 3195 4107; x_wconf 88' lang='lat' dir='ltr'><strong>quam</strong></span> <span class='ocrx_word' id='word_1_661' title='bbox 3218 4033 3457 4105; x_wconf 85' lang='lat' dir='ltr'><strong>ingressi</strong></span> <span class='ocrx_word' id='word_1_662' title='bbox 3481 4047 3680 4087; x_wconf 90' lang='lat' dir='ltr'><strong>sumus</strong></span> <span class='ocrx_word' id='word_1_663' title='bbox 3701 4048 3721 4100; x_wconf 85' lang='lat'><strong>;</strong></span> <span class='ocrx_word' id='word_1_664' title='bbox 3760 4028 3895 4103; x_wconf 85' lang='lat' dir='ltr'><strong>[sed]</strong></span> 
     </span>
    </p>
   </div>
   <div class='ocr_carea' id='block_1_86' title="bbox 2255 4121 3901 4203">
    <p class='ocr_par' dir='ltr' id='par_1_86' title="bbox 2255 4121 3901 4203">
     <span class='ocr_line' id='line_1_86' title="bbox 2255 4121 3901 4203; baseline -0.007 -17"><span class='ocrx_word' id='word_1_665' title='bbox 2255 4132 2353 4186; x_wconf 90' lang='lat' dir='ltr'><strong>alii</strong></span> <span class='ocrx_word' id='word_1_666' title='bbox 2376 4147 2479 4203; x_wconf 92' lang='lat' dir='ltr'><strong>per</strong></span> <span class='ocrx_word' id='word_1_667' title='bbox 2509 4132 2833 4203; x_wconf 71' lang='lat' dir='ltr'><strong>Egyptum,</strong></span> <span class='ocrx_word' id='word_1_668' title='bbox 2856 4131 2954 4185; x_wconf 90' lang='lat' dir='ltr'><strong>alii</strong></span> <span class='ocrx_word' id='word_1_669' title='bbox 2976 4146 3078 4202; x_wconf 89' lang='lat' dir='ltr'><strong>per</strong></span> <span class='ocrx_word' id='word_1_670' title='bbox 3104 4128 3372 4183; x_wconf 79' lang='lat' dir='ltr'><strong>Arabiam</strong></span> <span class='ocrx_word' id='word_1_671' title='bbox 3396 4129 3828 4181; x_wconf 79' lang='lat' dir='ltr'><strong>reverterentur</strong></span> <span class='ocrx_word' id='word_1_672' title='bbox 3843 4121 3901 4176; x_wconf 91' lang='lat' dir='ltr'><strong>in</strong></span> 
     </span>
    </p>
   </div>
   <div class='ocr_carea' id='block_1_87' title="bbox 2256 4222 2857 4278">
    <p class='ocr_par' dir='ltr' id='par_1_87' title="bbox 2256 4222 2857 4278">
     <span class='ocr_line' id='line_1_87' title="bbox 2256 4222 2857 4278; baseline -0.007 0"><span class='ocrx_word' id='word_1_673' title='bbox 2256 4222 2541 4278; x_wconf 89' lang='lat' dir='ltr'><strong>civitatem</strong></span> <span class='ocrx_word' id='word_1_674' title='bbox 2580 4224 2857 4275; x_wconf 87' lang='lat' dir='ltr'><strong>sanctam.</strong></span> 
     </span>
    </p>
   </div>
   <div class='ocr_carea' id='block_1_88' title="bbox 2327 4306 3898 4384">
    <p class='ocr_par' dir='ltr' id='par_1_88' title="bbox 2327 4306 3898 4384">
     <span class='ocr_line' id='line_1_88' title="bbox 2327 4306 3898 4384; baseline -0.006 -14"><span class='ocrx_word' id='word_1_675' title='bbox 2327 4317 2415 4371; x_wconf 79' lang='grc'><strong>40.</strong></span> <span class='ocrx_word' id='word_1_676' title='bbox 2444 4317 2521 4371; x_wconf 90' lang='lat' dir='ltr'><strong>De</strong></span> <span class='ocrx_word' id='word_1_677' title='bbox 2544 4320 2737 4371; x_wconf 91' lang='lat' dir='ltr'><strong>monte</strong></span> <span class='ocrx_word' id='word_1_678' title='bbox 2761 4314 2895 4370; x_wconf 89' lang='lat' dir='ltr'><strong>Sina</strong></span> <span class='ocrx_word' id='word_1_679' title='bbox 2914 4329 3090 4384; x_wconf 90' lang='lat' dir='ltr'><strong>usque</strong></span> <span class='ocrx_word' id='word_1_680' title='bbox 3117 4311 3178 4366; x_wconf 91' lang='lat' dir='ltr'><strong>in</strong></span> <span class='ocrx_word' id='word_1_681' title='bbox 3204 4309 3424 4366; x_wconf 82' lang='lat' dir='ltr'><strong>Arabia</strong></span> <span class='ocrx_word' id='word_1_682' title='bbox 3449 4306 3742 4363; x_wconf 89' lang='lat' dir='ltr'><strong>civitatem</strong></span> <span class='ocrx_word' id='word_1_683' title='bbox 3771 4323 3898 4379; x_wconf 81' lang='lat' dir='ltr'><strong>qua</strong></span> 
     </span>
    </p>
   </div>
   <div class='ocr_carea' id='block_1_89' title="bbox 2254 4401 3893 4478">
    <p class='ocr_par' dir='ltr' id='par_1_89' title="bbox 2254 4401 3893 4478">
     <span class='ocr_line' id='line_1_89' title="bbox 2254 4401 3893 4478; baseline -0.007 -13"><span class='ocrx_word' id='word_1_684' title='bbox 2254 4412 2487 4465; x_wconf 87' lang='lat' dir='ltr'><strong>vocatur</strong></span> <span class='ocrx_word' id='word_1_685' title='bbox 2526 4408 2697 4464; x_wconf 88' lang='lat' dir='ltr'><strong>Abela</strong></span> <span class='ocrx_word' id='word_1_686' title='bbox 2723 4408 2771 4478; x_wconf 77' lang='grc' dir='ltr'><strong>ά,</strong></span> <span class='ocrx_word' id='word_1_687' title='bbox 2817 4412 2949 4463; x_wconf 90' lang='lat' dir='ltr'><strong>sunt</strong></span> <span class='ocrx_word' id='word_1_688' title='bbox 2986 4406 3307 4461; x_wconf 88' lang='lat' dir='ltr'><strong>mansiones</strong></span> <span class='ocrx_word' id='word_1_689' title='bbox 3328 4420 3440 4471; x_wconf 84' lang='lat' dir='ltr'><strong>vn;</strong></span> <span class='ocrx_word' id='word_1_690' title='bbox 3472 4402 3532 4457; x_wconf 90' lang='lat' dir='ltr'><strong>in</strong></span> <span class='ocrx_word' id='word_1_691' title='bbox 3560 4401 3749 4456; x_wconf 81' lang='lat' dir='ltr'><strong>Abela</strong></span> <span class='ocrx_word' id='word_1_692' title='bbox 3793 4416 3893 4455; x_wconf 84' lang='lat' dir='ltr'><strong>au-</strong></span> 
     </span>
    </p>
   </div>
   <div class='ocr_carea' id='block_1_90' title="bbox 510 4494 3893 4578">
    <p class='ocr_par' dir='ltr' id='par_1_90' title="bbox 510 4494 3893 4578">
     <span class='ocr_line' id='line_1_90' title="bbox 510 4494 3893 4578; baseline -0.001 -28"><span class='ocrx_word' id='word_1_693' title='bbox 510 4510 618 4567; x_wconf 90' lang='lat' dir='ltr'><strong>per</strong></span> <span class='ocrx_word' id='word_1_694' title='bbox 632 4495 910 4566; x_wconf 89' lang='lat' dir='ltr'><strong>majorem</strong></span> <span class='ocrx_word' id='word_1_695' title='bbox 930 4513 1185 4552; x_wconf 89' lang='lat' dir='ltr'><strong>eremum</strong></span> <span class='ocrx_word' id='word_1_696' title='bbox 1204 4499 1635 4570; x_wconf 86' lang='lat' dir='ltr'><strong>ingrediebatur</strong></span> <span class='ocrx_word' id='word_1_697' title='bbox 1649 4502 1720 4557; x_wconf 88' lang='lat' dir='ltr'><strong>ad</strong></span> <span class='ocrx_word' id='word_1_698' title='bbox 1739 4504 2152 4575; x_wconf 86' lang='lat' dir='ltr'><strong>explorandum</strong></span> <span class='ocrx_word' id='word_1_699' title='bbox 2173 4506 2232 4578; x_wconf 86' lang='grc' dir='ltr'><strong>Ῑ)</strong></span> <span class='ocrx_word' id='word_1_700' title='bbox 2254 4509 2371 4559; x_wconf 89' lang='lat' dir='ltr'><strong>tem</strong></span> <span class='ocrx_word' id='word_1_701' title='bbox 2408 4503 2811 4559; x_wconf 86' lang='lat' dir='ltr'><strong>descendentes</strong></span> <span class='ocrx_word' id='word_1_702' title='bbox 2834 4517 2999 4556; x_wconf 87' lang='lat' dir='ltr'><strong>naves</strong></span> <span class='ocrx_word' id='word_1_703' title='bbox 3024 4500 3093 4554; x_wconf 91' lang='lat' dir='ltr'><strong>de</strong></span> <span class='ocrx_word' id='word_1_704' title='bbox 3123 4499 3280 4553; x_wconf 90' lang='lat' dir='ltr'><strong>India</strong></span> <span class='ocrx_word' id='word_1_705' title='bbox 3312 4513 3443 4552; x_wconf 91' lang='lat' dir='ltr'><strong>cum</strong></span> <span class='ocrx_word' id='word_1_706' title='bbox 3488 4494 3731 4550; x_wconf 84' lang='lat' dir='ltr'><strong>diversis</strong></span> <span class='ocrx_word' id='word_1_707' title='bbox 3770 4511 3893 4549; x_wconf 86' lang='lat' dir='ltr'><strong>aro-</strong></span> 
     </span>
    </p>
   </div>
   <div class='ocr_carea' id='block_1_91' title="bbox 511 4590 1230 4645">
    <p class='ocr_par' dir='ltr' id='par_1_91' title="bbox 511 4590 1230 4645">
     <span class='ocr_line' id='line_1_91' title="bbox 511 4590 1230 4645; baseline 0.003 -2"><span class='ocrx_word' id='word_1_708' title='bbox 511 4604 757 4644; x_wconf 90' lang='lat' dir='ltr'><strong>numero</strong></span> <span class='ocrx_word' id='word_1_709' title='bbox 789 4590 909 4643; x_wconf 76' lang='lat' dir='ltr'><strong>xn&quot;</strong></span> <span class='ocrx_word' id='word_1_710' title='bbox 935 4590 1114 4644; x_wconf 83' lang='lat' dir='ltr'><strong>millia</strong></span> <span class='ocrx_word' id='word_1_711' title='bbox 1147 4608 1230 4645; x_wconf 83' lang='lat' dir='ltr'><strong>nc.</strong></span> 
     </span>
    </p>
   </div>
   <div class='ocr_carea' id='block_1_92' title="bbox 584 4684 2153 4747">
    <p class='ocr_par' dir='ltr' id='par_1_92' title="bbox 584 4684 2153 4747">
     <span class='ocr_line' id='line_1_92' title="bbox 584 4684 2153 4747; baseline 0.007 -10"><span class='ocrx_word' id='word_1_712' title='bbox 584 4684 675 4737; x_wconf 87' lang='lat'><strong>37.</strong></span> <span class='ocrx_word' id='word_1_713' title='bbox 703 4684 1146 4739; x_wconf 86' lang='lat' dir='ltr'><strong>Perambulantes</strong></span> <span class='ocrx_word' id='word_1_714' title='bbox 1188 4699 1421 4741; x_wconf 87' lang='lat' dir='ltr'><strong>eremum</strong></span> <span class='ocrx_word' id='word_1_715' title='bbox 1466 4692 1651 4743; x_wconf 87' lang='lat' dir='ltr'><strong>octavo</strong></span> <span class='ocrx_word' id='word_1_716' title='bbox 1681 4690 1769 4745; x_wconf 89' lang='lat' dir='ltr'><strong>die</strong></span> <span class='ocrx_word' id='word_1_717' title='bbox 1796 4693 2035 4747; x_wconf 86' lang='lat' dir='ltr'><strong>venimus</strong></span> <span class='ocrx_word' id='word_1_718' title='bbox 2080 4694 2153 4747; x_wconf 88' lang='lat' dir='ltr'><strong>ad</strong></span> 
     </span>
    </p>
   </div>
   <div class='ocr_carea' id='block_1_93' title="bbox 510 4777 2150 4845">
    <p class='ocr_par' dir='ltr' id='par_1_93' title="bbox 510 4777 2150 4845">
     <span class='ocr_line' id='line_1_93' title="bbox 510 4777 2150 4845; baseline 0.009 -17"><span class='ocrx_word' id='word_1_719' title='bbox 510 4780 743 4830; x_wconf 85' lang='lat' dir='ltr'><strong>montem</strong></span> <span class='ocrx_word' id='word_1_720' title='bbox 771 4777 989 4831; x_wconf 84' lang='lat' dir='ltr'><strong>Domini</strong></span> <span class='ocrx_word' id='word_1_721' title='bbox 1008 4778 1216 4845; x_wconf 83' lang='lat' dir='ltr'><strong>Horeb;</strong></span> <span class='ocrx_word' id='word_1_722' title='bbox 1248 4784 1300 4834; x_wconf 89' lang='lat' dir='ltr'><strong>et</strong></span> <span class='ocrx_word' id='word_1_723' title='bbox 1326 4780 1453 4836; x_wconf 81' lang='lat' dir='ltr'><strong>inde</strong></span> <span class='ocrx_word' id='word_1_724' title='bbox 1479 4788 1741 4838; x_wconf 84' lang='lat' dir='ltr'><strong>moventes</strong></span> <span class='ocrx_word' id='word_1_725' title='bbox 1758 4789 1820 4839; x_wconf 90' lang='lat' dir='ltr'><strong>ut</strong></span> <span class='ocrx_word' id='word_1_726' title='bbox 1836 4786 2150 4841; x_wconf 86' lang='lat' dir='ltr'><strong>ascendere-</strong></span> 
     </span>
    </p>
   </div>
   <div class='ocr_carea' id='block_1_94' title="bbox 510 4872 2150 4934">
    <p class='ocr_par' dir='ltr' id='par_1_94' title="bbox 510 4872 2150 4934">
     <span class='ocr_line' id='line_1_94' title="bbox 510 4872 2150 4934; baseline 0.007 -12"><span class='ocrx_word' id='word_1_727' title='bbox 510 4882 631 4922; x_wconf 85' lang='lat' dir='ltr'><strong>mus</strong></span> <span class='ocrx_word' id='word_1_728' title='bbox 677 4875 910 4924; x_wconf 87' lang='lat' dir='ltr'><strong>montem</strong></span> <span class='ocrx_word' id='word_1_729' title='bbox 947 4872 1106 4934; x_wconf 89' lang='lat' dir='ltr'><strong>Sina,</strong></span> <span class='ocrx_word' id='word_1_730' title='bbox 1136 4888 1248 4927; x_wconf 87' lang='lat' dir='ltr'><strong>ecce</strong></span> <span class='ocrx_word' id='word_1_731' title='bbox 1275 4874 1566 4931; x_wconf 84' lang='lat' dir='ltr'><strong>multitudo</strong></span> <span class='ocrx_word' id='word_1_732' title='bbox 1614 4879 1994 4933; x_wconf 83' lang='lat' dir='ltr'><strong>monachorum</strong></span> <span class='ocrx_word' id='word_1_733' title='bbox 2035 4896 2150 4934; x_wconf 83' lang='lat' dir='ltr'><strong>ere-</strong></span> 
     </span>
    </p>
   </div>
   <div class='ocr_carea' id='block_1_95' title="bbox 508 4963 2154 5036">
    <p class='ocr_par' dir='ltr' id='par_1_95' title="bbox 508 4963 2154 5036">
     <span class='ocr_line' id='line_1_95' title="bbox 508 4963 2154 5036; baseline 0.009 -22"><span class='ocrx_word' id='word_1_734' title='bbox 508 4963 771 5016; x_wconf 85' lang='lat' dir='ltr'><strong>mitarum</strong></span> <span class='ocrx_word' id='word_1_735' title='bbox 799 4979 920 5017; x_wconf 90' lang='lat' dir='ltr'><strong>cum</strong></span> <span class='ocrx_word' id='word_1_736' title='bbox 950 4964 1194 5019; x_wconf 86' lang='lat' dir='ltr'><strong>crucibus</strong></span> <span class='ocrx_word' id='word_1_737' title='bbox 1213 4967 1505 5036; x_wconf 84' lang='lat' dir='ltr'><strong>psallentes</strong></span> <span class='ocrx_word' id='word_1_738' title='bbox 1534 4968 1884 5026; x_wconf 83' lang='lat' dir='ltr'><strong>obviaverunt</strong></span> <span class='ocrx_word' id='word_1_739' title='bbox 1906 4973 2078 5035; x_wconf 89' lang='lat' dir='ltr'><strong>nobis,</strong></span> <span class='ocrx_word' id='word_1_740' title='bbox 2104 4978 2154 5027; x_wconf 89' lang='lat' dir='ltr'><strong>et</strong></span> 
     </span>
    </p>
   </div>
   <div class='ocr_carea' id='block_1_96' title="bbox 501 5058 2154 5124">
    <p class='ocr_par' dir='ltr' id='par_1_96' title="bbox 501 5058 2154 5124">
     <span class='ocr_line' id='line_1_96' title="bbox 501 5058 2154 5124; baseline 0.007 -15"><span class='ocrx_word' id='word_1_741' title='bbox 501 5058 776 5124; x_wconf 85' lang='lat' dir='ltr'><strong>prostrati</strong></span> <span class='ocrx_word' id='word_1_742' title='bbox 815 5058 873 5110; x_wconf 89' lang='lat' dir='ltr'><strong>in</strong></span> <span class='ocrx_word' id='word_1_743' title='bbox 899 5061 1099 5112; x_wconf 85' lang='lat' dir='ltr'><strong>terram</strong></span> <span class='ocrx_word' id='word_1_744' title='bbox 1126 5058 1494 5116; x_wconf 86' lang='lat' dir='ltr'><strong>adoraverunt</strong></span> <span class='ocrx_word' id='word_1_745' title='bbox 1519 5080 1536 5116; x_wconf 93' lang='lat'><strong><em>:</em></strong></span> <span class='ocrx_word' id='word_1_746' title='bbox 1562 5064 1734 5118; x_wconf 87' lang='lat' dir='ltr'><strong>simili</strong></span> <span class='ocrx_word' id='word_1_747' title='bbox 1768 5066 1924 5119; x_wconf 88' lang='lat' dir='ltr'><strong>modo</strong></span> <span class='ocrx_word' id='word_1_748' title='bbox 1967 5070 2019 5120; x_wconf 88' lang='lat' dir='ltr'><strong>et</strong></span> <span class='ocrx_word' id='word_1_749' title='bbox 2059 5082 2154 5122; x_wconf 90' lang='lat' dir='ltr'><strong>nos</strong></span> 
     </span>
    </p>
   </div>
   <div class='ocr_carea' id='block_1_97' title="bbox 582 5223 2152 5307">
    <p class='ocr_par' dir='ltr' id='par_1_97' title="bbox 582 5223 2152 5307">
     <span class='ocr_line' id='line_1_97' title="bbox 582 5223 2152 5307; baseline 0.01 -32"><span class='ocrx_word' id='word_1_750' title='bbox 582 5235 629 5304; x_wconf 44' lang='grc' dir='ltr'><strong>ι.</strong></span> <span class='ocrx_word' id='word_1_751' title='bbox 643 5223 877 5307; x_wconf 44' lang='grc'><strong>1101111111</strong></span> <span class='ocrx_word' id='word_1_752' title='bbox 913 5225 1292 5307; x_wconf 67' lang='lat' dir='ltr'><strong>commodum</strong></span> <span class='ocrx_word' id='word_1_753' title='bbox 1348 5244 1589 5307; x_wconf 79' lang='lat' dir='ltr'><strong>sensum</strong></span> <span class='ocrx_word' id='word_1_754' title='bbox 1616 5246 1686 5286; x_wconf 88' lang='lat' dir='ltr'><strong>ex</strong></span> <span class='ocrx_word' id='word_1_755' title='bbox 1724 5232 1942 5307; x_wconf 79' lang='lat' dir='ltr'><strong>ultima</strong></span> <span class='ocrx_word' id='word_1_756' title='bbox 1981 5235 2152 5307; x_wconf 89' lang='lat' dir='ltr'><strong>hujus</strong></span> 
     </span>
    </p>
   </div>
   <div class='ocr_carea' id='block_1_98' title="bbox 507 5294 2152 5376">
    <p class='ocr_par' dir='ltr' id='par_1_98' title="bbox 507 5294 2152 5376">
     <span class='ocr_line' id='line_1_98' title="bbox 507 5294 2152 5376; baseline 0.008 -27"><span class='ocrx_word' id='word_1_757' title='bbox 507 5294 708 5375; x_wconf 77' lang='lat' dir='ltr'><strong>capitis</strong></span> <span class='ocrx_word' id='word_1_758' title='bbox 727 5301 893 5376; x_wconf 67' lang='lat' dir='ltr'><strong>parte</strong></span> <span class='ocrx_word' id='word_1_759' title='bbox 913 5296 1422 5376; x_wconf 74' lang='lat' dir='ltr'><strong>hactenuselicere</strong></span> <span class='ocrx_word' id='word_1_760' title='bbox 1436 5301 1594 5371; x_wconf 89' lang='lat' dir='ltr'><strong>potui</strong></span> <span class='ocrx_word' id='word_1_761' title='bbox 1616 5304 2020 5376; x_wconf 85' lang='lat' dir='ltr'><strong>conjectando;</strong></span> <span class='ocrx_word' id='word_1_762' title='bbox 2049 5294 2152 5363; x_wconf 72' lang='lat' dir='ltr'><strong>nec</strong></span> 
     </span>
    </p>
   </div>
   <div class='ocr_carea' id='block_1_99' title="bbox 505 5367 2148 5445">
    <p class='ocr_par' dir='ltr' id='par_1_99' title="bbox 505 5367 2148 5445">
     <span class='ocr_line' id='line_1_99' title="bbox 505 5367 2148 5445; baseline 0.009 -26"><span class='ocrx_word' id='word_1_763' title='bbox 505 5367 703 5445; x_wconf 84' lang='lat' dir='ltr'><strong>magni</strong></span> <span class='ocrx_word' id='word_1_764' title='bbox 730 5367 921 5445; x_wconf 83' lang='lat' dir='ltr'><strong>refert,</strong></span> <span class='ocrx_word' id='word_1_765' title='bbox 952 5369 1088 5440; x_wconf 89' lang='lat' dir='ltr'><strong>quia</strong></span> <span class='ocrx_word' id='word_1_766' title='bbox 1118 5368 1243 5424; x_wconf 88' lang='lat' dir='ltr'><strong>talis</strong></span> <span class='ocrx_word' id='word_1_767' title='bbox 1289 5367 1461 5425; x_wconf 78' lang='lat' dir='ltr'><strong>Maria</strong></span> <span class='ocrx_word' id='word_1_768' title='bbox 1505 5367 1789 5445; x_wconf 70' lang='lat' dir='ltr'><strong>nusquam</strong></span> <span class='ocrx_word' id='word_1_769' title='bbox 1833 5367 2148 5433; x_wconf 59' lang='grc'><strong>1111818811-</strong></span> 
     </span>
    </p>
   </div>
   <div class='ocr_carea' id='block_1_100' title="bbox 506 5441 910 5493">
    <p class='ocr_par' dir='ltr' id='par_1_100' title="bbox 506 5441 910 5493">
     <span class='ocr_line' id='line_1_100' title="bbox 506 5441 910 5493; baseline 0.002 -1"><span class='ocrx_word' id='word_1_770' title='bbox 506 5442 622 5492; x_wconf 87' lang='lat' dir='ltr'><strong>etas</strong></span> <span class='ocrx_word' id='word_1_771' title='bbox 649 5441 782 5492; x_wconf 85' lang='lat' dir='ltr'><strong>nota</strong></span> <span class='ocrx_word' id='word_1_772' title='bbox 811 5443 910 5493; x_wconf 89' lang='lat' dir='ltr'><strong>est.</strong></span> 
     </span>
    </p>
   </div>
   <div class='ocr_carea' id='block_1_101' title="bbox 577 5508 2151 5592">
    <p class='ocr_par' dir='ltr' id='par_1_101' title="bbox 577 5508 2151 5592">
     <span class='ocr_line' id='line_1_101' title="bbox 577 5508 2151 5592; baseline 0.01 -32"><span class='ocrx_word' id='word_1_773' title='bbox 577 5508 614 5592; x_wconf 44' lang='grc' dir='ltr'><strong>ξ).</strong></span> <span class='ocrx_word' id='word_1_774' title='bbox 635 5508 783 5562; x_wconf 78' lang='lat' dir='ltr'><strong>Nihil</strong></span> <span class='ocrx_word' id='word_1_775' title='bbox 830 5509 979 5591; x_wconf 75' lang='lat' dir='ltr'><strong>juris</strong></span> <span class='ocrx_word' id='word_1_776' title='bbox 1034 5510 1275 5591; x_wconf 80' lang='lat' dir='ltr'><strong>Trajano</strong></span> <span class='ocrx_word' id='word_1_777' title='bbox 1308 5511 1401 5592; x_wconf 29' lang='grc'><strong>,111-</strong></span> <span class='ocrx_word' id='word_1_778' title='bbox 1442 5514 1730 5592; x_wconf 72' lang='lat' dir='ltr'><strong>Ethiopes</strong></span> <span class='ocrx_word' id='word_1_779' title='bbox 1776 5519 1923 5588; x_wconf 87' lang='lat' dir='ltr'><strong>fuit,</strong></span> <span class='ocrx_word' id='word_1_780' title='bbox 1965 5537 2151 5592; x_wconf 91' lang='lat' dir='ltr'><strong>neque</strong></span> 
     </span>
    </p>
   </div>
   <div class='ocr_carea' id='block_1_102' title="bbox 501 5577 2153 5659">
    <p class='ocr_par' dir='ltr' id='par_1_102' title="bbox 501 5577 2153 5659">
     <span class='ocr_line' id='line_1_102' title="bbox 501 5577 2153 5659; baseline 0.008 -25"><span class='ocrx_word' id='word_1_781' title='bbox 501 5577 876 5659; x_wconf 80' lang='lat' dir='ltr'><strong>bellum_c_ur_n</strong></span> <span class='ocrx_word' id='word_1_782' title='bbox 900 5581 968 5635; x_wconf 92' lang='lat' dir='ltr'><strong>iis</strong></span> <span class='ocrx_word' id='word_1_783' title='bbox 1012 5598 1025 5636; x_wconf 90' lang='lat'><strong>:</strong></span> <span class='ocrx_word' id='word_1_784' title='bbox 1068 5577 1261 5659; x_wconf 69' lang='lat' dir='ltr'><strong>scissa</strong></span> <span class='ocrx_word' id='word_1_785' title='bbox 1303 5577 1659 5659; x_wconf 65' lang='lat' dir='ltr'><strong>igitunejus</strong></span> <span class='ocrx_word' id='word_1_786' title='bbox 1681 5589 1845 5659; x_wconf 90' lang='lat' dir='ltr'><strong>jussu</strong></span> <span class='ocrx_word' id='word_1_787' title='bbox 1891 5577 2077 5645; x_wconf 47' lang='lat' dir='ltr'><strong>aures‘</strong></span> <span class='ocrx_word' id='word_1_788' title='bbox 2097 5598 2153 5648; x_wconf 91' lang='lat' dir='ltr'><strong>et</strong></span> 
     </span>
    </p>
   </div>
   <div class='ocr_carea' id='block_1_103' title="bbox 502 5651 1859 5733">
    <p class='ocr_par' dir='ltr' id='par_1_103' title="bbox 502 5651 1859 5733">
     <span class='ocr_line' id='line_1_103' title="bbox 502 5651 1859 5733; baseline 0.007 -28"><span class='ocrx_word' id='word_1_789' title='bbox 502 5666 674 5733; x_wconf 60' lang='lat' dir='ltr'><strong>nares</strong></span> <span class='ocrx_word' id='word_1_790' title='bbox 696 5651 1026 5733; x_wconf 58' lang='lat' dir='ltr'><strong>{Ethiopum</strong></span> <span class='ocrx_word' id='word_1_791' title='bbox 1053 5670 1156 5733; x_wconf 84' lang='lat' dir='ltr'><strong>p_ro</strong></span> <span class='ocrx_word' id='word_1_792' title='bbox 1188 5651 1382 5733; x_wconf 70' lang='lat' dir='ltr'><strong>fabula</strong></span> <span class='ocrx_word' id='word_1_793' title='bbox 1410 5651 1607 5733; x_wconf 62' lang='lat' dir='ltr'><strong>haberi</strong></span> <span class='ocrx_word' id='word_1_794' title='bbox 1633 5651 1859 5715; x_wconf 77' lang='lat' dir='ltr'><strong>debent.</strong></span> 
     </span>
    </p>
   </div>
   <div class='ocr_carea' id='block_1_104' title="bbox 572 5721 2152 5801">
    <p class='ocr_par' dir='ltr' id='par_1_104' title="bbox 572 5721 2152 5801">
     <span class='ocr_line' id='line_1_104' title="bbox 572 5721 2152 5801; baseline 0.008 -26"><span class='ocrx_word' id='word_1_795' title='bbox 572 5734 597 5763; x_wconf 86' lang='grc' dir='ltr'><strong><em>ο</em></strong></span> <span class='ocrx_word' id='word_1_796' title='bbox 632 5721 1229 5801; x_wconf 54' lang='lat' dir='ltr'><strong>Quid_si_&#39;pro_&#39;Bessa</strong></span> <span class='ocrx_word' id='word_1_797' title='bbox 1285 5726 1474 5801; x_wconf 80' lang='lat' dir='ltr'><strong>lingua</strong></span> <span class='ocrx_word' id='word_1_798' title='bbox 1494 5769 1511 5794; x_wconf 92' lang='lat'><strong>,</strong></span> <span class='ocrx_word' id='word_1_799' title='bbox 1533 5728 1719 5801; x_wconf 46' lang='lat' dir='ltr'><strong>“legas</strong></span> <span class='ocrx_word' id='word_1_800' title='bbox 1770 5732 1992 5786; x_wconf 88' lang='lat' dir='ltr'><strong>Persam</strong></span> <span class='ocrx_word' id='word_1_801' title='bbox 2049 5747 2152 5787; x_wconf 90' lang='lat' dir='ltr'><strong>seu</strong></span> 
     </span>
    </p>
   </div>
   <div class='ocr_carea' id='block_1_105' title="bbox 504 5790 2148 5874">
    <p class='ocr_par' dir='ltr' id='par_1_105' title="bbox 504 5790 2148 5874">
     <span class='ocr_line' id='line_1_105' title="bbox 504 5790 2148 5874; baseline 0.009 -30"><span class='ocrx_word' id='word_1_802' title='bbox 504 5790 813 5847; x_wconf 81' lang='lat' dir='ltr'><strong>Persicam?</strong></span> <span class='ocrx_word' id='word_1_803' title='bbox 843 5790 982 5847; x_wconf 72' lang='lat' dir='ltr'><strong>Nam</strong></span> <span class='ocrx_word' id='word_1_804' title='bbox 1016 5794 1185 5863; x_wconf 89' lang='lat' dir='ltr'><strong>Bessi,</strong></span> <span class='ocrx_word' id='word_1_805' title='bbox 1214 5790 1457 5866; x_wconf 79' lang='lat' dir='ltr'><strong>exiguus</strong></span> <span class='ocrx_word' id='word_1_806' title='bbox 1494 5790 1730 5855; x_wconf 74' lang='lat' dir='ltr'><strong>olime</strong></span> <span class='ocrx_word' id='word_1_807' title='bbox 1767 5801 2005 5858; x_wconf 89' lang='lat' dir='ltr'><strong>Thracia</strong></span> <span class='ocrx_word' id='word_1_808' title='bbox 2040 5819 2148 5874; x_wconf 88' lang='lat' dir='ltr'><strong>po-</strong></span> 
     </span>
    </p>
   </div>
   <div class='ocr_carea' id='block_1_106' title="bbox 2254 4589 3899 4667">
    <p class='ocr_par' dir='ltr' id='par_1_106' title="bbox 2254 4589 3899 4667">
     <span class='ocr_line' id='line_1_106' title="bbox 2254 4589 3899 4667; baseline -0.006 -15"><span class='ocrx_word' id='word_1_809' title='bbox 2254 4597 2522 4667; x_wconf 89' lang='lat' dir='ltr'><strong>matibus,</strong></span> <span class='ocrx_word' id='word_1_810' title='bbox 2554 4597 2734 4651; x_wconf 92' lang='lat' dir='ltr'><strong>visum</strong></span> <span class='ocrx_word' id='word_1_811' title='bbox 2777 4600 2861 4649; x_wconf 91' lang='lat' dir='ltr'><strong>est</strong></span> <span class='ocrx_word' id='word_1_812' title='bbox 2902 4593 3062 4649; x_wconf 91' lang='lat' dir='ltr'><strong>nobis</strong></span> <span class='ocrx_word' id='word_1_813' title='bbox 3102 4609 3207 4665; x_wconf 91' lang='lat' dir='ltr'><strong>per</strong></span> <span class='ocrx_word' id='word_1_814' title='bbox 3236 4593 3544 4663; x_wconf 66' lang='lat' dir='ltr'><strong>Egyptum</strong></span> <span class='ocrx_word' id='word_1_815' title='bbox 3573 4589 3808 4644; x_wconf 87' lang='lat' dir='ltr'><strong>reverti.</strong></span> <span class='ocrx_word' id='word_1_816' title='bbox 3834 4590 3899 4643; x_wconf 86' lang='lat' dir='ltr'><strong>Et</strong></span> 
     </span>
    </p>
   </div>
   <div class='ocr_carea' id='block_1_107' title="bbox 2251 4684 3897 4759">
    <p class='ocr_par' dir='ltr' id='par_1_107' title="bbox 2251 4684 3897 4759">
     <span class='ocr_line' id='line_1_107' title="bbox 2251 4684 3897 4759; baseline -0.007 -12"><span class='ocrx_word' id='word_1_817' title='bbox 2251 4691 2514 4747; x_wconf 90' lang='lat' dir='ltr'><strong>venimus</strong></span> <span class='ocrx_word' id='word_1_818' title='bbox 2540 4691 2602 4744; x_wconf 89' lang='lat' dir='ltr'><strong>in</strong></span> <span class='ocrx_word' id='word_1_819' title='bbox 2627 4690 2910 4744; x_wconf 83' lang='lat' dir='ltr'><strong>civitatem</strong></span> <span class='ocrx_word' id='word_1_820' title='bbox 2947 4688 3009 4742; x_wconf 92' lang='lat' dir='ltr'><strong>in</strong></span> <span class='ocrx_word' id='word_1_821' title='bbox 3046 4704 3159 4759; x_wconf 91' lang='lat' dir='ltr'><strong>qua</strong></span> <span class='ocrx_word' id='word_1_822' title='bbox 3194 4684 3474 4758; x_wconf 86' lang='lat' dir='ltr'><strong>pugnavit</strong></span> <span class='ocrx_word' id='word_1_823' title='bbox 3510 4685 3733 4755; x_wconf 84' lang='lat' dir='ltr'><strong>Moyses</strong></span> <span class='ocrx_word' id='word_1_824' title='bbox 3772 4698 3897 4737; x_wconf 90' lang='lat' dir='ltr'><strong>cum</strong></span> 
     </span>
    </p>
   </div>
   <div class='ocr_carea' id='block_1_108' title="bbox 2252 4777 3897 4856">
    <p class='ocr_par' dir='ltr' id='par_1_108' title="bbox 2252 4777 3897 4856">
     <span class='ocr_line' id='line_1_108' title="bbox 2252 4777 3897 4856; baseline -0.008 -15"><span class='ocrx_word' id='word_1_825' title='bbox 2252 4786 2536 4856; x_wconf 83' lang='lat' dir='ltr'><strong>Amalech,</strong></span> <span class='ocrx_word' id='word_1_826' title='bbox 2559 4784 2660 4839; x_wconf 92' lang='lat' dir='ltr'><strong>ubi</strong></span> <span class='ocrx_word' id='word_1_827' title='bbox 2680 4785 2765 4838; x_wconf 89' lang='lat' dir='ltr'><strong>est</strong></span> <span class='ocrx_word' id='word_1_828' title='bbox 2793 4781 3126 4850; x_wconf 90' lang='lat' dir='ltr'><strong>oratorium,</strong></span> <span class='ocrx_word' id='word_1_829' title='bbox 3155 4780 3315 4850; x_wconf 91' lang='lat' dir='ltr'><strong>cujus</strong></span> <span class='ocrx_word' id='word_1_830' title='bbox 3339 4779 3514 4833; x_wconf 89' lang='lat' dir='ltr'><strong>altare</strong></span> <span class='ocrx_word' id='word_1_831' title='bbox 3536 4777 3799 4849; x_wconf 89' lang='lat' dir='ltr'><strong>positum</strong></span> <span class='ocrx_word' id='word_1_832' title='bbox 3819 4778 3897 4830; x_wconf 89' lang='lat' dir='ltr'><strong>est</strong></span> 
     </span>
    </p>
   </div>
   <div class='ocr_carea' id='block_1_109' title="bbox 2253 4870 3897 4951">
    <p class='ocr_par' dir='ltr' id='par_1_109' title="bbox 2253 4870 3897 4951">
     <span class='ocr_line' id='line_1_109' title="bbox 2253 4870 3897 4951; baseline -0.007 -17"><span class='ocrx_word' id='word_1_833' title='bbox 2253 4896 2424 4951; x_wconf 87' lang='lat' dir='ltr'><strong>super</strong></span> <span class='ocrx_word' id='word_1_834' title='bbox 2444 4877 2659 4950; x_wconf 88' lang='lat' dir='ltr'><strong>lapides</strong></span> <span class='ocrx_word' id='word_1_835' title='bbox 2687 4877 2813 4931; x_wconf 88' lang='lat' dir='ltr'><strong>illos</strong></span> <span class='ocrx_word' id='word_1_836' title='bbox 2836 4893 2976 4948; x_wconf 90' lang='lat' dir='ltr'><strong>quos</strong></span> <span class='ocrx_word' id='word_1_837' title='bbox 3000 4876 3315 4946; x_wconf 90' lang='lat' dir='ltr'><strong>posuerunt</strong></span> <span class='ocrx_word' id='word_1_838' title='bbox 3349 4874 3533 4944; x_wconf 77' lang='lat' dir='ltr'><strong>Moyse</strong></span> <span class='ocrx_word' id='word_1_839' title='bbox 3582 4875 3809 4925; x_wconf 86' lang='lat' dir='ltr'><strong>orante.</strong></span> <span class='ocrx_word' id='word_1_840' title='bbox 3840 4870 3897 4922; x_wconf 86' lang='lat' dir='ltr'><strong>In</strong></span> 
     </span>
    </p>
   </div>
   <div class='ocr_carea' id='block_1_110' title="bbox 2251 4962 3896 5044">
    <p class='ocr_par' dir='ltr' id='par_1_110' title="bbox 2251 4962 3896 5044">
     <span class='ocr_line' id='line_1_110' title="bbox 2251 4962 3896 5044; baseline -0.007 -17"><span class='ocrx_word' id='word_1_841' title='bbox 2251 4973 2374 5028; x_wconf 92' lang='lat' dir='ltr'><strong>loco</strong></span> <span class='ocrx_word' id='word_1_842' title='bbox 2401 4973 2525 5044; x_wconf 91' lang='lat' dir='ltr'><strong>ipso</strong></span> <span class='ocrx_word' id='word_1_843' title='bbox 2560 4976 2646 5026; x_wconf 89' lang='lat' dir='ltr'><strong>est</strong></span> <span class='ocrx_word' id='word_1_844' title='bbox 2674 4970 2865 5025; x_wconf 90' lang='lat' dir='ltr'><strong>civitas</strong></span> <span class='ocrx_word' id='word_1_845' title='bbox 2891 4968 3113 5024; x_wconf 87' lang='lat' dir='ltr'><strong>munita</strong></span> <span class='ocrx_word' id='word_1_846' title='bbox 3139 4968 3207 5023; x_wconf 90' lang='lat' dir='ltr'><strong>de</strong></span> <span class='ocrx_word' id='word_1_847' title='bbox 3234 4966 3522 5034; x_wconf 88' lang='lat' dir='ltr'><strong>lateribus,</strong></span> <span class='ocrx_word' id='word_1_848' title='bbox 3548 4965 3713 5019; x_wconf 88' lang='lat' dir='ltr'><strong>locus</strong></span> <span class='ocrx_word' id='word_1_849' title='bbox 3737 4962 3896 5018; x_wconf 88' lang='lat' dir='ltr'><strong>steri-</strong></span> 
     </span>
    </p>
   </div>
   <div class='ocr_carea' id='block_1_111' title="bbox 2251 5057 3897 5137">
    <p class='ocr_par' dir='ltr' id='par_1_111' title="bbox 2251 5057 3897 5137">
     <span class='ocr_line' id='line_1_111' title="bbox 2251 5057 3897 5137; baseline -0.006 -17"><span class='ocrx_word' id='word_1_850' title='bbox 2251 5066 2320 5121; x_wconf 89' lang='lat' dir='ltr'><strong>lis</strong></span> <span class='ocrx_word' id='word_1_851' title='bbox 2350 5065 2515 5122; x_wconf 91' lang='lat' dir='ltr'><strong>valde</strong></span> <span class='ocrx_word' id='word_1_852' title='bbox 2539 5069 2773 5137; x_wconf 86' lang='lat' dir='ltr'><strong>prOpter</strong></span> <span class='ocrx_word' id='word_1_853' title='bbox 2794 5080 2987 5136; x_wconf 88' lang='lat' dir='ltr'><strong>aquas.</strong></span> <span class='ocrx_word' id='word_1_854' title='bbox 3009 5062 3090 5117; x_wconf 89' lang='lat' dir='ltr'><strong>Ibi</strong></span> <span class='ocrx_word' id='word_1_855' title='bbox 3109 5063 3478 5117; x_wconf 84' lang='lat' dir='ltr'><strong>occurrean</strong></span> <span class='ocrx_word' id='word_1_856' title='bbox 3498 5058 3663 5114; x_wconf 90' lang='lat' dir='ltr'><strong>nobis</strong></span> <span class='ocrx_word' id='word_1_857' title='bbox 3692 5057 3897 5113; x_wconf 90' lang='lat' dir='ltr'><strong>mulie-</strong></span> 
     </span>
    </p>
   </div>
   <div class='ocr_carea' id='block_1_112' title="bbox 2252 5228 3895 5309">
    <p class='ocr_par' dir='ltr' id='par_1_112' title="bbox 2252 5228 3895 5309">
     <span class='ocr_line' id='line_1_112' title="bbox 2252 5228 3895 5309; baseline -0.005 -18"><span class='ocrx_word' id='word_1_858' title='bbox 2252 5236 2440 5309; x_wconf 89' lang='lat' dir='ltr'><strong>pulus,</strong></span> <span class='ocrx_word' id='word_1_859' title='bbox 2474 5241 2531 5291; x_wconf 90' lang='lat' dir='ltr'><strong>et</strong></span> <span class='ocrx_word' id='word_1_860' title='bbox 2567 5251 2634 5290; x_wconf 90' lang='lat' dir='ltr'><strong>eo</strong></span> <span class='ocrx_word' id='word_1_861' title='bbox 2676 5252 2791 5307; x_wconf 92' lang='lat' dir='ltr'><strong>quo</strong></span> <span class='ocrx_word' id='word_1_862' title='bbox 2811 5235 2948 5309; x_wconf 71' lang='lat' dir='ltr'><strong>hac</strong></span> <span class='ocrx_word' id='word_1_863' title='bbox 2986 5232 3295 5303; x_wconf 85' lang='lat' dir='ltr'><strong>composita</strong></span> <span class='ocrx_word' id='word_1_864' title='bbox 3330 5234 3464 5309; x_wconf 83' lang='lat' dir='ltr'><strong>sunt</strong></span> <span class='ocrx_word' id='word_1_865' title='bbox 3499 5246 3619 5309; x_wconf 86' lang='lat' dir='ltr'><strong>avo</strong></span> <span class='ocrx_word' id='word_1_866' title='bbox 3642 5229 3766 5309; x_wconf 83' lang='lat' dir='ltr'><strong>_sub</strong></span> <span class='ocrx_word' id='word_1_867' title='bbox 3804 5228 3895 5283; x_wconf 88' lang='lat' dir='ltr'><strong>tali</strong></span> 
     </span>
    </p>
   </div>
   <div class='ocr_carea' id='block_1_113' title="bbox 2251 5301 3891 5377">
    <p class='ocr_par' dir='ltr' id='par_1_113' title="bbox 2251 5301 3891 5377">
     <span class='ocr_line' id='line_1_113' title="bbox 2251 5301 3891 5377; baseline -0.006 -14"><span class='ocrx_word' id='word_1_868' title='bbox 2251 5301 2485 5363; x_wconf 76' lang='lat' dir='ltr'><strong>nomine</strong></span> <span class='ocrx_word' id='word_1_869' title='bbox 2521 5324 2637 5361; x_wconf 91' lang='lat' dir='ltr'><strong>non</strong></span> <span class='ocrx_word' id='word_1_870' title='bbox 2674 5301 2931 5377; x_wconf 14' lang='lat' dir='ltr'><strong>amplius,</strong></span> <span class='ocrx_word' id='word_1_871' title='bbox 2956 5301 3152 5377; x_wconf 70' lang='lat' dir='ltr'><strong>notus,</strong></span> <span class='ocrx_word' id='word_1_872' title='bbox 3188 5320 3303 5377; x_wconf 85' lang='lat' dir='ltr'><strong>non</strong></span> <span class='ocrx_word' id='word_1_873' title='bbox 3337 5302 3605 5377; x_wconf 84' lang='lat' dir='ltr'><strong>videntur</strong></span> <span class='ocrx_word' id='word_1_874' title='bbox 3641 5301 3761 5356; x_wconf 88' lang='lat' dir='ltr'><strong>huc</strong></span> <span class='ocrx_word' id='word_1_875' title='bbox 3797 5315 3891 5371; x_wconf 91' lang='lat' dir='ltr'><strong>po-</strong></span> 
     </span>
    </p>
   </div>
   <div class='ocr_carea' id='block_1_114' title="bbox 2251 5372 3891 5449">
    <p class='ocr_par' dir='ltr' id='par_1_114' title="bbox 2251 5372 3891 5449">
     <span class='ocr_line' id='line_1_114' title="bbox 2251 5372 3891 5449; baseline -0.006 -15"><span class='ocrx_word' id='word_1_876' title='bbox 2251 5380 2424 5435; x_wconf 87' lang='lat' dir='ltr'><strong>tuisse</strong></span> <span class='ocrx_word' id='word_1_877' title='bbox 2452 5379 2701 5449; x_wconf 85' lang='lat' dir='ltr'><strong>irrepere</strong></span> <span class='ocrx_word' id='word_1_878' title='bbox 2738 5372 2841 5449; x_wconf 78' lang='lat' dir='ltr'><strong>per</strong></span> <span class='ocrx_word' id='word_1_879' title='bbox 2863 5375 3112 5449; x_wconf 81' lang='lat' dir='ltr'><strong>aliquem</strong></span> <span class='ocrx_word' id='word_1_880' title='bbox 3139 5374 3316 5449; x_wconf 77' lang='lat' dir='ltr'><strong>ipsius</strong></span> <span class='ocrx_word' id='word_1_881' title='bbox 3342 5372 3588 5449; x_wconf 82' lang='lat' dir='ltr'><strong>auctoris</strong></span> <span class='ocrx_word' id='word_1_882' title='bbox 3614 5387 3891 5449; x_wconf 74' lang='lat' dir='ltr'><strong>errorem.</strong></span> 
     </span>
    </p>
   </div>
   <div class='ocr_carea' id='block_1_115' title="bbox 2324 5443 3890 5523">
    <p class='ocr_par' dir='ltr' id='par_1_115' title="bbox 2324 5443 3890 5523">
     <span class='ocr_line' id='line_1_115' title="bbox 2324 5443 3890 5523; baseline -0.005 -20"><span class='ocrx_word' id='word_1_883' title='bbox 2324 5443 2619 5523; x_wconf 49' lang='lat' dir='ltr'><strong>eDeberet</strong></span> <span class='ocrx_word' id='word_1_884' title='bbox 2672 5443 2795 5523; x_wconf 73' lang='lat' dir='ltr'><strong>hac</strong></span> <span class='ocrx_word' id='word_1_885' title='bbox 2851 5443 3046 5523; x_wconf 72' lang='lat' dir='ltr'><strong>civitas</strong></span> <span class='ocrx_word' id='word_1_886' title='bbox 3102 5443 3573 5523; x_wconf 42' lang='lat' dir='ltr'><strong>Abela_concipi.</strong></span> <span class='ocrx_word' id='word_1_887' title='bbox 3614 5443 3688 5497; x_wconf 90' lang='lat' dir='ltr'><strong>ad</strong></span> <span class='ocrx_word' id='word_1_888' title='bbox 3746 5455 3890 5523; x_wconf 65' lang='lat' dir='ltr'><strong>mare</strong></span> 
     </span>
    </p>
   </div>
   <div class='ocr_carea' id='block_1_116' title="bbox 2251 5510 3890 5590">
    <p class='ocr_par' dir='ltr' id='par_1_116' title="bbox 2251 5510 3890 5590">
     <span class='ocr_line' id='line_1_116' title="bbox 2251 5510 3890 5590; baseline -0.007 -13"><span class='ocrx_word' id='word_1_889' title='bbox 2251 5522 2530 5589; x_wconf 85' lang='lat' dir='ltr'><strong>Rubrum,</strong></span> <span class='ocrx_word' id='word_1_890' title='bbox 2562 5521 2713 5575; x_wconf 92' lang='lat' dir='ltr'><strong>haud</strong></span> <span class='ocrx_word' id='word_1_891' title='bbox 2738 5520 2906 5590; x_wconf 86' lang='lat' dir='ltr'><strong>longe</strong></span> <span class='ocrx_word' id='word_1_892' title='bbox 2931 5535 2964 5571; x_wconf 90' lang='lat' dir='ltr'><strong>a</strong></span> <span class='ocrx_word' id='word_1_893' title='bbox 2992 5519 3140 5590; x_wconf 83' lang='lat' dir='ltr'><strong>Meca</strong></span> <span class='ocrx_word' id='word_1_894' title='bbox 3160 5534 3177 5585; x_wconf 85' lang='lat'><strong>;</strong></span> <span class='ocrx_word' id='word_1_895' title='bbox 3219 5516 3316 5590; x_wconf 83' lang='lat' dir='ltr'><strong>sed</strong></span> <span class='ocrx_word' id='word_1_896' title='bbox 3354 5532 3459 5570; x_wconf 91' lang='lat' dir='ltr'><strong>nec</strong></span> <span class='ocrx_word' id='word_1_897' title='bbox 3618 5530 3727 5568; x_wconf 89' lang='lat' dir='ltr'><strong>nec</strong></span> <span class='ocrx_word' id='word_1_898' title='bbox 3770 5510 3890 5567; x_wconf 85' lang='lat' dir='ltr'><strong>alibi</strong></span> 
     </span>
    </p>
   </div>
   <div class='ocr_carea' id='block_1_117' title="bbox 2251 5586 3890 5658">
    <p class='ocr_par' dir='ltr' id='par_1_117' title="bbox 2251 5586 3890 5658">
     <span class='ocr_line' id='line_1_117' title="bbox 2251 5586 3890 5658; baseline -0.005 -11"><span class='ocrx_word' id='word_1_899' title='bbox 2251 5593 2310 5647; x_wconf 89' lang='lat' dir='ltr'><strong>in</strong></span> <span class='ocrx_word' id='word_1_900' title='bbox 2336 5598 2454 5647; x_wconf 91' lang='lat' dir='ltr'><strong>tota</strong></span> <span class='ocrx_word' id='word_1_901' title='bbox 2481 5586 2685 5646; x_wconf 72' lang='lat' dir='ltr'><strong>Arabia</strong></span> <span class='ocrx_word' id='word_1_902' title='bbox 2709 5586 2917 5645; x_wconf 75' lang='lat' dir='ltr'><strong>nomen</strong></span> <span class='ocrx_word' id='word_1_903' title='bbox 2946 5588 3094 5642; x_wconf 87' lang='lat' dir='ltr'><strong>istud</strong></span> <span class='ocrx_word' id='word_1_904' title='bbox 3121 5588 3273 5658; x_wconf 89' lang='lat' dir='ltr'><strong>apud</strong></span> <span class='ocrx_word' id='word_1_905' title='bbox 3303 5586 3661 5658; x_wconf 84' lang='lat' dir='ltr'><strong>geographos</strong></span> <span class='ocrx_word' id='word_1_906' title='bbox 3686 5590 3890 5658; x_wconf 71' lang='lat' dir='ltr'><strong>veteres</strong></span> 
     </span>
    </p>
   </div>
   <div class='ocr_carea' id='block_1_118' title="bbox 2250 5656 3886 5735">
    <p class='ocr_par' dir='ltr' id='par_1_118' title="bbox 2250 5656 3886 5735">
     <span class='ocr_line' id='line_1_118' title="bbox 2250 5656 3886 5735; baseline -0.006 -16"><span class='ocrx_word' id='word_1_907' title='bbox 2250 5680 2534 5735; x_wconf 88' lang='lat' dir='ltr'><strong>novosque</strong></span> <span class='ocrx_word' id='word_1_908' title='bbox 2577 5660 3078 5735; x_wconf 44' lang='lat' dir='ltr'><strong>reperitursobene</strong></span> <span class='ocrx_word' id='word_1_909' title='bbox 3115 5656 3325 5735; x_wconf 68' lang='lat' dir='ltr'><strong>autem</strong></span> <span class='ocrx_word' id='word_1_910' title='bbox 3348 5656 3803 5735; x_wconf 14' lang='lat' dir='ltr'><strong>ingMadianitide</strong></span> <span class='ocrx_word' id='word_1_911' title='bbox 3839 5657 3886 5735; x_wconf 67' lang='lat' dir='ltr'><strong>et</strong></span> 
     </span>
    </p>
   </div>
   <div class='ocr_carea' id='block_1_119' title="bbox 2249 5724 3887 5801">
    <p class='ocr_par' dir='ltr' id='par_1_119' title="bbox 2249 5724 3887 5801">
     <span class='ocr_line' id='line_1_119' title="bbox 2249 5724 3887 5801; baseline -0.007 -12"><span class='ocrx_word' id='word_1_912' title='bbox 2249 5734 2319 5789; x_wconf 90' lang='lat' dir='ltr'><strong>ad</strong></span> <span class='ocrx_word' id='word_1_913' title='bbox 2344 5724 2531 5789; x_wconf 76' lang='lat' dir='ltr'><strong>lacum</strong></span> <span class='ocrx_word' id='word_1_914' title='bbox 2567 5724 2931 5801; x_wconf 72' lang='lat' dir='ltr'><strong>Genezareth,</strong></span> <span class='ocrx_word' id='word_1_915' title='bbox 2969 5730 3056 5785; x_wconf 93' lang='lat' dir='ltr'><strong>vel</strong></span> <span class='ocrx_word' id='word_1_916' title='bbox 3092 5730 3250 5785; x_wconf 87' lang='lat' dir='ltr'><strong>Abila</strong></span> <span class='ocrx_word' id='word_1_917' title='bbox 3284 5730 3348 5801; x_wconf 88' lang='lat' dir='ltr'><strong>in</strong></span> <span class='ocrx_word' id='word_1_918' title='bbox 3393 5727 3720 5800; x_wconf 73' lang='lat' dir='ltr'><strong>Calesyria,</strong></span> <span class='ocrx_word' id='word_1_919' title='bbox 3753 5724 3887 5780; x_wconf 86' lang='lat' dir='ltr'><strong>unde</strong></span> 
     </span>
    </p>
   </div>
   <div class='ocr_carea' id='block_1_120' title="bbox 2249 5800 3339 5874">
    <p class='ocr_par' dir='ltr' id='par_1_120' title="bbox 2249 5800 3339 5874">
     <span class='ocr_line' id='line_1_120' title="bbox 2249 5800 3339 5874; baseline -0.006 -12"><span class='ocrx_word' id='word_1_920' title='bbox 2249 5806 2468 5862; x_wconf 81' lang='lat' dir='ltr'><strong>Abilina</strong></span> <span class='ocrx_word' id='word_1_921' title='bbox 2492 5803 2813 5861; x_wconf 86' lang='lat' dir='ltr'><strong>Tetrarchia</strong></span> <span class='ocrx_word' id='word_1_922' title='bbox 2837 5800 3054 5859; x_wconf 89' lang='lat' dir='ltr'><strong>nomen</strong></span> <span class='ocrx_word' id='word_1_923' title='bbox 3078 5800 3339 5874; x_wconf 87' lang='lat' dir='ltr'><strong>sumpsit.</strong></span> 
     </span>
    </p>
   </div>
  </div>
