4034 6228
126 387 229 439 913

1580 386 2038 443 ITINERARIUM.

3398 394 3502 449 914

125 508 216 547 res
245 507 383 547 cum
408 490 745 561 infantibus,
772 491 985 562 palmas
1004 493 1064 547 in
1084 492 1347 548 manibus
1376 495 1687 565 portantes,
1709 497 1767 548 et
1787 506 1846 579 Α
1865 511 1967 566 per
1989 495 2216 567 Clysma
2241 499 2547 567 antequam
2565 497 2998 554 commisceatur
3022 515 3152 554 cum
3171 499 3328 555 oleo:
3358 515 3500 557 nam

127 582 417 653 ampullas
443 597 576 637 cum
605 580 806 636 rafano
828 581 976 649 oleo,
1012 580 1182 654 [quae]
1208 586 1507 654 prostratae
1526 582 1766 654 pedibus

127 680 342 735 nostris
387 680 678 748 ungebant
717 679 937 751 plantas
961 684 1183 735 nostras
1213 683 1268 734 et
1316 680 1502 751 capita
1549 686 1765 748 nostra,

128 773 330 845 lingua
356 773 684 846 Egyptiaca
710 774 1014 845 psallentes
1040 772 1413 844 antiphonam
1441 790 1455 827 :
1482 794 1510 823 «
1533 772 1769 830 Benedi-

128 866 203 922 cti
229 883 329 921 vos
372 883 406 921 a
452 866 721 936 Domino,
753 872 811 922 et
854 866 1186 921 benedictus
1233 866 1514 922 adventus
1560 870 1764 936 vester,

130 962 397 1016 Hosanna
425 960 486 1015 in
510 960 765 1016 excelsis.
798 981 827 1009 »
859 962 982 1032 Ipsa
1009 964 1096 1015 est
1118 965 1271 1015 terra
1295 960 1539 1029 Madian,
1574 963 1631 1015 et
1656 959 1767 1031 ipsi

128 1054 455 1110 habitantes
479 1053 541 1109 in
560 1070 628 1109 ea
645 1053 889 1108 civitate.
914 1053 1128 1108 Dicitur
1148 1056 1340 1108 autem
1360 1053 1493 1125 quia
1507 1069 1575 1108 ex
1603 1052 1769 1107 fami-

129 1147 203 1202 lia
229 1147 446 1216 Jethro,
487 1146 663 1202 soceri
705 1146 925 1217 Moysis,
956 1146 1308 1202 descendunt
1338 1162 1472 1201 Lvm
1499 1155 1526 1185 ι
1551 1146 1762 1201 condo-

129 1256 263 1309 ωε,
293 1240 601 1295 militantes
626 1240 685 1296 in
711 1239 938 1311 publico
964 1256 1095 1294 cum
1117 1239 1391 1295 uxoribus
1423 1238 1558 1307 suis,
1592 1255 1769 1295 anno-

131 1350 267 1388 nam
294 1338 354 1388 et
380 1335 562 1389 vestes
588 1333 928 1405 accipientes
956 1349 1027 1388 ex
1052 1335 1310 1404 Egypto.

203 1427 292 1481 41.
326 1427 404 1481 De
431 1425 638 1498 quibus
678 1426 815 1481 locis
841 1427 1099 1481 venimus
1141 1425 1395 1498 Magdalo
1423 1445 1451 1487 ι)
1484 1430 1540 1481 et
1565 1426 1769 1481 Sochot

134 1524 193 1574 et
222 1519 297 1574 ad
325 1535 431 1574 Lxx
479 1521 700 1591 palmas
726 1524 786 1574 et
825 1520 896 1574 ad
934 1536 1009 1575 xu
1034 1520 1221 1575 fontes
1247 1537 1264 1588 ;
1296 1523 1354 1575 et
1390 1518 1768 1590 applicuimus

131 1612 208 1667 ibi
252 1628 361 1685 per
403 1613 545 1668 duos
572 1614 713 1683 dies,
759 1613 983 1685 fatigati
1013 1629 1118 1684 per
1159 1616 1381 1667 tantum
1428 1613 1682 1667 laborem
1711 1616 1769 1667 et

134 1706 311 1761 eremi
329 1707 667 1761 vastitatem.
694 1707 755 1761 In
777 1723 892 1778 quo
919 1706 1041 1760 loco
1057 1710 1140 1760 est
1158 1706 1455 1760 castellum
1477 1705 1769 1761 modicum

132 1804 285 1875 quod
314 1807 546 1858 vocatur
571 1816 594 1844 ε
619 1802 955 1870 Surandela,
984 1807 1041 1857 et
1069 1806 1154 1857 est
1178 1803 1329 1858 infra
1358 1803 1546 1875 ipsum
1573 1803 1769 1859 castel-

1868 590 1915 643 si
1942 605 2059 643 non
2076 590 2511 659 adulteraretur,
2531 590 2700 645 credo
2720 590 2857 661 quia
2876 591 3057 663 ipsam
3076 592 3346 647 virtutem
3358 608 3504 649 sem-

1867 699 1971 753 per
1993 683 2209 737 faceret
2240 699 2253 737 :
2285 699 2417 737 nam
2459 683 2644 754 liquor
2667 684 2844 754 ipsius
2869 690 3026 739 tenet
3055 685 3333 757 [odorem]
3366 703 3498 742 con-

1867 775 2028 830 tinuo
2055 792 2161 846 per
2185 776 2298 830 duo
2326 776 2523 831 millia.
2557 776 2706 832 Infra
2736 777 3021 832 civitatem
3054 778 3235 850 ipsam
3260 795 3392 852 qua:
3422 780 3503 836 di-

1868 868 2015 923 citur
2038 869 2280 940 Clysma,
2308 869 2461 923 intus
2486 869 2547 923 in
2567 870 2794 925 basilica
2822 871 3064 925 vidimus
3083 871 3295 927 loculos
3322 873 3503 945 ligne-

1866 978 1929 1016 os
1946 964 2271 1016 sanctorum
2302 962 2668 1017 eremitarum
2696 965 2926 1018 Patrum
2955 980 3069 1019 xxv.

1939 1056 2031 1110 43.
2062 1057 2130 1110 Et
2158 1054 2292 1110 inde
2320 1055 2579 1110 venimus
2629 1073 2732 1127 per
2767 1072 3024 1112 eremum
3056 1058 3129 1112 ad
3167 1058 3501 1130 speluncam

1866 1147 2020 1203 beati
2046 1147 2203 1202 Pauli
2224 1148 2481 1203 eremitaa
2505 1161 2549 1217 ο,
2576 1165 2704 1220 quae
2722 1154 2955 1205 vocatur
2980 1150 3337 1221 Siracumba,
3361 1151 3500 1223 quia

1868 1241 1992 1296 fons
2019 1241 2209 1312 ipsum
2249 1242 2435 1296 locum
2478 1242 2694 1314 irrigat.
2739 1243 2950 1297 Exinde
2988 1249 3296 1315 pergentes
3342 1244 3497 1300 veni-

1868 1351 1995 1389 mus
2021 1334 2094 1389 ad
2121 1339 2427 1389 cataractas
2447 1336 2577 1403 Nili,
2599 1335 2699 1391 ubi
2724 1336 2978 1391 ascendit
3003 1353 3150 1408 aqua
3174 1337 3246 1391 ad
3269 1337 3501 1409 signum

1864 1444 2068 1483 manus
2096 1427 2343 1507 hominis
2372 1427 2539 1498 facta,
2584 1432 2643 1483 et
2674 1429 2846 1483 habet
2873 1430 3083 1501 gradus
3120 1447 3216 1485 xu.
3247 1431 3324 1484 Ex
3352 1435 3499 1485 utra-

1868 1538 1978 1594 que
2023 1523 2184 1592 parte
2223 1524 2636 1576 cataractarum
2673 1526 2806 1576 sunt
2856 1522 2984 1577 dua:
3036 1522 3309 1589 civitates,
3358 1539 3498 1594 quas

1870 1614 2175 1669 aediﬁcasse
2203 1613 2400 1668 dicunt
2427 1614 2570 1668 tilias
2597 1615 2620 1637 ‘
2645 1615 2805 1684 Loth,
2829 1618 2888 1669 et
2916 1631 3034 1669 una
3060 1631 3260 1669 earum
3291 1616 3501 1670 dicitur

1868 1707 2192 1779 Babylonia.
2240 1707 2377 1762 lude
2403 1708 2669 1762 venimus
2694 1724 2797 1779 per
2838 1724 3075 1779 campos
3115 1710 3333 1763 Taneos
3360 1710 3417 1762 et
3441 1708 3503 1764 in

1866 1801 2142 1872 Memphis
2169 1800 2478 1863 civitatem,
2524 1805 2581 1855 et
2614 1801 2947 1871 Antinoum,
2974 1802 3035 1855 in
3081 1818 3193 1873 qua
3221 1800 3505 1857 residebat

128 1869 252 1951 lum
299 1896 537 1951 ecclesia
560 1912 693 1950 cum
733 1869 1089 1951 xenodochio
1118 1900 1353 1967 propter
1381 1869 1762 1951 transeuntes.
1786 1869 1843 1941 B
1866 1869 2082 1949 Pharao
2112 1911 2182 1948 ex
2220 1911 2337 1965 qua
2377 1909 2398 1950 ς
2432 1893 2532 1948 ﬁlii
2565 1896 2732 1949 Israel
2763 1869 3045 1949 exierunt.
3096 1869 3158 1948 in
3200 1894 3338 1966 ipsis
3365 1894 3502 1949 locis

128 1989 261 2045 Inde
284 1991 528 2044 venimus
550 1988 626 2043 ad
648 1990 817 2043 locum
832 1989 928 2042 ubi
950 1989 1055 2057 ﬁlii
1069 1990 1238 2044 Israel
1257 1994 1594 2044 transeuntes
1619 2004 1770 2043 mare

130 2082 376 2139 Rubrum
416 2083 806 2145 castrametati,
851 2086 902 2136 et
947 2081 1028 2135 ibi
1064 2082 1319 2136 similiter
1345 2082 1627 2137 castellum
1651 2097 1769 2136 cum

127 2175 484 2238 xenodochio,
511 2179 563 2229 et
586 2176 646 2229 in
674 2175 786 2229 loco
808 2190 911 2244 quo
937 2176 1185 2229 exierunt
1208 2175 1275 2229 de
1311 2176 1456 2229 mari
1496 2179 1573 2230 est
1595 2179 1770 2230 orato-

130 2272 277 2324 rium
299 2269 458 2325 Elis.
487 2269 554 2322 Et
580 2270 939 2323 transeuntes
963 2267 1225 2323 venimus
1252 2268 1313 2323 in
1342 2268 1535 2322 locum
1559 2268 1661 2323 ubi
1686 2268 1771 2322 in-

133 2365 431 2416 traverunt
480 2360 541 2415 in
584 2376 761 2430 mare,
790 2361 891 2415 ubi
931 2364 1017 2416 est
1061 2361 1373 2416 oratorium
1414 2360 1638 2433 Moysis.
1688 2360 1769 2416 lbi

132 2460 217 2510 est
241 2455 438 2509 civitas
461 2470 636 2526 parva
658 2470 788 2525 quas
814 2455 1135 2525 appellatur
1155 2454 1381 2525 Clysma
1405 2454 1452 2521 ἀ,
1473 2454 1569 2509 ubi
1590 2454 1661 2509 de
1686 2455 1769 2508 ln-

131 2548 224 2603 dia
266 2563 440 2602 naves
468 2547 723 2602 veniunt.
753 2548 816 2600 In
855 2547 979 2603 loco
1009 2546 1105 2601 ubi
1144 2546 1495 2602 transierunt
1522 2546 1543 2571 "
1572 2547 1769 2617 fulgur

133 2640 249 2695 exit
270 2641 342 2695 de
369 2640 573 2711 pelago
602 2640 807 2710 majori
842 2643 898 2693 et
923 2639 1251 2695 extenditur
1275 2640 1336 2694 in
1368 2640 1565 2694 multis
1591 2639 1763 2694 milli-

132 2734 257 2801 bus,
291 2732 427 2803 quia
468 2748 726 2786 accessus
755 2736 812 2786 et
836 2748 1090 2787 recessus
1112 2748 1277 2803 aqua;
1309 2732 1569 2787 habetur.
1598 2733 1769 2787 Rece-

132 2826 301 2880 dente
330 2825 474 2879 mari
502 2830 740 2896 apparet
767 2825 952 2880 omnis
1001 2825 1316 2880 submersio
1342 2825 1675 2894 Pharaonis,
1709 2829 1766 2880 et

134 2919 326 2974 omnia
344 2934 506 2973 arma
533 2918 596 2973 in
625 2935 917 2974 marmora
954 2921 1171 2974 mutata
1196 2918 1486 2973 videntur.
1527 2918 1607 2973 lbi
1629 2918 1769 2972 acci-

135 3012 337 3083 pimus.
368 3027 538 3065 nuces
563 3011 792 3081 virides,
824 3027 956 3083 quae
997 3013 1065 3067 de
1098 3012 1253 3066 ludia
1280 3014 1579 3080 venerunt,
1628 3026 1768 3082 quas

136 3104 204 3160 de
231 3104 492 3177 paradiso
520 3106 760 3160 credunt
784 3105 1049 3161 homines
1066 3121 1223 3174 esse;
1256 3107 1313 3160 et
1342 3104 1442 3176 qui
1462 3120 1531 3159 ex
1558 3103 1650 3159 his
1670 3120 1768 3175 gu-

134 3198 365 3254 staverit
389 3198 412 3220 *
438 3202 690 3253 sanatur.

197 3293 289 3347 42.
312 3292 468 3345 Intus
492 3296 687 3346 autem
717 3290 777 3346 in
806 3290 929 3363 ipso
955 3291 1160 3363 pelago
1191 3290 1416 3346 modica
1439 3294 1525 3346 est
1560 3290 1763 3360 insula,

132 3386 188 3440 in
215 3401 333 3457 qua
358 3386 444 3439 est
468 3388 629 3455 petra
652 3384 799 3453 viva,
829 3384 925 3439 ubi
965 3385 1218 3456 pendent
1245 3384 1268 3407 ‘
1303 3384 1522 3454 molles,
1554 3389 1615 3439 ut
1645 3400 1764 3440 car-

128 3478 241 3547 uei,
266 3478 331 3532 in
358 3477 598 3533 modum
616 3478 993 3549 dactylorum,
1014 3477 1114 3549 qui
1134 3477 1383 3533 fundunt
1407 3480 1769 3549 unguentum

126 3571 285 3644 quod
312 3572 505 3625 oleum
530 3571 819 3643 petrinum
839 3574 1065 3641 vocant,
1095 3570 1250 3643 quod
1268 3588 1375 3642 pro
1404 3572 1654 3626 maxima
1676 3571 1770 3626 be-

125 3665 457 3721 nedictione
482 3664 719 3720 tollitur.
738 3666 844 3719 Vas
870 3664 929 3718 in
946 3681 1058 3736 quo
1086 3667 1365 3736 portatur,
1394 3665 1443 3719 si
1464 3665 1769 3736 impletum

126 3758 322 3827 fuerit,
351 3760 409 3812 et
434 3758 679 3813 volueris
708 3758 1014 3813 rediterare
1033 3758 1104 3813 ad
1130 3758 1472 3827 tollendum,
1496 3758 1623 3829 jam
1651 3775 1767 3813 non

128 3868 262 3908 eum
289 3850 458 3922 capit.
490 3853 554 3907 In
582 3867 695 3923 quo
723 3852 845 3905 loco
864 3851 1311 3923 quanticumque
1331 3851 1532 3923 aegroti
1552 3852 1770 3922 pertin-

132 3962 267 4018 gere
290 3948 547 4018 possunt,
578 3943 601 3966 ⁸
625 3950 915 3999 sanantur.
944 3945 1124 4009 Quem
1159 3943 1480 4017 [liquorem]
1509 3944 1770 3999 tollentes

130 4056 238 4112 pro
248 4038 673 4106 benedictione,
687 4054 805 4093 non
818 4055 953 4093 eum
964 4038 1305 4110 permittunt
1314 4038 1524 4094 iterum
1534 4036 1769 4093 introire

204 4246 230 4274 ³
259 4234 560 4289 Condoma
584 4232 810 4288 videtur
834 4233 926 4288 hic
951 4233 1117 4288 scribi
1145 4249 1249 4304 pro
1282 4232 1538 4288 Familia.

201 4315 231 4355 δ
260 4314 360 4367 llic
380 4314 588 4369 iterum
613 4314 737 4385 loca
763 4313 1208 4385 disparatissima
1231 4313 1583 4385 conjungere
1603 4312 1767 4367 vide-

134 4389 228 4439 tur
252 4388 489 4439 auctor:
521 4384 768 4439 necdum
794 4384 948 4438 enim
980 4391 1316 4456 pervenerat
1341 4384 1415 4440 ad
1446 4384 1608 4452 Elim,
1638 4400 1765 4438 sex-

130 4463 253 4536 tam
294 4456 599 4536 stationem
628 4456 1033 4536 lsraelitaru‘m,
1064 4456 1164 4536 ubi
1194 4459 1360 4510 erant
1407 4471 1510 4536 {.xx
1556 4456 1768 4536 palmae

134 4530 194 4581 et
238 4542 314 4579 xu
346 4526 549 4592 fontes,
580 4532 646 4581 ut
682 4527 889 4581 dicitur
930 4527 1109 4581 Exodi
1135 4543 1226 4594 xv,
1257 4543 1388 4580 cum
1414 4525 1670 4596 loquitur
1697 4525 1768 4580 de

1787 3233 1842 3308 C

1867 1991 2000 2042 sunt
2026 1988 2231 2042 horrea
2249 1988 2459 2057 losepb
2479 2004 2555 2041 xu
2584 1988 2608 2010 "
2634 1987 2824 2058 plena.

1938 2081 2025 2135 44.
2057 2082 2117 2135 In
2153 2081 2427 2151 Memphis
2451 2081 2561 2135 fuit
2585 2080 2866 2151 templum
2889 2080 3043 2151 quod
3070 2084 3157 2135 est
3184 2080 3360 2135 modo
3398 2097 3493 2135 ec-

1867 2174 2055 2241 clesia,
2102 2174 2263 2245 cujus
2308 2190 2423 2228 una
2450 2178 2612 2245 porta
2655 2190 2713 2228 se
2755 2173 2952 2227 clausit
2980 2174 3001 2195 ’
3027 2178 3160 2227 ante
3189 2174 3493 2229 Dominum

1867 2271 2150 2335 nostrum,
2172 2267 2400 2339 quando
2426 2267 2598 2321 beata
2615 2266 2783 2322 Maria
2798 2282 2927 2320 cum
2952 2265 3073 2338 ipso
3085 2266 3237 2337 fugit
3262 2267 3321 2321 in
3336 2269 3501 2339 Egy-

1866 2366 2029 2433 ptum
2060 2379 2075 2430 ;
2110 2364 2167 2415 et
2198 2360 2385 2415 adhuc
2414 2377 2529 2414 non
2552 2364 2741 2432 potest
2759 2358 2989 2431 aperiri.
3026 2358 3105 2413 lbi
3122 2359 3366 2414 vidimus
3383 2361 3501 2431 pal-

1868 2454 2010 2508 lium
2036 2454 2250 2509 lineum
2272 2453 2333 2507 in
2352 2469 2464 2525 quo
2491 2453 2684 2508 dicunt
2705 2453 2866 2507 illum
2889 2456 3146 2524 tempore
3166 2453 3189 2475 ⁸
3209 2453 3306 2509 illo
3323 2456 3502 2507 trans-

1868 2548 1997 2614 isse,
2045 2553 2102 2603 et
2150 2547 2357 2601 idcirco
2395 2546 2474 2601 ibi
2519 2547 2641 2617 ejus
2688 2545 3033 2601 remansisse
3076 2546 3315 2617 vestigia
3370 2563 3500 2618 qum

1866 2640 2058 2713 imago
2090 2640 2169 2696 ibi
2208 2640 2450 2712 singulis
2474 2640 2823 2710 temporibus
2841 2640 3129 2708 adoratur,
3154 2642 3214 2693 et
3240 2656 3344 2693 nos
3364 2639 3499 2695 ado-

1867 2734 2116 2789 ravimus
2135 2734 2178 2801 ‘,
2206 2738 2263 2790 et
2290 2739 2529 2806 propter
2552 2732 2914 2804 splendorem
2960 2748 3075 2787 non
3108 2732 3402 2804 potuimus
3433 2733 3495 2787 in

1867 2844 1994 2883 eam
2017 2828 2334 2897 intendere,
2364 2826 2498 2899 quia
2512 2831 2796 2898 quantum
2817 2826 2877 2880 in
2894 2825 3078 2897 ipsam
3096 2822 3367 2895 intendis,
3394 2825 3502 2881 im-

1866 2923 2122 2976 mutatur
2148 2921 2205 2975 in
2233 2921 2407 2975 oculis
2435 2920 2566 2976 tuis.

1939 3016 2027 3070 45.
2058 3013 2479 3069 Descendentes
2505 3028 2607 3084 per
2624 3014 2953 3083 Egyptum,
2982 3011 3245 3066 venimus
3281 3011 3342 3066 in
3372 3011 3501 3066 civi-

1868 3111 2043 3162 tatem
2083 3107 2243 3178 Alepi
2273 3122 2328 3176 ε,
2362 3107 2430 3161 ad
2467 3110 2725 3161 sanctum
2752 3107 3077 3161 Mennatum
3098 3110 3125 3151 h
3158 3105 3257 3177 qui
3287 3104 3498 3160 multas

1867 3200 2101 3256 virtutes
2126 3200 2205 3254 ibi
2225 3203 2513 3272 operatur.
2544 3199 2679 3254 Inde
2704 3216 2808 3271 per
2832 3204 3105 3270 stagnum
3138 3198 3494 3270 navigantes,

1866 3294 2263 3349 Alexandriam
2316 3293 2593 3348 venimus.
2627 3294 2687 3347 In
2716 3293 2838 3364 ipso
2876 3296 3079 3364 stagno
3104 3292 3218 3347 vidi
3247 3291 3501 3347 multitu-

1867 3388 2061 3443 dinem
2091 3376 2523 3442 crocodilorum.
2553 3386 2893 3442 Alexandria
2910 3386 3101 3441 civitas
3128 3389 3214 3441 est
3237 3386 3496 3457 pulchra,

1867 3482 2112 3552 populus
2139 3480 2297 3549 levis,
2322 3480 2419 3534 sed
2455 3482 2737 3534 amatores
2770 3479 3231 3550 peregrinorum,
3255 3479 3499 3533 haereses

1868 3574 2086 3628 multae.
2117 3574 2197 3627 lbi
2240 3576 2297 3627 et
2327 3572 2628 3643 requiescit
2658 3572 3015 3638 Athanasius,
3044 3571 3222 3640 ipsius
3261 3570 3500 3625 civitatis

1870 3658 2184 3738 episcopus,
2215 3666 2314 3736 qui
2363 3669 2563 3719 contra
2607 3664 2804 3719 Arium
2844 3664 3022 3735 ipsius
3061 3663 3302 3718 civitatis
3346 3679 3497 3733 pres-

1867 3760 2128 3831 byterum
2150 3759 2481 3813 haereticum
2512 3774 2616 3829 pro
2643 3757 2753 3812 fide
2772 3756 2977 3812 Christi
2996 3756 3282 3823 certando,
3315 3756 3498 3810 multa

1866 3852 2116 3924 pericula
2164 3852 2366 3906 mortis
2422 3850 2720 3917 sustinuit,
2785 3848 3134 3920 temporibus
3186 3847 3497 3903 Constantii

1870 3945 2012 4015 [filii]
2063 3944 2421 4016 imperatoris
2482 3943 2867 4010 Constantini,
2918 3943 3145 3997 Helena:
3200 3940 3325 3996 ﬁlii.
3381 3940 3496 3997 lbi-

1869 4037 2004 4093 dem
2044 4038 2351 4110 requiescit
2380 4040 2607 4092 sanctus
2637 4037 2876 4091 Faustus
2906 4041 2963 4091 et
2993 4040 3221 4092 sanctus
3266 4034 3494 4107 Epima-

1866 4234 2147 4288 ferebant.
2194 4234 2320 4288 Mox
2366 4233 2522 4287 enim
2563 4247 2668 4303 per
2696 4236 2923 4302 campus
2947 4232 3165 4286 Taneos
3194 4230 3413 4303 venisse
3440 4246 3498 4303 se

1868 4305 2003 4360 dicit
2029 4304 2336 4375 Memphim
2364 4309 2421 4358 et
2444 4302 2782 4357 Antinoum:
2811 4302 2969 4373 atqui
2989 4303 3113 4373 jam
3136 4302 3193 4375 in
3216 4302 3501 4375 Ethiopia

1869 4379 1968 4430 aut
1989 4372 2193 4430 saltem
2230 4375 2505 4446 superiori
2535 4376 2772 4445 Egypto
2802 4372 3047 4446 eramus,
3078 4373 3229 4446 unde
3266 4372 3494 4446 descen-

1868 4447 2025 4501 denti
2053 4441 2389 4501 occurrisset
2413 4441 2708 4511 Antinous,
2738 4450 2874 4499 tunc
2912 4442 3208 4514 Memphis,
3242 4458 3305 4495 ac
3336 4441 3495 4495 deui-

1869 4534 1979 4589 que
2007 4517 2066 4571 in
2103 4517 2296 4571 intima
2325 4518 2562 4586 {Egypto
2590 4515 2770 4568 Tauis.

131 4596 393 4683 Magdalo
440 4600 498 4650 et
534 4597 760 4683 socoth,
782 4597 1025 4683 urbibus
1048 4597 1393 4683 Egypti,_ad
1421 4595 1564 4683 quas
1589 4595 1766 4683 iidem
1786 4598 1847 4670 D
1870 4677 1883 4683 _
1982 4605 2300 4683 Pharaones
2334 4602 2560 4683 Egyp‘ti
2608 4618 2770 4683 reges
2796 4600 3041 4672 Memphi
3079 4599 3499 4683 autnBa‘bylone

131 4667 399 4792 {praelitas
426 4667 800 4724 constiterunt
827 4667 1458 4740 antequam'transirent
1477 4682 1632 4721 mare
1662 4668 1771 4722 Ru-

172 4754 323 4792 rum.

172 4754 323 4792 rum.

202 4829 227 4858 ο
258 4817 530 4873 Novimus
553 4818 633 4873 ibi
658 4819 947 4874 desertum
971 4821 1100 4887 Sur,
1126 4820 1223 4875 sed
1243 4818 1541 4873 castellum
1567 4818 1773 4874 Suran-

135 4888 264 4945 dela
292 4888 489 4945 nescio
518 4889 673 4944 unde
700 4890 791 4944 hic
816 4891 1058 4962 scriptor
1087 4889 1386 4962 acceperit.

204 4971 231 5011 d
258 4970 492 5042 Clysma
537 4970 870 5043 praesidium
917 4971 1145 5043 .{Egypti
1195 4971 1269 5025 ad
1312 4984 1469 5024 mare
1514 4968 1773 5043 Rubrum

132 5040 444 5097 Ptolomaeo
459 5040 667 5096 esthoc
692 5042 916 5096 circiter
933 5040 1099 5098 loco“:
1132 5057 1307 5113 quare
1327 5040 1545 5095 correxi
1561 5056 1774 5113 nomen

132 5113 191 5166 in
211 5130 326 5167 ms.
352 5113 586 5167 Tornac.
618 5127 953 5184 expressum
983 5113 1077 5168 hic
1115 5110 1174 5168 et
1202 5113 1349 5167 infra
1378 5113 1582 5181 Disma,
1616 5110 1775 5182 quod

132 5199 427 5254 nusquam
453 5188 558 5237 est.

205 5273 231 5301 °
257 5263 604 5335 Speluncam
648 5264 830 5335 sancti
856 5264 1016 5319 Pauli
1044 5263 1118 5335 ad
1147 5265 1216 5319 28
1248 5262 1492 5335 gradum
1520 5262 1772 5335 altitudi-

131 5334 222 5389 nis
254 5333 493 5406 collocat
512 5334 870 5406 u‘Rosweidus
907 5350 939 5389 e
977 5334 1213 5406 regione
1243 5333 1507 5406 Antinoi:
1557 5333 1633 5406 ab
1669 5334 1775 5389 hac

130 5420 322 5476 usque
349 5404 420 5458 ad
462 5403 565 5458 Nili
610 5410 938 5476 cataractas,
968 5405 1028 5460 in
1053 5403 1469 5476 Ethiopiasub
1502 5404 1680 5475 gradu
1704 5408 1773 5460 22

134 5475 297 5543 sitas,
327 5491 470 5545 opus
498 5478 584 5530 est
608 5475 812 5531 itinere
855 5477 1145 5531 leucarum
1194 5481 1259 5529 ut
1286 5475 1594 5529 minimum
1620 5491 1724 5530 cxx
1754 5492 1771 5543 ;

134 5546 230 5618 hic
258 5562 395 5600 vero
425 5546 663 5618 scriptor
688 5546 761 5600 ad
791 5547 1143 5618 Babylonem
1186 5562 1279 5600 eas
1322 5546 1575 5618 collocat,
1602 5546 1775 5617 longe

133 5617 293 5672 infra
345 5616 659 5672 Antinoum
708 5617 883 5672 leucis
913 5616 1154 5673 circiter
1182 5633 1292 5686 xL;
1333 5616 1537 5672 deinde
1573 5616 1778 5672 cetera

133 5687 334 5743 omnia
360 5688 478 5759 loca
498 5688 728 5759 Egypti
747 5704 876 5759 qua:
902 5689 1166 5743 nominat
1182 5687 1260 5741 sic
1273 5687 1597 5759 permiscet,
1620 5688 1777 5742 nullo

134 5763 360 5815 servato
382 5758 522 5814 situs
545 5758 749 5814 eorum
766 5758 989 5828 Ordine,
1005 5765 1067 5814 ut
1081 5760 1279 5885 palam
1291 5758 1778 5829 faciatEgyptum

135 5846 440 5885 nunauam
460 5847 494 5885 a
513 5846 571 5885 se
597 5833 993 5885 consnectam:
1016 5847 1077 5885 se
1137 5829 1434 5885 civitatum
1460 5828 1696 5883 nomina
1718 5828 1778 5883 in

135 5846 440 5902 nunquam
460 5847 494 5885 a
513 5846 571 5885 se
597 5833 962 5901 conspectam
976 5828 1118 5902 57sedr
1137 5829 1434 5885 civitatum
1460 5828 1696 5902 nomina
1718 5828 1778 5902 i_n

137 5899 404 5957 chartam
427 5902 706 5975 conjecta,
738 5899 911 5973 prout
939 5901 1075 5957 alibi
1105 5901 1252 5958 lecta
1280 5916 1340 5955 se
1371 5899 1665 5955 memoriae
1690 5899 1777 5954 of-

1870 4675 2216 4742 habitabaut,
2249 4671 2954 4744 longe'iut'raAntinoum,
2983 4687 3155 4744 quam
3187 4671 3501 4744 Hadrianus

1868 4748 2177 4817 imperator
2202 4741 2515 4817 aedificavit.
2549 4742 2675 4797 Filii
2710 4748 2910 4817 autem
2941 4741 3503 4817 lsrael__egressi_sunt

1870 4817 1939 4873 de
1953 4813 2030 4871 ἐει
2067 4833 2195 4887 qua:
2247 4815 2352 4887 sibi
2393 4830 2657 4887 concessa
2701 4814 2887 4867 fuerat
2912 4818 3067 4869 terra
3095 4814 3322 4873 Gessen.
3352 4813 3502 4869 inter

1870 4886 2176 4959 Egyptum
2206 4891 2265 4941 et
2287 4886 2529 4961 Syriam.

1944 4978 1971 5020 8
2001 4968 2122 5032 Quo
2150 4967 2358 5022 iterum
2409 4964 2664 5035 rapimur
2686 4964 2714 5019 ?
2750 4962 3015 5035 Alepiim,
3060 4963 3307 5034 antiquis
3354 4964 3503 5018 dicta

1944 4980 1971 5020 8
2001 4980 2122 5032 uno
2150 4980 2358 5022 iterum
2409 4980 2664 5035 rapimur
2686 4980 2714 5019 τ
2750 4980 3015 5089 Λιιὲῃιῐη,
3060 4980 3307 5034 antiquis
3354 4980 3502 5018 dicta

1874 5038 2202 5109 Hierapolis,
2245 5037 2378 5109 urbs
2422 5036 2595 5109 Syris:
2636 5039 2693 5109 et
2729 5034 2826 5109 qui
2869 5051 2958 5089 cm
2986 5035 3163 5109 regia
3191 5038 3319 5109 est;
3371 5035 3502 5088 hinc

1874 5053 2202 5109 merapous,
2245 5053 2378 5091 urbs
2423 5053 2595 5161 δέιδιω
2636 5053 2693 5089 et
2729 5053 2958 5105 quidem
3004 5053 3163 5105 regia
3191 5053 3319 5099 ess;
3371 5053 3500 5088 mnc

1873 5126 2005 5164 vero
2020 5108 2436 5174 Alexandriam,
2489 5107 2627 5176 yria:
2644 5106 2898 5175 ejusdem
2916 5106 3117 5160 urbem
3131 5106 3500 5169 maritimam,

1874 5181 2001 5244 iter,
2030 5180 2128 5235 sed
2156 5182 2423 5233 terrestre
2447 5182 2549 5243 est,
2582 5177 2872 5230 leucarum
2913 5177 3135 5231 circiter
3164 5192 3316 5230 xvui.
3348 5176 3501 5229 Hanc

1874 5268 2006 5306 vero
2033 5254 2223 5305 noster
2238 5249 2410 5303 homo
2429 5246 2724 5302 confundit
2744 5263 2873 5299 cum
2897 5247 3235 5301 Alexandria
3253 5246 3500 5316 Egypti,

1873 5327 2097 5378 tantum
2123 5320 2313 5376 dissita
2332 5323 2545 5390 quanta
2564 5323 2649 5372 est
2670 5316 2909 5372 latitudo
2936 5318 3107 5371 totius
3133 5317 3305 5388 Syria:
3334 5323 3503 5388 atque

1874 5392 2120 5464 Egypti.

1947 5472 1975 5512 ιι
2003 5473 2236 5529 Sanctus
2282 5472 2466 5526 Menas
2495 5474 2730 5541 martyr,
2759 5468 2856 5541 qui
2892 5466 3126 5541 colitur
3148 5472 3204 5522 11
3264 5469 3502 5541 Novem-

1873 5544 2010 5612 bris,
2042 5543 2339 5615 ngyptius
2389 5541 2619 5615 quidem
2645 5538 2841 5615 patria
2874 5538 3009 5615 fuit,
3037 5539 3139 5615 sed,
3161 5539 3415 5615 Cpthyaei
3442 5539 3504 5592 in

1875 5610 2376 5696 Phrygiahp'assus.
2406 5610 2584 5696 illius.
2608 5610 2739 5696 vero
2788 5610 2959 5696 hujus
2986 5611 3240 5664 uomtnis
3264 5615 3503 5696 martyr,

1875 5682 2233 5741 Alexandria:
2281 5686 2340 5739 in
2390 5686 2629 5748 )Egypto
2665 5684 2986 5748 decollatus,
3027 5697 3159 5735 cum
3186 5682 3348 5736 sociis
3378 5683 3508 5734 Her-

1875 5772 2118 5828 mogene
2147 5762 2206 5811 et
2233 5752 2557 5829 Eugraphvo,
2584 5754 2913 5829 corporibus
2944 5753 3088 5829 mari
3114 5754 3332 5829 mersis,
3378 5752 3509 5829 alla-

1876 5833 1966 5900 tus
1982 5824 2454 5900 vestiByzauti'um',
2484 5824 3134 5900 ibique‘celeberrimum
3159 5826 3376 5881 cultum
3402 5824 3506 5879 ha-

1874 5898 1972 5955 bet
1994 5900 2060 5956 10
2075 5899 2421 5959 Decembris.
