4034 6228
517 380 620 432 915

1575 376 1890 429 AN'I‘ONINI
1930 367 2326 430 PLACEN'HNI
2365 376 2825 430 lTlNERARlUM.

3787 377 3888 429 916

518 486 677 554 chus,
695 490 753 540 et
775 491 1001 541 sanctus
1014 484 1290 539 Antonius
1310 483 1395 537 vel
1415 488 1639 536 sanctus
1663 484 1884 536 Maurus
1908 516 1933 543 ι
1960 488 2015 537 et
2035 483 2144 537 alia
2165 495 2225 568 Α
2245 486 2404 550 tates,
2436 482 2545 536 hoc
2573 487 2676 549 est,
2704 481 2972 549 Arissam,
2998 481 3315 551 Aristolaiu,
3348 481 3681 551 Piphaniam
3711 494 3731 513 "
3758 521 3772 549 ,
3805 498 3894 535 ve-

522 579 704 634 multa
726 581 1055 634 sanctorum
1082 591 1335 646 corpora.

590 673 679 729 46.
716 673 925 727 Iterum
940 670 1198 727 venimus
1226 668 1690 738 Hierosolymam,
1723 669 1820 722 ubi
1843 685 1948 741 ego
1971 686 2150 741 aegro-

520 771 612 821 tus
637 782 739 836 per
774 766 1019 820 multum
1064 766 1289 833 tempus
1302 762 1483 832 'jacui,
1513 778 1693 833 usque
1720 762 1858 816 dum
1907 762 2018 817 vidi
2048 779 2150 834 per

520 858 795 914 visionem
821 862 1079 912 sanctum
1098 855 1409 910 Antonium
1429 859 1484 910 et
1506 855 1729 910 beatam
1750 856 2146 927 Euphemiam,

519 952 617 1023 qui
645 967 736 1007 me
765 950 976 1021 pariter
1004 952 1362 1004 sanaverunt.
1398 948 1619 1018 Egressi
1648 949 1717 1004 de
1767 949 2151 1020 Hierosolyma

519 1045 777 1099 venimus
799 1046 1035 1114 JOppen,
1068 1042 1161 1096 ubi
1183 1043 1334 1112 jacet
1361 1046 1552 1096 sancta
1581 1042 1837 1111 Thabita,
1860 1059 1989 1113 quae
2019 1042 2152 1097 dici-

520 1143 615 1193 tur
657 1138 877 1191 Dorcas.
922 1136 1132 1190 Deinde
1158 1136 1471 1189 Caesaream
1514 1136 1764 1207 Philippi
1790 1156 1836 1204 ι),
1865 1152 1992 1206 quae
2016 1137 2151 1190 Tur-

518 1231 595 1284 ris
625 1228 917 1297 Stratonis,
945 1245 1073 1299 quae
1113 1233 1169 1283 et
1193 1229 1445 1284 Caesarea
1490 1229 1787 1284 Palestina:
1812 1234 2063 1298 vocatur,
2091 1229 2152 1284 in

520 1340 634 1395 qua
656 1322 958 1394 requiescit
986 1325 1211 1377 sanctus
1235 1322 1586 1393 Pamphilus,
1615 1328 1672 1378 et
1696 1325 1921 1377 sanctus
1948 1324 2148 1377 Proco-

520 1416 670 1489 pius,
694 1422 750 1471 et
774 1419 999 1471 sanctus
1025 1416 1342 1484 Cornelius,
1359 1432 1428 1471 ex
1453 1416 1614 1487 cujus
1641 1416 1786 1471 lecto
1813 1415 2154 1471 benedictio-

519 1527 655 1567 nem
684 1509 938 1565 tulimus.
970 1510 1103 1565 lnde
1129 1526 1235 1581 per
1257 1509 1540 1565 Galilaeam
1566 1510 1941 1580 ascendimus,
1974 1514 2029 1564 et
2053 1526 2150 1568 ve-

520 1605 711 1659 nimus
740 1603 1092 1672 Damascum,
1120 1603 1222 1658 ubi
1259 1607 1343 1658 est
1369 1603 1779 1659 monasterium
1796 1604 1896 1658 ubi
1924 1606 2150 1658 sanctus

518 1696 724 1752 Paulus
767 1711 1070 1751 conversus
1102 1701 1204 1763 est,
1252 1696 1311 1751 in
1338 1696 1460 1751 vico
1505 1696 1603 1768 qui
1647 1699 1879 1751 vocatur
1924 1698 2149 1766 Rectus,

518 1790 617 1845 ubi
639 1790 835 1845 multae
859 1790 1097 1844 virtutes
1119 1790 1284 1844 fiunt.
1309 1789 1520 1844 Deinde
1546 1789 1880 1860 Heliopolim
1894 1807 1911 1859 ;
1943 1792 2000 1845 et
2019 1790 2153 1845 inde

2247 575 2438 629 nimus
2465 574 2525 628 in
2569 573 2851 629 civitatem
2904 573 3429 644 splendidissimam
3467 573 3792 645 Apamiam,
3831 573 3890 629 in

2251 685 2361 738 qua
2388 672 2472 723 est
2497 666 2684 722 omnis
2708 666 2970 721 nobilitas
2996 667 3293 737 Syrorum.

2320 762 2408 816 47.
2441 760 2572 815 Inde
2602 765 2873 815 exeuntes
2899 760 3157 816 venimus
3192 761 3551 815 Antiochiam
3578 762 3885 833 majorem,

2250 855 2307 909 in
2334 870 2447 925 qua
2498 853 2800 924 requiescit
2838 858 3062 908 sanctus
3089 854 3325 924 Babylas
3360 854 3660 925 episcopus
3696 859 3758 909 et
3781 858 3894 909 tres

2249 948 2489 1018 parvuli,
2520 952 2576 1002 et
2609 950 2798 1027 sancta
2822 946 3057 1015 Justina,
3086 950 3142 1001 et
3168 946 3443 1014 Julianus,
3473 950 3531 1002 et
3551 947 3763 1003 fratres
3787 948 3894 1002 lla-

2250 1040 2484 1109 chabzai,
2537 1040 2643 1095 hoc
2674 1044 2759 1094 est
2785 1043 3005 1110 septem
3047 1040 3348 1110 sepulcra;
3380 1044 3438 1095 et
3476 1056 3649 1111 super
3684 1039 3891 1094 unius-

2251 1134 2523 1205 cujusque
2567 1133 2891 1204 sepulcrum
2919 1133 3147 1204 scriptae
3190 1138 3320 1188 sunt
3348 1133 3638 1204 passiones
3664 1149 3891 1188 eorum.

2250 1227 2462 1282 Exinde
2513 1225 2907 1281 descendimus
2957 1226 3443 1297 Mesopotamiam,
3495 1227 3555 1281 in
3601 1227 3895 1282 civitatem

2249 1319 2590 1375 Chalcidam.
2620 1319 2755 1373 Inde
2782 1318 3042 1373 venimus
3065 1319 3317 1385 Carram,
3334 1319 3433 1374 ubi
3451 1325 3617 1374 natus
3645 1319 3759 1374 fuit
3784 1319 3895 1375 Ab-

2250 1414 2470 1468 raham.
2493 1413 2559 1467 Et
2608 1411 2737 1466 inde
2774 1411 3030 1466 venimus
3072 1411 3128 1466 in
3166 1411 3447 1466 civitatem
3477 1412 3894 1480 Barbarissum,

2250 1506 2350 1561 ubi
2370 1504 2673 1577 requiescit
2696 1508 2919 1559 sanctus
2950 1505 3198 1559 Bacchus
3222 1508 3249 1548 ά
3273 1504 3450 1560 frater
3477 1505 3657 1560 sancti
3683 1505 3894 1577 Sergii.

2253 1600 2387 1655 Inde
2406 1598 2665 1653 venimus
2690 1597 2751 1652 in
2780 1597 3062 1653 civitatem
3084 1598 3284 1654 Suram
3311 1615 3415 1671 per
3442 1615 3618 1670 quam
3642 1598 3895 1654 mediam

2252 1692 2542 1748 descendit
2577 1691 2911 1762 Euphrates,
2943 1691 3043 1762 qui
3061 1691 3267 1746 ibidem
3296 1708 3399 1763 per
3424 1697 3663 1763 pontem
3689 1691 3896 1746 transi-

2254 1790 2366 1841 tur.
2416 1786 2476 1839 ln
2502 1785 2622 1856 ipsa
2648 1784 2870 1839 civitate
2909 1784 3058 1855 passi
3100 1789 3232 1839 sunt
3277 1788 3506 1840 sanctus
3550 1786 3806 1839 Bacchus
3833 1788 3892 1840 et

521 1884 776 1939 venimus
813 1883 1109 1953 Emissam,
1141 1883 1238 1937 ubi
1264 1888 1349 1938 est
1375 1888 1547 1954 caput
1577 1882 1752 1937 sancti
1780 1884 2011 1938 Joannis
2042 1885 2148 1938 Ba-
2172 1862 2228 1933 Β
2253 1882 2475 1934 sanctus
2500 1877 2753 1949 Sergius,
2789 1876 2888 1949 qui
2914 1877 3214 1949 requiescit
3243 1877 3301 1932 in
3327 1877 3548 1933 civitate
3574 1879 3741 1949 Tyro.

520 1978 710 2050 ptistze
751 1977 810 2031 in
858 1977 1006 2031 dolio
1030 1976 1209 2031 vitreo
1240 1995 1253 2032 :
1286 1981 1343 2031 et
1372 1993 1475 2030 nos
1513 1975 1727 2031 ibidem
1771 1976 1959 2047 ipsum
2000 1976 2147 2032 vidi-

520 2087 648 2125 mus
693 2074 752 2126 et
781 2069 1162 2125 adoravimus.
1210 2071 1277 2125 Et
1318 2070 1451 2126 inde
1488 2072 1850 2126 transeuntes
1888 2086 1993 2142 per
2020 2070 2152 2126 civi-

591 2226 615 2254 ι
643 2213 941 2278 Quomodo
990 2230 1160 2284 supra
1190 2229 1291 2284 per
1335 2213 1476 2279 loca,
1504 2214 1579 2269 ita
1606 2231 1758 2267 nunc
1786 2230 1889 2285 per
1916 2230 2153 2284 corpora

522 2289 846 2339 sanctorum
888 2290 1161 2355 evagatur
1183 2289 1398 2339 auctor.
1431 2284 1664 2340 Sanctus
1690 2284 1942 2353 Faustus,
1973 2285 2153 2339 diaco-

520 2372 628 2411 nus
679 2355 857 2410 sancti
896 2354 1142 2425 Dionysii
1173 2354 1421 2425 episcopi
1470 2355 1853 2424 Alexandrini,
1882 2372 2011 2410 vere
2040 2357 2152 2411 huc

521 2429 737 2507 spectat
760 2431 816 2480 et
845 2425 1049 2480 colitur
1093 2428 1159 2507 με)
1190 2425 1538 2495 Novembris,
1578 2442 1773 2507 passus
1801 2427 1902 2481 sub
1934 2427 2150 2481 Diocle-

522 2501 694 2551 tiano.
744 2497 980 2551 Sanctus
1007 2497 1364 2552 Emmachus.
1413 2513 1607 2552 passus
1648 2498 1881 2552 quidem
1910 2498 2149 2552 Alexan-

546 2513 694 2551 lano.
744 2512 980 2551 δεωοιιιε
1007 2512 1364 2553 13011118011118.
1413 2513 1607 2553 03.55118
1648 2512 1881 2553 αωαθω
1910 2512 2149 2553 Alexan-

524 2513 694 2551 uano.
744 2513 980 2551 nanctus
1007 2513 1364 2567 Epimacnus,
1451 2513 1607 2551 assus
1648 2513 1881 2568 quidem
1910 2513 2149 2553 Alexan-

524 2567 662 2623 driae
702 2566 1005 2639 etiamest,
1034 2567 1132 2639 sed
1160 2583 1362 2639 corpus
1390 2514 1629 2623 gomam
1679 2568 2036 2635 translatum,
2068 2567 2153 2623 uti

526 2641 592 2694 10
617 2636 742 2693 Maii
781 2637 1048 2705 diximus,
1076 2638 1135 2692 in
1165 2636 1354 2710 medio
1398 2638 1781 2710 relinquentes
1829 2643 2153 2695 veteremne

525 2725 600 2791 an
621 2725 840 2791 novam
870 2710 1129 2791 Romam,
1250 2715 1341 2791 est
1382 2709 2151 2791 Constantinopplim,.opor-

526 2782 639 2834 teat
664 2779 1003 2849 intelligere.
1023 2780 1207 2835 Sancti
1233 2780 1462 2836 Antonii
1487 2797 1694 2851 corpus
1720 2779 1823 2835 sub
1842 2779 2153 2836 Iustiniano

522 2855 813 2921 repertum
840 2851 1293 2922 translatumque
1317 2851 1738 2919 Alexandriam,
1767 2852 1872 2905 sub
1902 2852 2154 2907 Heraclio

522 2922 752 2976 allatum
780 2924 875 2993 est,
905 2922 1471 2993 ConstantinOpolim,
1517 2925 1687 2993 atque
1728 2922 1861 2976 inde
1907 2922 1967 2977 in
1994 2923 2156 2978 Vien—

522 3008 757 3047 nensem
783 2992 976 3049 Galliae
1020 2992 1307 3047 direcesim
1358 2994 1561 3047 saeculo
1596 2992 1634 3047 x
1660 2993 1762 3047 sub
1794 2993 2056 3048 Lothario
2086 2996 2151 3049 ll.

525 3065 630 3117 Pro
656 3068 847 3117 sancto
876 3064 1088 3133 Mauro,
1133 3064 1409 3135 {Egyptiis
1447 3064 1664 3135 ignoto,
1700 3064 1974 3134 legendus
1999 3064 2156 3119 forsi-

526 3082 630 3117 rro
656 3082 847 3117 saneto
877 3082 1088 3133 mauro,
1133 3082 1274 3135 mgy
1319 3082 1409 3118 uis
1447 3082 1462 3116 1
1509 3082 1664 3130 noro,
1700 3082 1974 3134 legendus
1999 3082 2156 3119 101's:-

526 3139 626 3189 tan
674 3140 902 3188 sanctus
945 3134 1215 3189 Macarius
1241 3082 1653 3189 Alexangrinus
1697 3140 1887 3189 sancto
1910 3136 2156 3191 Antonio

2322 1972 2388 2028 48
2408 2013 2420 2026 .
2450 1971 2581 2026 lnde
2611 1976 2767 2026 tanta
2803 1970 2911 2025 alia
2936 1970 3183 2027 vidimus
3221 1971 3365 2039 loca,
3392 1972 3452 2026 in
3479 1970 3769 2027 miraculis
3796 1988 3893 2043 po-

2251 2066 2376 2132 sita,
2398 2064 2607 2121 reversi
2635 2069 2767 2137 post
2790 2080 2896 2120 nos
2919 2080 3024 2136 per
3051 2066 3231 2120 multa
3257 2066 3503 2133 castella,
3526 2082 3629 2137 per
3656 2065 3894 2136 plateas,

2252 2216 2876 2290 Georgiumperpetuo
2920 2218 3165 2288 appellat
3201 2235 3305 2290 pro
3343 2220 3559 2290 Sergio.
3594 2220 3702 2275 Sed
3737 2220 3896 2273 hunc

2252 2304 2503 2362 errorem
2542 2288 2784 2362 libenter
2805 2303 3173 2362 excusavero,
3203 2288 3436 2362 propter
3455 2288 3759 2362 utriusque
3785 2307 3893 2344 no-

2252 2359 2423 2413 minis
2448 2359 2598 2413 inter
2628 2374 2686 2412 se
2712 2358 2977 2413 facillime
3003 2358 3421 2415 commutabilis
3444 2358 3803 2416 afﬁnitatem.

2323 2432 2577 2503 Ignosce,
2606 2429 2803 2497 lector,
2828 2430 2983 2503 quod
3009 2436 3137 2501 post
3155 2435 3451 2485 auctorem
3473 2432 3613 2486 adeo
3632 2449 3896 2503 gravem,

2251 2500 2432 2581 pium,
2464 2501 2803 2581 elegantem,
2837 2500 3019 2581 qualis
3058 2506 3142 2581 est
3168 2503 3410 2581 Joa_n_nes
3439 2500 3670 2581 Phocas,
3697 2504 3895 2581 volue-

2253 2570 2363 2643 rim
2393 2570 2712 2643 te‘fatigare
2750 2570 3091 2625 inconcinna
3126 2572 3230 2626 hac
3254 2574 3559 2627 Placentini
3603 2570 3897 2643 scriptoris

2251 2640 2524 2711 balbutie,
2542 2640 2701 2696 nullo
2718 2643 2882 2712 stylo,
2899 2643 3055 2697 nullo
3076 2643 3272 2697 ordine
3290 2661 3306 2712 ;
3330 2644 3487 2699 nulla
3507 2640 3898 2699 verisiniilitu-

2253 2712 2401 2768 diuis
2428 2728 2563 2784 cura
2588 2712 2710 2782 conj
2720 2713 2986 2784 ungentis
3010 2724 3140 2768 Vera
3162 2713 3336 2784 falsis,
3355 2715 3546 2769 afﬁnia
3566 2714 3894 2784 disparatis.

2324 2782 2585 2856 Oportuit
2611 2782 2920 2856 utrumque
2940 2784 3161 2855 integre
3186 2782 3491 2856 legendum
3512 2782 3805 2853 exhibere,
3830 2790 3900 2840 ut

2253 2853 2416 2927 sicui
2443 2853 2615 2908 fuerit
2653 2853 2924 2909 hactenus
2971 2853 3270 2925 suspectus
3291 2857 3523 2923 Phocas,
3564 2857 3700 2927 quia
3737 2873 3775 2911 a
3801 2872 3899 2910 me

2252 2925 2544 2998 laudatus;
2563 2940 2679 2998 non
2701 2929 2993 2998 suspectus
3009 2927 3343 2996 Antoninus,
3371 2927 3505 2998 quia
3524 2925 3629 2982 sibi
3649 2928 3860 2998 favens
3878 2944 3895 2995 ;

2255 2996 2301 3049 is
2320 3012 2473 3068 nunc
2497 2996 2709 3068 collato»
2724 2996 2874 3068 inter
2898 3001 3239 3068 segutroque,
3270 2996 3558 3053 non—mihi
3584 2998 3686 3052 sed
3710 2997 3901 3053 oculis

2256 3067 2370 3120 suis
2399 3069 2569 3137 atque
2588 3066 2802 3138 judicio
2845 3066 3066 3138 credat.
3084 3066 3285 3123 Ci‘edet
3308 3073 3479 3138 certe,
3526 3069 3619 3122 cui
3644 3073 3767 3123 tam
3794 3086 3898 3121 va-

2256 3153 2393 3191 cuus
2420 3153 2454 3189 a
2480 3137 2619 3207 praej
2629 3137 2824 3191 udiciis
2850 3138 2958 3192 erit
2977 3137 3222 3206 animus,
3245 3144 3307 3194 ut
3331 3140 3400 3194 de
3418 3137 3701 3194 Antonino
3731 3139 3904 3194 dubi-

525 3205 629 3286 sub
641 3204 1037 3297 AdisjuAnctione
1068 3205 1303 3275 junctus
1328 3208 1525 3276 utpote
1576 3205 1829 3276 ejusdem
1859 3206 2157 3276 professio-
2175 3222 2231 3297 ρ
2254 3213 2376 3297 tare
2393 3204 2988 3297 pos—sitA'Potu‘it‘RgP.
3019 3210 3109 3297 Er.
3136 3204 3340 3297 leseph
3359 3210 3610 3297 lgnatius
3638 3226 3673 3264 a
3697 3217 3903 3297 sancto

520 3275 609 3330 nis
636 3291 768 3330 cum
794 3291 883 3330 eo.

2256 3277 2526 3353 Antonio,
2558 3278 2855 3353 Carmenta
2881 3278 3241 3353 discalceatus
3262 3277 3624 3353 iGall'obelga,
3656 3297 3728 3353 ex
3756 3281 3898 3336 illu-

593 3346 621 3386 ι)
649 3347 826 3400 Medio
853 3362 992 3414 aevo,
1027 3362 1158 3420 cum
1180 3347 1301 3420 jam
1325 3347 1579 3400 Caesarea
1602 3346 1848 3420 Philippi
1875 3347 2159 3420 diceretur
2257 3349 2527 3403 strissima
2552 3348 2764 3402 familia
2791 3350 3212 3420 Toparcharum
3252 3351 3321 3406 de
3358 3346 3567 3407 Rebec'
3587 3346 3900 3420 oriundus,

524 3419 757 3483 Paneas,
783 3422 839 3488 et
866 3422 1025 3471 extra
1044 3417 1401 3471 Palaestinam
1430 3434 1544 3471 non
1575 3417 1682 3471 alia
1707 3433 1881 3488 quam
1908 3418 2158 3473 Caesarea

524 3487 887 3558 Cappadociae
913 3492 1259 3556 nosceretur,
1292 3488 1580 3543 confusam
1623 3487 1794 3543 fuisse
1838 3491 2159 3544 nomencla-

524 3564 713 3613 turam
740 3559 913 3627 hujus
956 3558 1133 3624 urbis,
1166 3563 1323 3629 patet
1360 3558 1529 3613 etiam
1577 3574 1647 3613 ex
1688 3560 1902 3614 Joanne
1950 3560 2154 3629 Phoca,

564 3629 799 3712 ui‘hanc
826 3630 1006 3701 ipsam
1034 3630 1351 3684 Palaestinae
1390 3629 1701 3684 Casaream
1737 3630 2158 3702 cognominavit

566 3700 926 3825 hglllriIdEntur
950 3771 1075 3824 haec
1105 3754 1338 3843 nomina
1358 3771 1455 3843 sic
1494 3770 1714 3827 restitui
1744 3788 1926 3843 posse,
1958 3778 2024 3828 ut
2048 3790 2155 3843 pro

524 3843 729 3914 Arissa,
752 3842 968 3914 Larissa
995 3859 1011 3910 ;
1044 3858 1148 3914 pro
1172 3841 1431 3911 Aristola,
1465 3841 1762 3914 Arethusa
1778 3860 1794 3914 ;
1827 3860 1932 3913 pro
1955 3841 2159 3914 Piplia-

524 3913 639 3979 nia,
673 3912 1342 3983 Epiphania,ﬂlegantur,
1373 3914 1623 3968 civitates
1666 3912 1864 3982 Syriae,
1912 3912 2058 3968 sicut
2100 3919 2157 3970 et

526 3982 733 4055 Emesa
751 3982 902 4055 inter
925 3982 1261 4053 Heliopolim
1289 3986 1684 4055 etApameam.
1708 3985 1787 4037 Ita
1811 3989 2006 4040 tamen
2033 3986 2156 4041 haec

524 4056 650 4110 loca
674 4053 856 4107 vicina
882 4052 1031 4107 inter
1055 4052 1113 4108 se
1144 4059 1294 4121 sunt,
1322 4059 1388 4109 ut
1405 4052 1567 4109 recto
1592 4054 1793 4108 itinere
1819 4071 1934 4110 non
1959 4072 2152 4111 occur-

527 4129 674 4192 rant,
705 4124 799 4177 sed
832 4124 1031 4195 grandi
1056 4125 1321 4195 utrinque
1346 4141 1587 4179 excursu
1613 4141 1756 4195 opus
1780 4125 1869 4180 sit.

594 4196 621 4267 fi
655 4194 905 4267 Bacchus
933 4200 989 4249 et
1031 4194 1281 4265 Sergius,
1311 4195 1420 4267 ﬁde
1461 4212 1576 4267 non
1613 4194 1886 4267 sanguine
1931 4197 2153 4266 fratres,

527 4266 632 4320 sub
658 4264 990 4320 Maximiano
1018 4267 1076 4319 in
1106 4266 1372 4320 Armenia
1419 4266 1585 4336 passi,
1629 4264 1895 4321 coluntur
1923 4272 1954 4321 7
1991 4264 2154 4323 Octoé

526 4336 665 4393 bris.
716 4338 792 4391 Ex
837 4336 924 4391 his
973 4337 1190 4391 Bachus
1236 4336 1551 4391 secundum
1597 4336 1793 4391 Latina
1844 4343 1966 4393 acta
2005 4339 2155 4394 apud

525 4407 933 4469 Mombritium,
970 4407 1263 4478 Barbarysi
1307 4407 1487 4478 capite
1513 4408 1714 4478 plexus
1742 4409 1949 4465 dicitur
1980 4426 1993 4463 :
2033 4407 2157 4465 hinc

523 4483 715 4534 autem
735 4478 1082 4532 videturesse
1098 4477 1413 4551 Arabissus,
1436 4477 1541 4551 sub
1561 4481 1859 4551 metropoli
1880 4480 2152 4549 Melitena,

526 4551 689 4623 haud
718 4551 888 4623 longe
919 4566 951 4602 a
991 4551 1236 4603 Comana
1280 4550 1671 4623 Cappadocia;
1702 4567 1805 4605 nec
1860 4552 1933 4607 ita
1963 4553 2152 4623 longe,

524 4621 1021 4702 interjecquauro
1047 4623 1259 4702 monte,
1284 4619 1657 4702 inprovincia
1683 4622 2052 4694 Euphratesia
2068 4619 2157 4678 est

526 4690 892 4818 Sgrgitqpolis,
920 4708 952 4745 a
979 4692 1155 4746 sancti
1205 4690 1389 4763 Sergii
1413 4693 1568 4747 cultu
1597 4697 1654 4747 et
1680 4690 1913 4765 corpore
1941 4710 2157 4749 nomen

526 4779 556 4815 a
598 4779 669 4818 eo
736 4804 749 4816 .
1814 4812 1821 4818 .

525 4767 749 4819 adepta.
1814 4812 1821 4819 .

596 4780 865 4888 ﬁgdavero
891 4833 1165 4903 adductus
1194 4833 1425 4905 quidem
1473 4839 1556 4889 est
1583 4835 1643 4889 in
1675 4812 1963 4891 castellum
1990 4837 2157 4891 Suro-

525 4920 677 4978 rum,
706 4921 830 4978 quo
862 4904 1093 4978 nomine
1124 4904 1262 4978 Sura
1297 4906 1367 4960 ad
1406 4906 1751 4978 Euphratem
1793 4906 2150 4978 intelligitur,

525 4974 675 5030 inter
699 4974 1023 5049 Chalcidem
1051 4980 1115 5049 et,
1135 4976 1397 5049 Carram,
1418 4974 1520 5049 sed
1544 4977 1788 5049 denique
1816 4974 2155 5049 martfrium

525 5045 939 5129 consummavit
989 5045 1049 5099 in
1088 5048 1325 5129 Castello
1373 5045 1751 5129 Chuzaphata,
1802 5045 2062 5129 quodlab
2089 5064 2154 5102 eo

526 5118 729 5191 deinde
759 5116 1009 5191 creditur
1033 5133 1241 5191 nomen
1256 5116 1614 5191 gSergiopolis
1639 5116 1935 5191 recepisse.
1962 5121 2153 5191 Itaque

526 5189 647 5243 haec
673 5190 908 5260 quidem
939 5187 1132 5242 omnia
1159 5189 1306 5244 male
1334 5187 1572 5245 consuta
1610 5187 1863 5255 suntfex
1891 5192 2040 5246 male
2059 5187 2154 5245 ’ἰη-

524 5260 761 5317 tellectis
818 5263 1143 5314 sanctorum
1192 5261 1431 5316 istorum
1460 5262 1608 5317 Actis
1636 5279 1649 5316 :
1680 5262 1928 5317 indicant
1962 5267 2153 5317 autem

523 5348 794 5405 magnam
822 5331 1201 5405 ignorantiam
1246 5332 1509 5405 auctoris,
1542 5334 1642 5405 qui
1685 5350 1753 5389 ex
1780 5336 1947 5388 Carra
1973 5335 2150 5405 Meso-

521 5402 790 5527 potamiae
817 5402 876 5457 in
902 5402 1231 5457 Arabissum
1271 5402 1939 5474 Armeniaa'descendens,
1971 5404 2152 5476 spatio

542 5490 814 5527 eucarum
843 5474 1067 5527 circiter
1095 5491 1143 5527 c.
1173 5490 1405 5527 rursum
1428 5474 1498 5527 ab
1524 5475 1781 5527 Arabisso
1807 5476 2022 5527 revolat
2051 5476 2152 5527 Su-

542 5490 814 5529 eucarum
843 5474 1067 5529 circiter
1095 5491 1143 5539 c,
1173 5490 1405 5530 rursum
1428 5474 1498 5529 ab
1524 5475 1781 5529 Arabisso
1807 5474 2022 5532 revolat
2051 5476 2153 5531 Su-

526 5563 667 5611 mm,
698 5546 821 5616 pari
845 5546 1077 5600 omnino
1104 5546 1400 5601 intervallo
1429 5562 1443 5600 :
1471 5562 1607 5600 nam
1631 5546 1797 5602 Carra
1818 5552 1875 5602 et
1899 5548 2042 5603 Sura
2070 5564 2154 5601 sa-

524 5617 593 5689 tis
622 5616 820 5672 vicina:
854 5617 1020 5673 urbes
1064 5622 1215 5689 sunt.
1245 5617 1465 5689 Deinde
1500 5617 1688 5672 nescio
1712 5618 1846 5689 quid
1877 5617 2053 5672 infert
2081 5617 2150 5673 de

522 5687 665 5759 'l‘yro
693 5688 996 5744 Phoeniciae
1023 5688 1181 5759 urbe,
1213 5688 1573 5744 tantumdem
1618 5687 1869 5759 distante
1910 5688 1979 5742 ab
2009 5688 2149 5744 urbe

525 5758 666 5832 Sura
716 5759 1064 5832 occidentem
1095 5758 1317 5832 versus,
1348 5764 1627 5832 quantum
1657 5760 1726 5815 ab
1774 5758 1973 5832 eadem
2011 5760 2152 5814 Sura

524 5827 692 5901 distat
719 5829 1013 5901 Arabissus
1040 5831 1111 5884 ad
1155 5827 1623 5901 septentrionem.
1654 5832 1749 5886 Ms.
1776 5830 2145 5898 Tornacense,

525 5896 684 5963 cujus
711 5897 880 5952 solius
908 5899 1197 5968 integrum
1218 5896 1590 5970 'ecgraphum
1637 5901 1837 5969 habeo,
1889 5896 2147 5956 sanctum

2175 4590 2234 4663 D

2255 3421 2636 3493 laudatusque
2652 3421 2712 3473 in
2738 3420 2963 3493 praefat.
2988 3420 3060 3493 ad
3077 3426 3228 3493 tom.
3261 3424 3348 3476 XII
3386 3422 3677 3493 Spicilegii
3705 3424 3901 3477 Ache-

2257 3491 2421 3565 riani,
2444 3489 2600 3565 velut
2622 3489 2797 3565 longe
2808 3490 3221 3565 eruditissimus
3237 3498 3295 3548 et
3310 3489 3675 3565 antiquaer
3691 3510 3902 3548 rerum

2297 3559 2672 3635 eritissimus‘:
2703 3559 2961 3635 quiante
2986 3562 3089 3617 hos
3116 3579 3321 3618 novem
3346 3559 3527 3619 annos
3559 3564 3715 3619 istud
3748 3582 3901 3635 qua-

2278 3648 2549 3705 ecunque
2582 3632 2937 3687 ltinerarium
2972 3649 3074 3705 sua
3108 3650 3283 3689 manu
3319 3635 3728 3705 transcriptum
3753 3632 3899 3690 Tor-

2255 3719 2399 3757 naco
2426 3700 2598 3784 misit,
2629 3719 2890 3784 quarens
2909 3703 3055 3784 .quid
3079 3705 3308 3760 tandem
3338 3700 3665 3784 de_auctbre
3714 3707 3901 3784 senti-

2256 3790 2400 3842 rem,
2427 3774 2525 3845 qui
2552 3774 2725 3844 ipsius
2743 3774 2961 3847 judicio
2982 3791 3169 3846 neque
3192 3781 3381 3847 posset
3406 3777 3578 3831 fuisse
3604 3782 3728 3831 tam
3754 3777 3904 3831 anti-

2236 3861 2423 3924 quus,
2451 3861 2640 3924 quam
2680 3845 2912 3915 praefert
2957 3845 3133 3924 sancti
3159 3845 3431 3924 Antonini
3478 3848 3755 3924 martyris
3779 3849 3905 3903 Pla-

2256 3916 2464 3970 centini
2518 3916 2749 3988 titulus;
2806 3932 2989 3988 neque
3033 3917 3320 3973 videretur
3363 3935 3483 3973 esse
3519 3916 3642 3972 tam
3682 3936 3901 3988 novus,

2256 4003 2424 4059 quam
2465 3986 2813 4059 suggerebat
2851 3986 3020 4040 tertia
3061 3993 3326 4057 quartave
3352 4006 3385 4042 a
3411 3989 3691 4059 principio
3721 3986 3902 4053 linea,

2254 4057 2354 4111 ubi
2382 4057 2709 4127 legebatur:
2743 4058 3133 4130 Antoninusiin
3159 4061 3352 4129 quibus
3379 4057 3505 4115 locis
3527 4057 3630 4130 per
3662 4077 3907 4130 regnum

2257 4133 2477 4182 conatus
2504 4133 2581 4201 (ξεί
2608 4130 2707 4201 ire,
2740 4127 3107 4201 intelligendo
3144 4127 3388 4200 regnum
3436 4127 3901 4201 Neapolitanum,

2256 4214 2359 4268 per
2386 4198 2537 4269 quod
2577 4198 2646 4251 ab
2694 4198 2838 4269 urbe
2869 4199 3189 4254 Placentina
3220 4198 3412 4269 usque
3448 4201 3523 4255 ad
3552 4198 3901 4256 extremam

2256 4268 2468 4341 Italiam
2494 4269 2610 4341 iter
2634 4268 2845 4341 alioqui
2871 4273 2992 4322 erat
3018 4269 3167 4324 ituro
3198 4270 3256 4324 in
3292 4268 3603 4326 Orientem.
3649 4274 3904 4341 Regnum

2258 4339 2431 4408 enim,
2447 4339 2657 4413 aiebat,
2690 4340 2797 4413 hoc
2824 4354 2992 4393 sensu
3017 4341 3263 4413 sumitur
3286 4358 3390 4413 pro
3417 4359 3631 4413 magna
3653 4339 3901 4405 Graecia,

2258 4426 2358 4490 seu
2383 4410 2597 4490 reliqua
2613 4415 2749 4490 post_
2761 4410 2998 4465 Romam
3027 4412 3179 4466 Italia
3200 4430 3216 4482 ;
3238 4410 3389 4490 et'sic
3416 4410 3673 4484 primum
3698 4415 3903 4490 appel-

2256 4480 2360 4553 lari
2389 4480 2557 4553 cepit
2584 4480 2790 4543 saeculo
2812 4497 2895 4553 7in
2919 4499 2936 4551 ;
2965 4480 3302 4538 necesse'est
3327 4480 3521 4539 autem
3548 4501 3660 4538 uno
3689 4480 3761 4539 ut
3784 4480 3899 4539 ini-

2258 4551 2743 4639 nimumﬁnsaeculo.
2757 4551 2953 4633 .citius.
2975 4554 3251 4639 scriptum
3270 4555 3663 4639 ltinerarium.
3696 4556 3897 4639 fuisse,

2257 4639 2387 4707 cum
2412 4622 2572 4677 nulla
2592 4622 2808 4707 mentio
2829 4622 3170 4707 uspiamltiat
3188 4625 3519 4707 latinorum
3534 4626 3711 4707 quiin
3735 4628 3903 4707 Syria

2258 4710 2324 4767 eo
2350 4699 2605 4767 tempore
2632 4698 2835 4767 essent,
2859 4694 2946 4767 vel
2971 4700 3136 4749 antea
3154 4696 3463 4767 aliquando
3490 4694 3759 4767 fuissent,
3780 4694 3904 4752 nul-

2258 4766 2310 4820 la
2334 4766 2507 4820 etiam
2535 4765 2773 4835 alicujus
2802 4765 2861 4818 in
2886 4766 3140 4820 Carmelo
3172 4765 3524 4824 monasterii.

2328 4836 2613 4917 Despondi
2639 4852 2769 4917 ego,
2806 4835 3273 4917 idemqne_nunc
3308 4854 3532 4917 censeo,
3562 4838 3782 4894 decimi
3810 4840 3903 4917 vel

2256 4906 2545 4987 undecimi
2573 4906 2763 4987 seaculi
2789 4906 3076 4987 scriptum
3087 4907 3255 4987 istud
3267 4908 3467 4987 videri,
3507 4914 3633 4965 tum
3648 4926 3741 4987 _ex
3759 4911 3902 4987 styli

2254 4977 2552 5053 barbarie,_
2568 4983 2694 5032 tum
2733 4993 2801 5031 ex
2846 4977 2968 5032 aliis
3010 4977 3330 5053 adjunctis;
3364 4981 3461 5035 sed
3490 4977 3908 5053 pseudepigra-

2254 5049 2470 5125 phum;
2501 5048 2827 5125 idquenon
2851 5053 3073 5125 tantum
3102 5050 3238 5125 quia
3260 5067 3322 5125 _s_e
3347 5048 3623 5125 Apto—nini
3672 5048 3903 5125 marty-

2255 5118 2333 5173 ris
2351 5118 2565 5191 socium
2578 5118 2741 5185 facit,
2782 5123 2839 5173 et
2863 5119 3026 5173 illum
3068 5118 3166 5191 qui
3195 5121 3362 5175 miles
3387 5121 3495 5176 fuit
3520 5118 3905 5178 transformat

2254 5190 2314 5243 in
2351 5190 2746 5276 presbvterum
2760 5191 2856 5276 vel
2899 5190 3246 5276 mpuachum
3276 5194 3505 5272 Patrem
3530 5195 3902 5276 Antoninum

2253 5260 2591 5341 appellando
2607 5276 2731 5331 cap.
2759 5263 2858 5329 34;
2883 5262 2988 5342 sed.
3004 5262 3251 5343 maxime
3270 5263 3406 5344 quia
3432 5281 3491 5318 se
3516 5264 3655 5318 dicit
3674 5267 3900 5321 socium

2253 5336 2491 5408 itineris,
2519 5331 2686 5408 quod
2700 5347 2815 5385 non
2831 5336 3019 5408 potuit
3048 5349 3160 5408 _I_llSl
3187 5350 3475 5408 somnians
3484 5334 3706 5408 fecisse
3737 5354 3752 5391 :
3788 5353 3899 5408 quo

2252 5402 2315 5457 fit
2336 5405 2418 5483 ut
2443 5401 2626 5483 taceat
2655 5401 2724 5456 de
2764 5401 3187 5483 celebrioribus
3218 5420 3347 5475 quae
3393 5406 3459 5483 in
3480 5406 3656 5459 Terra
3683 5401 3898 5483 Sancta

2253 5474 2567 5545 antiquitus
2584 5474 2839 5545 fuerunt,
2855 5478 2912 5529 et
2934 5479 3070 5545 tunc
3098 5474 3285 5530 adhuc
3306 5480 3488 5544 erant,
3503 5478 3894 5543 monasteriis,

2250 5543 2604 5617 puta—Saliae,
2657 5543 3001 5617 Charitonis,
3025 5546 3336 5617 Euthymii,
3379 5543 3685 5617 Gerasimi,
3719 5550 3897 5604 Theo-

2252 5614 2415 5682 dosii,
2442 5614 2784 5685 Calamonis,
2812 5616 3094 5671 Chozebes
3119 5634 3136 5685 ;
3165 5614 3235 5671 de
3266 5614 3393 5672 aliis
3432 5634 3569 5673 vero
3611 5614 3737 5674 non
3787 5619 3891 5674 nisi

2251 5687 2464 5742 incerta
2490 5686 2754 5759 quaedam
2783 5691 2840 5759 et
2873 5704 3020 5759 saepe
3064 5687 3314 5743 fabulosa
3341 5704 3713 5759 percurrens,
3753 5689 3888 5745 nihil

2249 5775 2353 5813 nos
2366 5756 2565 5813 docere
2579 5756 2758 5828 possit
2773 5758 2919 5813 circa
2932 5756 3141 5814 statum
3162 5756 3621 5815 monasticumin
3631 5761 3888 5825 Oriente,

2248 5846 2354 5955 $10
2369 5829 2478 5955 tillo
2501 5846 2617 5900 quo
2634 5828 2771 5884 vixit
2796 5834 2853 5885 et
2880 5830 3100 5902 scripsit
3124 5832 3347 5900 saeculo,
3369 5837 3889 5906 quantumcunque

2335 5916 2367 5954 a
2394 5917 2448 5955 o.

2335 5916 2428 5955 Β.ιο
2436 5941 2448 5954 .
