4034 6228
175 326 276 381 917

1112 322 1423 378 FLORIANI
1463 321 1780 378 EPISTULA
1819 322 1905 377 ΑΙ)
1942 323 2247 379 δΑΝΟΤυΜ
2284 323 2620 379 NlCETll'M.

3449 322 3549 377 918

180 433 352 501 vicos,
383 430 560 499 villas,
590 430 679 486 vel
704 430 973 484 civitates.
1008 428 1246 499 Fatigati
1278 446 1347 483 ex
1373 433 1487 482 tam
1524 428 1696 499 longo
1723 428 1814 483 iti-
1838 442 1898 514 Α
1918 428 2068 495 fecit,
2097 430 2181 484 vel
2210 448 2336 501 quae
2381 434 2512 484 ante
2551 437 2777 501 tempus
2804 428 3205 485 incarnationis
3251 447 3365 485 suae
3410 431 3549 487 olim

175 542 314 583 nere
342 524 619 596 coepimus
649 523 1014 593 itercarpere
1043 525 1397 576 transeuntes
1433 537 1621 599 mare,
1638 526 1695 576 et
1720 538 1813 577 ve-

174 620 367 674 uimus
396 617 455 673 in
501 617 742 685 Italiam,
771 616 1072 686 adjuvante
1118 614 1360 670 Domino
1398 616 1528 669 Jesu
1572 613 1814 684 Christo,

176 729 283 786 pro
313 712 478 782 cuius
503 726 701 765 amore
726 709 796 765 ab
808 710 914 764 hoc
931 709 1055 764 loco
1070 708 1277 781 egressi
1304 708 1818 780 pervidereivimus

178 811 337 861 tanta
353 804 479 876 ejus
494 803 781 859 mirabilia
804 819 932 875 qua:
958 802 1080 875 ipse
1105 803 1257 858 inter
1272 802 1535 858 homines
1557 801 1819 857 habitans

1917 538 2020 593 per
2047 523 2398 594 patriarchas
2424 530 2480 577 et
2511 524 2815 594 prophetas
2842 541 2972 577 suos
3000 524 3207 579 fecerat
3232 542 3248 593 ;
3278 525 3546 596 viventes,

1917 620 2169 685 ovantes,
2197 617 2458 671 venimus
2482 617 2823 672 Placentiam
2850 617 3131 671 civitatem
3153 622 3423 685 nostram,
3454 636 3550 689 po-
3658 624 3665 629 ”

1917 708 2081 762 sitam
2108 725 2279 780 super
2302 709 2538 765 ﬂuvium
2561 710 2658 783 qui
2679 709 2885 765 dicitur
2916 708 3134 781 [Padus]
3162 711 3309 765 infra
3327 712 3446 782 jam
3471 711 3549 767 di-

1917 804 2064 856 ctam
2097 801 2328 857 Italiam.

1152 1142 2615 1374 FLORIANUS.

721 1340 1237 1563 ABBAs
1303 1340 1926 1561 ﬁdem
2022 1340 3023 1563 Mom'sim;

600 1825 1186 1930 FLORIANI,
1286 1824 1725 1910 ROMANI
1824 1823 2519 1908 MONASTERII
2619 1825 3139 1928 ABBATIS,

1086 1991 1485 2123 EPISTOLA
1570 1995 1675 2123 ΔΙ)
1758 1992 2140 2123 SANCTUM
2223 1993 2645 2123 NICETIUM.

255 2340 503 2396 Domino
535 2356 638 2396 suo
665 2341 876 2397 Nicetio
904 2358 1083 2413 papae,
1119 2342 1410 2397 Florianus
1438 2358 1507 2398 ex
1534 2344 1820 2397 monaste-
1842 2380 1899 2453 B
1923 2357 2028 2412 pro
2052 2342 2189 2397 filio.
2218 2342 2327 2397 Sed
2355 2346 2411 2397 et
2436 2357 2657 2397 coronae
2673 2346 2870 2396 vestrae
2889 2340 3108 2396 socium
3132 2341 3310 2396 beata:
3333 2355 3553 2395 memo-

185 2433 272 2487 rio
298 2434 560 2489 Romano
594 2432 727 2506 [Al.,
762 2434 1055 2509 Remano].

258 2526 623 2582 Benedicitur
663 2544 781 2582 una
820 2528 1080 2596 Trinitas,
1131 2529 1276 2583 Deus
1321 2533 1537 2595 noster,
1580 2529 1679 2600 qui
1727 2545 1823 2583 vos

186 2618 607 2691 pontiﬁcalibus
631 2620 847 2675 meritis
876 2621 1189 2692 pontiﬁcali
1216 2622 1418 2676 locavit
1437 2623 1498 2675 in
1517 2621 1742 2689 vertice,
1763 2626 1826 2675 ut

188 2728 304 2765 non
343 2712 671 2768 beatitatem
713 2713 978 2785 dignitas,
1011 2714 1109 2769 sed
1152 2714 1439 2769 beatitudo
1480 2714 1826 2785 praecederet

188 2805 548 2876 dignitatem.
577 2807 685 2861 Nec
711 2807 999 2862 immerito
1029 2824 1042 2861 :
1074 2823 1205 2861 cum
1235 2807 1305 2861 ab
1326 2807 1558 2862 ineunte
1584 2806 1825 2878 pueritia

189 2898 490 2953 dominicis
538 2900 865 2955 militaveris
908 2900 968 2954 in
1020 2901 1232 2965 castris,
1266 2906 1329 2955 ut
1370 2900 1507 2955 illuc
1546 2900 1723 2954 tutius
1768 2903 1825 2954 et

187 2991 430 3045 validius
480 2992 757 3060 discretis,
808 2993 1014 3064 quibus
1053 2993 1256 3064 jaculis
1307 2992 1679 3063 intelligibilis
1728 2992 1821 3047 ille

184 3086 571 3157 prosternitur
610 3087 896 3155 Amalech,
929 3087 1138 3142 scilicet
1162 3087 1388 3159 quando
1416 3090 1471 3141 et
1496 3086 1616 3157 ipse
1645 3086 1827 3141 victor

186 3196 248 3232 es
296 3178 554 3234 nomine.
586 3179 675 3234 Sic
715 3180 868 3234 enim
912 3180 1047 3234 estis
1084 3181 1194 3234 Deo
1223 3179 1464 3251 praesule
1510 3179 1567 3234 in
1602 3179 1825 3233 statutis

186 3271 591 3326 coenobialibus
610 3272 837 3339 eruditi,
862 3277 923 3327 ut
947 3290 1049 3343 per
1064 3289 1220 3327 mare
1243 3272 1433 3327 saeculi
1458 3272 1576 3326 sine
1597 3272 1828 3327 saecula-

187 3366 350 3419 ribus
393 3364 655 3419 ﬂuctibus
695 3365 968 3420 inoffenso
1003 3366 1239 3437 vestigio
1273 3364 1610 3431 transiretis,
1641 3370 1696 3419 et
1721 3365 1821 3418 tri-

188 3458 529 3529 umphalem
576 3459 854 3530 hymnum
895 3474 1025 3513 cum
1065 3460 1248 3530 Moyse
1284 3458 1488 3513 merito
1519 3458 1821 3511 concinen-

188 3557 306 3607 tes:
340 3554 622 3610 Cantemus
650 3555 894 3614 Domino,
911 3552 1136 3621 gloriose
1155 3554 1295 3607 enim
1322 3553 1695 3620 honoriﬁcatus
1712 3554 1823 3615 est;

186 3661 389 3715 equum
412 3650 465 3699 et
487 3660 815 3700 ascensorem
851 3645 1076 3715 projecit
1103 3648 1161 3699 in
1188 3661 1356 3700 mare.
1387 3644 1475 3699 Sic
1503 3644 1826 3699 individuus

1925 2435 2023 2490 riae
2064 2435 2364 2490 dominum
2409 2435 2723 2490 Caesarium
2772 2434 3155 2490 Arelatensem
3203 2435 3553 2507 episcopum,

1923 2529 2023 2600 qui
2060 2528 2199 2583 vixit
2237 2528 2388 2584 inter
2425 2528 2695 2584 barbaros
2735 2528 2885 2599 pius,
2928 2527 3079 2584 inter
3114 2528 3264 2583 bella
3303 2531 3553 2600 pacatus,

1922 2626 2084 2693 pater
2106 2622 2515 2694 orphanorum,
2560 2627 2752 2693 pastor
2776 2622 3087 2693 egentium,
3128 2621 3225 2693 qui
3254 2621 3398 2676 tanti
3422 2636 3555 2676 cen-

1924 2732 2020 2789 sus
2043 2716 2313 2771 effusione
2332 2716 2413 2770 nil
2439 2715 2703 2788 perdidit,
2724 2714 2997 2770 catholice
3022 2715 3281 2786 regulam
3306 2713 3555 2785 discipli-

1928 2825 2015 2862 nae
2060 2809 2223 2863 dictis
2262 2808 2536 2879 factisque
2574 2808 2988 2862 demonstrans.
3038 2809 3157 2878 Ipse
3207 2806 3386 2878 igitur
3412 2805 3557 2860 mihi

1926 2902 2135 2956 Latinis
2163 2901 2457 2956 elementis
2480 2901 2749 2972 imposuit
2775 2900 3161 2971 alphabetum,
3193 2900 3290 2954 sed
3319 2904 3376 2953 et
3401 2899 3555 2953 hunc

1926 3013 2028 3067 pro
2047 2995 2263 3049 famulo
2282 2994 2671 3064 discipuloque
2698 3009 2799 3047 suo
2813 2994 3123 3064 impetrare
3138 2990 3377 3047 conﬁdo.
3396 2991 3555 3046 Addo

1923 3088 2180 3158 tertium,
2198 3088 2476 3158 imparem
2497 3086 2725 3158 quidem
2743 3086 3041 3158 dignitate,
3060 3086 3159 3140 sed
3184 3085 3402 3140 meritis
3418 3101 3558 3140 coae-

1925 3182 2152 3253 qualem
2172 3186 2376 3235 sanctae
2391 3181 2683 3235 memoriae
2694 3180 3044 3235 Theodatum
3059 3179 3317 3234 abbatem
3338 3195 3553 3244 meum,

1926 3280 1982 3330 et
2009 3274 2528 3337 archimandritam,
2561 3274 2753 3328 saeculi
2781 3274 2952 3345 hujus
2979 3273 3294 3341 inimicum,
3324 3272 3414 3326 cui
3436 3289 3559 3327 cru-

1926 3367 2119 3422 cifixus
2149 3372 2230 3422 est
2256 3367 2525 3429 mundus,
2566 3368 2844 3438 templum
2871 3383 2998 3421 vere
3027 3366 3425 3439 dignissimum
3444 3366 3561 3420 Tri-

1924 3461 2134 3527 nitatis,
2163 3460 2399 3531 plenum
2418 3460 2749 3514 reverentiae
2776 3459 3227 3526 Christianitatis,
3251 3476 3321 3513 ex
3338 3458 3560 3530 placida

1924 3554 2171 3608 bonitate
2203 3552 2587 3621 mitissimum,
2628 3552 2863 3622 jejuniis
2889 3552 3243 3622 castigatum,
3285 3552 3555 3606 orationi-

1926 3647 2032 3700 bus
2057 3646 2352 3712 refectum,
2384 3645 2627 3715 puritate
2663 3644 3121 3711 mundissimum,
3154 3645 3253 3714 qui
3290 3644 3434 3698 mihi
3465 3661 3556 3699 sa-

187 3754 383 3794 comes
437 3738 591 3807 Elite,
638 3743 701 3792 ut
734 3753 1097 3809 nequaquam
1145 3739 1409 3792 deserens
1452 3738 1670 3803 altiora,
1715 3735 1902 3808 quoC
1928 3755 2049 3793 cras
2075 3738 2335 3808 exposuit
2360 3737 2695 3807 Scripturas,
2724 3740 2781 3789 et
2817 3736 2984 3790 ﬂores
3023 3740 3234 3790 tenerae
3269 3736 3557 3808 lanuginis

189 3831 516 3887 humilitate
542 3831 965 3897 conscenderas,
989 3831 1137 3886 unde
1158 3847 1288 3885 cum
1309 3830 1572 3902 apostolis
1588 3830 1648 3884 in
1672 3845 1830 3883 mon-

190 3931 309 3981 tem
356 3923 737 3996 glorificatum
779 3924 1060 3996 aspiceres
1101 3924 1405 3978 Dominum
1460 3923 1823 3979 Salvatorem.

194 4019 338 4082 Quia
364 4018 545 4087 igitur
569 4022 742 4071 tantae
772 4017 1158 4072 sanctimoniae
1194 4019 1396 4072 vestrae
1438 4016 1829 4087 praerogativa:

194 4111 469 4179 suffultat,
504 4127 696 4182 quaeso
727 4115 789 4165 ut
824 4127 927 4181 pro
964 4126 1075 4179 me,
1123 4111 1219 4181 qui
1264 4109 1607 4180 impetrastis
1635 4109 1824 4164 oretis.

193 4205 476 4268 Quoniam
534 4204 681 4258 Deus
752 4204 1019 4275 prazscius
1102 4204 1427 4257 futurorum
1456 4244 1470 4270 ,
1528 4202 1628 4274 qui
1697 4202 1829 4257 fecit

195 4313 325 4369 quae
383 4302 623 4351 ventura
671 4302 832 4364 sunt,
894 4297 1074 4351 sciens
1123 4312 1215 4350 me
1259 4301 1584 4351 sanctorum
1634 4295 1827 4350 solatio

192 4390 455 4462 indigere
504 4390 782 4459 vivorum,
831 4395 891 4445 ut
937 4390 1119 4445 bonus
1170 4389 1442 4444 Dominus
1491 4388 1831 4460 praeparavit

191 4483 429 4539 auxilia.

264 4577 404 4632 Vide
422 4592 559 4647 ergo
582 4577 811 4648 quantis
835 4576 1187 4647 adjutoribus
1213 4576 1408 4645 uteris,
1441 4592 1573 4630 cum
1602 4592 1705 4646 pro
1736 4590 1828 4629 me

189 4670 432 4743 coeperis
446 4670 739 4725 obsecrare
759 4675 966 4726 sanctae
992 4670 1281 4725 memoria:
1311 4668 1608 4724 dominum
1635 4670 1825 4723 Enno-

191 4765 356 4820 dium
410 4764 736 4835 pontiﬁcem
779 4762 1087 4818 Ticinensis
1123 4762 1400 4830 Ecclesia,
1429 4762 1527 4834 qui
1566 4760 1828 4833 generosi

190 4857 494 4928 sanguinis
539 4856 892 4911 nobilitatem
932 4855 1252 4911 humilitate
1297 4854 1569 4927 praevexit
1596 4854 1667 4909 ad
1706 4854 1827 4924 glo-

188 4951 361 5014 riam,
383 4953 451 5002 ut
475 4949 533 5004 in
563 4949 799 5004 ccelestis
836 4950 1034 5021 patriae
1063 4954 1264 5003 senatu
1289 4947 1450 5002 ﬂeret
1473 4953 1529 5002 et
1558 4946 1636 5002 ibi
1662 4963 1828 5001 sena-

1926 3831 2047 3902 ipse
2076 3830 2321 3901 suscepit
2344 3847 2361 3899 ;
2397 3829 2493 3900 qui
2520 3846 2624 3899 pro
2654 3828 2769 3883 ﬁlio
2795 3833 2852 3883 et
2888 3828 3180 3899 discipulo,
3217 3845 3558 3884 successore-

1928 3940 2039 3996 que
2066 3941 2188 3993 suo,
2215 3922 2345 3977 licet
2367 3922 2622 3992 indigno,
2644 3938 2760 3976 non
2775 3921 3004 3992 ambigo
3030 3922 3180 3992 quod
3206 3922 3328 3977 laus
3358 3922 3559 3992 [Forte,

1928 4016 2109 4089 laetus]
2141 4021 2355 4070 exoret.
2389 4015 2630 4069 Vincunt
2656 4031 2814 4086 ergo,
2841 4014 3081 4070 Domine
3111 4015 3209 4085 mi,
3242 4016 3385 4072 tanti
3422 4016 3560 4087 justi

1929 4110 2245 4166 orationem
2264 4113 2646 4180 peccatorum.
2684 4109 2863 4180 Igitur
2891 4108 3023 4180 quia
3048 4110 3396 4165 conversatio
3433 4126 3558 4165 ves-

1931 4208 2015 4257 tra
2041 4203 2101 4258 in
2128 4202 2282 4257 coelis
2310 4206 2413 4267 est,
2457 4202 2600 4257 sicut
2624 4202 2758 4256 dicit
2786 4203 3082 4273 Apostolus
3113 4222 3127 4258 :
3165 4206 3357 4259 Vestra
3381 4209 3559 4260 autem

1929 4298 2261 4352 conversatio
2286 4299 2344 4351 in
2370 4297 2512 4351 caelis
2533 4301 2628 4359 est,
2648 4300 2804 4350 orate
2825 4313 2957 4350 cum
2976 4296 3084 4363 his,
3113 4300 3169 4350 et
3189 4302 3381 4367 rogate
3399 4298 3562 4352 illum

1929 4406 2123 4445 meum
2150 4389 2588 4444 sacratissimum
2614 4389 2987 4444 confessorem
3016 4388 3397 4455 Ambrosium,
3426 4406 3562 4461 qua-

1927 4488 2094 4538 tenus
2122 4499 2214 4537 me
2266 4486 2327 4536 ut
2360 4482 2704 4553 peculiarem
2742 4482 3024 4535 famulum
3052 4484 3301 4550 tueatur,
3331 4487 3397 4536 ut
3419 4499 3556 4552 pro-

1928 4575 2119 4648 prium
2149 4575 2328 4629 civem
2366 4574 2566 4641 foveat,
2596 4580 2659 4629 ut
2683 4574 3019 4629 familiarem
3038 4574 3334 4628 alumnum
3361 4581 3556 4631 eruat:

1930 4669 2029 4741 qui
2058 4667 2207 4739 apud
2241 4667 2541 4721 Dominum
2568 4669 2758 4722 Jesum
2800 4667 2952 4739 quod
2991 4666 3234 4721 oraverit
3285 4668 3556 4725 exorabit.

1928 4761 2202 4826 Quocirca
2226 4760 2576 4815 salutationis
2599 4760 2934 4830 obsequium
2962 4760 3307 4815 famulanter
3340 4761 3557 4818 insinu-

1930 4872 2050 4925 ans,
2081 4870 2285 4926 precor
2310 4858 2372 4908 ut
2398 4870 2502 4925 pro
2525 4853 2845 4908 beatissimo
2875 4853 3014 4921 viro,
3048 4854 3277 4910 domino
3297 4872 3424 4911 meo
3451 4858 3557 4911 Da-

1930 4948 2010 5003 tio
2041 4947 2307 5019 episcopo
2334 4946 2505 5001 fratre
2531 4951 2733 5016 vestro,
2753 4963 2978 5018 semper
3002 4949 3192 5003 oretis.
3216 4950 3457 5021 Equum
3478 4953 3564 5005 est

191 5049 304 5109 tor,
335 5044 496 5113 cujus
525 5043 1024 5113 incomparabilem
1051 5042 1321 5097 doctrinm
1360 5040 1681 5096 facundiam
1713 5055 1901 5114 non“
1931 5042 2085 5096 enim
2131 5044 2197 5095 ut
2223 5057 2328 5111 pro
2356 5056 2442 5109 eo,
2475 5055 2648 5111 quem
2696 5041 3027 5096 monasterii
3073 5046 3228 5114 septa
3267 5049 3563 5107 sacrarunt

193 5138 385 5192 solum
411 5141 647 5191 testatur
671 5135 959 5203 Occidens,
988 5136 1084 5192 sed
1112 5140 1170 5191 et
1208 5134 1408 5189 Oriens
1433 5134 1707 5188 instructa
1727 5100 1910 5187 mi-D
1932 5149 2332 5201 successorem,
2363 5133 2533 5188 etiam
2569 5133 2955 5189 confessorum
2980 5151 3269 5189 successor
3298 5136 3563 5207 egregius

192 5234 376 5284 ratur.
405 5229 643 5283 Nestorii
692 5228 929 5297 fulmen,
962 5228 1227 5299 Eutychis
1265 5227 1592 5295 exstinctor,
1625 5225 1831 5297 glorio-

194 5339 320 5377 sam
357 5322 647 5376 dominam
673 5338 859 5375 meam
886 5321 1383 5391 inviolabilemque
1409 5319 1636 5375 Mariam
1664 5318 1830 5374 Chri-

192 5421 453 5471 stotocon
480 5422 535 5471 et
562 5416 901 5481 Theotocon,
926 5415 1235 5487 apostolica
1260 5414 1597 5468 auctoritate
1622 5412 1830 5484 perdo-

190 5511 337 5565 cuit.
381 5511 503 5580 lpse
540 5525 679 5581 ergo
727 5524 890 5564 meus
934 5516 1015 5563 est
1064 5511 1225 5579 pater
1267 5524 1337 5562 ex
1376 5508 1621 5575 lavacro,
1662 5522 1835 5577 quem

193 5603 369 5658 credo
397 5602 548 5674 apud
573 5607 852 5658 attemum
893 5604 1114 5657 Patrem
1139 5618 1242 5673 per
1262 5601 1466 5656 Filium
1494 5599 1833 5655 intervenire

1930 5228 2249 5293 beatorum,
2265 5243 2497 5282 exorare
2516 5242 2631 5281 non
2648 5226 2885 5282 desinas.
2914 5229 2981 5282 Et
3007 5228 3111 5281 hoc
3136 5228 3182 5280 si
3204 5227 3441 5298 dignum
3463 5229 3563 5283 du-

1934 5322 2055 5375 citis
2074 5319 2456 5392 supplicamus
2472 5324 2537 5376 ut
2556 5319 2924 5375 Beatitudinis
2940 5324 3138 5373 vestrae
3160 5319 3411 5389 sospitati
3432 5337 3563 5392 par-

1933 5414 2166 5469 vitatem
2194 5418 2444 5469 nostram
2469 5413 2702 5480 faciatis,
2730 5412 2872 5467 sicut
2891 5412 3158 5484 petimus,
3182 5427 3561 5469 successorem

1935 5509 2129 5579 [Forte,
2159 5506 2500 5580 certiorem].
