4034 6228
1465 581 2856 785 ANONYMUS.

1895 1049 2406 1141 ANONYMI

1254 1215 1361 1341 All
1445 1213 1966 1341 EUSEBIANUM
2037 1214 2504 1342 CHRONICON
2598 1216 3037 1344 APPENDIX.

747 1405 930 1485 (Haec
957 1407 1290 1488 appendix
1318 1408 1486 1470 inter
1513 1425 1713 1489 opera
1744 1407 2019 1471 Eusebii
2045 1407 2387 1490 Pamphili
2411 1410 2945 1490 opportum'orem
2975 1409 3188 1472 locum
3217 1410 3583 1484 obtinebit.)

485 1562 3844 1598 ﬂ

1295 1740 1704 1817 SZECULI
1768 1741 2086 1816 SEXTI
2148 1741 3044 1850 SUPPLEMENTUM.

1717 2017 2620 2144 SYNTAGMA

491 2213 1195 2330 Decretorum,
1313 2215 2119 2347 praeceptionum

2219 2248 2338 2316 ac
2465 2217 2965 2316 editorum
3078 2217 3860 2347 praecipuorum

628 2357 994 2489 quibus
1074 2357 1280 2457 sive
1365 2359 2088 2488 imperatores,
2187 2359 2398 2460 sive
2476 2389 2772 2488 reges
2855 2390 3070 2459 sese
3151 2358 3459 2458 rebus
3535 2357 3853 2457 eccle-

628 2498 1060 2598 siasticis
1111 2499 1784 2628 ingesserunt.

1074 2899 2243 3317 .lUS’l‘lNl'ANUSL
2281 3093 3276 3316 IMPERATOR

1632 3575 2094 3663 NOTITIA
2161 3575 2302 3659 EX
2373 3574 2651 3660 CAVE
2669 3639 2687 3658 .

560 3894 642 3948 Fl.
668 3892 1035 3959 Justinianus,
1068 3894 1236 3963 gente
1275 3889 1548 3961 lllyricus,
1584 3888 1829 3944 Sabbatii
1858 3892 1914 3942 et
1939 3886 2117 3958 Bigli-
2141 3900 2199 3972 Α
2219 3894 2428 3959 quente
2451 3904 2601 3942 anno
2621 3889 2867 3958 synodus
2891 3887 3519 3960 Constantinopolitana
3547 3888 3748 3943 itidem
3775 3889 3864 3944 fe-

488 3988 628 4042 nizaz
656 3985 822 4054 ﬁlius,
851 3985 1122 4054 Tauresii,
1164 3984 1331 4039 hodie
1357 3982 1721 4038 Achriduntis
1748 3981 1806 4035 in
1837 3980 2122 4035 Dardania

490 4086 656 4136 natus
681 4085 762 4135 est
788 4096 936 4133 anno
961 4079 1086 4134 483.
1118 4077 1471 4132 Avunculum
1492 4075 1690 4131 habuit
1709 4074 1993 4129 Justinum
2013 4074 2125 4127 Au-

491 4178 744 4246 gustum,
776 4191 809 4226 a
837 4189 948 4244 quo
975 4173 1033 4226 in
1074 4173 1312 4228 Castello
1365 4170 1673 4224 Bederiano
1718 4184 1941 4223 summa
1990 4184 2125 4222 cura

491 4268 760 4332 educatus
791 4270 892 4334 est,
923 4270 976 4319 et
1003 4266 1059 4319 in
1088 4264 1272 4319 ﬁlium
1297 4264 1612 4333 adoptatus.
1646 4261 1906 4316 Nondum
1933 4261 2120 4332 impe-

491 4365 646 4417 rator
679 4359 1029 4416 Theodoram
1061 4363 1187 4414 ortu
1208 4356 1472 4430 Cypriam
1502 4371 1734 4410 uxorem
1761 4355 1940 4422 duxit,
1962 4354 2125 4409 femi-

490 4472 623 4510 nam
650 4453 990 4508 insolentem
1019 4456 1075 4508 et
1101 4450 1460 4523 Eutychianaa
1490 4447 1692 4503 hmresi
1718 4447 1936 4519 perdite
1961 4446 2124 4502 addi-

491 4553 659 4604 ctam.
682 4550 845 4602 Anno
873 4549 995 4612 519,
1019 4563 1051 4600 a
1078 4545 1294 4600 Iustino
1329 4544 1676 4615 imperatore
1716 4541 1990 4612 magister
2010 4539 2119 4593 mi-

492 4642 658 4696 litum
684 4641 862 4695 factus
877 4643 978 4708 est,
1001 4643 1056 4694 et
1082 4638 1142 4692 in
1160 4637 1449 4693 Orientem
1472 4652 1603 4691 cum
1624 4635 1873 4690 exercitu
1896 4634 2122 4704 missus,

495 4753 615 4791 rem
655 4737 854 4789 contra
897 4735 1090 4787 Persas
1115 4732 1258 4787 bene
1294 4731 1486 4802 gessit.
1517 4732 1680 4784 Anno
1712 4731 1834 4796 521,
1864 4727 2122 4781 consula-

491 4835 616 4885 tum
649 4827 826 4896 obiit;
860 4843 992 4880 mox
1021 4825 1308 4896 patricius,
1352 4824 1556 4878 deinde
1608 4821 1988 4876 nobilissimus
2018 4836 2033 4888 ;
2061 4836 2125 4874 ac

491 4922 721 4980 tandem
747 4937 895 4976 anno
926 4925 1048 4989 527,
1079 4919 1340 4974 Kalendis
1367 4917 1672 4989 Aprilibus,
1714 4919 2002 4988 Augustus
2031 4931 2123 4968 re-

490 5016 803 5083 nuntiatus,
824 5030 954 5069 cum
979 5014 1255 5068 avunculo
1282 5028 1522 5083 regnare
1549 5010 1754 5082 coepit;
1785 5026 1897 5080 quo
1927 5008 2125 5063 defun-

489 5118 577 5166 cto
605 5109 868 5165 Kalendis
895 5107 1134 5178 Augusti
1165 5106 1418 5176 ejusdem
1448 5105 1604 5173 anni,
1635 5103 1942 5174 imperium
1971 5102 2127 5156 dein-

488 5223 618 5276 ceps
647 5205 800 5258 solus
829 5200 1031 5257 tenuit.
1067 5202 1230 5254 Anno
1258 5201 1381 5264 528,
1425 5198 1673 5252 edictum
1712 5195 2120 5268 promulgavit,

2223 3981 2318 4035 cit.
2351 3985 2512 4036 Anno
2542 3985 2665 4051 553,
2695 3981 3001 4036 concilium
3033 3981 3446 4037 mcumenicuin
3459 3982 3865 4037 Constantino-

2224 4074 2340 4145 poli
2373 4075 2699 4130 habendum
2738 4075 2976 4130 indixit:
3020 4075 3079 4129 in
3110 4092 3220 4146 quo
3265 4092 3297 4128 a
3334 4074 3616 4143 Patribus,
3660 4079 3724 4129 ut
3750 4075 3864 4132 tria

2223 4168 2480 4239 Capitula
2504 4169 2913 4223 damnarentur
2946 4169 3249 4240 postulavit
3277 4172 3334 4223 et
3358 4168 3605 4222 obtinuit
3635 4168 3861 4236 (Evagr.

2225 4261 2264 4315 l.
2305 4278 2380 4330 1v,
2412 4278 2458 4316 c.
2491 4261 2601 4333 39).
2650 4265 2814 4316 Anno
2859 4265 2981 4327 563,
3013 4261 3398 4316 fatiscentibus
3441 4278 3572 4316 cum
3620 4278 3863 4332 corpore

2225 4355 2402 4409 animi
2428 4354 2660 4424 viribus,
2680 4355 2750 4409 ab
2781 4355 3061 4410 haereticis
3091 4355 3427 4426 quibusdam
3450 4355 3704 4424 delusus,
3735 4356 3858 4410 edi-

2225 4453 2378 4503 ctum
2400 4447 2670 4518 cbndidit,
2699 4464 2812 4518 quo
2841 4448 3044 4503 Christi
3075 4464 3276 4519 corpus
3293 4449 3418 4520 pari
3445 4449 3614 4504 modo
3643 4454 3774 4505 ante
3793 4467 3864 4504 ac

2225 4547 2349 4613 post
2384 4540 2856 4596 resurrectionem
2891 4541 3268 4612 corruptionis
3287 4545 3343 4595 et
3368 4542 3718 4598 naturalium
3733 4543 3865 4599 affe-

2225 4635 2481 4690 ctionum
2506 4651 2704 4706 expers
2731 4634 2904 4689 fuisse
2948 4634 3138 4688 docuit
3162 4652 3178 4704 ;
3209 4639 3385 4706 utque
3411 4636 3713 4691 sententiae
3744 4653 3865 4692 suae

2225 4746 2421 4784 omnes
2450 4727 2700 4799 episcopi
2735 4728 3173 4794 subscriberent,
3216 4729 3524 4796 mandavit.
3554 4730 3866 4802 Episc0pos

2225 4822 2532 4876 Orientales
2557 4821 2627 4876 ad
2659 4821 2932 4876 Anastasii
2974 4820 3313 4875 Antiocheni
3347 4822 3692 4876 sententiam
3725 4841 3864 4894 pro-

2225 4919 2486 4969 vocantes
2515 4913 2842 4985 gravissime
2861 4913 3064 4968 afﬂixit
3089 4931 3106 4982 ;
3136 4913 3322 4984 ipsum
3339 4930 3470 4968 vero
3499 4916 3868 4972 Anastasium

2225 5013 2281 5063 et
2332 5008 2673 5079 Eutychium
2727 5007 3115 5079 patriarcham
3165 5006 3864 5078 Constantinopolitanum

2225 5105 2545 5156 constanter
2572 5101 2911 5155 reluctantes
2937 5099 3162 5155 sedibus
3190 5100 3304 5154 suis
3340 5101 3680 5169 exturbavit,
3713 5107 3769 5156 et
3797 5103 3861 5158 in

2226 5194 2485 5249 exsilium
2516 5193 2797 5265 deportari
2825 5193 3010 5264 jussit.
3051 5193 3385 5264 Hujusmodi
3415 5193 3628 5248 deliriis
3666 5194 3862 5251 inten-

491 5273 605 5370 quo
631 5296 990 5352 Nestorianos
1017 5298 1072 5348 et
1104 5292 1503 5364 Eutychianos,
1536 5296 1806 5362 tanquam
1832 5289 2125 5344 haereticos
2145 5273 2200 5344 B
2225 5293 2334 5356 tus,
2364 5287 2532 5343 rebus
2562 5287 2826 5342 humanis
2867 5292 3164 5357 exemptus
3208 5290 3294 5342 est
3324 5303 3475 5341 anno
3508 5290 3633 5354 565,
3666 5288 3758 5345 die
3797 5293 3864 5345 14

493 5392 672 5464 poenis
698 5390 958 5446 civilibus
978 5386 1298 5443 multandos
1315 5384 1580 5454 decrevit,
1595 5384 1793 5439 eodem
1820 5389 1944 5454 post
1964 5383 2125 5454 quin-

490 5485 806 5558 quennium
833 5489 1118 5538 renovato.
1146 5481 1309 5535 Anno
1325 5480 1449 5546 541,
1468 5478 1771 5550 Origenem
1797 5477 1917 5547 ipse
1939 5477 2122 5531 edicto

492 5579 800 5646 damnavit,
846 5581 902 5632 et
932 5577 1124 5632 habita
1170 5591 1303 5630 mox
1337 5573 1440 5629 sub
1493 5573 1692 5628 Menna
1741 5570 1953 5641 synodo
1986 5569 2124 5623 Con-

491 5671 873 5743 stantinopoli,
894 5671 1051 5724 illum
1073 5686 1206 5725 cum
1232 5666 1597 5723 sectatoribus
1623 5663 1980 5719 anathemate
2000 5677 2126 5732 per-

490 5766 820 5821 cutiendum
875 5764 1111 5819 curavit.
1163 5764 1324 5816 Anno
1377 5761 1510 5829 545,
1567 5758 1718 5814 edita
1766 5754 2119 5810 constitutio-

493 5871 583 5924 ne,
628 5857 736 5911 tria
775 5856 1032 5926 Capitula
1081 5854 1390 5923 damnavit,
1446 5851 1596 5924 quod
1646 5854 1699 5905 et
1746 5852 1987 5905 exeunte
2033 5863 2120 5902 se-

2225 5382 2572 5449 Novembris,
2603 5381 2846 5451 dierum,
2881 5381 3100 5452 gloriae,
3143 5385 3200 5435 et
3225 5379 3654 5451 triumphorum
3682 5387 3860 5439 satur.

2225 5478 2345 5531 Non
2385 5476 2616 5531 deerant
2649 5475 2804 5541 olim,
2837 5491 2940 5530 nec
2985 5474 3190 5528 desunt
3225 5473 3420 5542 hodie,
3450 5475 3548 5546 qui
3574 5475 3636 5530 in
3672 5493 3859 5531 sacra-

2223 5570 2502 5625 tissimum
2551 5568 2886 5640 principem,
2940 5584 3055 5622 non
3095 5567 3280 5622 minus
3321 5567 3596 5637 doctrina,
3629 5570 3858 5641 pietate,

2223 5680 2394 5734 quam
2420 5663 2670 5734 potentia
2689 5667 2745 5717 et
2765 5678 2959 5716 rerum
2979 5665 3267 5733 gestarum
3300 5661 3486 5731 gloria
3515 5663 3756 5730 clarum,
3782 5669 3859 5720 to-

2222 5761 2282 5812 ta
2311 5755 2730 5812 calumniarum
2756 5759 2812 5812 et
2831 5755 3212 5810 conviciorum
3246 5757 3497 5826 plaustra
3525 5761 3857 5813 exonerant.

2224 5851 2398 5904 Nemo
2411 5865 2542 5906 vero
2556 5865 2808 5921 unquam
2824 5848 3092 5921 iniquiori
3113 5866 3372 5920 censura,
3390 5853 3447 5905 et
3459 5849 3857 5907 inverecundis
