4034 6228
153 371 254 420 021
1048 363 1410 420 JUSTlNlANl
1450 365 1776 420 NOVELLrE
1815 366 2148 423 SELECTrE.
2191 369 2500 426 NOVELLA
2539 370 2628 426 Ill.

3417 384 3522 436 922

152 476 328 545 longe
357 473 507 528 infra
523 474 732 528 summi
751 474 1021 546 principis
1041 481 1268 546 sortem,
1289 476 1350 532 in
1367 478 1792 550 angustissimos
1813 488 1872 559 Α
1893 478 2170 532 memoria
2187 478 2554 534 veneratione
2581 479 2756 551 digna
2774 485 3056 553 censetur,
3089 485 3175 555 cui
3185 502 3249 539 us
3277 486 3408 542 ﬁdei
3435 503 3522 543 re-

150 571 460 626 Justiniani
503 587 699 628 manes
738 573 1108 629 debacchatus
1155 579 1257 643 est,
1291 593 1464 648 quam
1497 577 1792 633 cardinalis

152 665 434 720 Baronius
463 667 504 732 ',
541 683 741 721 omnes
767 667 824 722 in
854 667 963 722 hoc
1001 668 1334 740 eloquentiae
1370 687 1571 726 nervos
1599 672 1787 728 inten-

150 759 318 826 dens,
343 766 407 814 ut
433 777 503 814 ex
524 759 867 832 imperatore
895 778 1010 815 non
1036 761 1348 832 hominem,
1377 764 1475 819 sed
1500 765 1789 820 diabolum

148 853 318 907 nobis
341 853 657 909 exhiberet.
686 856 754 910 Ut
779 854 950 910 ﬁdem
976 855 1197 922 faciam,
1221 857 1481 927 quaedam
1502 858 1696 913 lectori
1716 858 1790 912 ob

150 946 355 1001 oculos
385 963 618 1018 ponam.
655 970 681 997 «
709 948 856 1015 Fuit,
880 947 1086 1020 inquit,
1116 949 1288 1003 homo
1305 949 1532 1019 penitus
1557 950 1786 1005 illitera-

149 1041 247 1090 tus
272 1055 290 1106 ;
325 1038 469 1092 adeo
505 1042 570 1092 ut
602 1053 705 1093 nec
733 1037 1103 1109 alphabetum
1148 1037 1453 1109 aliquando
1483 1037 1785 1095 didicisset.

149 1130 476 1201 Sacrilegus
504 1131 830 1202 imperator,
863 1131 960 1202 qui
988 1147 1102 1186 non
1125 1132 1307 1186 levem
1333 1132 1788 1204 persecutionem

146 1223 440 1292 excitavit,
477 1223 666 1279 furore
695 1225 961 1295 percitus,
978 1229 1168 1280 mente
1188 1225 1455 1294 dimotus,
1488 1231 1788 1297 corruptus

147 1317 407 1387 maligno
453 1317 675 1388 spiritu,
713 1318 957 1388 agitatus
980 1335 1013 1372 a
1041 1319 1264 1386 Satana,
1296 1318 1507 1390 quique
1555 1335 1785 1375 omnem

148 1410 210 1464 in
240 1411 485 1465 Ecclesia
504 1410 755 1465 dissolvit
775 1411 1052 1477 ordinem,
1075 1412 1317 1482 fecitque
1343 1428 1407 1466 ex
1432 1429 1607 1482 regno
1627 1413 1789 1466 coelo—

147 1520 282 1558 rum
311 1503 664 1574 ergastulum
693 1504 1005 1559 inferorum
1029 1505 1250 1572 (Annal.
1274 1506 1349 1559 ad
1373 1521 1465 1559 an.
1489 1509 1612 1574 551,
1634 1523 1784 1560 num.

145 1599 204 1665 3,
230 1598 296 1660 είς
323 1600 446 1664 528,
468 1613 616 1650 num.
647 1601 752 1665 20;
775 1601 898 1663 553,
927 1614 1077 1651 num.
1106 1599 1215 1668 21).
1243 1617 1270 1648 »
1296 1597 1555 1653 Inﬁnitus
1581 1615 1783 1668 essem,

146 1686 194 1739 si
233 1686 430 1740 omnia
453 1702 867 1756 percurrerem.
902 1687 1022 1740 Non
1051 1686 1193 1740 mihi
1226 1687 1284 1740 in
1313 1687 1503 1741 animo
1529 1692 1630 1754 est,
1662 1693 1788 1759 post

145 1778 480 1845 Guinetum,
522 1779 884 1850 Giphanium,
921 1778 1255 1845 Trivorium,
1290 1780 1518 1834 Rivium
1563 1784 1782 1835 nostra-

1890 570 2100 626 ctitudo
2128 588 2234 642 per
2253 572 2654 644 augustissima
2671 574 2792 645 ejus
2820 575 3001 632 edicta
3025 577 3085 632 in
3110 581 3232 634 toto
3261 581 3396 636 orbe
3414 581 3520 637 dif-

1890 664 2013 719 fusa
2037 665 2316 720 laudatur.
2349 688 2376 714 ››

1958 759 2172 813 Praeter
2201 759 2403 830 Corpus
2439 761 2584 830 juris
2625 763 2810 820 Civilis
2837 762 2968 833 (Viz.
3009 767 3410 822 Institutionum
3446 768 3518 822 li-

1891 852 2008 906 bros
2036 868 2109 914 IV,
2136 854 2551 917 Pandecta-rum,
2573 857 2682 910 sive
2702 859 3034 926 Digestorum
3058 859 3234 914 libros
3262 877 3311 927 L,
3343 864 3401 915 et
3426 860 3522 917 Co-

1889 944 2044 1009 dicis,
2074 946 2164 1000 cui
2189 945 2434 1017 plurima
2461 948 2531 1002 de
2557 949 2836 1021 religione
2865 951 3116 1006 admixta
3147 958 3298 1020 sunt,
3345 953 3517 1010 libros

1889 1041 2003 1109 x11),
2035 1041 2187 1110 quod
2228 1039 2566 1096 Triboniano
2607 1047 2778 1114 atque
2819 1043 2942 1098 aliis
2971 1045 3322 1116 adjutoribus
3361 1064 3512 1118 usus,

1887 1149 2038 1188 anno
2068 1136 2191 1199 528,
2210 1134 2452 1189 condere
2483 1135 2732 1206 incoepit,
2755 1153 2906 1191 anno
2921 1141 3043 1208 535,
3070 1140 3139 1193 ad
3164 1140 3378 1195 exitum
3393 1158 3517 1212 per-

1889 1225 2051 1280 duxit
2079 1269 2093 1295 ,
2127 1230 2185 1280 et
2226 1229 2476 1284 Novellus
2513 1235 2640 1300 post
2669 1245 2885 1284 annum
2913 1233 3015 1285 535
3045 1231 3242 1302 editas,
3272 1249 3514 1304 quarum

1886 1319 2148 1390 plurimae
2174 1320 2282 1374 fori
2311 1326 2442 1376 sunt
2485 1322 2864 1392 ecclesiastici,
2897 1324 3136 1378 seorsim
3162 1326 3308 1397 typis
3339 1343 3513 1382 excu-

1886 1429 1972 1466 sas
2011 1413 2200 1467 Grasce
2255 1431 2360 1484 per
2411 1415 2790 1470 Haloandrum
2843 1417 3014 1472 Paris.
3077 1422 3234 1488 1553,
3277 1422 3334 1475 8°
3366 1439 3382 1487 ;
3414 1435 3517 1490 per

1887 1505 2294 1576 Schringerum
2328 1507 2466 1562 ibid.
2521 1511 2652 1564 1558
2684 1527 2698 1578 ;
2730 1510 2823 1564 Gr.
2855 1511 2972 1565 Lat.
3015 1515 3291 1582 Antuerp.
3331 1515 3465 1567 1575
3491 1529 3510 1582 ;

1885 1597 2107 1668 scripsit
2135 1599 2482 1653 Justinianus
2509 1600 2758 1671 plurima
2802 1603 2871 1656 ad
2916 1619 3042 1656 rem
3081 1604 3517 1659 ecclesiasticam

1885 1692 2213 1762 spectantia,
2244 1709 2312 1746 ex
2335 1693 2540 1763 quibus
2567 1694 2737 1749 hodie
2763 1698 2988 1749 exstant
3011 1711 3024 1748 :
3059 1698 3372 1753 Constitutio
3399 1713 3518 1753 con-

1886 1789 1972 1839 tra
1998 1786 2623 1854 Anthimum,Severum,
2640 1790 2878 1854 Petrum,
2897 1794 2947 1842 et
2973 1791 3224 1853 Zoarum,
3251 1807 3400 1844 anno
3413 1793 3515 1846 536

145 1875 290 1940 tem,
321 1872 595 1944 aliosque,
634 1872 849 1943 egregii
888 1872 1160 1943 principis
1183 1871 1458 1928 vindicias
1483 1890 1673 1943 agere.
1708 1875 1784 1928 De
1806 1852 1860 1924 Β
1885 1877 2026 1933 facta
2054 1896 2069 1946 ;
2100 1895 2228 1950 quae
2260 1852 2517 1950 quidem,
2551 1896 2622 1934 ex
2647 1852 2888 1934 Novellis
2926 1882 3245 1954 desumpta,
3277 1884 3520 1938 habetur

147 1964 379 2018 eximiis
406 1964 702 2020 Justiniani
723 1965 1027 2020 virtutibus
1042 1965 1277 2019 unicum
1305 1970 1403 2019 aut
1430 1966 1670 2021 alterum
1697 1983 1786 2021 ve-

145 2062 342 2113 terum
362 2057 746 2112 testimonium
769 2057 1076 2128 proferam.
1101 2058 1175 2112 De
1199 2058 1453 2114 doctrina
1467 2059 1515 2129 ej
1525 2075 1590 2112 us
1602 2064 1657 2113 et
1672 2059 1786 2130 pie-

145 2154 268 2206 tate
298 2152 419 2206 haec
440 2151 760 2222 Procopius,
785 2151 842 2204 in
869 2151 1250 2206 Justinianum
1279 2152 1464 2206 adhuc
1483 2153 1786 2224 {equuswe

146 2245 288 2300 Bell.
317 2245 467 2301 Goth.
499 2245 541 2298 l.
565 2259 626 2298 ιιι
648 2261 664 2310 ;
687 2243 753 2297 de
767 2243 920 2310 aedif.
947 2246 1085 2298 Just.
1116 2245 1152 2297 ι.
1173 2245 1228 2313 ι).
1249 2244 1484 2299 Solitum
1506 2261 1637 2300 eum
1661 2250 1784 2300 tum

143 2338 325 2392 libros
354 2337 422 2392 de
450 2337 616 2391 rebus
645 2336 848 2392 divinis
887 2340 1120 2406 agentes
1151 2338 1531 2407 pervolutare,
1563 2343 1684 2393 tum
1713 2339 1783 2393 de

145 2430 353 2485 iisdem
372 2430 643 2502 colloquia
663 2446 794 2484 cum
815 2429 1090 2500 episcopis
1108 2434 1164 2483 et
1187 2431 1528 2501 presbyteris
1554 2431 1611 2485 in
1639 2433 1782 2486 mul-

146 2528 270 2578 tam
296 2527 521 2578 noctem
550 2523 881 2595 pertrahere
915 2539 928 2576 :
962 2522 1021 2576 in
1065 2538 1223 2576 more
1270 2523 1322 2577 ei
1351 2510 1592 2594 semper.
1611 2523 1784 2579 fuisse

148 2617 348 2671 multis
375 2620 507 2670 ante
534 2617 745 2671 Pascha
766 2615 986 2670 dierum
1013 2615 1459 2670 hebdomadibus
1483 2633 1690 2688 corpus
1707 2618 1784 2672 vi-

149 2711 305 2781 giliis
334 2713 392 2764 et
412 2709 614 2764 inediis
639 2709 941 2780 plusquam
983 2709 1236 2763 asceticis
1274 2726 1580 2776 macerare,
1609 2711 1785 2765 semel

149 2803 212 2857 in
251 2802 425 2857 biduo
454 2801 642 2856 cibum
685 2817 907 2873 capere,
945 2801 1094 2870 vino,
1124 2818 1269 2872 pane
1296 2802 1528 2874 aliisque
1556 2802 1784 2857 cibariis

148 2896 381 2966 penitus
406 2895 760 2962 abstinuisse,
791 2894 988 2949 herbis
1004 2899 1229 2950 tantum
1255 2895 1369 2950 sale
1395 2901 1451 2950 et
1474 2899 1630 2951 aceto
1657 2912 1785 2951 con-

149 2989 303 3055 ditis,
334 2992 503 3060 atque
519 3005 665 3060 aqua
690 2991 1042 3042 contentum.
1068 2989 1145 3042 De
1168 2988 1402 3060 egregio
1422 2994 1614 3044 autem
1634 2989 1786 3044 illius

148 3098 288 3153 erga
314 3081 484 3137 ﬁdem
514 3081 847 3136 catholicam
874 3081 1060 3135 studio
1096 3081 1391 3136 audiamus
1422 3083 1784 3153 Agathonem

148 3192 358 3247 papam
380 3191 446 3230 ex
475 3175 866 3246 episcoporum
890 3190 1026 3230 cxxv
1043 3175 1257 3245 synodo
1276 3176 1669 3230 testimonium
1699 3177 1780 3230 fe-
1806 3214 1856 3247 ρ

150 3275 375 3324 rentem
406 3286 419 3323 :
452 3291 478 3318 ‹‹
511 3271 576 3324 Et
595 3285 716 3341 prie
744 3268 1028 3328 omnibus,
1059 3268 1263 3340 inquit,
1310 3270 1606 3323 aemulator
1639 3287 1786 3324 verae

151 3363 473 3435 apostolicae
497 3361 627 3417 fidei
660 3361 769 3434 piae
789 3361 1079 3416 memoria:
1103 3361 1449 3417 Justinianus
1475 3365 1783 3434 Augustus,

148 3457 314 3528 cujus
329 3455 460 3512 fidei
477 3455 773 3524 rectitudo,
793 3459 1070 3526 quantum
1087 3471 1188 3525 pro
1205 3454 1419 3509 sincera
1437 3456 1788 3512 confessione

153 3555 268 3608 Deo
289 3553 520 3625 placuit,
539 3557 761 3608 tantum
788 3551 1203 3623 rempublicam
1233 3552 1617 3608 Christianam
1641 3555 1789 3609 exal-

149 3647 324 3714 tavit;
357 3650 416 3701 et
455 3663 632 3718 usque
662 3646 732 3702 ab
761 3631 1028 3701 omnibus
1065 3645 1327 3717 gentibus
1359 3646 1481 3716 ejus
1519 3646 1788 3718 religiosa

1885 1972 1976 2025 Gr.
2006 1973 2123 2026 Lat.
2153 1972 2369 2026 Concil.
2399 1976 2538 2026 tom.
2570 1975 2628 2041 V,
2659 1989 2716 2044 p.
2756 1975 2880 2028 264.
2921 1977 3168 2045 Epistola
3212 1976 3288 2030 ad
3327 1980 3518 2033 Patres

1885 2067 2100 2120 concilii
2121 2082 2152 2120 v
2179 2067 2466 2134 generalis,
2517 2081 2668 2118 anno
2871 2068 3120 2137 scripta:
3159 2073 3343 2123 exstat
3396 2071 3513 2124 Lat.

1886 2158 2094 2213 Concil.
2116 2163 2252 2212 tom.
2285 2159 2346 2227 V,
2376 2175 2506 2228 pag.
2541 2159 2663 2212 419.
2697 2161 2980 2214 Tractatus
3005 2163 3116 2215 sive
3151 2162 3384 2215 edictum
3410 2163 3514 2216 ad-

1885 2267 2065 2306 versus
2087 2253 2387 2321 Origenem,
2419 2257 2469 2305 et
2497 2268 2702 2306 errores
2734 2254 2867 2322 ejus,
2897 2254 2964 2307 ad
2988 2255 3248 2308 Mennam
3273 2255 3514 2325 patriar-

1885 2344 2048 2398 cham
2065 2344 2750 2415 Constantinopolitanum
2790 2362 2942 2399 anno
2972 2347 3095 2412 541,
3133 2346 3375 2400 missus:
3407 2364 3508 2401 ex-

1885 2437 1994 2486 stat
2029 2432 2241 2486 Concil.
2276 2433 2432 2486 Tom.
2464 2434 2524 2502 V,
2563 2450 2620 2502 p.
2663 2436 2787 2488 635.
2832 2435 3078 2504 Epistola
3122 2436 3194 2488 ad
3239 2436 3517 2503 Synodum

1885 2525 2552 2594 Constantinopolitanam,
2576 2543 2728 2579 anno
2755 2528 2848 2580 541
2880 2543 2912 2580 a
2927 2528 3130 2581 Menna
3152 2527 3402 2597 habitam
3426 2529 3518 2584 ad-

1885 2635 2078 2671 versus
2103 2618 2411 2688 Origenem
2439 2623 2494 2672 et
2519 2623 2818 2674 sectatores
2845 2619 2996 2690 ejus:
3029 2620 3376 2676 habeturGr.
3399 2623 3516 2678 Lat.

1885 2712 2096 2768 Concil.
2125 2715 2262 2766 tom.
2290 2713 2353 2778 V,
2395 2729 2526 2784 pag.
2571 2715 2694 2766 679.
2727 2715 3002 2781 Confessio
3029 2719 3186 2768 recta:
3233 2716 3364 2783 ﬁdei.
3397 2716 3521 2784 (sive

1883 2807 2132 2861 Edictum
2157 2809 2345 2860 contra
2378 2809 2488 2861 tria
2517 2805 2795 2877 Capitula)
2827 2823 2980 2860 anno
3015 2809 3114 2861 545
3139 2807 3346 2878 scripta
3374 2825 3386 2862 :
3417 2825 3516 2862 ex-

1884 2902 1994 2952 stat
2023 2899 2116 2953 Gr.
2139 2899 2258 2953 Lat.
2289 2899 2499 2953 Concil.
2530 2902 2668 2953 tom.
2694 2901 2756 2966 V,
2783 2917 2841 2971 p.
2876 2899 3000 2955 684.
3030 2901 3274 2970 Epistola
3312 2902 3390 2954 ad
3407 2905 3516 2956 Pa-

1885 2995 1988 3047 tres
2011 2992 2208 3061 synodi
2228 2992 2854 3063 CoustantinOpolitanae,
2886 3009 3037 3047 anno
3064 2994 3166 3047 546
3188 2994 3388 3048 habita:
3411 2995 3515 3048 ad-

1883 3101 2064 3141 versus
2091 3089 2198 3140 tria
2227 3087 2479 3155 Capitula
2506 3105 2522 3139 :
2553 3089 2734 3140 exstat
2759 3088 2851 3141 Gr.
2887 3087 3002 3140 Lat.
3035 3086 3248 3144 Concil.
3277 3090 3415 3142 tom.
3451 3089 3513 3158 V,

1888 3197 1942 3250 p.
1965 3181 2090 3234 724.
2127 3180 2187 3232 In
2216 3179 2434 3249 scriptis
2457 3179 2610 3233 hisce
2632 3179 3034 3234 concinnandis
3061 3180 3106 3234 si
3134 3181 3304 3234 modo
3333 3181 3514 3234 Theo-

1888 3273 2148 3344 logorum
2192 3289 2426 3326 suorum
2468 3272 2698 3326 consilio
2742 3277 2913 3344 atque
2961 3273 3237 3328 industria
3274 3290 3402 3328 usus
3435 3277 3519 3329 est

1886 3366 2253 3432 Justinianus,
2284 3382 2390 3420 nec
2429 3382 2640 3420 novum
2666 3366 2742 3434 id,
2772 3383 2877 3421 nec
2904 3366 3114 3421 mirum
3143 3367 3406 3439 cuiquam
3431 3367 3515 3421 vi-

1888 3460 2009 3514 deri
2041 3460 2264 3528 debeat,
2297 3475 2399 3514 nec
2448 3460 2639 3514 minus
2675 3458 2881 3515 idcirco
2914 3459 3035 3514 haec
3075 3460 3309 3532 proprio
3344 3462 3518 3516 Marte

1888 3553 2172 3624 scripsisse
2195 3552 2468 3608 dicendus
2490 3553 2617 3607 erit.

213 3757 233 3776 *
249 3753 413 3817 Hujus
437 3753 642 3817 critices
667 3752 952 3804 acrimonia
964 3752 1233 3802 hominem
1249 3752 1593 3816 Anglicanum
1610 3753 1799 3817 prodit.
1832 3755 2086 3804 Caeterum
2106 3755 2359 3816 quatenus
2393 3752 2562 3801 Caveo
2595 3752 2985 3802 assentiendum
3007 3752 3092 3813 sit,
3113 3750 3316 3815 judicet
3350 3752 3516 3802 lector

649 4011 1668 4142 JUSTINIANI
1789 4011 3004 4140 IMPERATORIS

428 4202 1053 4364 NOVELL/E
1146 4203 1317 4362 AD
1421 4205 2202 4422 REWM
2304 4200 3227 4363 PEBTINEN'I‘ES.

153 3815 408 3865 eruditus.
443 3816 609 3865 ΕΒΗ..-

756 4485 1059 4541 NOVELLA
1102 4486 1188 4539 Ill.

158 4597 222 4651 Ut
249 4595 642 4650 determinatus
685 4595 757 4647 sit
790 4608 1041 4648 numerus
1087 4593 1398 4648 clerico-rum
1436 4596 1788 4649 sanctissima

219 4665 449 4734 majoris
471 4665 716 4726 ecclesiae,
743 4679 912 4733 neque
937 4680 1043 4718 non
1074 4668 1388 4718 cate-rarum
1414 4667 1783 4720 sanctissima-

220 4752 348 4790 rum
374 4736 717 4790 ecclesiarum
743 4735 906 4803 hujus
931 4737 1327 4801 augustissima
1349 4735 1518 4790 urbis.

222 4861 545 4932 Imperator
569 4857 918 4914 Justinianus
945 4861 1231 4929 Augustus
1264 4857 1582 4929 Epiphanio
1609 4858 1786 4930 regia

150 4956 321 5027 hujus
353 4951 509 5007 urbis
548 4951 990 5024 archiepiscopo,
1038 4956 1095 5006 et
1137 4950 1380 5006 universi
1425 4952 1546 5023 ejus
1577 4955 1786 5008 tractus

150 5047 516 5120 patriarchae.

218 5138 526 5197 Communi
546 5138 778 5210 quidem
793 5155 856 5192 ac
870 5137 1123 5210 generali
1143 5137 1272 5209 lege
1282 5138 1404 5209 jam
1429 5138 1654 5210 pridem
1671 5142 1786 5193 tam

146 5233 585 5302 beatitudinem,
631 5249 664 5287 o
717 5231 1054 5303 patriarcha,
1100 5235 1277 5298 tuam,
1318 5248 1491 5303 quam
1537 5232 1788 5303 reliquos

149 5326 533 5384 sanctissimos
554 5325 905 5397 patriarchas
929 5325 998 5379 de
1027 5324 1384 5380 ordinatione
1413 5325 1787 5379 sanctissimo-

148 5439 276 5477 rum
295 5420 712 5491 episcoporum,
729 5421 784 5472 et
803 5417 1406 5472 reverendissimorum
1424 5417 1784 5488 clericorum,

150 5532 341 5587 neque
365 5529 479 5567 non
504 5512 829 5579 mulierum,
855 5514 912 5565 et
949 5510 1337 5580 diaconorum,
1369 5514 1426 5565 et
1453 5527 1525 5565 ne
1553 5510 1785 5566 ordina-

145 5616 341 5664 torum
365 5622 636 5661 numerus
661 5607 915 5659 veterem
938 5604 1173 5660 modum
1197 5605 1519 5672 excederet,
1547 5604 1788 5659 conscri-

147 5711 245 5779 pta
271 5703 655 5776 disposuimus
685 5719 1038 5775 quacunque
1060 5703 1223 5758 nobis
1249 5704 1509 5769 honesta,
1540 5707 1596 5758 et
1617 5703 1784 5758 deco-

146 5818 230 5870 ra,
249 5798 538 5869 sacrisque
562 5797 778 5870 regulis
801 5797 1112 5853 conformia
1131 5813 1252 5852 esse
1269 5797 1626 5853 videbantur.
1642 5798 1789 5852 Prae-

149 5900 307 5950 terea
333 5908 470 5948 vero
513 5891 705 5964 legem
741 5890 1060 5963 specialiter
1083 5890 1152 5945 ad
1187 5889 1600 5946 beatitudinem
1631 5895 1787 5946 tuam

1805 4499 1865 4571 D
1890 4485 2208 4555 scribimus,
2243 4486 2572 4556 digerentes
2620 4485 2754 4539 item
2798 4484 2858 4538 in
2903 4482 3162 4538 ordinem
3198 4497 3265 4537 ea
3293 4498 3418 4553 quas
3445 4483 3516 4536 ad

1888 4595 2191 4633 numerum
2221 4577 2825 4633 reverendissimorum
2853 4575 3188 4630 clericorum
3205 4575 3266 4628 in
3295 4574 3399 4629 hac
3418 4590 3512 4628 ur-

1886 4673 1954 4727 be
1980 4671 2290 4742 pertinent.

1955 4767 2030 4819 Ac
2055 4781 2184 4819 cum
2209 4763 2348 4818 nihil
2376 4778 2522 4835 pene
2551 4777 2753 4816 eorum
2773 4778 2901 4833 quae
2927 4761 3168 4816 honesta
3193 4765 3251 4816 et
3277 4760 3518 4833 pulchra

1886 4861 2038 4928 sunt,
2063 4858 2108 4912 si
2132 4857 2367 4912 modum
2394 4855 2784 4927 egrediantur,
2815 4856 3030 4922 deceat,
3064 4871 3136 4910 ne
3168 4856 3520 4912 reverendis-

1885 4952 2055 5007 simos
2082 4951 2312 5022 quidem
2340 4950 2570 5005 clericos
2599 4954 2698 5004 aut
2722 4948 3220 5004 reverendissimas
3247 4950 3520 5005 diaconis-

1887 5063 1972 5100 sas
1997 5050 2080 5116 tot
2104 5044 2353 5100 ordinari
2369 5043 2683 5111 conveniat,
2713 5047 2775 5098 ut
2801 5043 2910 5098 illis
2930 5043 3145 5099 alendis
3171 5046 3520 5098 sacrosancta

1887 5139 2067 5210 major
2098 5137 2328 5195 ecclesia
2354 5136 2414 5190 in
2439 5135 2835 5191 necessitatam
2864 5137 3060 5208 magni
3086 5137 3214 5192 aeris
3240 5136 3410 5190 alieni
3436 5135 3519 5188 in-

1887 5232 2052 5297 cidat,
2081 5235 2137 5286 et
2161 5231 2230 5285 ad
2262 5233 2576 5285 extremam
2613 5229 2888 5300 paulatim
2915 5229 3167 5300 impiam
3211 5228 3514 5283 deferatur.

1887 5321 2178 5392 Siquidem
2216 5323 2570 5392 compertum
2597 5319 2876 5374 habemus
2907 5321 3319 5372 sacrosanctam
3347 5316 3516 5387 hujus

1887 5420 2061 5492 regiae
2092 5419 2244 5475 urbis
2279 5419 2557 5491 majorem
2587 5416 2884 5474 ecclesiam
2929 5415 3106 5470 nostri
3134 5415 3363 5487 imperii
3391 5431 3513 5469 ma-

1887 5519 2053 5583 trem,
2082 5529 2184 5585 per
2212 5514 2354 5568 hanc
2388 5513 2737 5568 occasionem
2777 5515 2893 5565 tam
2939 5525 3146 5580 magno
3185 5507 3370 5564 alieno
3402 5525 3516 5563 mre

1886 5607 2211 5678 inquietari,
2229 5612 2292 5662 ut
2313 5607 2641 5678 singulatim
2668 5603 3098 5676 erogationesin
3121 5602 3518 5657 reverendissi-

1887 5718 2008 5756 mos
2029 5700 2258 5755 clericos
2280 5701 2446 5757 aliter
2471 5701 2656 5755 facere
2677 5704 2943 5770 nequeat,
2974 5696 3085 5751 nisi
3105 5696 3261 5768 prius
3280 5696 3516 5750 immen-

1887 5811 2006 5849 sam
2032 5793 2157 5848 auri
2186 5795 2298 5848 vim
2318 5794 2522 5868 partim
2543 5794 2645 5849 sub
2671 5793 3014 5864 obligatione
3042 5789 3510 5864 hypotecharum,

1888 5887 2094 5960 partim
2133 5887 2360 5947 datione
2404 5888 2710 5960 pignorum
2756 5887 2814 5941 in
2869 5883 3340 5960 praestantissimis
3395 5883 3514 5955 ejus
