4034 6228
486 382 584 436 9'23

1624 382 1878 436 S.ECULI
1918 382 2107 437 SEXTl
2147 383 2699 438 SUPPLEMENTUM.

3755 386 3857 444 924

488 492 719 567 praediis
742 497 801 548 et
830 492 1113 549 suburbiis
1142 495 1341 546 mutuo
1369 492 1651 546 desumat.
1681 494 1760 546 Ea
1785 495 2024 565 propter
2042 493 2119 547 vi-
2137 507 2197 580 Α
2217 499 2276 549 et
2295 495 2562 566 gloriosas
2582 496 2817 567 virginis
2832 496 3045 567 Deique
3061 496 3356 567 genitricis
3372 499 3559 554 Mariae
3576 499 3637 554 in
3650 500 3859 555 vicinia

488 604 613 643 sum
644 588 809 643 nobis
834 593 939 656 est,
968 587 1122 658 ipsos
1141 601 1243 639 nos
1264 585 1336 639 ad
1365 601 1549 640 causa;
1568 584 2001 656 inquisitionem
2023 586 2118 640 de-

487 683 737 749 mittere,
761 698 825 735 ac
848 680 1190 751 perdiscere,
1212 694 1323 748 quo
1350 694 1409 731 se
1442 678 1615 733 modo
1639 679 1802 734 initio
1830 679 2113 747 habuerit,

485 774 690 846 quidve
712 779 912 845 postea
932 777 1261 842 temporum
1283 771 1458 825 series
1472 770 1848 826 adinvenerit.
1865 774 1938 826 Ex
1955 772 2116 827 omni

485 869 660 938 igitur
670 872 832 938 parte
846 882 915 920 ea
925 863 1896 936 pervestigantes,deprehendimus
1909 882 2007 920 eos
2020 866 2116 937 qui

484 962 905 1015 sacrosanctam
935 958 1188 1029 aliquam
1217 957 1511 1012 ecclesiam
1552 959 1607 1012 in
1645 960 1751 1013 hac
1786 960 1941 1013 alma
1977 960 2115 1013 urbe

485 1054 926 1117 exaediﬁcarunt,
958 1068 1072 1105 non
1096 1051 1277 1105 solum
1298 1067 1497 1105 curam
1521 1052 1743 1105 aedificii
1775 1051 1979 1122 egisse,
2016 1053 2116 1106 sed

486 1147 660 1201 etiam
690 1149 753 1199 ut
772 1146 946 1200 sacris
975 1144 1211 1211 aedibus,
1245 1162 1382 1215 quas
1408 1144 1516 1214 ipsi
1543 1144 1941 1212 instituissent,
1967 1146 2118 1199 suffl-

483 1240 639 1295 ciens
664 1238 923 1310 erogatio
949 1240 1299 1310 suppeteret,
1327 1242 1500 1308 utque
1522 1238 1830 1293 deﬁnirent
1850 1243 1987 1310 quot
2016 1255 2119 1310 per

484 1334 735 1405 singulas
745 1332 959 1387 versari
972 1330 1235 1385 ecclesias
1245 1331 1611 1402 presbyteros
1621 1331 2119 1403 conveniret,quot

487 1427 760 1482 diaconos
792 1426 875 1480 vel
900 1440 1090 1480 mares
1110 1424 1198 1478 vel
1228 1423 1495 1491 feminas,
1528 1428 1671 1494 quot
1718 1424 2114 1491 subdiaconus,

486 1524 543 1574 et
583 1521 721 1574 item
754 1523 1017 1574 cantores
1051 1517 1219 1572 simul
1258 1521 1315 1572 et
1342 1518 1603 1585 lectores,
1637 1520 1695 1571 et
1721 1517 2011 1585 ostiarios;
2045 1517 2117 1573 ad

450 1678 453 1683 ι
482 1615 604 1669 haec
624 1612 762 1667 mdis
783 1616 1078 1682 sumptum
1100 1611 1821 1682 determinasse,adjecisse
1836 1614 2118 1681 praeterea

484 1706 799 1778 peculiares
810 1705 1048 1772 reditus,
1064 1705 1162 1776 qui
1182 1705 1442 1760 instituto
1464 1704 1595 1759 huic
1614 1721 1717 1759 suo
1738 1704 1874 1759 satis
1891 1708 2112 1771 essent;

484 1815 672 1870 neque
709 1797 1139 1853 multitudinem
1181 1796 1433 1869 aliquam
1458 1797 1760 1867 adjectam,
1788 1796 1881 1851 cui
1909 1794 2114 1850 exinde

2219 591 2594 644 sacrosanctae
2645 589 2882 658 majoris
2914 589 3170 645 ecclesia!
3207 591 3413 661 posita,
3459 592 3533 647 ab
3584 593 3715 664 ipsa
3746 594 3858 665 piae

2219 682 2514 737 memoriae
2532 682 2737 737 Verina
2757 683 2927 754 caepit
2947 684 3178 750 exstrui,
3198 685 3340 739 item
3362 686 3862 757 religiosadomus

2217 775 2396 829 sancti
2431 775 2699 845 martyris
2734 776 3023 831 Theodori
3054 794 3089 830 a
3120 777 3398 847 Sphracio
3431 779 3699 850 gloriosae
3732 796 3856 834 me-

2217 868 2415 922 moriae
2427 873 2778 937 consecrata,
2796 872 2855 924 et
2872 870 3199 924 veneranda
3211 870 3417 926 domus
3429 877 3644 927 sanctae
3664 875 3864 928 [renes

2218 965 2593 1016 sacrosanctae
2624 962 2833 1032 majori
2853 962 3109 1017 ecclesias
3135 964 3400 1034 copulata
3419 966 3547 1032 fuit,
3590 965 3861 1037 redigere

2218 1054 2387 1124 plane
2407 1070 2716 1109 numerum
2737 1056 2810 1110 ad
2834 1058 3088 1109 veterem
3105 1056 3353 1110 formam
3372 1058 3730 1129 impossibile
3753 1061 3861 1115 est.

2217 1147 2413 1217 Neque
2440 1146 2595 1201 enim
2622 1151 2710 1202 tot
2722 1147 2888 1202 simul
2919 1149 3175 1203 ecclesiis
3196 1150 3361 1220 pauci
3380 1151 3617 1221 quidem
3635 1152 3864 1207 sufﬁce-

2218 1254 2280 1293 re
2295 1238 2536 1310 possint,
2560 1240 3036 1312 quandoquidem
3055 1242 3211 1297 nulla
3230 1242 3439 1297 harum
3452 1243 3631 1297 trium
3643 1244 3863 1299 mdium

2218 1332 2537 1403 peculiares
2579 1333 2814 1389 clericos
2872 1333 3103 1402 habeat,
3147 1335 3250 1389 sed
3288 1352 3394 1407 pro
3441 1336 3861 1391 communibus

2219 1428 2413 1479 utatur
2448 1425 2516 1479 iis
2553 1426 2648 1497 qui
2688 1426 2761 1480 ad
2790 1430 3211 1482 sacrosanctam
3244 1428 3528 1499 majorem
3558 1429 3855 1484 ecclesiam

2218 1518 2529 1589 pertinent,
2559 1519 2657 1589 qui
2688 1535 2894 1573 omnes
2919 1536 3017 1574 eas
3044 1520 3247 1575 ordine
3275 1524 3335 1575 et
3362 1522 3539 1576 veluti
3562 1521 3624 1576 in
3654 1524 3854 1578 orbem

2218 1611 2516 1678 obeuntes,
2534 1610 2764 1665 sacrain
2783 1612 2866 1665 eis
2884 1613 3074 1667 officia
3087 1614 3514 1681 concelebrant,
3534 1616 3859 1685 praesertim

2218 1720 2352 1759 vero
2394 1704 2617 1775 ingenti
2650 1704 3020 1760 multitudine
3051 1722 3117 1760 ex
3146 1706 3551 1761 haareticorum
3582 1708 3853 1764 concilia-

2215 1796 2364 1851 bulis
2395 1797 2469 1851 ad
2505 1802 2933 1852 sacrosanctam
2970 1798 3258 1869 majorem
3297 1800 3621 1869 ecclesiam,
3644 1801 3858 1870 partim

484 1895 813 1963 competens
842 1891 1045 1945 solutio
1072 1890 1197 1945 fieri
1223 1907 1341 1945 non
1368 1895 1578 1961 posset.
1609 1892 1793 1960 Atque
1825 1889 1947 1943 haec
1979 1903 2114 1943 sane
2136 1871 2192 1943 Β
2216 1890 2401 1961 gratia
2413 1890 2727 1944 beatissimi
2745 1892 2841 1946 Dei
2867 1892 3247 1946 etservatoris
3268 1892 3448 1947 nostri
3469 1895 3601 1948 Jesu
3621 1893 3857 1963 Christi,

483 1985 540 2040 in
576 2001 643 2039 ea
687 1984 1082 2039 observatione
1128 1984 1302 2053 longo
1328 1981 1606 2053 temporis
1635 1981 1817 2052 spatio
1842 1997 2109 2052 perman-

481 2078 639 2146 sisse,
664 2081 721 2131 et
743 2077 1002 2148 quandiu
1026 2078 1384 2144 manserunt,
1408 2075 1606 2130 tandiu
1628 2078 1685 2129 et
1700 2074 1808 2129 sibi
1828 2073 2114 2145 deputatis

479 2175 974 2227 sacrosanctarum
994 2170 1358 2226 ecclesiarum
1382 2186 1475 2223 res
1503 2167 1813 2225 suffecisse.
1840 2168 2023 2223 Simul
2049 2184 2114 2223 ac

478 2280 613 2321 vero
669 2264 774 2319 Dei
802 2263 1180 2319 amantissimi
1217 2262 1471 2335 episcopi
1507 2261 1750 2316 assiduis
1810 2262 2112 2316 nonnullo-

476 2375 607 2413 rum
653 2357 917 2429 precibus
955 2357 1182 2423 intenti,
1230 2358 1304 2413 ad
1344 2358 1536 2428 plures
1566 2354 1921 2411 ordinandos
1951 2354 2115 2409 effusi

450 2524 451 2527 η
479 2455 630 2517 sunt,
661 2450 970 2506 excrevisse
998 2449 1234 2521 quidem
1253 2453 1514 2520 sumptus
1527 2449 1912 2527 quantitatem
1933 2449 1993 2501 in
2011 2447 2116 2502 im-

477 2560 763 2611 mensum,
791 2543 1045 2614 undique
1057 2560 1193 2598 vero
1223 2542 1539 2598 creditores
1562 2546 1621 2596 et
1642 2524 1957 2607 usuras,'ac
1980 2558 2113 2613 pos-

477 2641 665 2692 tremo
679 2636 751 2692 ob
770 2637 1131 2691 vacillantem
1139 2636 1257 2707 jam
1274 2636 1450 2690 ﬁdem
1467 2652 1537 2689 ne
1551 2635 1865 2689 creditores
1878 2634 2113 2705 quidem

479 2732 551 2785 de
565 2728 899 2797 caetero,sed
914 2730 1237 2801 (indignum
1256 2730 1429 2797 factu,
1448 2732 1504 2784 et
1520 2745 1708 2800 neque
1726 2728 1783 2782 in
1796 2727 2021 2799 privata
2037 2728 2116 2782 fa-

474 2823 636 2878 milia
660 2827 947 2894 utcunque
960 2823 1220 2879 instituta
1234 2823 1553 2891 ferendum)
1576 2821 1912 2876 necessitate
1925 2824 2111 2876 extor-

474 2921 560 2971 tas
585 2921 641 2971 et
666 2916 889 2987 legibus
910 2916 1228 2987 prohibitas
1247 2915 1619 2971 alienationes
1648 2914 1916 2982 extitisse,
1954 2918 2016 2967 ut
2044 2930 2111 2968 ex

472 3009 805 3079 hujusmodi
815 3009 1166 3064 absurditate
1186 3022 1377 3080 neque
1394 3008 1611 3080 praedia
1624 3023 1810 3078 neque
1839 3007 2113 3061 suburbia

475 3103 547 3157 ad
560 3102 911 3174 hypothecas
930 3105 987 3157 et
998 3103 1244 3174 pignora
1259 3102 1609 3168 sufficerent,
1630 3116 1872 3171 eamque
1887 3100 1961 3155 ob
1977 3116 2110 3154 cau-

474 3212 598 3250 sam
625 3212 814 3266 neque
845 3196 1197 3250 creditorum
1225 3196 1390 3267 copia
1417 3201 1585 3261 esset,
1615 3198 1674 3248 et
1705 3194 1778 3248 ad
1820 3210 2109 3248 summam

476 3289 595 3359 ipsa
608 3288 863 3359 inopiam
884 3288 1196 3354 deveniret,
1218 3305 1406 3358 neque
1426 3289 1559 3358 ipsis
1573 3288 1821 3359 amplius
1836 3287 2110 3342 ministris

455 3362 746 3436 'alimenta
764 3382 1017 3452 praebere
1047 3384 1257 3451 posset,
1278 3382 1398 3436 imo
1423 3381 1598 3436 etiam
1622 3382 1695 3436 ad
1715 3381 2110 3445 conditionem

474 3474 736 3529 omnium
748 3474 1305 3529 calamitosissimam
1325 3475 1711 3545 delaberetur,
1737 3478 1799 3529 ut
1809 3474 2105 3530 creditori-

473 3568 578 3622 bus
604 3568 771 3622 bonis
792 3567 1069 3621 universis
1100 3568 1350 3635 cederet,
1380 3568 1440 3622 id
1467 3569 1623 3639 quod
1644 3568 1817 3623 etiam
1845 3584 2112 3623 veremur

470 3662 682 3727 dicere,
719 3664 777 3715 et
805 3677 878 3715 ne
911 3660 970 3714 in
1004 3665 1301 3731 posterum
1324 3662 1444 3730 ﬁat,
1470 3661 1857 3732 providemus.
1888 3662 2032 3716 Nam
2063 3661 2109 3715 si

469 3770 647 3809 nemo
674 3753 838 3809 facile
877 3770 1032 3821 eum,
1062 3754 1159 3824 qui
1183 3756 1330 3809 ultra
1356 3754 1687 3810 substantiae
1715 3771 1831 3808 suae
1866 3754 2104 3810 modum

468 3850 729 3918 sumptus
743 3846 1105 3920 faciat,tequo
1124 3847 1319 3902 animo
1336 3848 1690 3918 ferat,quare
1712 3864 1829 3902 non
1847 3851 1903 3901 et
1919 3863 2023 3901 nos
2040 3864 2108 3901 ea

470 3941 543 3995 ad
566 3939 1011 3994 sollicitudinem
1027 3944 1281 3995 nostram
1310 3940 1708 3995 revocabimus
1722 3941 1749 3994 ?
1768 3942 2050 3995 Praeterea
2062 3940 2108 3994 si

470 4050 589 4088 non
603 4036 831 4103 oportet
849 4032 1100 4103 undique
1116 4033 1189 4087 ad
1202 4050 1324 4088 sum
1335 4037 1461 4105 ptus
1473 4034 1860 4105 possessiones
1877 4034 2109 4104 conqui-

468 4143 597 4180 rere
620 4126 780 4196 (nam
798 4124 859 4179 id
874 4125 1181 4180 insatiabili
1204 4126 1431 4181 cuidam
1445 4127 1693 4181 avaritia
1726 4127 1890 4181 simul
1921 4130 1978 4181 et
2007 4127 2109 4181 im-

466 4218 659 4291 pietati
689 4217 1020 4289 proximum
1049 4218 1183 4290 est),
1227 4220 1326 4273 sed
1362 4237 1429 4274 ex
1461 4219 1779 4274 moderatis
1814 4220 2105 4275 facultati-

468 4313 575 4366 bus
596 4313 891 4383 sumptum
918 4315 1259 4383 temperare,
1287 4330 1353 4368 ea
1376 4317 1614 4384 propter
1628 4313 2033 4368 convenienter
2053 4317 2107 4368 et

469 4422 597 4478 qua:
628 4406 734 4459 ista
769 4409 1146 4473 concernunt,
1180 4407 1306 4477 lege
1350 4405 1732 4469 includemus,
1780 4410 1838 4460 et
1864 4406 2108 4462 inﬁnita-

466 4504 586 4553 tem
627 4496 931 4553 manifeste
970 4498 1021 4553 ei
1053 4498 1135 4553 rei
1166 4498 1455 4553 medicina
1493 4498 1750 4554 adhibita
1790 4499 2103 4570 ejiciemus.

2212 1982 2423 2054 partim
2456 1982 2747 2037 laboribus
2778 1984 3324 2055 depulsionibusque
3357 1986 3567 2040 nostris
3585 1986 3859 2054 adducta,

2216 2079 2277 2129 ut
2308 2074 2482 2145 duplo
2511 2075 2694 2145 plura,
2724 2092 2898 2145 quam
2931 2076 3003 2130 ab
3029 2076 3212 2143 initio,
3246 2076 3570 2133 ministeria
3599 2079 3676 2133 ad
3704 2079 3859 2133 chri-

2215 2167 2415 2223 stianae
2441 2168 2673 2239 pietatis
2698 2168 2954 2223 officium
2974 2170 3377 2241 peragendum
3398 2171 3666 2242 deputari
3693 2188 3864 2243 opor-

2215 2264 2352 2316 teat.
2377 2260 2742 2332 Quapropter
2755 2261 3038 2316 sancimus
3060 2280 3133 2317 ne
3154 2263 3389 2334 quando
3409 2264 3468 2318 in
3492 2270 3863 2320 sacrosancta

2215 2355 2436 2425 majore
2484 2354 2721 2409 ecclesia
2750 2356 2902 2408 ultra
2927 2370 3012 2422 Lx,
3046 2356 3429 2427 presbyteros,
3460 2357 3737 2413 diaconos
3765 2375 3862 2413 ve-

2214 2464 2278 2503 ro
2298 2463 2486 2502 mares
2507 2452 2756 2514 centum,
2780 2447 3031 2502 feminas
3044 2465 3114 2502 XL
3154 2452 3211 2503 et
3231 2449 3618 2505 subdiaconos
3646 2468 3734 2518 xc,
3768 2453 3857 2506 le-

2214 2543 2401 2595 ctores
2425 2543 2620 2594 autem
2647 2541 2798 2595 ultra
2828 2556 2914 2607 cx,
2955 2544 3222 2596 cantores
3243 2542 3393 2596 ultra
3420 2559 3547 2611 xxv,
3583 2543 3857 2614 existant,

2215 2637 2277 2687 ut
2304 2634 2601 2687 universus
2620 2633 3232 2688 reverendissimorum
3250 2634 3593 2690 clericorum
3615 2636 3859 2708 majoris

2213 2742 2489 2780 numerus
2522 2726 2582 2780 in
2621 2741 2859 2782 ccccxxv
2890 2727 3170 2797 personis,
3209 2729 3267 2780 et
3299 2730 3529 2783 centum
3569 2732 3860 2799 praeterea

2212 2818 2455 2873 ostiariis
2493 2818 2575 2889 (ut
2610 2818 2836 2891 vocant)
2870 2819 3162 2874 consistat.
3192 2822 3254 2874 ln
3282 2821 3641 2876 sanctissima
3669 2822 3857 2893 igitur

2210 2912 2431 2981 majore
2458 2913 2623 2966 almae
2657 2912 2827 2982 hujus
2853 2912 3009 2966 urbis
3045 2919 3256 2967 nostra:
3287 2914 3543 2981 ecclesia,
3573 2920 3631 2968 et
3665 2915 3858 2971 tribus

2211 3004 2320 3058 illis
2347 3004 2520 3059 sacris
2554 3003 2772 3058 aedibus
2809 3005 2861 3058 ei
2904 3005 3264 3073 coadunatis,
3303 3009 3465 3061 tanta
3509 3006 3859 3064 clericorum

2210 3097 2519 3152 multitudo
2547 3100 2691 3165 esto,
2726 3098 2957 3152 nemine
3013 3114 3237 3167 eorum,
3267 3099 3363 3170 qui
3394 3116 3550 3154 nunc
3572 3105 3729 3169 sunt,
3749 3102 3860 3173 eji-

2210 3191 2436 3257 ciendo,
2457 3190 2685 3245 tametsi
2705 3191 2887 3245 multo
2905 3191 3090 3261 major
3110 3207 3388 3246 numerus
3409 3192 3635 3262 existat,
3674 3211 3862 3266 quam

2212 3301 2246 3339 a
2270 3283 2438 3338 nobis
2459 3283 2729 3337 deﬁnitus
2753 3288 2872 3351 est;
2897 3284 3130 3338 nemine
3152 3284 3292 3339 item
3307 3285 3380 3340 de
3404 3290 3611 3341 caetero
3631 3304 3740 3359 per
3769 3290 3861 3343 ul-

2210 3379 2330 3432 lum
2352 3376 2637 3443 ordinem,
2656 3377 2754 3447 qui
2775 3378 2885 3432 hoc
2899 3382 3160 3448 tempore
3177 3384 3281 3445 est,
3295 3378 3643 3450 adjicienda,
3666 3381 3863 3438 donec

2210 3471 2364 3525 intra
2377 3470 2529 3524 hunc
2546 3485 2852 3524 numerum
2864 3487 3137 3525 mensura
3148 3470 3547 3528 consistat.lllo
3564 3474 3747 3530 etiam
3757 3476 3864 3533 ad-

2203 3562 2479 3635 jicienda,
2503 3580 2577 3617 ne
2608 3563 2764 3633 quod
2789 3565 3067 3619 hactenus
3092 3564 3363 3622 indecore
3384 3566 3511 3621 ﬁeri
3530 3570 3858 3640 consuevit,

2211 3656 2481 3728 deinceps
2492 3656 2553 3710 in
2567 3673 2671 3710 usu
2682 3657 2964 3713 habeatur
2976 3661 3041 3713 ut
3052 3659 3667 3716 reverendissimorum
3685 3663 3857 3718 cleri-

2210 3765 2409 3805 corum
2436 3750 2701 3805 nonnulli
2722 3750 2781 3805 in
2808 3750 3183 3807 sanctissimis
3213 3753 3482 3821 ecclesiis,
3504 3753 3565 3809 in
3594 3771 3744 3826 quas
3764 3758 3857 3811 vel

2209 3842 2321 3911 hic,
2350 3844 2437 3898 vel
2468 3859 2574 3914 per
2598 3843 2922 3914 provincias
2951 3844 3201 3899 ordinati
3238 3848 3391 3913 sunt,
3420 3863 3661 3901 manere
3693 3849 3855 3905 dedi-

2209 3939 2481 4006 gnentur,
2501 3953 2566 3991 ac
2582 3953 2687 4009 per
2706 3936 3030 4009 patrocinia
3042 3938 3099 3992 in
3120 3943 3541 3995 sacrosanctam
3559 3942 3855 4013 majorem

2210 4030 2511 4085 ecclesiam
2563 4031 2800 4102 ejusque
2826 4032 3043 4085 clerum
3083 4031 3348 4099 subeant,
3388 4034 3545 4104 quod
3579 4035 3856 4090 omnibus

2208 4122 2394 4178 modis
2414 4123 2475 4177 in
2494 4128 2789 4195 posterum
2806 4124 2930 4178 ﬁeri
2953 4125 3345 4196 prohibemus.
3364 4128 3508 4181 Nam
3529 4127 3574 4181 si
3598 4127 3658 4182 in
3676 4129 3858 4183 sacris

2208 4216 2549 4271 monasteris
2560 4217 3037 4289 prohibemus,ne
3052 4218 3179 4289 quis
3193 4218 3263 4274 de
3276 4237 3392 4275 uno
3406 4220 3481 4275 ad
3492 4219 3649 4276 aliud
3666 4226 3861 4277 trans-

2209 4314 2321 4377 eat,
2353 4310 2538 4365 multo
2564 4310 2757 4365 minus
2776 4309 2835 4364 id
2855 4311 3347 4367 reverendissimis
3369 4314 3590 4369 clericis
3614 4316 3856 4385 permit-

2206 4407 2417 4470 temus,
2446 4403 2555 4456 rati
2590 4402 2925 4473 hujusmodi
2950 4403 3322 4475 cupiditatem
3360 4407 3613 4477 speciem
3637 4424 3761 4478 pra:
3788 4425 3850 4463 se

2208 4496 2355 4549 ferre
2378 4499 2624 4566 quaestus
2651 4500 2709 4550 et
2735 4495 3189 4551 nundinationis.
3221 4498 3506 4553 Caeterum
3533 4500 3578 4553 si
3611 4501 3850 4570 quando

467 4591 769 4647 Sancimus
806 4590 1000 4662 igitur,
1034 4595 1097 4645 ut
1122 4590 1582 4646 reverendissimi
1609 4592 1817 4660 clerici,
1851 4594 1909 4647 et
1935 4593 2105 4648 mini-
2125 4598 2184 4670 D
2208 4592 2265 4643 et
2289 4589 2399 4643 hoe
2416 4588 2772 4643 transitionis
2790 4605 2973 4660 genus
2989 4590 3076 4644 vel
3097 4589 3439 4645 beatitudini
3466 4594 3599 4660 tuas,
3631 4595 3720 4648 vel
3739 4611 3850 4664 pro

467 4688 715 4739 strantes
752 4685 1040 4752 mulieres,
1083 4687 1141 4739 et
1176 4683 1412 4752 ostiarii,
1448 4684 1563 4756 fqui
1606 4685 1679 4739 ad
1726 4685 1880 4740 hunc
1925 4703 2103 4758 usque

468 4771 625 4827 diem
656 4773 717 4828 in
752 4773 957 4827 eadem
998 4777 1364 4828 sacrosancta
1400 4774 1617 4845 majore
1655 4775 1894 4829 ecclesia
1932 4778 2101 4829 caete-

464 4866 658 4937 risquc
688 4866 863 4921 sacris
889 4867 1111 4921 aedibus
1130 4867 1470 4935 consistunt,
1494 4868 1552 4921 in
1574 4883 1642 4922 ea
1662 4868 1872 4936 forma,
1904 4868 1965 4922 in
1992 4884 2105 4939 qua

458 4960 580 5031 jam
607 4961 739 5014 sunt
769 4963 1173 5032 permaneant.
1208 4962 1402 5032 Neque
1435 4959 1593 5015 enim
1613 4961 1772 5032 quod
1795 4961 1970 5016 modo
1997 4964 2101 5027 est,

462 5052 799 5121 minuimus,
835 5054 935 5107 sed
954 5053 1144 5125 potius
1166 5054 1272 5108 ista
1292 5054 1419 5125 lege
1443 5054 1903 5127 complectimur,
1930 5058 1994 5109 ut
2024 5055 2107 5109 fu-

464 5153 592 5202 turo
621 5147 1051 5218 prospiciamus.
1087 5146 1324 5219 Reliquo
1345 5164 1477 5203 vero
1506 5150 1769 5219 tempore
1785 5148 1943 5203 nulla
1974 5164 2101 5202 om-

465 5240 605 5295 nino
633 5239 918 5295 ordinatio
946 5240 1062 5309 ﬁet,
1096 5240 1280 5295 donec
1302 5242 1376 5296 ad
1403 5245 1657 5297 veterem
1690 5259 1999 5297 numerum
2032 5241 2104 5297 ab

463 5333 599 5406 ipsis
628 5337 840 5389 sanctm
863 5334 1115 5389 ecclesias
1128 5334 1910 5390 aedificatoribusinstitutum
1939 5352 2102 5391 reve-

469 5427 943 5483 rendissimorum
974 5427 1312 5483 clericorum
1344 5428 1635 5499 quantitas
1654 5432 1995 5485 revertatur.

531 5522 601 5575 Et
631 5536 768 5575 sane
800 5521 1421 5576 reverendissimorum
1441 5521 1786 5577 clericorum
1808 5538 2107 5577 sacrosan-

462 5617 567 5667 ctaa
592 5614 831 5683 majoris
846 5615 1098 5670 ecclesiae
1114 5616 1291 5687 regiae
1310 5616 1464 5671 urbis
1479 5619 1690 5670 nostra:
1704 5632 1974 5670 mensura
1990 5632 2107 5671 cer-

464 5705 537 5757 tis
549 5704 760 5758 ﬁnibus
774 5706 1077 5779 descripta,
1098 5709 1223 5763 etin
1240 5712 1462 5763 arctum
1482 5708 1801 5764 admodum
1813 5711 2105 5764 contracta

470 5797 609 5858 erat,
631 5811 743 5862 quo
765 5799 1021 5866 tempore
1039 5800 1159 5854 sola
1180 5800 1368 5855 adhuc
1387 5804 1510 5856 erat
1529 5804 1893 5856 sacrosancta
1918 5802 2106 5872 major

472 5884 728 5935 ecclesia.
760 5887 1068 5959 Postquam
1083 5909 1216 5947 vero
1246 5896 1301 5949 et
1326 5894 1657 5951 veneranda
1670 5892 1873 5950 domus
1893 5898 2105 5952 sanctae

2208 4685 2469 4752 tempore
2490 4682 2606 4752 maj
2615 4682 2782 4737 estati
2801 4682 3187 4753 imperatoria;
3204 4682 3571 4754 probabitur:
3592 4702 3666 4739 ne
3681 4687 3852 4742 aliter

2204 4774 2264 4829 id
2292 4775 2411 4843 fiat,
2447 4774 2557 4828 nisi
2582 4775 2739 4845 prius
2766 4792 2858 4828 res
2888 4776 3012 4846 ipsa
3037 4776 3111 4830 ad
3138 4793 3466 4845 numerum,
3498 4794 3673 4848 quem
3704 4796 3853 4850 prai-

2206 4867 2477 4934 diximus,
2509 4867 2828 4938 redigatur,
2861 4871 2926 4921 ut
2947 4884 3016 4922 ea
3042 4868 3307 4935 transitio
3335 4870 3396 4923 in
3426 4870 3746 4927 deficientis
3770 4873 3854 4928 lo-

2206 4977 2337 5015 cum
2363 4961 2481 5028 iiat,
2511 4977 2700 5031 neque
2728 4962 3271 5031 supernumerarius
3291 4963 3531 5018 omnino
3547 4964 3760 5036 aliquis
3779 4967 3855 5021 ir-

2205 5058 2368 5125 repat
2390 5072 2405 5122 ;
2438 5054 2598 5108 nulla
2618 5053 2772 5107 enim
2793 5053 2852 5107 id
2867 5055 3296 5110 machinatione
3321 5073 3513 5128 neque
3534 5058 3651 5113 ullo
3672 5059 3851 5116 modo

2204 5147 2328 5203 ﬁeri
2355 5146 2767 5218 permittimus.
2791 5148 2975 5217 Atque
2987 5147 3109 5203 haec
3125 5148 3361 5220 quidem
3386 5150 3458 5204 de
3485 5156 3852 5208 sacrosancta

2204 5240 2425 5311 majore
2466 5239 2725 5295 ecclesia.
2756 5242 2820 5296 In
2862 5240 3135 5296 omnibus
3173 5247 3367 5298 autem
3405 5242 3534 5298 aliis
3571 5244 3845 5312 ecclesiis,

2206 5333 2414 5405 quibus
2434 5349 2715 5404 expensas
2735 5337 3098 5389 sacrosancta
3116 5335 3306 5406 major
3316 5336 3554 5391 ecclesia
3573 5338 3846 5409 suppedi-

2206 5430 2309 5497 tat,
2345 5428 2649 5497 sancimus,
2680 5430 2741 5482 ut
2757 5426 2854 5499 qui
2880 5429 2987 5483 hoc
3010 5434 3268 5501 tempore
3295 5432 3447 5496 sunt,
3470 5431 3848 5488 consimiliter

2206 5524 2265 5576 et
2287 5521 2393 5593 ipsi
2408 5522 2511 5577 sub
2539 5521 2747 5577 eadem
2774 5522 2963 5577 forma
2984 5527 3286 5591 maneant;
3310 5522 3369 5577 in
3389 5526 3689 5593 posterum
3708 5541 3844 5580 vero

2206 5631 2377 5670 nemo
2394 5615 2707 5683 erdinetur,
2720 5616 3058 5689 priusquam
3073 5616 3148 5670 ad
3166 5618 3447 5671 statutum
3461 5617 3743 5691 cujusque
3762 5635 3845 5673 ec-

2205 5709 2393 5764 clesiae
2423 5708 2503 5782 (ut
2521 5710 2743 5781 vocant)
2779 5709 2935 5782 quod
2975 5726 3079 5782 per
3114 5708 3492 5765 aediﬁcatores
3523 5710 3734 5767 harum
3771 5712 3842 5767 ab

2206 5801 2369 5857 initio
2381 5801 2835 5859 determinatum
2855 5806 2959 5874 est,
2982 5802 3451 5876 presbyterorum
3462 5805 3638 5862 simul
3658 5810 3719 5862 et
3733 5805 3844 5861 dia-

2205 5911 2509 5967 conorum,
2529 5899 2646 5954 tam
2666 5897 2935 5970 marium,
2950 5914 3127 5971 quam
3149 5897 3515 5971 feminarum,
3545 5904 3606 5955 et
3624 5899 3843 5957 subdia-
