4034 6228
174 330 298 379 9’25

1110 323 1471 378 JUSTINIANI
1512 324 1838 379 ΝονΕι,ιιΕ
1877 323 2209 377 ΒΕΙΈΟΤᾸΞ.
2251 322 2559 377 NOVELLA
2597 321 2657 375 V.

3465 326 3566 377 926

180 452 501 506 canorum,
531 453 722 507 neque
759 452 878 491 non
903 436 1208 505 lectorum,
1235 439 1553 502 cantorum,
1579 439 1639 489 et
1662 436 1838 490 ostia-
1862 445 1920 518 Α
1940 434 2046 489 rici
2071 432 2551 503 circumspiciant,
2584 449 2658 487 ne
2685 432 2889 504 reliqui
2923 436 3206 505 sumptus,
3234 434 3339 507 qui
3370 451 3433 493 ex
3480 452 3569 491 ec-

182 533 420 588 riorum
450 547 728 587 numerus
748 531 1064 602 redigatur,
1085 548 1272 603 neque
1295 532 1836 604 quisquaminterea

184 626 472 698 temporis
493 626 817 696 adjiciatur.
843 626 986 679 Nam
1016 630 1073 680 et
1099 625 1206 696 ipsi
1237 642 1342 680 nos
1364 627 1831 698 praecavebimus,

172 737 268 775 -ne
285 720 428 792 quid
450 720 736 791 ejusmodi
760 720 1034 774 faciamus
1047 719 1444 774 ordinatumve
1464 721 1687 792 aliquos
1704 721 1834 776 mit-

180 820 408 881 tamus,
441 829 629 885 neque
654 813 1093 883 magistratuum
1124 816 1454 868 nostrorum
1483 813 1689 885 aliquis
1716 816 1832 869 tale

183 908 334 979 quid
361 907 843 973 faciet,reveritus
870 907 1058 977 legem
1083 910 1363 972 nostram,
1389 910 1448 960 et
1464 907 1831 962 beatissimus

183 1001 661 1072 archiepiscopus
682 1004 741 1055 et
763 1000 1087 1070 patriarcha
1106 999 1273 1070 hujus
1288 999 1464 1070 regite
1488 1000 1649 1055 urbis
1678 1004 1832 1072 pote-

182 1099 403 1150 statem
430 1094 668 1149 habebit
688 1093 1040 1148 ordinationi
1060 1092 1473 1162 contradicere,
1498 1093 1631 1149 licet
1647 1094 1718 1149 de
1734 1111 1833 1166 pa-

186 1189 331 1243 latio
345 1188 531 1259 jussio
543 1188 839 1258 procedat.
861 1188 1003 1242 Nam
1024 1191 1082 1242 et
1095 1187 1191 1258 qui
1217 1187 1496 1259 praecipit,
1515 1190 1573 1242 et
1583 1188 1672 1243 cui
1691 1205 1833 1260 prte-

186 1281 421 1352 cipitur,
446 1285 690 1352 uterque
711 1280 814 1335 sub
827 1296 1068 1335 censura
1089 1281 1199 1335 erit
1219 1280 1618 1348 ecclesiastica,
1632 1281 1830 1352 siquid

184 1376 305 1428 tale
326 1374 643 1445 peregerit,
675 1374 789 1429 Sed
813 1390 1005 1444 neque
1047 1373 1104 1427 in
1131 1374 1255 1427 aliis
1286 1374 1698 1445 ecclesiis,quze
1726 1375 1828 1429 ali-

186 1471 390 1523 menta
404 1472 462 1522 et
482 1471 743 1538 sumptus
762 1484 831 1521 ex
850 1471 1211 1522 sacrosancta
1228 1468 1443 1538 majore
1462 1468 1699 1523 ecclesia
1712 1485 1828 1523 non

183 1562 433 1626 habent,
452 1560 801 1615 conveniens
811 1564 897 1614 est
915 1565 976 1615 ut
987 1561 1443 1616 ordinandorum
1458 1561 1519 1615 in
1540 1561 1831 1631 ipsis’mul-

184 1654 379 1711 titudo
393 1654 830 1719 intromittatur,
850 1658 949 1707 aut
960 1670 1228 1707 mensura
1242 1654 1406 1707 initio
1425 1654 1482 1707 in
1495 1654 1606 1708 illis
1619 1658 1829 1710 statuta

184 1748 261 1801 de
289 1750 501 1802 caetero
517 1746 970 1813 transcendatur,
996 1763 1068 1800 ne
1090 1747 1322 1817 quando
1344 1747 1439 1818 qui
1462 1763 1622 1802 sacra
1639 1748 1697 1802 in
1718 1748 1829 1801 illis

183 1841 431 1908 obeunt,
456 1839 526 1893 ad
546 1840 894 1894 immensam
914 1809 1341 1894 multitudinem
1361 1809 1626 1911 -delapsi,
1659 1840 1830 1894 inter—
1847 1809 1906 1879 B

185 1949 304 2005 que
342 1949 402 1985 se
436 1931 651 1986 reditus
671 1949 737 1986 ex
763 1931 990 2003 piorum
1020 1932 1324 1987 hominum
1347 1932 1649 1987 collatione
1682 1949 1831 2003 qua:-

182 2026 332 2082 sitos
345 2025 647 2096 patientes,
664 2041 770 2079 nec
785 2025 913 2079 illos
924 2024 1127 2079 exinde
1141 2040 1256 2079 suae
1270 2042 1554 2080 mensurae
1566 2026 1827 2080 sufﬁcere

180 2119 470 2184 videntes,
484 2118 543 2172 in
564 2109 841 2188 magnam
856 2118 1030 2173 animi
1044 2118 1372 2188 angustiam
1384 2118 1726 2174 incidant.Si
1740 2136 1828 2173 ve-

181 2230 250 2268 ro
272 2212 425 2267 ultra
438 2211 842 2266 mensuramin
864 2214 1228 2266 sacrosancta
1242 2212 1460 2283 majore
1479 2211 1829 2267 ecclesiaaut

183 2306 317 2360 aliis
338 2304 589 2360 ecclesiis
609 2307 886 2359 statutam
919 2304 1308 2359 sanctissimus
1343 2305 1824 2376 archiepiscopus,

182 2404 292 2470 qut
309 2400 685 2453 sacrosancta?
708 2398 913 2467 majori
935 2398 1184 2452 ecclesia;
1202 2401 1431 2469 praeest,
1452 2399 1823 2465 ordinaverit,

182 2492 405 2563 Deique
442 2491 827 2547 amantissimi
860 2492 1119 2561 ejusdem
1161 2494 1534 2547 sacrosanctae
1575 2493 1825 2547 ecclesiae

180 2586 478 2641 oeconomi
495 2588 789 2656 sumptum
806 2584 880 2639 ad
901 2586 1021 2639 haec
1043 2585 1114 2640 de
1142 2585 1418 2639 reditibus
1434 2585 1826 2641 ecclesiasticis

182 2678 583 2750 expenderint,
609 2682 729 2733 tam
758 2678 868 2749 ipsi
903 2695 1075 2749 quam
1110 2679 1284 2733 etiam
1325 2679 1689 2735 beatissimus
1726 2696 1825 2751 pa-

180 2773 454 2839 triarcha,
483 2771 581 2843 qui
609 2772 733 2826 haec
756 2772 893 2843 ipsis
916 2771 1280 2843 suppeditare
1303 2773 1583 2843 permisit,
1608 2774 1679 2827 de
1702 2790 1820 2837 suo,

180 2866 378 2937 deque
397 2865 645 2937 propriis
659 2865 1024 2919 facultatibus
1037 2882 1287 2936 expensa
1300 2866 1621 2921 restituent.
1639 2867 1820 2921 Nove-

179 2960 303 3014 rint
328 2958 510 3023 enim,
534 2959 578 3012 si
601 2958 739 3029 quid
763 2959 874 3013 tale
898 2958 1372 3029 perpetraverint,
1396 2960 1551 3031 quod
1579 2976 1695 3015 non
1728 2977 1821 3015 so-

180 3054 304 3107 lum
328 3050 702 3106 sanctissimis
736 3052 1095 3122 patriarchis,
1129 3052 1225 3123 qui
1266 3052 1407 3107 talia
1424 3053 1821 3124 patrantisuc-

178 3146 414 3212 cedent,
442 3148 501 3200 et
538 3145 818 3199 secuturis
856 3146 1190 3211 oeconomis,
1220 3146 1318 3200 sed
1350 3146 1527 3201 etiam
1555 3148 1823 3203 omnibus
1843 3171 1898 3247 Ο

178 3238 407 3294 caeteris
431 3238 931 3293 reverendissimis
956 3238 1173 3293 clericis
1208 3239 1410 3293 talium
1439 3239 1659 3295 curiose
1688 3258 1820 3312 per-

177 3331 476 3403 quirendi,
500 3333 707 3386 etcum
728 3333 895 3400 fiunt,
926 3331 1288 3402 prohibendi,
1319 3319 1733 3405 deferendique
1749 3335 1823 3389 ad

175 3424 618 3498 imperatoriam
666 3425 1032 3495 majestatem
1068 3427 1416 3496 potestatem
1451 3426 1672 3495 damus,
1706 3444 1821 3498 quo

173 3519 371 3589 magis
386 3518 497 3573 hoc
517 3534 874 3588 cognoscens
892 3517 1037 3589 ipsa,
1070 3536 1135 3571 ex
1154 3518 1471 3574 substantia
1499 3537 1847 3576 oeconomo»

173 3629 333 3677 rum,
360 3612 459 3683 qui
477 3612 587 3666 hoc
606 3611 870 3680 fecerint,
895 3613 995 3665 aut
1011 3611 1184 3666 etiam
1204 3612 1592 3683 permittentis
1606 3614 1823 3668 archie-

175 3705 423 3777 piscopi,
459 3708 832 3759 sacrosanctae
856 3705 1060 3775 majori
1079 3706 1332 3760 ecclesia
1354 3706 1460 3760 ista
1481 3708 1694 3762 servari
1717 3708 1816 3762 de-

174 3798 445 3867 mandet,
467 3814 538 3851 ne
560 3814 756 3852 rursus
782 3798 1063 3868 ejusmodi
1086 3798 1348 3855 confusio
1380 3803 1438 3854 et
1464 3801 1819 3870 perturbatio

172 3893 233 3947 in
247 3908 322 3946 ea
336 3908 401 3945 re
422 3890 658 3946 incidat.
676 3890 982 3946 Enimvero
1002 3891 1236 3963 negotio
1253 3892 1326 3947 ad
1341 3892 1642 3962 pristinam
1659 3910 1823 3948 men-

175 4001 373 4040 suram
400 3984 655 4051 redacto,
678 3987 812 4039 tunc
833 3984 1077 4038 liberum
1099 3984 1209 4039 erit
1227 3984 1518 4052 ordinare,
1548 4003 1727 4059 usque
1750 4004 1820 4043 eo

174 4083 399 4144 tamen,
417 4093 489 4131 ne
505 4076 716 4132 dictam
728 4094 1064 4133 mensuram
1075 4079 1608 4146 transcendant,aut
1626 4097 1823 4136 nume-

176 4187 307 4226 rum
319 4174 614 4242 superent,
627 4187 772 4226 neve
786 4171 953 4226 dolus
968 4171 1117 4226 circa
1130 4172 1239 4227 hoc
1254 4173 1438 4227 malus
1454 4173 1816 4230 interveniat.

177 4265 377 4336 Neque
403 4263 560 4318 enim
577 4265 693 4319 ullo
714 4268 880 4334 pacto
898 4265 1089 4320 locum
1118 4265 1334 4320 habere
1376 4266 1633 4337 patimur
1664 4268 1821 4340 quod

172 4357 471 4427 plerisque
496 4356 555 4410 in
584 4373 681 4411 ore
710 4360 813 4423 est,
864 4357 1187 4413 facultatem
1233 4358 1467 4428 quidem
1513 4360 1820 4416 ordinandi

174 4452 507 4521 suppetere,
534 4466 649 4504 non
673 4454 869 4505 autem
907 4451 1351 4521 praebendorum
1384 4452 1815 4510 alimentorum.

1941 526 2265 584 clesiasticis
2286 526 2563 581 reditibus
2579 526 2743 594 ﬁunt,
2766 526 2935 581 aliter
2954 543 3129 598 quam
3150 527 3207 582 in
3236 528 3358 601 pias
3373 534 3432 586 et
3448 531 3564 587 Deo

1934 622 2171 694 placitas
2185 637 2385 676 causas
2405 620 2789 687 insumantur,
2808 623 2865 675 et
2881 620 3011 675 utin
3032 621 3161 677 illos
3176 624 3563 694 conferantur,

1936 716 2033 787 qui
2054 719 2114 770 et
2133 731 2329 770 revera
2356 717 2551 785 egent,
2569 730 2676 768 nec
2700 712 2928 769 aliunde
2950 715 3169 770 habent
3193 717 3348 772 unde
3374 718 3568 774 vivant

1934 808 2077 880 (haec
2102 808 2258 864 enim
2287 808 2601 864 Dominum
2626 809 2804 862 Deum
2826 807 3127 863 conciliare
3173 812 3398 882 solent),
3446 828 3565 869 non

1932 919 2067 958 vero
2083 919 2189 974 per
2212 900 2530 974 patrocinia
2547 903 2605 955 et
2630 901 2930 956 hominum
2960 902 3151 957 studia
3170 903 3230 959 in
3253 906 3566 977 locupletes

1934 996 2283 1052 distribuant
2310 1013 2377 1051 ea
2397 1011 2524 1068 quae
2553 994 2628 1050 ad
2644 994 3056 1051 ecclesiasticos
3077 1001 3338 1068 sumptus
3362 1016 3567 1071 suppe-

1931 1093 2079 1157 tunt,
2097 1089 2375 1144 utexiude
2389 1091 2624 1160 egentes
2636 1089 2764 1143 vita:
2778 1089 3112 1144 necessariis
3128 1090 3561 1148 defraudentur.

1931 1183 2203 1238 Noverint
2230 1183 2385 1238 enim
2415 1183 2520 1237 Dei
2548 1182 2929 1237 amantissimi
2964 1185 3270 1252 (Bconomi,
3304 1189 3424 1241 tam
3465 1186 3564 1258 qui

1931 1294 2105 1346 nunc,
2128 1293 2305 1350 quam
2329 1276 2423 1348 qui
2448 1276 2584 1331 olim
2614 1293 2718 1347 pro
2740 1279 3001 1347 tempore
3023 1278 3196 1332 futuri
3231 1282 3383 1346 sunt,
3406 1280 3562 1351 quod

1932 1371 1979 1425 si
2005 1370 2142 1442 quid
2168 1370 2229 1425 in
2246 1370 2335 1425 his
2360 1369 2729 1441 deliquerint,
2756 1387 2871 1425 non
2889 1372 3114 1425 tantum
3136 1371 3317 1442 pcenis
3333 1374 3564 1428 cmlesti-

1930 1464 2037 1518 bus
2059 1467 2229 1518 erunt
2249 1463 2497 1530 obnoxii,
2514 1463 2615 1518 sed
2635 1463 2809 1518 etiam
2828 1464 2897 1518 de
2921 1465 3238 1520 substantia
3251 1483 3352 1521 sua
3380 1483 3568 1522 sacro-
3582 1492 3603 1515 ο

1930 1560 2141 1612 sanctae
2161 1556 2405 1611 ecclesiae
2421 1556 2861 1611 indemnitatem
2875 1558 3252 1627 praestabunt.
3265 1559 3563 1615 Sancimus

1930 1650 2124 1721 igitur,
2148 1654 2209 1704 ut
2228 1649 2525 1705 beatitudo
2554 1653 2673 1716 tua,
2697 1666 2825 1721 quae
2854 1650 3016 1706 initio
3047 1654 3103 1705 et
3131 1669 3165 1706 a
3204 1636 3406 1707 tenera
3436 1669 3564 1724 pro-

1931 1743 2247 1814 pemodum
2280 1746 2448 1797 aetate
2478 1760 2580 1814 per
2608 1759 2810 1798 omnes
2836 1745 3218 1800 sacerdotales
3256 1745 3468 1817 gradus
3506 1751 3563 1802 et

1933 1836 2243 1908 dignitates
2264 1840 2685 1891 sacrosanctam
2712 1838 3011 1892 exornavit
3026 1838 3354 1907 Ecclesiam,
3370 1842 3564 1911 utpote

1930 1946 2055 2001 quae
2080 1947 2145 1983 ex
2171 1929 2562 1984 sacerdotibus
2580 1929 2754 1984 etiam
2777 1947 2961 2001 genus
2978 1934 3035 1985 et
3056 1932 3342 2002 originem
3369 1932 3559 2000 ducat,

1928 2023 1987 2077 in
2018 2025 2360 2094 perpetuum
2399 2022 2701 2090 custodiat,
2726 2027 2883 2078 certo
2911 2024 3173 2092 scientes,
3209 2042 3323 2080 non
3371 2025 3563 2080 minus

1932 2116 2095 2171 nobis
2129 2120 2623 2171 sacrosanctarum
2673 2116 3044 2171 ecclesiarum
3075 2119 3384 2173 commoda
3409 2134 3560 2173 cura

1928 2227 2071 2277 esse,
2102 2226 2277 2281 quam
2304 2209 2486 2280 ipsam
2508 2208 2702 2264 vitam.
2732 2210 2857 2265 Dat.
2890 2226 3000 2267 xvu
3027 2211 3270 2268 Kalend.
3297 2211 3472 2283 April.
3497 2212 3553 2266 d.

1928 2323 1986 2357 n.
2025 2303 2174 2358 Bilis.
2210 2320 2243 2356 v
2272 2319 2323 2357 c.
2356 2319 2512 2357 cons.

2538 2401 2856 2456 NOVELLA
2881 2403 2943 2456 V.

1986 2494 2061 2547 De
2083 2492 2419 2545 monasteriis
2444 2495 2494 2545 et
2514 2492 2808 2557 monachis,
2841 2495 2892 2545 et
2921 2506 3102 2547 eorum
3133 2494 3488 2549 antistitibus.

1994 2585 2317 2655 Imperator
2348 2583 2700 2638 Justinianus
2727 2586 3014 2656 Augustus
3046 2586 3392 2656 Epiphanio,
3424 2603 3557 2641 san-

1925 2677 2174 2732 ctissimo
2196 2680 2254 2730 et
2276 2677 2609 2732 beatissimo
2626 2677 2798 2748 hujus
2814 2678 2989 2748 regiae
3014 2678 3169 2733 urbis
3189 2679 3560 2751 archiepisco-

1925 2787 2019 2842 po,
2049 2771 2284 2842 ejusque
2315 2770 2563 2827 universi
2594 2773 2808 2825 tractus
2834 2770 3198 2842 patriarchae.

1995 2864 2456 2919 Conversationis
2482 2850 2841 2919 monachalis
2861 2864 2977 2919 vita
2990 2864 3067 2919 sic
3088 2865 3332 2919 honesta
3359 2868 3463 2933 est,
3478 2866 3558 2920 sic

1923 2958 2321 3012 commendare
2346 2957 2501 3013 novit
2527 2958 2640 3012 Deo
2669 2957 2740 3012 ad
2761 2957 2869 3012 hoc
2890 2957 3206 3013 venientem
3240 2957 3554 3027 hominem,

1924 3056 1987 3105 ut
2011 3066 2240 3105 omnem
2270 3051 2579 3106 humanam
2610 3051 2732 3121 ejus
2760 3050 3040 3105 maculam
3067 3051 3341 3123 detergat,
3373 3055 3430 3106 et
3454 3068 3558 3123 pu-

1924 3161 2053 3200 rum
2085 3161 2149 3199 ac
2176 3144 2498 3200 rationabili
2531 3147 2737 3198 natura
2762 3144 3077 3214 decentem,
3108 3149 3165 3200 et
3190 3146 3441 3216 plurima
3466 3161 3555 3200 se-

1923 3239 2172 3293 cundum
2199 3242 2448 3293 mentem
2469 3241 2819 3309 operantem,
2842 3240 2900 3293 et
2925 3238 3190 3293 humanis
3210 3238 3559 3311 cogitationi-

1922 3333 2027 3385 bus
2053 3332 2347 3387 celsiorem
2372 3332 2589 3387 reddat.
2618 3331 2673 3387 Si
2702 3331 2830 3403 quis
2856 3331 3032 3404 igitur
3056 3332 3282 3387 futurus
3311 3336 3395 3388 est
3418 3349 3543 3387 mo-

1922 3426 2137 3481 nachus
2178 3426 2482 3497 perfectus,
2521 3426 2741 3497 indiget
2764 3429 2819 3481 et
2846 3425 3164 3481 divinorum
3195 3426 3558 3497 eloquiorum

1923 3519 2262 3587 eruditione,
2293 3522 2350 3573 et
2396 3518 2833 3573 conversationis
2882 3517 3228 3590 integritate,
3281 3522 3347 3573 ut
3399 3522 3558 3574 tanta

1923 3613 2133 3683 dignus
2159 3612 2337 3666 factus
2365 3611 2435 3666 sit
2466 3612 2795 3666 mutatione.

1992 3704 2284 3760 Credimus
2303 3704 2484 3776 igitur
2501 3709 2558 3759 et
2581 3721 2684 3759 nos
2704 3703 3006 3775 explanare
3024 3704 3162 3776 quid
3177 3705 3465 3776 agendum
3486 3706 3557 3759 ab

1922 3798 2001 3853 eis
2036 3797 2127 3867 sit,
2175 3802 2231 3852 et
2273 3798 2645 3871 decertatores
2684 3813 2777 3852 eos
2816 3814 2975 3851 veros
3014 3799 3082 3852 ad
3144 3814 3358 3852 sacram
3407 3798 3557 3853 viam

1922 3891 2281 3947 constituere.
2313 3894 2380 3947 Et
2404 3890 2484 3946 ita
2508 3890 2670 3946 nobis
2696 3891 2935 3946 intentio
2962 3891 3258 3963 prmsentis
3286 3895 3371 3947 est
3389 3892 3554 3964 legis,

1918 3992 1984 4041 ut
2004 3988 2132 4057 post
2146 3985 2261 4055 illa,
2283 4002 2410 4057 qua:
2429 3985 2497 4041 de
2520 3985 2886 4041 sanctissimis
2912 3985 3190 4058 episcopis
3216 3985 3556 4041 sancivimus

1922 4083 1975 4134 et
1987 4095 2113 4151 quae
2134 4080 2203 4135 de
2225 4079 2702 4135 reverendissimis
2718 4079 2933 4135 clericis
2954 4079 3356 4151 disposuimus,
3371 4095 3558 4152 neque

1920 4173 2069 4244 quod
2101 4173 2477 4229 monasticum
2514 4176 2617 4242 est,
2651 4177 2808 4229 extra
2849 4176 3267 4245 competentem
3313 4173 3556 4228 formam

1919 4266 2332 4339 relinquamus.
2363 4268 2509 4323 Illud
2530 4267 2711 4339 igitur
2735 4270 2865 4323 ante
2891 4268 3002 4322 alia
3027 4266 3331 4323 dicendum
3357 4271 3460 4333 est,
3493 4271 3559 4323 ut

1918 4350 2391 4434 quocunque'tem
2396 4377 2534 4434 pore
2558 4364 2613 4415 et
2627 4377 2965 4432 quocunque
2981 4361 3106 4415 loco
3127 4359 3254 4432 quis
3277 4359 3555 4416 aediﬁcare

1919 4454 2235 4509 venerabile
2270 4453 2676 4509 monasterium
2708 4454 2972 4522 voluerit,
3004 4469 3119 4507 non
3146 4452 3304 4523 prius
3329 4452 3556 4507 licentia

176 4543 234 4599 Si
264 4542 507 4614 quidem
527 4543 637 4597 hoc
662 4543 874 4597 iterum
899 4542 1129 4598 illorum
1153 4549 1257 4612 est,
1286 4546 1383 4617 qui
1421 4546 1821 4603 confusionem
1839 4541 1900 4614 D
1922 4548 1992 4602 sit
2012 4548 2117 4601 hoc
2142 4547 2368 4617 agendi,
2400 4564 2575 4619 quam
2604 4548 2718 4601 Deo
2737 4546 3039 4601 amabilem
3065 4546 3319 4600 locorum
3333 4546 3553 4616 episco-

178 4637 437 4708 pariunt,
476 4639 575 4689 aut
596 4652 769 4707 super
799 4638 1130 4692 numeraria
1156 4638 1480 4709 adjectione
1508 4642 1688 4696 altera
1714 4659 1818 4713 pro

181 4730 314 4784 unis
334 4729 581 4800 collegia
606 4730 982 4800 constituunt,
1007 4732 1327 4803 praesertim
1358 4750 1487 4788 cum
1517 4735 1730 4790 multas
1754 4752 1821 4790 ea

176 4840 269 4877 res
295 4822 855 4894 circumscriptiones
870 4826 1169 4896 producat,
1194 4828 1258 4880 ut
1286 4826 1389 4881 sub
1410 4831 1692 4898 praetextu
1715 4829 1816 4884 ali-

176 4916 483 4971 mentariae
509 4917 893 4987 praestationis
919 4919 1059 4973 alias
1085 4919 1190 4974 sibi
1212 4920 1330 4975 vias
1356 4920 1695 4976 insatiabilis
1720 4940 1817 4976 cu-

170 5010 407 5080 jusdam
446 5010 698 5065 avaritiae
725 5011 1038 5067 inveniant.
1070 5014 1186 5068 Hoc
1213 5013 1390 5085 igitur
1419 5014 1592 5069 etiam
1628 5016 1817 5087 ipsum

175 5103 301 5158 fieri
325 5103 698 5174 prohibemus
725 5107 785 5159 et
818 5104 922 5159 sub
954 5122 1253 5161 censuram
1276 5106 1361 5178 (ut
1389 5108 1700 5179 appellant)
1725 5126 1815 5164 ec-

175 5195 556 5251 clesiasticam
583 5197 943 5265 deducimus,
974 5215 1187 5271 magno
1216 5200 1340 5253 usui
1372 5200 1629 5256 futurum
1661 5203 1814 5256 arbi-

174 5292 414 5355 trantes,
444 5289 492 5344 si
517 5294 939 5346 sacrosanctam
974 5293 1257 5363 majorem
1295 5294 1597 5349 ecclesiam
1629 5312 1817 5367 neque

174 5382 555 5437 creditoribus
587 5383 919 5452 obnoxiam,
953 5402 1137 5457 neque
1166 5386 1337 5441 rebus
1364 5386 1621 5457 angustis
1667 5389 1815 5443 afﬂi-

172 5478 347 5542 ctam,
381 5492 569 5546 neque
593 5480 876 5549 perpetuo
895 5483 1188 5549 egentem,
1213 5481 1313 5535 sed
1332 5481 1595 5536 omnium
1617 5497 1814 5537 rerum

172 5569 341 5641 copia
372 5568 767 5625 abundantem
798 5587 1120 5627 cernamus.

245 5662 758 5726 Quemadmodum
785 5668 977 5719 autem
1001 5666 1074 5720 ad
1097 5683 1223 5721 eam
1245 5667 1601 5738 pertinentes
1621 5683 1812 5738 sump-

174 5758 263 5809 tus
284 5757 446 5809 certa
461 5756 576 5810 ﬁne
588 5756 1015 5830 descripsimus,
1040 5759 1119 5813 ita
1139 5759 1423 5827 convenit,
1455 5765 1516 5815 ut
1535 5760 1817 5815 sanctissi-

176 5864 305 5902 mus
330 5865 436 5920 pro
464 5854 725 5922 tempore
746 5851 1077 5924 patriarcha
1103 5855 1160 5906 et
1200 5853 1666 5908 reverendissimi
1702 5854 1811 5909 cle—

1918 4656 2059 4711 pum
2086 4639 2333 4694 advocet.
2361 4642 2433 4694 At
2461 4640 2557 4694 ille
2587 4640 2852 4694 extendat
2877 4655 3081 4693 manus
3108 4639 3179 4694 ad
3225 4639 3448 4707 malum,
3498 4643 3555 4695 et

1919 4749 2024 4805 per
2041 4733 2354 4788 orationem
2384 4733 2573 4787 locum
2601 4736 2892 4789 consecret
2915 4734 3048 4801 Deo,
3089 4731 3270 4804 ﬁgens
3296 4732 3355 4787 in
3382 4749 3446 4787 eo
3472 4749 3553 4787 sa-

1920 4826 2050 4881 lutis
2074 4831 2280 4881 nostra:
2326 4826 2554 4898 signum
2590 4826 2849 4896 (dicimus
2885 4828 3076 4881 autem
3111 4826 3452 4881 adorandam
3497 4829 3555 4881 et

1918 4935 2048 4975 vere
2068 4920 2458 4975 honorandam
2484 4921 2750 4989 crucem),
2779 4919 2966 4991 sicque
2978 4918 3203 4975 inchoet
3225 4918 3550 4986 aediﬁcium,

1917 5014 2132 5068 bonum
2160 5012 2355 5084 utique
2380 5012 2665 5083 quoddam
2694 5012 2753 5067 in
2781 5014 2887 5068 hoc
2912 5017 2967 5068 ct
2995 5013 3199 5069 decens
3222 5012 3556 5068 fundamen-

1918 5110 2042 5161 tum
2067 5122 2283 5178 poneus
2309 5105 2453 5174 hoc;
2493 5105 2684 5176 itaque
2711 5106 3057 5179 principium
3094 5107 3205 5178 pia:
3255 5104 3549 5160 venerabi-

1917 5200 2060 5254 lium
2084 5198 2555 5254 monasteriorum
2582 5198 2810 5254 fabrica:
2839 5201 2955 5255 fiat.

1991 5294 2127 5348 Hinc
2154 5296 2345 5347 autem
2374 5291 2534 5347 nobis
2565 5291 2736 5347 etiam
2769 5293 2839 5347 de
2867 5292 3105 5363 singulis
3137 5289 3427 5346 monachis
3452 5307 3548 5345 co-

1919 5387 2212 5459 gitandum
2237 5388 2341 5456 est,
2368 5402 2484 5456 quo
2513 5385 2810 5441 conveniat
2828 5385 2951 5440 fieri
2977 5384 3165 5452 modo,
3194 5388 3250 5439 et
3280 5387 3470 5439 utrum
3488 5384 3553 5439 1i-

1915 5481 2081 5537 beros
2108 5481 2311 5549 solum,
2341 5484 2441 5535 aut
2468 5479 2642 5535 etiam
2667 5480 2811 5535 forte
2837 5495 3049 5547 servos,
3080 5495 3146 5534 eo
3174 5478 3321 5551 quod
3350 5494 3551 5534 omnes

1917 5574 2178 5629 similiter
2201 5572 2395 5629 divina
2406 5574 2651 5645 suscepit
2673 5573 2852 5645 gratia
2870 5571 3183 5644 praedicans
3204 5572 3550 5644 palam,quia

1918 5672 2197 5739 quantum
2225 5667 2295 5722 ad
2325 5667 2420 5722 Dei
2457 5668 2672 5722 cultum
2718 5682 2831 5721 non
2875 5671 2957 5721 est
3004 5667 3304 5733 masculus,
3360 5681 3548 5736 neque

1912 5760 2144 5830 femina,
2177 5777 2361 5832 neque
2392 5759 2553 5828 liber,
2585 5776 2772 5832 neque
2814 5776 3025 5829 servus,
3057 5775 3254 5815 omnes
3284 5757 3437 5813 enim
3488 5758 3546 5811 in

1915 5854 2136 5911 Christo
2176 5869 2349 5911 unam
2384 5854 2704 5910 mercedem
2752 5854 3061 5927 percipere.
3092 5852 3382 5911 Sancimus
3412 5867 3546 5923 ergo
