4034 6228
477 360 578 413 92⁵7

1618 359 1871 415 SJECULI
1910 358 2098 413 SEXTI
2140 355 2438 409 SUPPLEM
2449 355 2530 409 ΕΝ
2537 357 2690 410 TUM.

3747 361 3852 416 928

481 485 662 524 sacras
707 473 1006 540 sequentes
1040 470 1286 539 regulas,
1331 483 1424 520 eos
1467 468 1566 538 qui
1589 468 1942 540 singularem
1967 485 2104 524 con-
2129 473 2188 545 Α
2206 461 2340 531 quia
2366 464 2674 517 monastica
2690 465 2896 536 dignus
2923 471 3006 522 est
3035 468 3348 537 honestate,
3378 473 3609 522 maneat
3636 467 3698 522 in
3724 483 3852 522 mo-

472 564 847 619 versationem
885 562 1246 635 proﬁtentur,
1290 577 1405 614 non
1431 564 1692 632 prompte
1724 579 1855 617 mox
1887 580 1921 616 a
1948 579 2107 618 reve-

477 657 826 712 rendissimis
850 655 1186 727 praesulibus
1212 654 1617 709 venerabilium
1641 657 2110 712 monasteriorum

478 751 735 806 habitum
781 750 1072 822 percipere
1098 749 1514 815 monachalem,
1545 749 1640 802 sed
1665 766 1768 820 per
1794 750 2108 805 triennium

476 847 660 899 totum
705 844 838 913 (sive
883 842 1046 897 liberi
1093 842 1236 895 forte
1291 843 1423 910 sint,
1476 842 1590 896 sive
1644 842 1802 908 servi)
1843 843 2106 910 tolerare,

478 939 732 992 nondum
757 936 1126 990 monasticum
1156 935 1416 990 habitum
1442 941 1850 1006 promerentes,
1883 938 1978 991 sed
1990 941 2111 992 ton—

478 1048 608 1085 sura
639 1035 695 1085 et
719 1035 869 1083 veste
897 1045 1097 1084 eorum
1125 1029 1220 1100 qui
1247 1029 1371 1083 laici
1403 1035 1696 1097 vocantur,
1728 1031 1813 1083 uti
1841 1035 1896 1084 et
1922 1047 2111 1084 mane-

480 1141 559 1192 re,
589 1125 665 1178 sic
693 1123 882 1178 divina
921 1122 1268 1177 addiscentes
1310 1123 1552 1193 eloquia.
1599 1125 1664 1178 Et
1706 1123 2106 1178 reverendissi-

481 1234 602 1272 mos
638 1233 834 1271 eorum
883 1217 1114 1271 abbates
1160 1217 1448 1288 requirere
1484 1233 1597 1283 eos,
1630 1217 1745 1270 sive
1781 1216 1948 1271 liberi
1977 1216 2108 1284 sint,

478 1310 589 1364 sive
617 1310 782 1376 servi,
813 1315 869 1363 et
901 1310 1048 1365 unde
1076 1310 1156 1364 eis
1187 1309 1533 1364 desiderium
1547 1309 1675 1363 vitae
1704 1309 2009 1380 singularis
2025 1325 2112 1363 ac-

476 1403 724 1468 cesserit,
754 1405 810 1456 et
837 1403 1117 1457 discentes
1142 1404 1212 1457 ab
1240 1403 1321 1457 eis
1340 1403 1474 1474 quia
1493 1402 1652 1456 nulla
1667 1401 1918 1472 maligna
1948 1418 2108 1456 occa-

477 1497 558 1549 sio
589 1497 658 1550 ad
686 1497 792 1550 hoc
820 1512 912 1551 eos
933 1495 1174 1562 induxit,
1208 1501 1264 1551 et
1291 1496 1501 1550 habere
1529 1512 1622 1550 eos
1655 1496 1803 1550 inter
1837 1495 1982 1563 illos,
2012 1495 2112 1566 qui

473 1591 658 1644 adhuc
686 1591 978 1656 docentur,
1025 1594 1196 1660 atque
1237 1593 1562 1655 monentur,
1608 1593 1664 1643 et
1709 1589 2104 1658 experimento

478 1684 770 1754 percipere
819 1699 1017 1736 eorum
1054 1682 1429 1750 tolerantiam,
1461 1686 1517 1736 et
1553 1682 1948 1749 honestatem;
1998 1697 2114 1735 non

478 1777 630 1831 enim
656 1776 832 1830 facilis
859 1779 941 1829 est
957 1775 1087 1830 vitae
1104 1775 1404 1829 hominum
1429 1775 1686 1842 mutatio,
1711 1775 1808 1829 sed
1837 1791 1969 1828 cum
1997 1773 2116 1828 ani-

479 1885 589 1923 mae
616 1884 824 1940 magno
852 1869 916 1922 fit
951 1867 1164 1923 labore.
1210 1869 1278 1922 Et
1324 1884 1454 1921 cum
1483 1867 1729 1922 triennio
1775 1870 1892 1922 toto
1941 1866 2000 1920 in
2048 1882 2115 1920 ea

477 1962 591 2016 vita
615 1961 1056 2032 permanserint,
1087 1960 1329 2031 optimos
1351 1961 1680 2030 semetipsos
1709 1965 1765 2015 et
1793 1959 2114 2014 tolerabiles

477 2055 598 2110 aliis
626 2054 920 2110 monachis
947 2058 1004 2107 et
1029 2054 1261 2124 praesuli
1286 2054 1756 2119 demonstrantes,
1783 2052 1886 2108 hos
1913 2069 2111 2107 mona-

476 2147 673 2203 sticam
699 2147 1013 2219 promereri
1036 2150 1270 2215 vestem,
1299 2150 1469 2218 atque
1488 2151 1804 2213 tonsuram,
1839 2150 1896 2200 et
1915 2146 2027 2200 sive
2047 2145 2116 2200 li-

475 2237 598 2290 beri
623 2237 756 2305 sint,
787 2237 908 2291 sine
937 2236 1226 2291 calumnia
1253 2251 1609 2306 permanere,
1652 2234 1768 2290 sive
1808 2235 1973 2302 servi,
2010 2250 2112 2305 pe-

475 2330 627 2384 nitus
671 2346 785 2384 non
831 2329 1132 2401 inquietari
1163 2329 1475 2400 migrantes
1505 2329 1574 2383 ad
1601 2343 1965 2383 communem
1995 2344 2116 2382 om-

475 2423 657 2477 nium.
705 2422 954 2476 Dicimus
994 2427 1180 2477 aatem
1219 2421 1504 2476 caelestem
1548 2421 1878 2488 Dominum,
1916 2421 2012 2474 sed
2056 2419 2115 2474 in

477 2515 800 2570 libertatem
832 2515 995 2586 eripi.
1023 2515 1164 2569 Nam
1193 2515 1238 2569 si
1266 2515 1325 2569 in
1351 2515 1546 2569 multis
1570 2514 1788 2569 casibus
1834 2514 2005 2568 etiam
2044 2529 2113 2568 ex

477 2608 604 2679 lege
633 2608 740 2663 hoc
765 2607 849 2674 fit,
872 2612 928 2663 et
952 2607 1076 2663 talis
1096 2608 1357 2680 quaedam
1376 2607 1607 2662 libertas
1623 2608 1810 2674 datur,
1832 2607 2115 2677 quomodo

477 2717 593 2756 non
637 2701 963 2772 praevalebit
1006 2701 1195 2756 divina
1233 2701 1412 2773 gratia
1439 2701 1644 2756 talibus
1690 2717 1784 2755 eos
1827 2700 2115 2754 absolvere

475 2794 714 2849 vinculis
734 2797 762 2849 ?
789 2795 846 2850 Si
873 2811 1005 2849 vero
1034 2795 1181 2850 intra
1205 2793 1515 2849 triennium
1546 2794 1764 2849 venerit
1809 2793 2111 2864 quispiam,

478 2892 534 2944 et
561 2887 810 2958 aliquem
830 2888 1059 2955 horum,
1073 2887 1172 2959 qui
1197 2887 1677 2946 conversationem
1697 2885 1934 2958 professi
1959 2889 2111 2954 sunt,

476 2981 799 3036 abstrahere
826 2986 1098 3053 tanquam
1119 2998 1346 3036 servum
1365 2980 1624 3047 voluerit,
1653 2981 1758 3034 hoc
1787 2979 1937 3051 quod
1953 2977 2114 3034 nobis

475 3091 662 3146 nuper
696 3090 764 3129 ex
790 3075 958 3145 Lycia
984 3074 1271 3129 nuntiavit
1294 3074 1547 3128 Zosimus
1576 3074 1689 3128 Deo
1717 3072 1994 3140 amabilis,
2027 3071 2114 3126 vir

475 3167 886 3222 famosissimus
924 3167 984 3221 in
1021 3167 1460 3235 conversatione,
1495 3171 1552 3220 et
1579 3183 1754 3237 prope
1783 3165 2112 3220 vicesimum

479 3265 537 3316 et
572 3261 946 3315 centesimum
979 3261 1160 3314 aetatis
1187 3276 1362 3330 agens
1388 3275 1623 3327 annum,
1663 3259 1883 3329 pollens
1921 3263 2114 3313 autem

481 3357 538 3409 et
561 3353 737 3407 animi
788 3352 1090 3406 virtutibus
1126 3356 1182 3406 et
1226 3352 1476 3424 corporis
1511 3351 1945 3422 operationibus,
1985 3351 2118 3422 quia

479 3450 635 3502 tanta
663 3447 928 3519 quaedam
958 3447 1016 3500 in
1044 3463 1110 3502 eo
1140 3448 1321 3518 gratia
1350 3447 1446 3501 Dei
1482 3447 1666 3502 ﬂoret.
1699 3447 1757 3502 Si
1784 3447 1910 3518 quis
1940 3447 2118 3518 igitur

478 3540 642 3611 (sicut
679 3540 1065 3612 praediximus)
1108 3540 1258 3595 intra
1294 3540 1606 3596 triennium
1647 3539 1836 3595 veniat
1870 3541 2118 3612 aliquem

479 3651 676 3690 eorum
711 3635 812 3706 qui
837 3634 1033 3688 volunt
1057 3650 1178 3689 esse
1224 3638 1280 3689 et
1320 3623 1680 3704 perseverare
1729 3634 2014 3700 monachi,
2054 3635 2116 3690 in

479 3728 808 3784 servitutem
832 3731 1134 3796 tracturus,
1167 3729 1224 3782 et
1251 3726 1398 3782 dicat
1423 3727 1575 3798 quod
1596 3727 1908 3798 abripuerit
1946 3744 2112 3798 quas-

479 3822 609 3877 dam
640 3837 750 3890 res,
779 3825 836 3876 et
870 3825 1170 3892 propterea
1212 3821 1518 3875 recurrerit
1564 3821 1635 3874 ad
1682 3819 2111 3888 monasterium,

477 3914 759 3969 sancimus
773 3931 906 3968 eum
925 3930 1040 3968 non
1050 3916 1315 3984 prompte
1333 3929 1524 3984 agere,
1554 3913 1650 3968 sed
1675 3913 1862 3984 primo
1875 3913 2114 3984 probare

479 4025 582 4078 pro
606 4008 863 4075 veritate,
894 4007 1028 4077 quia
1061 4011 1116 4061 et
1142 4023 1335 4061 servus
1362 4010 1464 4073 est,
1496 4009 1552 4061 et
1580 4023 1683 4076 pro
1707 4005 1858 4060 furto
1903 4006 2110 4075 forsan,

480 4105 581 4155 aut
607 4117 712 4171 pro
739 4099 851 4153 vita
877 4099 1145 4169 maligna,
1177 4103 1274 4153 aut
1304 4115 1408 4169 pro
1433 4099 1580 4153 vitiis
1603 4099 1866 4170 pessimis
1899 4099 2115 4170 fugerit

478 4193 731 4264 quidem,
748 4196 982 4264 pr0pter
1011 4208 1178 4245 suum
1198 4195 1385 4245 autem
1402 4192 1601 4246 vitium
1618 4193 1689 4247 ad
1707 4191 2114 4247 monasterium

477 4286 716 4340 venerit.
748 4287 814 4340 Et
833 4285 878 4338 si
903 4284 1133 4355 quidem
1155 4301 1325 4338 verax
1341 4285 1676 4351 ostenditur,
1707 4290 1763 4339 et
1787 4285 2116 4356 apparuerit

476 4383 708 4450 propter
733 4377 1058 4448 hujusmodi
1091 4394 1316 4432 causam
1358 4378 1730 4432 monasticam
1756 4393 1891 4431 eum
1931 4378 2110 4431 simu-

475 4472 617 4527 lasse
645 4471 1152 4540 conversationem,
1181 4476 1278 4526 aut
1302 4474 1536 4542 propter
1547 4469 1960 4541 turpitudinem
1984 4470 2114 4526 vitae

2210 554 2479 609 nasterio.
2510 556 2873 629 Nequaquam
2897 561 3048 614 enim
3066 561 3265 616 damus
3294 561 3583 616 licentiam
3612 561 3718 614 ulli
3743 577 3849 633 pe-

2208 647 2358 701 nitus
2383 651 2744 718 perscrutari,
2775 668 2902 722 quae
2927 653 3049 724 ejus
3074 659 3224 720 sunt,
3258 655 3355 709 sed
3397 654 3511 708 sive
3538 654 3705 723 liber,
3737 655 3855 710 sive

2210 755 2402 794 servus
2443 741 2534 810 sit,
2575 759 2805 798 manere
2851 762 2983 800 eum
3013 747 3072 801 in
3099 748 3520 802 conversatione
3566 748 3851 803 volumus.

2209 834 2346 886 Nam
2375 838 2432 887 et
2457 834 2500 887 si
2530 835 2733 890 vitium
2760 837 2818 890 in
2845 839 3016 908 priori
3044 840 3113 894 ab
3141 856 3206 894 eo
3232 841 3374 895 forte
3403 845 3628 911 gestum
3658 846 3740 896 est
3765 840 3852 894 vi-

2208 929 2263 978 ta
2281 927 2550 994 (humana
2575 928 2727 982 enim
2756 935 2957 985 natura
2979 933 3396 1003 quodammodo
3416 934 3628 988 labitur
3654 935 3726 988 ad
3749 935 3853 989 de-

2209 1018 2380 1088 licta),
2414 1024 2663 1075 attamen
2694 1023 2901 1077 sufficit
2945 1026 3015 1079 ad
3051 1027 3392 1080 mediocrem
3444 1027 3854 1098 purgationem

2211 1117 2588 1180 peccatorum,
2645 1120 2702 1168 et
2755 1116 2824 1169 ad
2872 1117 3096 1172 virtutis
3132 1123 3506 1190 augmentum
3554 1120 3858 1175 triennalis

2210 1206 2486 1275 temporis
2503 1207 2912 1264 testimonium.
2929 1212 3005 1264 Ea
3024 1228 3156 1266 vero
3180 1229 3309 1284 quae
3337 1219 3498 1283 rapta
3525 1218 3678 1281 sunt,
3701 1214 3856 1285 apud

2212 1313 2580 1369 quoscunque
2592 1300 2825 1355 tandem
2847 1301 3224 1372 inveniantur,
3247 1306 3428 1360 modis
3445 1307 3710 1360 omnibus
3725 1307 3854 1361 red-

2213 1389 2419 1444 dantur
2459 1391 2644 1462 prisco
2677 1393 2924 1450 domino.
2968 1396 3022 1452 Si
3051 1413 3185 1453 vero
3211 1398 3418 1452 servitii
3457 1400 3854 1454 necessitatem

2213 1481 2509 1553 effugiens,
2538 1487 2839 1541 tentaverit
2869 1490 3278 1544 monasterium
3319 1491 3550 1561 quidem
3603 1492 3851 1546 derelin-

2213 1591 2406 1645 quere,
2439 1576 2610 1631 aliam
2637 1584 2830 1634 autem
2859 1581 2986 1635 vitae
3014 1583 3215 1636 sectari
3249 1583 3513 1654 ﬁguram,
3567 1584 3856 1638 licentiam

2213 1667 2411 1721 damus
2424 1669 2653 1724 domino
2694 1673 2981 1727 retrahere
3011 1690 3164 1743 eum,
3194 1679 3249 1730 et
3274 1676 3537 1746 probanti
3565 1677 3858 1731 fortunam

2212 1759 2362 1814 inter
2407 1753 2595 1816 servos
2649 1763 2893 1820 habere:
2945 1783 3062 1821 non
3098 1767 3253 1822 enim
3301 1769 3572 1839 injuriam
3607 1770 3860 1839 patietur

2133 1835 2190 1906 Β
2215 1856 2429 1907 tantam
2458 1855 2528 1909 ad
2547 1871 2746 1909 verum
2764 1857 3056 1913 servitium
3084 1864 3380 1928 retractus,
3411 1867 3692 1932 quantum
3718 1863 3847 1933 ipse

2213 1947 2290 2016 inj
2302 1949 2514 2002 uriatus
2539 1955 2622 2004 est
2642 1951 2736 2005 Dei
2753 1953 3032 2008 culturam
3050 1955 3358 2026 refugiens.
3377 1957 3457 2011 Ex
3483 1957 3590 2011 hoc
3618 1957 3858 2028 quidem

2215 2040 2283 2094 de
2312 2040 2543 2096 fortuna
2576 2043 2782 2098 horum
2808 2045 2907 2116 qui
2931 2047 3080 2102 inter
3119 2049 3426 2104 monachos
3463 2050 3718 2120 proﬁteri
3762 2066 3860 2104 vo—

2213 2132 2338 2187 lunt
2364 2135 2664 2190 sancimus.
2692 2137 3068 2209 Cogitandum
3095 2156 3227 2194 vero
3253 2147 3354 2210 est,
3390 2143 3675 2213 quomodo
3703 2144 3857 2214 ipsos

2215 2227 2532 2283 habitantes
2577 2234 2634 2284 et
2674 2230 2750 2285 ibi
2793 2232 3064 2302 degentes
3102 2235 3430 2290 monasticae
3469 2236 3858 2308 philosophiae.

2216 2324 2516 2376 certatores
2545 2322 2745 2395 dignos
2774 2340 2893 2380 esse
2919 2327 3297 2383 ostendamus.
3327 2329 3519 2400 Neque
3552 2330 3708 2384 enim
3753 2347 3852 2384 vo-

2214 2413 2404 2468 lumus
2444 2415 2504 2469 in
2545 2416 2656 2470 ullo
2682 2419 3022 2474 monasterio
3049 2421 3153 2474 sub
3182 2421 3394 2476 ditione
3421 2427 3614 2476 nostra
3643 2424 3854 2478 consti-

2215 2508 2356 2574 tuto,
2375 2508 2489 2562 sive
2515 2509 2894 2580 plurimorum
2920 2513 3221 2568 hominum
3247 2518 3348 2581 est,
3380 2515 3493 2570 sive
3514 2532 3853 2587 paucorum,

2213 2601 2517 2656 monachos
2559 2603 2657 2674 qui
2693 2603 2775 2658 ibi
2815 2609 2966 2675 sunt,
3019 2606 3224 2661 divisos
3257 2607 3326 2661 ab
3378 2609 3666 2663 alterutris
3713 2627 3853 2676 esse,

2215 2698 2271 2747 et
2295 2695 2536 2765 propriis
2561 2696 3009 2753 habitationibus
3036 2700 3139 2770 uti,
3170 2701 3268 2755 sed
3297 2701 3684 2757 communiter
3723 2703 3854 2773 qui-

2215 2786 2343 2840 dem
2369 2803 2463 2841 eos
2488 2790 2782 2845 comedere
2811 2792 3113 2859 sancimus,
3146 2794 3395 2848 dormire
3433 2795 3605 2849 etiam
3653 2812 3858 2851 omnes

2214 2878 2272 2932 in
2301 2882 2612 2949 communi,
2642 2899 2984 2956 unoquoque
3007 2885 3236 2957 quidem
3263 2887 3323 2940 in
3351 2887 3594 2959 quadam
3623 2889 3860 2960 propria

2213 2976 2425 3027 statura
2457 2975 2701 3046 jacente,
2729 2977 2790 3032 in
2817 2978 2985 3034 domo
3010 2995 3150 3035 uero
3177 2997 3294 3034 una
3322 2981 3639 3051 collocatos,
3672 2987 3772 3037 aut
3803 2983 3854 3036 si

2211 3066 2353 3121 forte
2377 3083 2492 3122 non
2519 3069 2725 3124 sufficit
2748 3071 2818 3125 ad
2851 3071 3276 3128 multitudinem
3307 3075 3722 3130 monachorum
3751 3076 3859 3130 do-

2212 3175 2340 3213 mus
2382 3177 2513 3228 una,
2559 3161 2617 3216 in
2664 3163 2800 3218 duas
2845 3164 3054 3235 forsan,
3095 3171 3193 3221 aut
3233 3167 3447 3238 plures,
3496 3185 3614 3222 non
3659 3174 3864 3224 tamen

2216 3254 2473 3323 seorsim,
2513 3259 2568 3310 et
2591 3257 2740 3327 apud
2761 3259 3110 3330 semetipsos,
3131 3260 3228 3314 sed
3252 3261 3309 3314 in
3342 3263 3654 3332 communi,
3683 3267 3863 3318 testes

2215 3345 2469 3401 alterutri
2505 3348 2621 3403 sint
2653 3350 2961 3406 honestatis
3005 3356 3062 3406 et
3112 3353 3399 3409 castitatis.
3442 3356 3508 3410 Et
3545 3372 3735 3427 neque
3762 3373 3861 3411 so-

2215 3455 2416 3494 mnum
2444 3441 2782 3497 desidiosum
2825 3445 3087 3515 habeant,
3133 3445 3229 3501 sed
3257 3451 3313 3501 et
3352 3447 3410 3501 in
3439 3464 3639 3503 somno
3667 3449 3862 3504 medi-

2216 3533 2396 3587 tantes
2434 3534 2579 3589 bene
2623 3538 2932 3608 composito
2967 3555 3084 3594 esse
3121 3555 3353 3611 corpore
3393 3544 3629 3611 propter
3673 3541 3865 3597 incre-

2214 3625 2504 3694 pationem
2529 3628 2975 3699 respicientium.
3005 3631 3117 3687 Nisi
3145 3638 3338 3688 tamen
3378 3633 3611 3704 quidam
3653 3651 3865 3691 eorum

2213 3717 2274 3773 in
2302 3721 2774 3792 contemplatione
2799 3729 2856 3778 et
2900 3725 3242 3795 perfectione
3270 3727 3541 3797 degentes
3568 3727 3745 3782 vitam
3773 3745 3865 3784 re-

2213 3815 2426 3866 motam
2441 3813 2686 3869 habeant
2711 3815 2770 3871 in
2791 3833 3032 3887 secessu,
3060 3835 3203 3889 quos
3229 3835 3426 3872 vocare
3460 3819 3865 3892 anachoretas,

2215 3907 2272 3958 et
2297 3905 2654 3976 hesychastas
2681 3914 3095 3965 consueverunt
3111 3913 3384 3983 tanquam
3400 3929 3433 3966 a
3451 3915 3869 3970 communione

2213 3997 2282 4051 ad
2321 3998 2558 4054 meliora
2595 4007 2874 4073 exceptos.
2917 4003 3177 4076 Alioquin
3213 4005 3373 4074 alios,
3421 4006 3865 4078 quibuscunque

2213 4090 2361 4146 inter
2386 4094 2810 4150 multitudinem
2838 4099 3185 4152 conversatio
3211 4104 3314 4168 est,
3352 4099 3412 4154 in
3451 4099 3539 4153 his
3575 4116 3708 4171 quas
3752 4117 3863 4156 vo-

2214 4187 2414 4239 cantur
2437 4188 2710 4258 coenobia,
2743 4206 2861 4244 esse
2887 4191 3164 4246 volumus.
3197 4192 3282 4247 Sic
3309 4193 3463 4246 enim
3491 4193 3644 4248 zelus
3673 4194 3756 4248 eis
3782 4195 3864 4249 ad

2215 4277 2478 4332 virtutem
2504 4281 2720 4350 crescit,
2749 4287 2806 4337 et
2825 4283 3074 4338 maxime
3090 4284 3412 4355 juvenibus,
3443 4286 3490 4339 si
3517 4303 3644 4340 cum
3673 4287 3863 4341 senio-

2213 4370 2368 4423 ribus
2395 4373 2832 4431 constituantur.
2867 4377 2987 4431 Fiet
3013 4377 3166 4431 enim
3197 4377 3482 4432 seniorum
3504 4381 3858 4434 conversatio

2206 4463 2519 4532 juventutis
2547 4467 2803 4524 educatio
2831 4469 3095 4540 perfecta.
3127 4472 3192 4524 Et
3219 4471 3294 4525 sic
3325 4471 3436 4525 sint
3479 4471 3538 4524 in
3584 4472 3859 4526 ccenobiis

477 4566 621 4620 forte
648 4565 956 4637 diﬂ'ugisse,
988 4568 1045 4620 et
1068 4581 1182 4618 non
1208 4581 1311 4634 pro
1336 4564 1569 4618 veritate
1595 4564 1980 4618 sanctimoniae
2006 4565 2109 4618 ha-
2133 4572 2190 4642 ι)
2213 4572 2312 4609 suo
2341 4560 2572 4630 proprio
2597 4561 2785 4633 abbati
2813 4563 3161 4628 obedientes,
3189 4568 3246 4617 et
3276 4564 3538 4618 traditam
3571 4565 3676 4619 sibi
3717 4581 3853 4620 con-

473 4659 663 4714 bitum
691 4657 1056 4729 concupiisse,
1074 4659 1226 4712 hunc
1253 4657 1412 4712 reddi
1443 4656 1690 4724 domino,
1727 4673 1858 4712 cum
1888 4657 1954 4712 iis
1983 4674 2112 4728 quae

476 4753 662 4806 forsan
698 4751 964 4822 abripuit,
995 4750 1040 4804 si
1072 4755 1264 4805 tamen
1295 4751 1413 4804 haec
1463 4749 1631 4805 etiam
1669 4751 1728 4804 in
1773 4751 2113 4805 monasterio

476 4845 707 4900 fuerint.
738 4847 880 4898 Eum
908 4860 1061 4912 vero,
1093 4845 1193 4915 qui
1221 4844 1483 4898 dominus
1503 4844 1868 4914 approbatur,
1903 4844 2034 4898 dare
2062 4843 2114 4898 ei

468 4938 891 5009 jusjurandum,
920 4937 1054 5008 quia
1082 4937 1225 4991 nihil
1254 4937 1386 4991 mali
1413 4936 1464 4990 ei
1491 4936 1676 5004 faciet,
1707 4940 1764 4991 et
1790 4941 2113 5008 susceptum

478 5052 610 5091 eum
643 5036 873 5090 reducet
903 5036 1160 5090 domum.
1194 5034 1250 5090 Si
1277 5051 1408 5088 vero
1435 5033 1481 5087 is
1509 5034 1736 5104 quidem
1767 5034 1863 5105 qui
1895 5034 2030 5089 dicit
2055 5049 2114 5088 se

477 5147 596 5185 esse
638 5129 958 5196 dominum,
1005 5127 1146 5182 nihil
1177 5127 1286 5182 tale
1324 5126 1664 5198 probaverit,
1695 5130 1752 5183 et
1776 5131 2044 5199 appareat
2067 5127 2116 5181 is

475 5224 656 5296 quiin
683 5224 893 5278 tatibus
921 5226 1230 5289 accusatur,
1260 5237 1328 5275 ex
1378 5221 1499 5292 ipsa
1542 5222 1963 5276 conversatione
2008 5220 2112 5274 ho-

475 5322 668 5373 nestus
697 5334 758 5370 ac
803 5316 976 5385 mitis,
1025 5320 1082 5370 et
1130 5315 1272 5369 forte
1309 5313 1695 5369 testimonium
1739 5314 1942 5370 habeat
1977 5313 2114 5368 alio-

477 5427 626 5477 rum,
660 5409 792 5480 quia
818 5409 988 5463 etiam
1014 5408 1162 5479 apud
1196 5407 1492 5462 dominum
1527 5407 1832 5462 consistens
1866 5406 2116 5462 discendi

479 5503 718 5575 cupidus
746 5503 939 5572 fuerit,
971 5507 1027 5557 et
1054 5501 1366 5556 honestatis
1395 5504 1632 5569 amator,
1666 5504 1721 5554 et
1767 5500 1811 5554 si
1858 5501 2115 5554 nondum

476 5599 620 5652 forte
651 5597 998 5667 completum
1027 5599 1112 5650 est
1143 5593 1371 5649 triennii
1397 5598 1641 5664 tempus,
1670 5596 1920 5647 attamen
1945 5591 2116 5647 etiam

479 5691 555 5745 sic
586 5693 816 5744 maneat
841 5689 898 5742 in
929 5688 1236 5743 venerabili
1263 5686 1628 5752 monasterio,
1659 5685 1985 5740 abstrahere
2025 5701 2118 5739 cu-

481 5782 761 5851 pientium
790 5782 1089 5851 asperitate
1119 5781 1408 5835 liberatus.

551 5872 799 5928 Triennii
839 5889 970 5926 vero
1011 5874 1186 5927 semel
1227 5873 1449 5943 expleto
1501 5876 1772 5942 tempore,
1809 5871 2114 5941 judicatus,

2211 4651 2591 4707 versationem
2615 4654 3031 4726 inculpabiliter
3059 4656 3436 4711 observantes.

2293 4745 2349 4804 Si
2379 4746 2504 4817 quis
2533 4752 2726 4802 autem
2766 4749 2910 4802 forte
2959 4750 3132 4804 semel
3178 4749 3484 4818 dedicatus,
3540 4750 3859 4821 habituque

2213 4843 2444 4915 potitus,
2473 4841 2677 4896 deinde
2720 4858 2754 4895 a
2783 4842 3128 4897 monasterio
3165 4843 3454 4896 discedere
3497 4843 3753 4912 voluerit,
3801 4847 3863 4898 et

2212 4937 2490 5009 privatam
2515 4935 2765 4989 fortassis
2791 4935 3000 5005 eligere
3047 4936 3241 5003 vitam,
3278 4935 3398 5007 ipse
3446 4937 3680 5007 quidem
3717 4938 3864 4993 sciet

2213 5046 2384 5102 quam
2412 5045 2516 5100 pro
2558 5029 2663 5082 hoc
2693 5027 2848 5082 dabit
2875 5029 2988 5082 Deo
3023 5028 3487 5097 satisfactionem;
3523 5045 3613 5084 res
3661 5034 3862 5085 autem

2215 5137 2580 5195 quascunque
2609 5121 2890 5189 habuerit,
2915 5122 3052 5176 dum
3069 5121 3129 5176 in
3155 5123 3566 5177 monasterium
3582 5122 3858 5194 intrabat,

2215 5233 2297 5271 ea}
2328 5213 2566 5269 dominii
2591 5213 2706 5267 sint
2729 5214 3080 5282 monasterii,
3102 5217 3158 5269 et
3183 5214 3327 5268 nihil
3356 5214 3486 5268 inde
3512 5214 3740 5286 penitus
3767 5216 3863 5270 eli-

2216 5309 2342 5363 ciat.
2373 5307 2516 5363 Illud
2548 5323 2774 5378 quoque
2801 5307 3158 5362 decernimus
3187 5323 3318 5362 eum
3345 5307 3444 5379 qui
3471 5309 3532 5362 in
3573 5311 3858 5363 monaste-

2217 5401 2617 5472 riumrintroire
2631 5401 2890 5467 voluerit,
2913 5405 3218 5472 antequam
3240 5401 3655 5455 monasterium
3679 5402 3862 5472 ingre-

2217 5496 2423 5563 diatur,
2453 5493 2738 5549 licentiam
2765 5494 2976 5548 habere
3006 5494 3121 5548 suis
3146 5495 3228 5548 uti
3257 5511 3368 5566 quo
3393 5495 3637 5549 voluerit
3662 5495 3853 5561 modo;

2217 5589 2632 5661 ingredientem
2664 5604 2910 5659 namque
2941 5588 3115 5642 simul
3137 5593 3459 5659 sequuntur
3487 5588 3725 5643 omnino
3753 5604 3860 5653 res,

2215 5683 2347 5738 licet
2372 5699 2488 5737 non
2517 5683 2847 5754 expressim,
2878 5698 3008 5736 cum
3036 5682 3422 5737 introduceret
3450 5697 3563 5750 eas,
3619 5682 3858 5745 dixerit;

2217 5780 2274 5832 et
2302 5793 2416 5831 non
2445 5776 2552 5830 erit
2578 5775 2840 5830 dominus
2885 5792 3079 5831 earum
3129 5775 3363 5831 ulterius
3404 5775 3520 5830 ullo
3569 5775 3759 5830 modo.
3807 5773 3856 5829 Si

2218 5886 2349 5924 vero
2376 5868 2519 5926 filios
2559 5869 2840 5936 habuerit,
2872 5869 2916 5924 si
2962 5868 3193 5942 quidem
3233 5868 3537 5940 contigerit
3572 5869 3696 5941 jam
3731 5883 3855 5923 cum
