4034 6228
178 315 283 368 929

1062 311 1425 368 JUSTINIANI
1467 312 1792 367 NOVELI..~E
1831 311 2163 367 SELECT.E.
2208 310 2514 369 NOVELLA
2555 314 2637 370 Vl.

3438 327 3541 378 930

173 438 268 477 res
287 421 503 493 aliquas
529 421 760 475 donasse
788 419 889 487 eis,
916 423 1015 473 aut
1039 437 1142 491 per
1167 421 1613 492 antenuptialem
1641 421 1809 475 dona—
1832 433 1888 505 Α
1911 421 2094 475 sulatu
2124 436 2343 488 eorum,
2373 422 2522 476 hunc
2544 421 2772 492 eligere,
2803 439 2870 477 eo
2891 424 3043 495 quod
3063 423 3310 481 humana
3336 433 3539 483 natura

175 516 418 580 tionem,
447 524 544 571 aut
573 533 675 586 per
715 519 862 573 dotis
905 516 1255 572 occasionem
1289 516 1610 585 contulisse,
1640 524 1696 572 et
1722 517 1804 571 fa-

175 608 331 663 ciant
357 610 476 663 htec
506 616 765 682 quartam
795 614 865 668 ab
892 615 1155 668 intestato
1183 612 1305 681 ejus
1330 610 1657 664 substantiae
1684 627 1808 682 par-

173 705 317 769 tem,
363 704 584 758 nullum
627 707 683 759 in
715 707 948 778 reliquis
972 707 1140 760 rebus
1180 705 1422 758 habeant
1448 704 1805 774 participium

324 797 422 850 Sin
448 802 638 852 autem
666 801 808 853 nihil
827 800 906 854 eis
926 797 1239 863 donaverit,
1261 803 1359 852 aut
1379 797 1566 850 minus
1585 802 1804 866 quarta,

174 893 235 942 et
283 895 585 960 postquam
627 893 1032 947 abrenuntians
1072 894 1429 946 conversatus
1469 890 1637 943 fuerit
1663 889 1809 943 inter

171 983 509 1051 monachos,
541 984 909 1040 nihilominus
935 991 1137 1057 quarta
1162 984 1398 1038 debetur
1433 982 1580 1051 ﬁliis,
1627 988 1688 1036 ut
1712 989 1810 1037 aut

171 1076 238 1131 in
264 1080 450 1131 totum
495 1079 573 1131 eis
599 1078 764 1132 detur
789 1084 905 1146 aut,
935 1079 978 1133 si
1015 1077 1307 1148 contingat
1331 1093 1426 1131 eos
1446 1077 1566 1146 jam
1595 1075 1809 1146 aliquid

171 1170 476 1240 accepisse,
523 1172 876 1242 suppleatur.
932 1173 988 1227 Si
1037 1175 1228 1226 autem
1281 1186 1518 1225 uxorem
1571 1169 1804 1238 habens,

172 1262 382 1318 deinde
413 1280 538 1318 eam
583 1265 932 1336 relinquens,
964 1266 1022 1319 in
1061 1263 1467 1318 monasterium
1517 1262 1803 1332 ingredia-

168 1360 286 1423 tur,
336 1363 390 1410 et
442 1358 543 1412 dos
592 1360 815 1413 mulieri
841 1363 1114 1426 servetur,
1159 1363 1213 1412 et
1244 1374 1310 1410 ex
1344 1361 1526 1410 morte
1557 1361 1803 1425 pactum,

169 1451 329 1520 quod
355 1451 412 1504 in
441 1452 549 1506 alia
581 1457 770 1507 nostra
801 1452 1136 1506 sancivimus
1165 1449 1583 1504 constitutione.
1617 1449 1807 1502 Omni-

165 1542 298 1609 bus,
329 1561 457 1615 quaa
486 1562 657 1615 super
681 1546 971 1599 monachis
1001 1546 1150 1599 dicta
1179 1549 1327 1610 sunt,
1362 1548 1418 1596 et
1460 1543 1517 1595 in
1546 1542 1802 1595 mulieri-

164 1636 280 1690 bus
329 1639 736 1693 monasterium
777 1637 1244 1708 ingredientibus,
1276 1636 1546 1689 valituris.
1582 1634 1638 1688 Si
1675 1651 1805 1688 vero

164 1725 504 1796 relinquens
547 1727 955 1782 monasterium
995 1727 1064 1781 ad
1103 1726 1411 1796 quamdam
1440 1723 1628 1777 veniat
1654 1723 1799 1777 mili-

1908 513 2034 568 talis
2069 518 2172 580 est,
2207 520 2268 568 ut
2309 531 2490 585 neque
2531 532 2727 570 omnes
2757 533 2858 586 per
2888 517 3148 573 ordinem
3190 519 3340 575 inter
3378 539 3536 576 sum-

1907 623 2030 661 mos
2055 607 2206 675 boni,
2241 624 2426 678 neque
2448 625 2642 663 rursus
2674 626 2871 664 omnes
2894 611 3045 666 inter
3073 613 3407 669 novissimos
3425 633 3541 670 ma-

1907 699 1946 753 li
1971 700 2258 754 constituti
2285 701 2414 766 sint,
2433 702 2529 755 sed
2552 703 2812 772 procedat
2834 704 3065 773 quidem
3087 707 3394 761 secundum
3417 726 3538 779 gra-

1909 792 2047 846 dum
2075 792 2338 847 antistitis
2365 793 2655 864 inspectio.
2697 796 2803 859 Qui
2845 813 2978 850 vero
3005 798 3181 867 prior,
3211 816 3346 855 mox
3389 801 3537 856 inter

1911 892 2238 940 numeratos
2265 887 2513 957 optimus
2553 890 2896 958 apparuerit,
2935 890 2983 943 is
3027 891 3199 945 abbas
3243 894 3336 960 sit,
3367 901 3422 949 et
3452 912 3538 950 or-

1910 977 2100 1032 dinem
2130 979 2298 1033 simul
2317 983 2372 1033 et
2391 980 2653 1035 virtutem
2674 981 3085 1053 suffragantem
3103 985 3340 1041 habens.
3364 990 3535 1058 Opor-

1908 1075 1992 1125 tet
2020 1071 2174 1126 enim
2206 1090 2299 1126 eos
2329 1074 2428 1143 qui
2468 1073 2792 1130 discernunt
2827 1076 2979 1145 quod
3019 1078 3221 1132 melius
3253 1086 3335 1134 est
3371 1098 3404 1134 a
3442 1099 3539 1151 pe-

1900 1165 2045 1234 jore,
2075 1165 2229 1218 aliud
2285 1166 2514 1235 quidem
2553 1167 2623 1222 ad
2677 1170 2993 1237 regendum
3032 1171 3338 1239 dimittere,
3382 1175 3534 1229 aliud

1908 1273 2042 1311 vero
2083 1257 2342 1312 inclinari
2367 1259 2591 1327 jubere,
2625 1265 2679 1313 et
2719 1262 2991 1330 paulatim
3021 1279 3123 1332 per
3149 1265 3534 1321 eruditionem

1907 1349 2014 1403 hoc
2039 1351 2211 1403 etiam
2238 1351 2308 1404 ad
2336 1351 2540 1405 melius
2571 1352 2876 1408 adducere.
2900 1357 3263 1427 Quaecunque
3297 1364 3485 1414 tamen
3504 1378 3536 1414 a

1906 1442 2067 1496 nobis
2106 1443 2162 1496 in
2191 1445 2474 1508 omnibus,
2508 1463 2636 1516 qua:
2676 1447 2853 1517 prius,
2884 1453 2938 1502 et
2967 1466 3095 1520 quas
3123 1467 3273 1504 nunc
3302 1454 3534 1522 prolata:

1907 1541 2056 1600 sunt,
2086 1537 2259 1590 sacris
2291 1538 2496 1591 nostris
2526 1540 3025 1595 constitutionibus
3061 1549 3191 1597 sunt
3217 1546 3431 1599 sancita
3463 1547 3533 1600 de

1905 1628 2140 1694 clericis,
2181 1633 2279 1682 aut
2308 1631 2622 1698 monachis,
2671 1636 2771 1685 aut
2799 1636 3177 1702 monasteriis,
3231 1638 3352 1691 haec
3384 1656 3536 1693 com-

1907 1721 2108 1775 munia
2136 1723 2401 1793 ponimus
2427 1729 2482 1778 et
2506 1725 2563 1778 in
2592 1726 2854 1778 masculis
2873 1731 2929 1780 et
2953 1727 3202 1794 feminis,
3230 1735 3287 1783 et
3310 1747 3540 1786 monaso

168 1818 334 1888 tiam,
387 1824 487 1873 aut
528 1821 596 1873 ad
641 1821 808 1874 aliam
851 1821 980 1874 vitae
1025 1820 1288 1889 ﬁguram,
1333 1818 1643 1872 substantia
1685 1808 1882 1886 cjusB
1907 1815 2079 1881 teriis,
2113 1820 2169 1869 et
2200 1817 2508 1883 asceteriis,
2555 1835 2668 1871 non
2715 1818 3102 1874 discernentes
3133 1821 3431 1892 (quantum
3468 1825 3537 1879 ad

167 1913 345 1966 etiam
393 1913 472 1966 sic
516 1913 575 1967 in
625 1914 984 1982 monasterio,
1033 1912 1345 1966 secundum
1375 1911 1529 1982 quod
1575 1928 1608 1964 a
1645 1910 1804 1964 nobis

166 2007 332 2076 prius
358 2006 574 2060 dictum
597 2013 698 2075 est,
731 2011 1080 2072 remanente,
1102 2007 1220 2076 ipse
1249 2006 1397 2059 inter
1413 2003 1677 2058 officiales
1695 2005 1803 2057 cla-

167 2099 383 2153 rissimi
407 2099 708 2170 provincia:
741 2100 949 2170 judicis
979 2103 1279 2166 statuetur,
1309 2102 1366 2151 et
1391 2097 1543 2151 hunc
1573 2097 1804 2151 habebit

167 2193 503 2247 mutationis
524 2193 793 2259 fructum,
823 2193 974 2264 quod
1002 2209 1105 2264 pro
1149 2208 1303 2245 sacro
1332 2191 1648 2245 ministerio
1679 2191 1799 2245 des-

161 2291 352 2358 pecto,
387 2287 683 2340 tribunalis
711 2286 921 2340 terreni
953 2286 1210 2340 observet
1236 2284 1545 2339 servitium.
1587 2283 1644 2338 Si
1671 2300 1801 2337 vero

163 2379 502 2450 relinquens
529 2379 953 2446 monasterium,
978 2380 1036 2433 in
1063 2396 1176 2451 quo
1197 2377 1678 2434 conversationem
1707 2379 1803 2432 ha-

163 2472 377 2540 buerit,
399 2473 471 2528 ad
497 2473 650 2528 aliud
666 2478 913 2528 transeat
927 2473 1330 2527 monasterium
1355 2491 1368 2527 :
1397 2471 1569 2526 etiam
1589 2471 1664 2525 sic
1682 2472 1802 2542 qui-

165 2567 299 2622 dem
325 2566 451 2636 ejus
493 2567 805 2621 substantia
848 2572 1092 2635 maneat,
1139 2572 1196 2621 et
1220 2566 1537 2620 vindicetur
1563 2583 1595 2618 a
1621 2565 1798 2636 priori

164 2661 537 2727 monasterio,
566 2660 663 2714 ubi
683 2661 1088 2715 abrenuntians
1114 2660 1258 2714 hanc
1291 2658 1538 2729 reliquit.
1561 2659 1797 2729 Compe-

163 2757 292 2808 tens
322 2758 518 2808 autem
553 2757 639 2807 est
681 2753 1176 2808 reverendissimos
1203 2752 1432 2806 abbates
1471 2768 1585 2806 non
1623 2751 1797 2805 susci-

164 2863 301 2917 pere
331 2863 466 2902 eum
477 2846 577 2917 qui
593 2847 701 2901 hoc
727 2847 863 2918 egit.
887 2849 1132 2902 Erronea
1147 2863 1393 2916 namque
1413 2849 1497 2900 est
1521 2844 1647 2899 talis
1663 2845 1795 2914 vita,

166 2943 223 2995 et
249 2939 580 2994 nullatenus
614 2941 942 2995 monasticae
970 2939 1282 2995 tolerantiae
1303 2939 1580 3010 proxima,
1613 2954 1798 3009 neque

165 3033 476 3088 constantis
506 3038 561 3087 et
575 3033 924 3104 persistentis
948 3033 1147 3102 animi,
1167 3033 1263 3087 sed
1275 3032 1556 3103 judicium
1586 3031 1800 3086 habens

162 3126 536 3194 circulatoris,
561 3132 616 3180 et
653 3127 806 3181 aliud
843 3127 911 3181 de
931 3127 1038 3180 alio
1066 3125 1424 3198 requirentis.
1467 3127 1540 3179 Ea
1568 3129 1801 3196 prepter

163 3220 337 3274 etiam
368 3221 475 3274 hoc
505 3220 841 3292 prohibeant
858 3221 970 3275 Deo
989 3220 1259 3275 amabiles
1279 3219 1526 3290 episcopi
1541 3222 1598 3272 et
1623 3217 1802 3272 archi-

160 3313 465 3368 mandritze
484 3313 815 3385 nuncupati,
837 3314 1210 3369 monasticam
1225 3314 1581 3368 honestatem
1604 3328 1802 3367 secun-

161 3407 305 3462 dum
324 3408 550 3478 regulas
576 3424 757 3461 sacras
784 3412 1200 3462 conservantes.
1231 3406 1287 3461 Si
1312 3406 1440 3478 quis
1463 3410 1655 3460 autem
1675 3422 1798 3459 mo-

160 3501 444 3556 nasticam
465 3500 856 3571 proﬁtentium
877 3500 1362 3555 conversationem
1393 3499 1672 3554 meruerit
1689 3499 1799 3553 cle-

160 3595 268 3648 rici
305 3594 746 3660 ordinationem,
775 3600 1002 3648 maneat
1031 3594 1206 3649 etiam
1239 3594 1318 3648 sic
1344 3609 1546 3664 puram
1575 3608 1802 3646 servans

162 3687 674 3742 conversationem.
707 3686 864 3751 Quod
898 3689 942 3740 si
977 3687 1112 3741 facti
1140 3686 1325 3740 clerici
1357 3686 1625 3740 abutatur
1652 3685 1798 3739 ﬁdu-

163 3780 269 3849 cia,
312 3784 370 3834 et
398 3780 468 3833 ad
497 3779 722 3850 nuptias
755 3780 948 3834 venire
976 3779 1208 3851 (quippe
1251 3779 1347 3833 tali
1388 3778 1566 3849 gradu
1601 3777 1802 3832 consti-

162 3876 322 3928 tutus
344 3873 495 3928 inter
515 3873 764 3941 clericos,
791 3873 888 3944 qui
915 3873 966 3928 ei
993 3889 1229 3927 uxorem
1257 3873 1462 3940 ducere
1487 3871 1798 3942 permittat,

164 3966 409 4021 dicimus
452 3969 644 4020 autem
693 3971 988 4020 cantorum
1028 3972 1126 4021 aut
1164 3967 1460 4030 lectorum,
1498 3965 1622 4019 aliis
1649 3964 1802 4020 enim

163 4059 433 4114 omnibus
478 4059 706 4130 nuptias
749 4060 1058 4114 secundum
1106 4076 1289 4114 sacras
1327 4059 1548 4131 regulas
1579 4058 1802 4129 penitus

161 4153 600 4223 interdicimus),
649 4158 747 4208 aut
776 4153 1112 4208 concubinas
1145 4153 1372 4219 habere,
1423 4157 1521 4206 aut
1564 4150 1802 4205 luxuriis

160 4246 388 4300 tradere
414 4245 587 4300 vitam
617 4252 942 4316 praesumat,
975 4245 1308 4302 excludatur
1343 4245 1506 4300 nobis
1537 4244 1802 4300 omnibus

159 4355 193 4393 a
219 4339 394 4405 clero,
424 4343 694 4410 tanquam
723 4341 970 4411 priorem
996 4339 1475 4394 conversationem
1509 4343 1565 4392 et
1610 4337 1799 4391 solita-

160 4432 307 4487 riam
331 4433 685 4487 confundans
708 4434 904 4502 vitam,
923 4437 979 4488 et
1003 4433 1253 4504 privatus
1279 4433 1351 4486 sit
1370 4433 1439 4486 de
1464 4434 1688 4486 caetero.
1718 4430 1802 4484 Ad

1822 3175 1875 3247 (Ζ

1905 1908 2058 1974 istos)
2089 1910 2402 1964 masculum
2444 1914 2542 1964 aut
2571 1911 2866 1980 feminam,
2909 1929 2978 1966 eo
3023 1915 3176 1984 quod
3196 1916 3359 1984 (sicut
3392 1934 3534 1987 pra:-

1907 2002 2169 2070 diximus)
2203 2020 2378 2056 unum
2407 2004 2602 2058 omnia
2630 2005 2688 2057 in
2717 2005 2941 2058 Christo
2977 2008 3316 2062 consistunt.

1975 2096 2100 2149 Haec
2126 2095 2305 2166 igitur
2353 2096 2547 2150 omnia
2585 2097 2925 2151 sanctissimi
2955 2101 3289 2169 patriarchae
3339 2103 3442 2156 sub
3474 2120 3532 2158 se

1903 2189 2221 2243 constitutis
2246 2190 2356 2243 Deo
2386 2190 2718 2245 amabilibus
2749 2193 3200 2262 metropolitanis
3232 2195 3530 2251 manifesta

1902 2280 2131 2336 faciant.
2160 2285 2228 2336 At
2257 2282 2337 2335 illi
2368 2283 2631 2353 subjectis
2667 2283 2769 2337 sibi
2801 2285 2914 2338 Deo
2944 2286 3279 2341 amabilibus
3304 2287 3524 2358 episco-

1902 2373 1990 2444 pis
2018 2375 2320 2445 declarent,
2353 2379 2410 2428 et
2435 2375 2516 2429 illi
2538 2378 2888 2431 monasteriis
2918 2379 3014 2432 Dei
3044 2380 3146 2433 sub
3174 2398 3272 2434 sua
3300 2381 3529 2436 ordina-

1901 2467 2055 2522 tione
2075 2469 2394 2538 constitutis
2405 2470 2632 2539 cognita
2658 2471 2888 2537 faciant,
2911 2478 3190 2542 quatenus
3209 2490 3309 2544 per
3336 2475 3530 2529 omnia

1904 2561 2128 2614 Domini
2159 2562 2377 2616 cultura
2415 2568 2647 2617 maneat
2676 2564 2928 2635 undique
2960 2565 3303 2638 incorrupta.
3343 2569 3528 2622 Immi-

1902 2654 2121 2708 nebunt
2150 2655 2303 2709 enim
2329 2657 2594 2710 maximae
2623 2674 2804 2726 poenae
2824 2657 2929 2711 ista
2948 2660 3493 2729 transgredientibus
3516 2677 3528 2715 :

1902 2747 2140 2801 dicimus
2170 2754 2361 2804 autem
2399 2749 2466 2802 de
2497 2751 2634 2804 c0310
2663 2767 2802 2820 quas
2850 2767 3076 2804 necesse
3118 2757 3200 2806 est
3246 2758 3529 2808 rectorum

1901 2844 2232 2914 dogmatum
2284 2848 2770 2918 contemptoribus
2827 2848 3146 2903 imminere.
3205 2850 3273 2903 Et
3328 2855 3532 2906 nostra:

1901 2953 2125 3008 quoque
2161 2938 2482 3010 reipublicae
2520 2941 2761 3011 judices,
2804 2943 2850 2996 si
2881 2943 3003 2996 haec
3041 2942 3120 2996 eis
3173 2943 3529 3011 nuntientur,

1902 3030 2166 3085 omnibus
2193 3032 2457 3086 studeant
2486 3033 2667 3088 modis
2697 3051 2761 3088 ea
2795 3051 2925 3105 quas
2957 3035 3127 3088 sacris
3155 3035 3368 3106 regulis
3396 3053 3529 3090 con-

1904 3124 2172 3188 tinentur,
2205 3141 2342 3196 quas
2369 3131 2558 3181 nostra
2587 3127 2845 3198 loquitur
2873 3128 2979 3196 lex,
3004 3128 3076 3181 ad
3103 3128 3373 3186 effectum
3407 3146 3529 3202 per-

1902 3217 2030 3271 duci
2057 3234 2383 3324 procurare3
2409 3236 2543 3274 nam
2570 3238 2669 3275 nec
2700 3221 2826 3276 illos
2852 3221 3058 3276 deserit
3086 3239 3256 3292 poena
3289 3223 3411 3278 haec
3438 3241 3534 3280 ne-

1904 3311 2202 3381 gligentes.
2233 3311 2585 3384 Quapropter
2609 3319 2936 3386 sequentem
2963 3315 3106 3369 hanc
3136 3320 3290 3370 tuam
3322 3319 3531 3373 sancti-

1901 3407 2072 3458 tatem
2101 3404 2259 3459 decet
2283 3405 2548 3460 omnibus
2573 3407 2676 3461 sub
2702 3424 2759 3462 se
2789 3407 2986 3478 positis
3011 3410 3382 3465 sanctissimis
3411 3428 3528 3466 me-

1900 3497 2261 3566 tropolitanis
2291 3499 2414 3552 hinc
2456 3499 2641 3554 facere
2676 3500 2989 3555 manifesta.
3023 3503 3142 3556 Dat.
3178 3520 3267 3558 xw
3300 3505 3532 3560 Kalend.

1902 3589 2078 3660 April.
2110 3591 2534 3663 Constantinop.
2569 3593 2820 3647 Bilisario
2845 3611 2899 3647 v.
2931 3611 2980 3648 c.
3013 3611 3149 3649 coss.

2521 3691 2829 3762 NOVELLA
2862 3710 2944 3761 v1.

1904 3799 2173 3867 Quomodo
2216 3804 2459 3868 oporteat
2493 3803 2761 3871 episcopos
2787 3807 2836 3856 et
2864 3807 3075 3857 caeteros
3116 3803 3331 3857 clericos
3357 3803 3431 3859 ad
3455 3821 3536 3860 or-

1999 3872 2329 3925 dinationem
2347 3872 2597 3940 perduci,
2626 3878 2677 3926 et
2703 3873 2770 3927 de
2793 3876 3043 3943 expensis
3069 3875 3432 3930 ecclesiarum.

1977 3965 2286 4034 Imperator
2299 3964 2651 4019 Justinianus
2675 3968 2962 4038 Augustus
2988 3967 3302 4038 Epiphanio
3321 3968 3534 4025 archie-

1903 4056 2132 4128 piscopo
2162 4062 2219 4111 et
2241 4057 2576 4128 patriarchae
2607 4059 3255 4132 Constantinopolitano.

1974 4151 2214 4205 Maxima
2261 4151 2492 4222 quidem
2541 4152 2689 4208 inter
2725 4154 2985 4209 homines
3036 4156 3188 4210 dona
3223 4156 3318 4210 Dei
3348 4163 3479 4212 sunt
3506 4175 3536 4212 a

1903 4261 2147 4315 superna
2167 4245 2363 4299 collata
2384 4247 2700 4315 clementia,
2725 4249 3102 4304 sacerdotium
3121 4255 3177 4303 et
3202 4249 3529 4320 imperium.

1902 4339 2154 4402 Quorum
2176 4338 2314 4394 illud
2335 4340 2567 4410 quidem
2599 4341 2801 4394 divinis
2831 4343 3176 4410 ministrans,
3211 4342 3316 4396 hoc
3343 4349 3535 4397 autem

1905 4431 2172 4486 humanis
2211 4433 2518 4502 praesidens
2544 4450 2606 4487 ac
2645 4435 2996 4504 diligentiam
3046 4434 3318 4488 exhibens
3346 4435 3532 4505 rebus,

159 4525 431 4580 militiam
465 4525 718 4598 quidem,
751 4532 849 4582 aut
889 4528 957 4581 ad
984 4527 1134 4581 aliud
1179 4526 1425 4581 ofﬁcium
1454 4525 1645 4580 venire
1689 4541 1881 4612 nonD
1904 4541 1973 4579 ex
2018 4541 2130 4579 uno
2170 4526 2482 4597 eodemque
2533 4527 2814 4596 principio
2861 4531 3099 4598 utraque
3143 4527 3526 4597 procedentia,

160 4635 542 4690 praesumens,
569 4620 678 4674 nisi
696 4637 728 4674 a
748 4621 912 4676 nobis
930 4620 1169 4676 voluerit
1194 4620 1410 4674 dudum
1426 4617 1804 4673 interminatis

161 4712 459 4784 subjacere
483 4714 686 4785 poenis.
716 4716 836 4785 Ipse
855 4719 1045 4768 autem
1065 4713 1214 4785 apud
1233 4712 1603 4783 semetipsum
1633 4727 1802 4782 repu-

161 4810 290 4860 tans
318 4811 376 4861 et
391 4822 719 4877 agnoscens,
740 4809 967 4879 qualem
987 4825 1092 4879 pro
1119 4808 1227 4862 hoc
1243 4807 1475 4862 daturus
1499 4806 1571 4859 sit
1593 4820 1806 4875 magno

162 4899 278 4955 Deo
298 4899 761 4954 satisfactionem.

235 4992 604 5048 Ordinatione
655 5009 786 5048 vero
831 4993 1100 5048 abbatum
1149 4993 1195 5047 si
1244 4993 1468 5064 quando
1506 4991 1807 5062 contigerit

161 5102 333 5159 egere
361 5087 790 5155 monasterium,
810 5086 1079 5157 jubemus
1099 5087 1362 5141 abbatem
1391 5103 1507 5140 non
1535 5102 1637 5157 per
1661 5084 1806 5139 ordi-

161 5196 300 5236 nem
321 5180 929 5235 reverendissimorum
959 5179 1081 5234 ﬁeri
1111 5180 1541 5248 monachorum,
1564 5195 1670 5233 nec
1689 5195 1807 5232 om-

161 5275 305 5328 nino
321 5290 453 5328 eum
474 5273 573 5344 qui
591 5291 718 5328 mox
735 5280 861 5344 post
875 5274 1127 5344 primum
1145 5279 1246 5342 est,
1269 5289 1375 5328 nec
1391 5273 1488 5343 qui
1503 5277 1629 5343 post
1645 5272 1804 5326 illum

160 5368 449 5422 secundus
489 5372 592 5436 est,
625 5383 811 5439 neque
829 5368 1084 5436 tertium,
1107 5373 1206 5422 aut
1232 5367 1499 5437 reliquos,
1527 5366 1632 5419 hoc
1656 5365 1806 5436 quod

165 5461 340 5515 etiam
359 5461 463 5515 alia
480 5461 570 5515 lex
587 5466 779 5516 nostra
794 5461 950 5528 dicit,
977 5461 1072 5515 sed
1088 5463 1200 5516 Deo
1226 5460 1528 5515 amabilem
1557 5461 1807 5513 locorum

164 5554 498 5625 episcOpum
526 5572 856 5626 percurrere
876 5555 1110 5627 quidem
1139 5557 1548 5625 consequenter
1571 5569 1673 5623 per
1691 5569 1809 5606 om-

163 5663 268 5702 nes
295 5648 431 5718 (non
453 5647 608 5702 enim
627 5649 1094 5704 exhonorandum
1115 5653 1197 5702 est
1215 5647 1448 5701 omnino
1475 5651 1720 5718 tempus,
1752 5649 1809 5700 et

167 5756 240 5796 ex
267 5757 334 5796 eo
370 5741 528 5811 ordo)
571 5745 627 5796 et
677 5758 809 5796 eum
852 5742 951 5812 qui
979 5741 1309 5812 apparuerit
1352 5741 1510 5812 prius
1561 5739 1809 5811 optimus

164 5835 321 5893 inter
351 5836 660 5891 monachos
687 5834 933 5907 optimos
957 5834 1318 5904 constitutus,
1340 5840 1397 5890 et
1423 5835 1632 5905 dignus
1660 5847 1805 5904 prae-

1903 4618 2215 4672 humanam
2241 4623 2523 4672 exornant
2538 4619 2727 4673 vitam.
2758 4619 2996 4690 Ideoque
3024 4620 3164 4674 nihil
3185 4619 3262 4674 sic
3285 4621 3396 4674 erit
3422 4625 3533 4674 stu-

1905 4709 2128 4764 diosum
2171 4709 2627 4779 imperatoribus,
2677 4711 2822 4765 sicut
2869 4712 3224 4767 sacerdotum
3268 4713 3534 4768 honestas

1905 4820 2034 4857 cum
2065 4801 2260 4874 utique
2290 4807 2346 4857 et
2374 4819 2476 4873 pro
2507 4803 2614 4857 illis
2645 4803 2750 4874 ipsi
2777 4821 3002 4876 semper
3031 4807 3146 4860 Deo
3195 4807 3532 4878 supplicent.

1906 4898 2046 4952 Nam
2074 4896 2118 4950 si
2156 4897 2213 4950 id
2257 4895 2488 4967 quidem
2538 4897 2878 4967 inculpabile
2908 4899 2997 4968 sit,
3043 4901 3294 4972 undique
3319 4906 3375 4956 et
3400 4918 3537 4972 erga

1907 4991 2081 5044 Deum
2103 4989 2305 5045 ﬁducia
2325 4989 2578 5060 plenum,
2600 4989 2905 5060 imperium
2930 4998 3124 5048 autem
3146 5000 3296 5049 recte
3313 4999 3370 5049 et
3388 5012 3538 5049 com-

1907 5089 2165 5155 petenter
2213 5087 2450 5137 exornet
2495 5082 2761 5137 traditam
2808 5085 2913 5139 sibi
2959 5088 3389 5158 rempublicam,
3429 5087 3538 5141 erit

1906 5176 2052 5232 bella
2077 5175 2337 5247 quaedam
2368 5176 2760 5245 consonantia,
2787 5194 2954 5233 omne
2970 5180 3246 5251 quidquid
3268 5179 3402 5236 utile
3429 5186 3535 5245 est,

1907 5271 2158 5324 humano
2191 5269 2489 5323 conferens
2516 5268 2731 5339 generi.

1981 5364 2113 5418 Inde
2143 5363 2282 5417 adeo
2303 5361 2612 5416 maximam
2634 5361 2911 5416 habemus
2929 5363 3366 5420 sollicitudinem
3394 5368 3539 5423 circa

1909 5471 2040 5509 vera
2065 5454 2162 5507 Dei
2195 5452 2484 5522 dogmata,
2514 5456 2570 5506 et
2600 5451 2746 5505 circa
2773 5453 3126 5507 sacerdotum
3157 5454 3534 5525 honestatem,

1907 5564 2080 5619 quam
2108 5547 2215 5601 illis
2243 5545 2630 5600 obtinentibus
2656 5545 2956 5612 credimus,
2977 5547 3110 5617 quia
3139 5564 3241 5618 per
3266 5565 3392 5604 eam
3413 5567 3538 5605 ma-

1908 5641 2064 5696 xima
2096 5640 2258 5694 nobis
2289 5639 2440 5694 dona
2489 5639 2773 5694 dabuntur
2799 5656 2832 5693 a
2859 5640 2992 5708 Deo,
3033 5645 3090 5694 et
3117 5657 3186 5696 ea
3220 5659 3348 5714 qua:
3387 5650 3540 5710 sunt,

1908 5736 2077 5790 ﬁrma
2093 5733 2449 5799 habebimus,
2465 5737 2657 5804 etquae
2671 5733 2928 5788 nondum
2951 5733 3224 5789 hactenus
3241 5745 3538 5808 venerunt,

1907 5827 2286 5901 acquiremus.
2317 5828 2464 5885 Bene
2491 5832 2681 5883 autem
2707 5828 2969 5883 universa
2997 5835 3270 5900 geruntur
3297 5835 3352 5886 et
3383 5849 3540 5889 com-
