4034 6228
516 289 612 346 931

1647 290 1899 347 διίΕΟυΜ
1937 291 2128 347 SEXTI
2165 286 2717 348 SUPPLEMENTUM.

3782 297 3881 352 932

516 403 795 470 petenter,
814 397 860 453 si
880 397 962 453 rei
980 397 1329 469 principium
1347 396 1444 452 ﬁat
1457 397 1660 453 decens
1680 403 1738 453 et
1750 399 1991 455 amabile
2010 400 2140 455 Deo.
2166 411 2226 484 Α
2244 399 2461 471 imponi
2484 418 2501 468 ;
2534 399 2582 454 si
2610 416 2741 456 vero
2759 400 2857 456 ille
2877 402 3187 472 susceperit
3212 404 3269 456 et
3291 401 3499 457 dixerit
3516 404 3673 474 quia,
3696 420 3879 475 quan-

519 494 634 547 Hoc
654 496 846 547 autem
868 491 1127 547 futurum
1144 506 1263 545 esse
1284 490 1589 559 credimus,
1608 490 1655 544 si
1679 508 1966 547 sacrarum
1980 508 2145 564 regu-

517 590 706 645 larum
748 590 1060 645 observatio
1105 588 1469 655 custodiatur,
1497 604 1671 660 quam
1707 589 1849 659 justi
1878 591 2145 646 laudandi

514 688 572 739 et
598 684 868 739 adorandi
915 684 1256 753 inspectores
1282 684 1339 735 et
1364 681 1609 736 ministri
1635 682 1737 737 Dei
1765 683 2140 752 tradiderunt,

514 778 753 849 apostoli
778 781 833 832 et
851 775 1028 830 sancti
1046 777 1236 829 Patres
1249 774 1644 830 custodierunt
1667 781 1723 830 et
1742 777 2137 847 explanarunt.

519 872 812 928 Sancimus
838 869 1013 940 igitur
1038 884 1223 923 sacras
1241 884 1344 939 per
1359 867 1552 923 omnia
1570 874 1868 940 sequentes
1891 871 2139 942 regulas,

514 982 645 1020 cum
670 962 950 1035 quispiam
977 962 1133 1016 omni
1157 967 1287 1032 post
1310 966 1547 1017 venturo
1566 967 1820 1033 tempore
1840 964 1911 1019 ad
1932 965 2142 1036 episco-

512 1063 679 1129 patus
695 1056 1106 1111 ordinationem
1119 1055 1438 1124 adducitur,
1452 1056 1793 1111 considerari
1807 1058 1964 1128 prius
1980 1075 2141 1129 opor—

512 1155 631 1206 tere
651 1151 773 1221 ejus
801 1149 975 1205 vitam
996 1149 1308 1204 secundum
1334 1154 1592 1204 sanctum
1621 1150 1959 1221 apostolum,
1981 1151 2027 1206 si
2043 1152 2141 1206 ho-

509 1247 689 1311 nesta,
721 1248 778 1297 et
822 1241 1196 1313 inculpabilis,
1242 1248 1298 1296 et
1341 1242 1588 1313 undique
1632 1243 2140 1314 irreprehensibilis

506 1337 596 1405 sit,
615 1341 715 1391 eta
728 1336 888 1390 bonis
908 1335 1296 1390 testimonium
1312 1334 1521 1390 habeat
1536 1336 1887 1391 sacerdotem
1904 1336 2108 1392 decens
2118 1379 2131 1392 .

509 1431 576 1484 Et
602 1445 787 1500 neque
814 1445 884 1483 ex
932 1427 1159 1482 ofﬁciali
1188 1433 1286 1483 aut
1313 1444 1383 1483 ex
1425 1427 1627 1482 curiali
1653 1429 1840 1483 veniat
1883 1430 2133 1495 fortuna,

508 1522 617 1576 nisi
643 1523 831 1576 forsan
860 1538 929 1576 ex
953 1521 1172 1576 novella
1202 1525 1366 1576 atate
1386 1522 1718 1592 (secundum
1749 1523 1899 1594 quod
1912 1524 2036 1593 jam
2056 1524 2138 1577 di-

509 1615 785 1686 spositum
811 1615 999 1686 est)_in
1038 1614 1379 1669 monasterio
1417 1615 1773 1686 constitutus,
1806 1617 2037 1671 fortuna
2063 1617 2134 1671 li-

508 1708 758 1774 beretur,
797 1712 1056 1780 quartam
1093 1712 1284 1763 tamen
1322 1708 1481 1779 prius
1520 1708 1849 1764 substantia
1897 1710 2137 1765 reddens

2244 497 2368 547 tum
2387 492 2606 547 homini
2624 499 2708 548 est
2725 493 3014 565 possibile,
3039 495 3346 566 complebit
3362 495 3484 550 hac
3498 513 3627 568 qua
3648 496 3741 551 his
3755 514 3880 552 con-

2243 585 2518 654 tinentur,
2545 591 2681 641 tunc
2709 602 2942 643 monere
2972 604 3127 658 eum,
3153 593 3211 643 et
3233 588 3419 645 dicere
3444 590 3583 661 quia
3607 590 3719 645 nisi
3757 591 3878 646 hac

2242 678 2636 747 observaverit,
2670 684 2726 735 et
2751 697 2786 734 a
2814 681 2940 760 Deo.
2955 681 3174 735 alienus
3193 682 3321 751 erit,
3342 688 3399 737 et
3421 683 3587 739 cadet
3608 684 3736 754 jam
3754 685 3878 741 dato

2242 772 2475 841 honore,
2507 775 2562 828 et
2587 789 2770 844 neque
2797 773 2983 829 civiles
3015 775 3168 845 leges
3193 775 3469 830 dilectum
3497 776 3754 832 inultum
3801 796 3879 835 re-

2240 864 2523 935 linquent,
2574 881 2641 920 eo
2668 865 2819 937 quod
2848 883 2882 920 a
2911 868 3363 938 pracedentibus
3394 886 3499 923 nos
3525 870 3878 941 imperatori-

2239 957 2365 1027 bus,
2393 962 2450 1012 et
2467 974 2501 1012 a
2525 958 2687 1014 nobis
2712 958 2848 1031 ipsis
2873 965 3023 1015 recte
3041 960 3253 1016 dictum
3280 965 3365 1016 est
3394 967 3661 1034 Oportere
3693 981 3878 1018 sacras

2240 1051 2465 1122 regulas
2490 1068 2595 1123 pro
2617 1052 2839 1123 legibus
2864 1054 3069 1107 valere.
3102 1054 3215 1108 Etsi
3240 1055 3414 1109 etiam
3445 1056 3524 1110 sic
3546 1072 3879 1126 permanse-

2239 1144 2316 1198 rit
2330 1161 2559 1199 causam
2577 1146 2945 1217 amplectens,
2972 1151 3107 1201 tunc
3134 1163 3305 1217 super
3320 1147 3408 1203 his
3423 1149 3877 1219 professionibus

2238 1253 2705 1310 unumquemque
2729 1255 2946 1294 sacram
2961 1238 3243 1311 suscipere
3268 1240 3624 1312 episcopatus
3649 1243 3880 1298 ordina-

2238 1330 2473 1385 tionem.
2516 1332 2583 1387 Et
2613 1331 2758 1385 hanc
2783 1348 2901 1387 non
2933 1332 3187 1404 pecuniis
3218 1332 3523 1403 redimere,
3557 1351 3751 1407 neque
3778 1353 3881 1407 per

2236 1439 2431 1478 rerum
2454 1424 2693 1479 aliarum
2720 1424 3007 1480 dationem
3026 1424 3325 1497 suscipere,
3342 1427 3438 1482 sed
3459 1444 3675 1499 puram
3697 1432 3879 1501 perci-

2237 1532 2391 1587 pere,
2421 1521 2479 1571 et
2494 1517 2613 1572 sine
2639 1518 2897 1573 mercede
2913 1524 3184 1591 tanquam
3209 1536 3242 1573 a
3270 1521 3382 1575 Deo
3408 1520 3621 1576 datam.
3647 1523 3877 1577 Tamet-

2236 1610 2283 1664 si
2313 1610 2465 1665 enim
2489 1610 2596 1665 alia
2622 1611 2813 1666 omnia
2848 1612 3056 1667 habeat
3074 1612 3259 1681 utilia,
3288 1630 3417 1685 qua
3454 1615 3616 1684 prius
3646 1633 3683 1670 a
3709 1617 3874 1671 nobis

2237 1703 2386 1758 dicta
2409 1709 2560 1774 sunt,
2580 1704 2836 1776 pecuniis
2871 1710 3062 1761 autem
3091 1707 3179 1762 vel
3208 1707 3378 1762 rebus
3408 1708 3581 1763 etiam
3611 1708 3875 1765 videatur

509 1802 699 1856 curia.
731 1775 922 1872 Neque
970 1801 1144 1855 etiam
1184 1818 1253 1855 ex
1296 1775 1472 1856 idiota
1514 1805 1571 1856 et
1600 1802 1687 1855 his
1728 1803 1826 1873 qui
1866 1808 2137 1858 vocantur
2156 1775 2213 1847 B
2238 1775 2627 1869 episcopatum
2645 1798 2869 1867 emisse,
2891 1798 3027 1854 sciat
3040 1816 3099 1855 se
3115 1804 3169 1855 et
3190 1800 3261 1855 ab
3280 1800 3402 1872 ipso
3414 1801 3873 1874 episcopatum-

507 1895 634 1949 laici
661 1894 922 1964 existens,
949 1900 1005 1949 et
1029 1895 1108 1949 ita
1131 1911 1262 1948 mox
1291 1895 1363 1949 ad
1392 1895 1781 1966 episcopatum
1806 1897 2133 1965 ascendens,

509 1988 668 2059 quasi
718 1987 1113 2059 imaginariam
1160 1986 1424 2058 suscipiat
1469 1988 1903 2055 ordinationem,
1931 1995 1996 2044 ut
2035 1990 2136 2062 qui

507 2082 678 2136 modo
705 2081 934 2153 quidem
956 2080 1126 2135 idiota
1146 2080 1239 2149 sit,
1270 2096 1403 2134 mox
1426 2084 1619 2135 autem
1647 2083 1902 2151 clericus,
1933 2084 2135 2138 deinde

504 2191 679 2246 parvo
697 2175 1007 2229 admodum
1035 2180 1289 2245 tempore
1318 2174 1604 2244 praterito
1634 2176 1927 2247 episcopus
1954 2193 2131 2249 appa-

504 2272 647 2324 reat.
680 2270 747 2323 Et
774 2266 960 2340 neq’ue
984 2267 1149 2321 uxori
1168 2267 1331 2321 alteri
1355 2268 1667 2338 copulatus,
1695 2269 1791 2323 sed
1819 2273 1917 2323 aut
1941 2270 2001 2324 in
2026 2270 2135 2324 vir-

507 2362 745 2433 ginitate
774 2363 986 2432 degens
1012 2377 1045 2414 a
1074 2360 1375 2432 principio,
1419 2366 1517 2415 aut
1547 2378 1781 2416 uxorem
1812 2363 2024 2417 habens
2063 2381 2132 2420 ex

505 2454 830 2525 virginitate
873 2454 944 2507 ad
971 2470 1101 2508 eum
1126 2454 1472 2521 venientem,
1513 2459 1569 2508 et
1608 2471 1719 2523 non
1750 2454 1999 2524 viduam,
2028 2473 2131 2513 ne-

504 2564 617 2620 que
647 2548 960 2618 sejunctam
986 2563 1019 2600 a
1044 2546 1187 2614 viro,
1217 2562 1402 2617 neque
1429 2547 1823 2617 concubinam,
1844 2565 2029 2621 neque
2061 2551 2128 2605 ﬁ-

504 2640 609 2696 lios
635 2645 733 2694 aut
758 2643 993 2711 nepotes
1022 2640 1255 2709 habens,
1290 2656 1475 2711 neque
1504 2640 1757 2711 cognitos
1784 2642 1915 2713 legi,
1946 2659 2131 2715 neque

504 2734 588 2789 illi
615 2732 864 2788 odibiles.
897 2733 1158 2804 Alioquin
1184 2733 1280 2804 qui
1310 2737 1517 2804 prater
1541 2733 1649 2788 hoc
1676 2734 1889 2806 aliquid
1914 2737 2052 2807 agit,
2076 2741 2133 2792 et

502 2828 624 2899 ipse
647 2827 807 2882 cadet
820 2827 1150 2889 sacerdotio,
1166 2831 1223 2881 et
1242 2826 1339 2897 qui
1365 2842 1500 2881 eum
1527 2826 1768 2897 ordinat,
1798 2833 1960 2883 extra
1985 2831 2129 2902 epis-

502 2925 770 2992 copatum
811 2920 998 2992 deget,
1032 2920 1181 2974 hanc
1224 2919 1411 2991 legem
1449 2920 1761 2987 offendens.
1795 2922 1900 2976 Sed
1946 2939 2129 2995 neque

500 3014 759 3087 pecuniis
777 3013 908 3068 ullis
929 3030 1118 3069 emere
1136 3013 1511 3069 sacerdotium
1536 3015 1589 3068 ei
1612 3014 2015 3086 permittimus.
2035 3018 2131 3072 So-

2236 1907 2453 1958 surum,
2477 1895 2535 1945 et
2560 1892 2666 1946 hoc
2698 1909 2909 1947 munus
2943 1893 3356 1948 retributurum
3387 1895 3699 1965 ordinanti,
3732 1900 3796 1951 ut
3818 1903 3875 1951 et

2235 1983 2329 2039 ille
2357 1984 2746 2057 episcopatum
2771 1987 3012 2057 amittat,
3040 1990 3095 2041 et
3122 1986 3321 2041 aclero
3347 1988 3527 2057 cadat,
3553 1994 3613 2044 et
3640 1991 3874 2061 utrique

2233 2094 2400 2133 causa
2416 2078 2592 2133 talem
2614 2082 2847 2151 prastat
2870 2079 3325 2151 retributionem,
3343 2086 3408 2137 ut
3428 2087 3485 2136 et
3504 2082 3602 2137 hic
3629 2083 3872 2154 quidem

2233 2188 2347 2226 non
2374 2172 2720 2243 adipiscatur
2744 2189 2871 2244 qua
2907 2174 3189 2244 sperabat,
3207 2174 3302 2230 ille
3323 2178 3518 2230 autem
3537 2177 3723 2231 etiam
3741 2193 3873 2248 quae

2232 2264 2477 2320 habebat
2499 2265 2741 2322 amittat.
2759 2266 3139 2322 Nihilominus
3158 2268 3328 2323 etiam
3343 2268 3600 2339 pecuniis
3614 2286 3680 2325 ac
3700 2271 3873 2325 rebus

2233 2358 2380 2412 datis
2407 2359 2696 2415 occasione
2720 2360 3090 2415 ordinationis
3117 2361 3481 2417 sanctissima
3502 2364 3869 2434 assignandis

2233 2452 2499 2521 ecclesia,
2527 2452 2645 2507 sive
2670 2453 2970 2526 episc0pus
2995 2454 3070 2509 sit
3083 2455 3386 2526 accipiens,
3416 2461 3472 2511 et
3497 2463 3811 2528 propterea
3838 2475 3871 2512 a

2231 2546 2536 2601 sacerdotio
2579 2546 2757 2617 cadat,
2798 2547 2912 2602 sive
2955 2537 3126 2603 etiam
3156 2548 3403 2627 quilibet
3441 2549 3589 2604 alius
3618 2551 3682 2605 in
3720 2551 3871 2606 clero

2231 2639 2708 2694 constitutorum:
2737 2656 2873 2695 nam
2899 2645 2956 2696 et
2981 2641 3064 2695 illi
3080 2643 3358 2713 aqualem
3384 2643 3743 2715 imponimus
3755 2662 3872 2717 pa:-

2230 2748 2383 2800 nam,
2410 2738 2475 2787 ut
2501 2733 2698 2789 ordine
2726 2749 2896 2805 quem
2921 2734 3072 2790 inter
3116 2736 3434 2791 sacerdotes
3472 2737 3747 2793 habuerit
3773 2755 3868 2793 ca-

2230 2826 2346 2893 dat,
2377 2830 2435 2880 et
2463 2826 2662 2882 reddat
2702 2843 2929 2897 aurum,
2958 2832 3059 2883 aut
3082 2845 3173 2884 res
3201 2845 3331 2900 qua
3356 2830 3738 2886 ordinationis
3768 2850 3866 2888 oc-

2229 2919 2448 2973 casione
2475 2919 2622 2974 data
2648 2926 2800 2989 sunt,
2828 2920 3103 2991 iniuriam
3128 2938 3308 2993 passa
3345 2924 3648 2995 (quantum
3673 2925 3747 2979 ad
3772 2926 3868 2998 ip-

2229 3010 2376 3082 sum)
2402 3011 2673 3068 ecclesia.
2701 3012 2757 3068 Si
2781 3013 2908 3084 quis
2923 3019 3115 3070 autem
3134 3019 3536 3071 extraneorum
3556 3017 3652 3087 sit,
3673 3022 3871 3073 etnon

502 3109 625 3164 lum
654 3125 789 3163 vero
816 3123 951 3163 eum
983 3107 1260 3178 respicere
1290 3107 1512 3162 Domini
1546 3108 1645 3162 Dei
1666 3109 1943 3163 culturam
1967 3111 2126 3165 volu-
2149 3139 2206 3215 Ο
2230 3104 2290 3158 in
2315 3104 2464 3159 clero
2482 3105 2836 3174 constitutHS,
2859 3107 2958 3178 qui
2977 3124 3182 3163 aurum
3196 3114 3298 3164 aut
3317 3125 3441 3164 rem
3464 3110 3721 3180 aliquam
3736 3128 3875 3182 pro-

498 3218 650 3272 mus,
666 3206 723 3257 et
734 3218 852 3256 non
866 3200 1127 3272 plurimis
1138 3200 1402 3254 humanis
1414 3201 1848 3272 cogitationibus
1864 3204 2123 3260 distrahi.

500 3294 608 3351 Sed
634 3311 818 3366 neque
860 3293 1173 3348 ineruditus
1201 3294 1446 3348 existens
1473 3290 1762 3351 sacrorum
1791 3296 2125 3368 dogmatum

498 3388 570 3442 ad
590 3387 975 3459 episcopatum
996 3386 1240 3454 accedat,
1253 3387 1361 3441 nisi
1375 3388 1533 3458 prius
1547 3393 1646 3443 aut
1658 3390 2030 3446 monasticam
2050 3394 2127 3448 vi-

497 3485 618 3537 tam
634 3480 849 3553 profess
856 3496 938 3547 us,
954 3484 1052 3534 aut
1063 3479 1122 3534 in
1133 3480 1280 3535 clero
1293 3481 1632 3536 constitutus
1642 3498 1756 3537 non
1768 3483 1959 3539 minus
1971 3501 2127 3543 men-

497 3573 651 3630 sibus
678 3591 794 3643 sex,
826 3572 988 3628 uxori
1014 3577 1204 3628 tamen
1231 3590 1346 3629 non
1373 3574 1682 3646 coharens,
1711 3582 1811 3632 aut
1835 3578 1999 3649 filios,
2027 3585 2126 3635 aut

495 3672 730 3741 nepotes
755 3664 985 3722 habens.
1010 3667 1125 3721 Hoc
1140 3667 1296 3722 enim
1316 3668 1645 3724 omnimodo
1671 3670 1730 3724 in
1747 3671 1862 3726 Deo
1872 3673 2126 3728 amabili-

494 3762 602 3818 bus
618 3761 894 3833 episcopis
912 3760 1272 3832 requirimus,
1287 3761 1432 3816 sicut
1449 3760 1622 3817 etiam
1636 3764 1792 3834 prius
1804 3765 1972 3820 sacris
1989 3766 2125 3822 dua-

495 3856 603 3910 bus
642 3855 850 3909 nostris
893 3853 1387 3909 constitutionibus
1432 3855 1541 3909 hoc
1582 3858 1861 3912 sancitum
1887 3865 1989 3929 est,
2021 3877 2125 3930 per

494 3964 636 4021 quas
650 3947 870 4003 dudum
887 3947 1145 4001 coharen
1153 3950 1234 4002 tes
1255 3947 1529 4003 uxoribus
1541 3965 1655 4004 non
1673 3957 2119 4021 perscrutamur,

494 4058 664 4097 omne
679 4040 1032 4112 prateritum
1050 4040 1458 4113 relinquentes,
1475 4043 1544 4097 de
1560 4048 1767 4099 catero
1786 4049 1978 4101 autem
1988 4048 2119 4101 nul-

493 4134 535 4190 li
557 4134 950 4207 permittentes
978 4150 1012 4188 a
1037 4135 1320 4205 positione
1347 4136 1488 4207 legis
1521 4152 1764 4192 uxorem
1792 4138 2021 4194 habenti
2044 4144 2122 4194 ta-

492 4230 608 4285 lem
637 4228 857 4299 imponi
887 4227 1322 4283 ordinationem.
1344 4229 1525 4292 Quum
1549 4229 1739 4301 legem
1766 4232 1943 4287 etiam
1967 4249 2120 4288 nunc

492 4337 852 4389 renovamus,
881 4337 953 4375 ne
969 4321 1115 4376 forte
1139 4321 1184 4375 si
1205 4327 1414 4392 prater
1432 4322 1539 4376 hoc
1565 4322 1779 4394 aliquid
1803 4325 1901 4379 ﬁat
1926 4329 1982 4380 et
2004 4325 2122 4397 ipse

491 4417 656 4472 cadat
672 4415 1003 4483 sacerdotio,
1020 4419 1078 4470 et
1093 4415 1449 4469 ordinantem
1463 4415 1729 4471 similiter
1741 4418 1964 4474 excludi
1983 4436 2118 4491 pro-

2230 3203 2357 3269 pter
2379 3198 2755 3269 patrocinium
2778 3200 3147 3256 ordinationis
3174 3203 3410 3274 accepit,
3435 3208 3492 3257 et
3526 3205 3785 3259 maxime
3826 3206 3872 3259 si

2226 3291 2772 3348 administrationem
2822 3294 3076 3367 aliquam
3116 3299 3295 3366 gerat,
3337 3296 3570 3351 habebit
3592 3297 3719 3369 ipse
3747 3315 3872 3354 non

2225 3390 2448 3441 tantum
2473 3402 2506 3441 a
2529 3387 2644 3441 Deo
2682 3403 2929 3457 panam,
2959 3393 3015 3444 et
3056 3390 3357 3444 succedent
3378 3390 3431 3445 ei
3456 3390 3526 3445 de
3552 3391 3698 3446 calo
3733 3409 3875 3464 sup-

2224 3478 2409 3550 plicia,
2439 3495 2637 3535 verum
2678 3481 2850 3537 etiam
2877 3481 3017 3536 illud
3044 3482 3197 3554 quod
3234 3483 3431 3538 datum
3471 3488 3573 3554 est,
3602 3485 3871 3542 ablatum

2224 3572 2294 3627 ab
2320 3588 2406 3640 eo,
2434 3573 2801 3628 sanctissima
2826 3574 3071 3630 ecclesia
3091 3575 3353 3631 omnibus
3372 3577 3648 3633 reddatur
3674 3580 3871 3635 modis

2226 3664 2285 3720 in
2310 3666 2568 3737 duplum.
2583 3669 2821 3739 Insuper
2831 3668 3021 3738 etiam,
3046 3669 3092 3723 si
3108 3685 3281 3740 quam
3301 3669 3871 3729 administrationem

2223 3758 2414 3826 habet,
2447 3775 2516 3815 ea
2557 3760 2738 3827 cadat,
2772 3764 2829 3815 et
2867 3765 3139 3833 perpetuo
3181 3762 3378 3818 exsilio
3419 3765 3866 3823 condemnetur.

2222 3852 2365 3907 Illud
2389 3869 2615 3925 quoque
2640 3853 2777 3908 sciat
2804 3861 2998 3926 aperte
3023 3856 3121 3927 qui
3148 3856 3401 3927 pecuniis
3418 3863 3521 3913 aut
3541 3859 3714 3914 rebus
3733 3862 3868 3916 aliis

2223 3946 2425 4004 emerit
2452 3947 2843 4017 praesulatum,
2867 3948 2997 4019 quia
3016 3948 3063 4003 si
3087 3949 3245 4019 prius
3272 3949 3545 4005 diaconus
3569 3957 3672 4007 aut
3693 3970 3867 4025 pres-

2221 4038 2385 4110 byter
2408 4039 2500 4108 sit,
2522 4040 2725 4096 deinde
2758 4057 2864 4112 per
2880 4041 3217 4112 suffragium
3238 4042 3310 4098 ad
3343 4044 3723 4100 sacerdotium
3765 4064 3865 4103 ve-

2222 4132 2363 4203 niat,
2392 4150 2507 4188 non
2522 4134 2710 4189 solum
2729 4135 2891 4189 cadet
2908 4135 3257 4207 episcopatu,
3282 4138 3377 4193 sed
3398 4154 3502 4193 nec
3523 4139 3687 4210 prior
3699 4141 3759 4195 ei
3782 4158 3869 4197 re.

2220 4226 2516 4298 linquetur
2548 4228 2687 4283 ordo
2724 4228 3059 4300 presbyterii
3087 4229 3340 4298 forsitan,
3370 4236 3472 4286 aut
3499 4232 3861 4290 diaconatus.

2220 4321 2456 4376 Amittet
2474 4320 2685 4376 etenim
2698 4322 2870 4377 etiam
2889 4322 3050 4392 illud,
3068 4328 3123 4378 et
3138 4324 3295 4378 omni
3314 4326 3653 4382 sacerdotali
3671 4329 3865 4385 exclu-

2220 4414 2387 4469 detur
2416 4414 2635 4485 ordine,
2659 4418 2857 4487 utpote
2892 4416 3152 4472 decentia
3170 4416 3403 4489 indigne
3421 4421 3857 4492 concupiscens.

490 4513 669 4566 curet.
691 4509 869 4582 Igitur
885 4508 1232 4563 ordinandus
1248 4508 1561 4580 episcopus,
1584 4515 1683 4565 aut
1709 4527 1778 4565 ex
1803 4511 2116 4581 monachis,
2138 4508 2198 4581 D
2220 4507 2455 4579 Oportet
2470 4513 2663 4564 autem
2688 4510 2748 4564 in
2762 4510 2885 4581 ipso
2904 4511 3277 4567 ordinationis
3300 4516 3561 4586 tempore
3590 4530 3728 4571 eum
3755 4518 3857 4588 qui

489 4609 591 4660 aut
611 4621 682 4659 ex
708 4602 923 4658 clericis
941 4602 1033 4657 sit.
1051 4602 1234 4657 Etiam
1250 4601 1311 4656 in
1330 4602 1427 4674 huj
1438 4603 1659 4658 usmodi
1674 4604 1785 4660 vita
1804 4607 2115 4662 testimonii

486 4696 644 4766 boni,
674 4698 789 4753 vita
814 4697 1018 4766 bonus,
1049 4700 1106 4751 et
1123 4696 1417 4764 honestus,
1445 4701 1502 4751 et
1529 4697 1706 4769 gloria
1724 4698 1919 4754 fruens
1944 4699 2112 4770 bona,

488 4796 546 4848 et
573 4793 679 4847 hoc
720 4791 1156 4846 fundamentum
1181 4789 1547 4862 pontiﬁcatus
1573 4791 1864 4863 deponens
1907 4794 2115 4848 anima

489 4904 629 4944 sua.
644 4886 748 4942 Sed
760 4886 930 4942 etiam
946 4885 1027 4939 sic
1039 4900 1173 4939 eum
1186 4884 1553 4938 constitutum
1570 4888 1627 4939 et
1644 4885 1715 4941 ad
1727 4885 2114 4958 episcopatum

484 4985 867 5055 praparatum
911 4982 1234 5049 competens
1269 4981 1354 5032 est
1388 4977 1733 5033 venerabiles
1773 4982 1831 5034 et
1858 4980 2113 5052 undique

485 5074 750 5149 probatas
760 5073 948 5144 legere
969 5071 1195 5142 regulas
1209 5074 1339 5125 ante
1353 5070 1789 5139 ordinationem,
1808 5089 1948 5144 quas
1961 5077 2115 5129 recta

486 5175 543 5225 et
589 5167 858 5224 inviolata
902 5168 1095 5220 nostra
1132 5163 1376 5234 suscepit
1418 5163 1577 5234 ﬁdes,
1607 5168 1665 5220 et
1706 5166 1977 5222 catholica
2012 5168 2112 5222 Dei

484 5261 900 5334 apostolicaque
950 5256 1225 5328 disposuit
1249 5262 1306 5311 et
1331 5257 1568 5312 tradidit
1606 5259 1857 5314 ecclesia.
1888 5260 1956 5315 Et
1981 5278 2112 5316 cum

482 5353 769 5428 frequenti
795 5369 888 5408 eas
911 5350 1150 5406 lectione
1176 5350 1540 5421 percurrerit,
1564 5352 1664 5422 qui
1701 5353 1772 5407 ad
1798 5354 2107 5409 ordinatio-

482 5466 619 5507 nem
636 5447 954 5515 deducitur,
973 5447 1108 5499 tunc
1127 5443 1175 5497 is
1190 5442 1289 5515 qui
1304 5442 1720 5499 ordinationem
1740 5445 2111 5515 impositurus

483 5548 569 5600 est
586 5544 903 5612 interroget
913 5555 1067 5605 eum,
1095 5537 1140 5591 si
1173 5536 1456 5592 sufﬁciens
1476 5536 1550 5591 sit
1572 5538 1853 5593 custodire
1869 5544 1925 5592 et
1943 5555 2110 5609 agere

484 5653 614 5711 qua
656 5650 829 5689 sacra
852 5632 1068 5704 regula
1117 5631 1463 5699 sancierunt,
1490 5634 1544 5684 et
1588 5630 1866 5701 siquidem
1897 5630 1991 5683 ille
2019 5632 2111 5686 de-

485 5728 780 5787 claraverit
804 5732 861 5781 et
897 5724 1103 5781 dixerit
1141 5726 1424 5796 pracepta
1468 5739 1754 5778 sacrarum
1781 5722 2107 5793 regularum

483 5839 599 5880 non
630 5837 689 5880 se
717 5819 905 5876 valere
948 5833 1188 5895 servare,
1217 5817 1375 5873 nullo
1406 5816 1578 5872 modo
1603 5816 1655 5872 ei
1696 5815 2108 5873 ordinationem

2216 4601 2365 4657 hanc
2382 4601 2642 4673 imponit,
2664 4603 2776 4658 illic
2790 4619 2984 4659 coram
2999 4606 3156 4660 omni
3169 4605 3321 4661 ﬁdeli
3338 4607 3556 4679 populo
3569 4610 3859 4665 sanctissi-

2217 4713 2329 4751 ma
2343 4695 2592 4751 ecclesia
2607 4696 2727 4751 hac
2743 4697 2935 4751 omnia
2951 4698 3279 4769 pradicere,
3302 4705 3367 4755 ut
3378 4717 3698 4772 agnoscens
3717 4718 3855 4760 eum

2214 4790 2407 4845 omnia
2422 4806 2550 4861 qua
2570 4790 2728 4862 prius
2749 4790 2783 4845 a
2799 4790 2960 4846 nobis
2980 4791 3128 4846 dicta
3144 4798 3275 4848 sunt
3294 4794 3525 4862 habere,
3545 4796 3621 4850 ad
3634 4814 3859 4854 sacram

2214 4900 2347 4940 eum
2371 4883 2609 4938 deducat
2638 4884 3077 4955 ordinationem,
3105 4891 3167 4940 ut
3186 4886 3359 4941 etiam
3386 4886 3479 4942 ille
3506 4905 3707 4945 coram
3727 4908 3857 4947 om-

2213 4976 2383 5032 nibus
2408 4977 2531 5032 hac
2555 4976 2809 5044 audiens,
2840 4994 2954 5032 non
2985 4978 3171 5033 solum
3202 4979 3408 5035 habeat
3428 4981 3527 5035 Dei
3557 4982 3856 5051 timaram,

2213 5071 2311 5126 sed
2338 5070 2510 5125 etiam
2540 5087 2727 5126 coram
2754 5071 3018 5126 omnibus
3047 5072 3535 5129 denuntiationem
3562 5080 3624 5131 et
3642 5079 3859 5149 profeso

2213 5164 2431 5219 sionem
2477 5165 2791 5219 erubescat.
2839 5165 2895 5221 Si
2921 5164 3047 5236 quis
3081 5170 3271 5222 autem
3308 5167 3434 5223 talis
3461 5168 3707 5240 quidem
3734 5189 3855 5228 esse

2211 5261 2463 5329 putetur,
2502 5263 2559 5313 et
2602 5258 2673 5313 ad
2710 5257 3068 5330 episcopatus
3112 5260 3526 5317 ordinationem
3574 5267 3851 5331 transeat,

2210 5351 2557 5406 contradicat
2596 5355 2786 5407 autem
2822 5351 3048 5423 aliquis,
3091 5358 3261 5425 atque
3287 5353 3435 5410 dicat
3470 5357 3772 5413 conscium
3795 5376 3853 5413 se

2210 5461 2331 5500 esse
2360 5445 2597 5516 alicujus
2620 5445 3006 5517 quodvillicite
3042 5446 3353 5515 admiserit,
3387 5465 3505 5503 non
3534 5449 3700 5520 prius
3726 5468 3848 5506 me-

2209 5543 2399 5593 reatur
2423 5538 2779 5610 episcopatus
2825 5539 3265 5611 ordinationem,
3297 5556 3472 5612 quam
3499 5544 3848 5600 examinatio

2209 5632 2695 5703 querimoniarum
2723 5632 2839 5703 ﬁat,
2873 5638 2928 5688 et
2960 5638 3230 5705 appareat
3272 5634 3531 5707 undique
3554 5638 3843 5694 innoxius.

2207 5725 2366 5790 Quod
2399 5726 2446 5780 si
2476 5726 2648 5782 etiam
2672 5732 2799 5798 post
2823 5726 3150 5798 hujusmodi
3191 5729 3709 5787 contradictionem
3735 5749 3846 5788 non

2205 5834 2402 5891 passus
2429 5820 2477 5875 is
2500 5819 2599 5893 qui
2622 5820 3037 5878 ordinationem
3062 5822 3193 5878 facit
3220 5821 3539 5895 legitimam
3566 5826 3849 5887 examina-
