4034 6228
169 286 279 340 933

1044 280 1410 339 IUSTINIANI
1447 281 1777 338 NOVELLE
1814 280 2150 338 SELECTE.
2192 278 2500 337 NOVELLA
2537 276 2623 335 Vl.

3447 276 3550 336 934

170 391 389 447 tionem
421 388 640 462 imponi
667 406 871 457 causa,
901 394 1092 446 currat
1116 392 1187 446 ad
1213 390 1658 461 ordinationem;
1676 390 1811 446 sciat
1830 403 1890 476 Α
1910 389 2044 461 rios,
2076 392 2176 446 aut
2200 404 2517 445 aconomos
2542 402 2771 443 movere
2795 384 2977 456 liceat,
3000 387 3057 441 et
3081 383 3446 457 petitionibus
3474 386 3547 441 ad

166 484 320 555 quod
337 484 410 539 ab
431 501 498 540 eo
524 484 589 539 fit
614 500 718 555 pro
748 483 928 539 nihilo
949 501 1086 539 esse.
1116 484 1223 541 Sed
1251 487 1309 540 et
1332 485 1379 539 is
1398 485 1495 556 qui
1518 488 1713 540 contra
1734 484 1811 539 1e-

169 594 299 648 gem
316 578 474 647 facit,
499 578 659 633 cadet
678 577 1009 645 sacerdotio,
1034 583 1091 633 et
1109 578 1205 650 qui
1227 578 1345 634 sine
1363 578 1690 649 probatione
1708 578 1810 633 im-

167 671 330 741 ponit
356 671 795 737 ordinationem,
827 676 883 727 et
908 671 1027 742 ipse
1071 672 1305 743 quidem
1347 671 1610 727 similiter
1652 672 1811 726 cadet

168 764 298 819 sede
315 765 669 833 sacerdotali,
685 781 814 819 reus
827 768 1018 819 autem
1029 764 1137 818 erit
1152 764 1262 819 Deo
1277 765 1377 835 qui
1395 765 1650 819 omnium
1670 781 1807 835 pra-

165 858 333 930 cipue
343 858 555 930 quarit
570 872 803 913 suorum
818 857 1175 912 sacerdotum
1192 857 1585 929 puritatem.Si
1599 862 1807 913 tamem

162 951 214 1004 is
235 951 336 1022 qui
361 950 705 1006 ordinationi
729 949 1086 1019 contradicit,
1106 956 1203 1003 aut
1229 950 1649 1005 examinatione
1668 950 1811 1004 facta

162 1044 443 1117 probetur
481 1044 873 1111 calumniator,
906 1048 1007 1098 aut
1031 1043 1090 1097 in
1122 1043 1244 1113 ipso
1289 1042 1593 1114 principio,
1625 1059 1809 1115 neque

160 1138 227 1193 in
275 1137 697 1194 examinatione
727 1137 1026 1208 persistere
1055 1136 1318 1204 conﬁdat,
1350 1140 1612 1208 segreget
1636 1136 1806 1191 istum

163 1232 226 1288 in
250 1236 598 1304 perpetuum
621 1248 656 1286 a
681 1247 837 1285 sacra
865 1230 1262 1286 communione
1300 1230 1348 1284 is
1373 1230 1472 1302 qui
1497 1229 1805 1286 ordinatio-

160 1340 299 1380 nem
310 1324 497 1380 facere
512 1324 721 1393 vult,ut
742 1340 857 1378 non
882 1324 1002 1395 ipsa
1023 1323 1230 1378 falsitas
1246 1322 1525 1395 impunita
1544 1323 1634 1377 sit.
1653 1323 1805 1379 Sicut

162 1418 323 1474 enim
344 1418 554 1473 bonam
584 1417 820 1488 gloriam
847 1416 906 1471 in
938 1434 1025 1483 eo,
1048 1417 1146 1488 qui
1166 1416 1510 1471 ordinandus
1540 1421 1624 1470 est
1649 1432 1804 1487 qua-

162 1510 370 1578 rimus,
386 1511 467 1566 ita
484 1510 653 1566 etiam
679 1509 1027 1564 calumniam
1061 1509 1118 1564 in
1138 1526 1206 1564 eo
1234 1510 1334 1581 qui
1352 1509 1560 1564 frustra
1578 1525 1804 1563 accusa—

162 1604 265 1673 vit,
292 1604 581 1675 punimus.
610 1603 665 1659 Si
696 1620 829 1659 vero
855 1619 1024 1659 nemo
1054 1602 1399 1659 accusaverit
1431 1601 1683 1671 omnino,
1710 1607 1808 1657 aut

162 1699 225 1753 in
265 1702 384 1753 toto
420 1696 762 1752 denuntians
805 1697 1291 1752 examinationem
1328 1712 1446 1751 non
1483 1695 1669 1760 faciat,
1708 1699 1807 1750 aut

1908 484 2214 555 imperium
2252 482 2478 538 directis
2513 482 2819 553 impetrare
2855 479 3190 536 desiderata.
3241 481 3543 552 Propterea

1909 578 2210 647 sancimus,
2251 577 2296 631 si
2334 576 2564 648 quando
2617 579 2853 647 propter
2909 572 3342 629 ecclesiasticam
3389 589 3544 629 occa-

1909 671 2127 726 sionem
2155 670 2417 726 inciderit
2442 668 2761 737 necessitas,
2790 668 2936 723 hanc
2963 671 3062 722 aut
3085 683 3188 738 per
3211 683 3310 724 eos
3337 666 3435 739 qui
3460 684 3549 722 res

1907 768 2089 836 agunt
2143 780 2429 820 sacrarum
2489 761 2850 817 ecclesiarum
2874 803 2888 829 ,
2955 776 3098 831 quos
3154 760 3545 831 apocrisiarios

1906 862 2127 927 vocant,
2156 860 2257 912 aut
2284 873 2388 928 per
2411 856 2630 927 aliquos
2666 854 2901 911 clericos
2938 853 3049 908 huc
3087 853 3416 923 destinatos,
3449 859 3547 909 aut

1908 968 2228 1007 aconomos
2267 967 2398 1004 suos
2436 953 2632 1005 notam
2668 948 2908 1020 imperio
2945 948 3126 1002 facere
3153 988 3166 1015 ,
3208 950 3307 1001 aut
3344 947 3548 1002 nostris

1866 1082 1873 1085 -
1907 1043 2480 1109 administratoribus,
2499 1047 2564 1098 ut
2588 1042 2897 1113 impetrent
2920 1041 3070 1112 quod
3099 1045 3423 1111 competens
3441 1045 3544 1108 est,

1907 1154 2094 1210 neque
2115 1138 2222 1193 hoc
2248 1138 2361 1192 Deo
2381 1134 2715 1191 amabilibus
2744 1134 3018 1205 episcopis
3041 1134 3246 1188 erroris
3273 1137 3329 1188 et
3351 1133 3546 1188 absen-

1907 1232 2024 1300 tia,
2065 1234 2121 1286 et
2171 1229 2538 1286 sanctissimis
2594 1228 2843 1284 ecclesiis
2897 1227 3141 1282 Iasionis
3197 1226 3546 1282 occasionem

1906 1323 2049 1392 ﬁeri,
2072 1325 2261 1379 tamin
2286 1323 2578 1395 provincia
2603 1321 2984 1377 ecclesiasticis
3013 1321 3180 1376 rebus
3209 1336 3312 1391 per
3338 1319 3535 1375 absen-

1907 1418 2043 1473 tiam
2068 1434 2269 1473 eorum
2294 1416 2588 1487 neglectis,
2610 1431 2786 1487 quam
2811 1414 2982 1469 etiam
3004 1413 3097 1468 hic
3121 1413 3380 1486 expensis
3400 1414 3545 1470 mul-

1910 1511 1979 1565 tis
2016 1513 2087 1565 ab
2134 1511 2272 1581 ipsis
2319 1510 2481 1565 factis
2508 1551 2523 1576 ,
2584 1514 2854 1579 praeterea
2908 1523 3147 1578 peregre
3199 1507 3545 1563 habitatione

1905 1621 2026 1659 non
2052 1603 2227 1659 habili
2251 1603 2571 1668 constituta,
2594 1606 2649 1656 et
2666 1600 2920 1672 undique
2946 1616 3113 1655 causa
3135 1600 3354 1655 nullum
3376 1601 3542 1671 juva-

1913 1712 2068 1766 men,
2108 1695 2291 1767 magis
2327 1698 2521 1750 autem
2556 1694 2846 1749 lasionem
2894 1692 3258 1747 sanctissimis
3306 1694 3548 1748 ecclesiis

157 1790 309 1846 facta
345 1790 767 1846 examinatione
804 1790 1198 1845 demonstrare
1231 1790 1397 1859 (sicut
1424 1788 1808 1861 pradiximus)
1832 1772 1888 1844 B
1912 1790 2207 1845 inferente.
2240 1790 2362 1843 Non
2386 1792 2576 1843 autem
2604 1787 2769 1842 aliter
2793 1785 3043 1858 aliquem
3073 1787 3183 1841 Deo
3208 1786 3543 1841 amabilium

160 1896 281 1936 non
311 1880 551 1935 valuerit
574 1878 989 1935 accusationem
1018 1895 1231 1947 veram,
1259 1883 1395 1933 tunc
1425 1883 1646 1949 Oportet
1670 1894 1801 1933 eum

159 1974 264 2045 qui
290 1990 394 2045 per
422 1976 506 2028 tot
528 1973 647 2028 vias
672 1972 1028 2044 inculpabilis
1063 1971 1413 2044 apparuerit,
1440 1972 1704 2026 accedere
1733 1972 1801 2027 ad

158 2067 418 2122 futuram
457 2066 898 2122 ordinationem.
937 2066 1042 2130 Qui
1080 2065 1235 2120 enim
1274 2065 1351 2119 ita
1388 2064 1700 2131 ordinatur,
1733 2081 1801 2119 ex

162 2159 273 2216 hoc
297 2160 480 2215 multa
507 2164 565 2215 et
588 2160 824 2215 meliora
851 2159 1139 2230 cognoscit
1164 2162 1465 2229 pracepta,
1494 2174 1677 2229 neque
1704 2158 1803 2229 qui

161 2253 357 2309 taliter
370 2254 582 2323 animo,
603 2253 792 2323 verbo,
815 2252 1068 2324 corporis
1089 2251 1490 2307 exercitatione
1511 2256 1566 2306 et
1586 2251 1802 2322 sapieno

163 2347 242 2401 tia
280 2346 538 2401 eruditus
575 2350 689 2413 est,
728 2347 980 2401 incurret
1015 2346 1074 2399 in
1112 2345 1286 2400 vitam
1320 2344 1802 2400 animadversione

162 2440 424 2512 dignam.
453 2441 521 2495 Et
538 2439 681 2494 illud
704 2439 875 2495 etiam
897 2438 1220 2508 definimus,
1239 2440 1306 2493 ut
1324 2454 1496 2493 nemo
1518 2439 1634 2493 Deo
1654 2455 1802 2492 ama-

160 2532 368 2588 bilium
396 2532 791 2604 episcoporum
826 2530 961 2586 foris
999 2547 1032 2584 a
1082 2548 1183 2585 sua
1218 2530 1466 2600 ecclesia,
1500 2530 1800 2602 plusquam

159 2640 265 2697 per
292 2629 480 2680 totum
507 2641 743 2693 annum,
772 2624 966 2679 abesse
991 2624 1212 2690 audeat,
1232 2622 1338 2678 nisi
1363 2623 1470 2678 hoc
1489 2640 1594 2694 per
1617 2623 1799 2695 impe-

159 2718 365 2773 rialem
382 2717 481 2772 fiat
496 2717 841 2789 jussionem;
873 2721 1010 2772 tunc
1036 2717 1191 2772 enim
1207 2717 1396 2771 solum
1422 2716 1530 2771 erit
1549 2716 1797 2788 inculpa-

159 2810 296 2866 bile.
341 2812 410 2865 Et
448 2813 509 2864 ut
558 2810 919 2865 sacratissimi
971 2809 1304 2881 patriarcha
1357 2809 1801 2881 uniuscujusque

159 2904 468 2960 dioeceseos
521 2904 859 2975 compellant
894 2905 1009 2959 Deo
1044 2902 1313 2958 amabiles
1350 2902 1638 2974 episcopos
1690 2902 1805 2958 suis

158 2998 449 3054 inhaerere
480 2997 843 3053 sanctissimis
873 2996 1138 3065 ecclesiis,
1167 3001 1223 3051 et
1248 3012 1364 3051 non
1389 2996 1562 3067 longo
1602 2996 1804 3053 itinere

158 3092 435 3164 separari,
462 3106 645 3163 neque
676 3090 735 3144 in
767 3090 1084 3162 peregrinis
1114 3088 1397 3145 demorari
1428 3089 1589 3159 velle,
1621 3106 1802 3163 neque

157 3184 543 3240 sanctissimas
571 3184 831 3239 ecclesias
872 3183 1184 3255 negligere,
1226 3198 1411 3254 neque
1453 3199 1666 3239 annum
1707 3201 1799 3239 ex-

157 3279 383 3347 cedere,
406 3294 579 3350 quem
622 3282 679 3334 et
715 3277 904 3350 ipsum
930 3281 1166 3349 propter
1191 3276 1641 3333 misericordiam
1666 3294 1800 3333 con-

157 3372 474 3428 stituimus.
514 3371 571 3427 Si
612 3387 744 3427 vero
782 3371 929 3426 ultra
964 3387 1179 3426 annum
1217 3372 1506 3442 erraverit,
1548 3377 1603 3426 et
1639 3371 1800 3427 dere-

155 3464 411 3537 liquerit,
435 3481 623 3537 neque
657 3465 727 3520 ad
771 3464 1067 3535 proprium
1093 3465 1485 3537 episcopatum
1515 3481 1798 3520 remeave-

157 3558 256 3629 rit,
291 3574 481 3630 neque
509 3558 816 3630 imperialis
842 3558 1034 3629 aliqua
1058 3574 1188 3613 eum
1223 3557 1388 3630 (sicut
1416 3558 1801 3631 pradiximus)

158 3651 417 3707 detineat
457 3651 657 3723 jussio,
697 3657 832 3707 tunc
878 3650 1160 3723 siquidem
1206 3652 1279 3707 sit
1314 3652 1799 3724 metropolitanus,

158 3749 364 3800 contra
418 3744 844 3800 ecclesiasticam
900 3744 1322 3815 dispositionem
1369 3745 1662 3800 absentem
1710 3761 1799 3799 re-

162 3838 352 3909 gionis
377 3838 527 3893 illius
547 3838 866 3909 patriarcha
884 3841 1107 3893 revocet
1124 3838 1357 3909 quidem
1381 3854 1514 3893 eum
1534 3837 1802 3909 legitimis

158 3931 722 4003 proclamationibus,
754 3947 985 3987 servans
1018 3931 1229 4003 ubique
1258 3947 1545 3987 sacrarum
1573 3931 1800 4003 regula-

158 4041 292 4081 rum
326 4025 798 4082 observationem.
832 4025 886 4082 Si
911 4041 1044 4081 vero
1080 4030 1307 4081 maneat
1342 4042 1445 4097 per
1482 4026 1676 4080 omnia
1711 4026 1799 4079 in-

160 4118 452 4186 obediens,
485 4119 799 4190 expellatur
823 4137 856 4174 a
885 4135 1043 4175 sacro
1086 4120 1478 4191 episcoporum
1520 4120 1713 4189 choro,
1748 4122 1803 4173 et

156 4213 341 4268 alium
397 4212 721 4268 introducat
773 4213 1098 4284 hujusmodi
1134 4219 1192 4269 et
1230 4213 1571 4283 reverentia,
1612 4218 1668 4268 et
1704 4229 1798 4267 ve-

156 4306 457 4372 recundia,
487 4313 544 4362 et
570 4306 863 4362 honestate
893 4308 1153 4377 dignum.
1182 4307 1235 4362 Si
1274 4323 1406 4362 vero
1443 4324 1560 4362 non
1598 4311 1803 4362 metro-

155 4401 445 4471 politanus
466 4442 480 4467 ,
509 4400 606 4455 sed
633 4400 875 4456 aliorum
901 4400 1294 4472 episcoporum
1320 4401 1524 4473 aliquis
1547 4401 1653 4467 sit,
1704 4401 1803 4473 qui

1824 3138 1879 3213 C

1904 1884 2302 1955 episcoporum
2327 1896 2695 1953 prasumere,
2719 1880 2966 1950 dirigere
2995 1895 3053 1933 se
3073 1879 3143 1934 ad
3169 1878 3315 1934 hanc
3343 1879 3543 1934 felicis-

1903 1977 2105 2031 simam
2130 1975 2435 2043 civitatem,
2465 1974 2796 2046 priusquam
2820 1972 3099 2043 siquidem
3126 1973 3421 2043 episcopus
3451 1973 3541 2039 sit,

1902 2070 2117 2126 litteras
2135 2069 2412 2140 acceperit
2430 2067 2647 2139 proprii
2667 2065 3088 2137 metropolitani
3114 2066 3185 2120 ad
3211 2065 3539 2136 imperium,

1902 2180 2029 2236 qua
2041 2163 2351 2218 secumdum
2372 2160 2589 2217 divinas
2609 2159 2834 2231 regulas
2851 2157 3325 2214 commendatitia
3340 2175 3544 2214 vocan-

1902 2262 2017 2327 tur,
2045 2255 2435 2311 testimonium
2478 2252 2841 2325 perhibentes
2874 2251 3219 2307 necessitatis
3246 2251 3293 2322 ej
3304 2268 3367 2306 us
3394 2268 3542 2323 pra-

1901 2349 2116 2405 sentia.
2140 2349 2195 2405 Si
2213 2365 2345 2403 vero
2370 2346 2843 2417 metrOpolitanus
2862 2345 2955 2413 sit,
2980 2344 3079 2416 qui
3100 2344 3375 2415 proﬁcisci
3400 2345 3539 2414 vult,

1902 2443 2119 2499 litteras
2155 2446 2343 2498 sumat
2379 2440 2634 2511 ejusdem
2693 2438 2995 2494 diceceseos
3048 2437 3381 2509 patriarcha
3421 2440 3543 2511 ejus

1903 2536 2267 2608 praesentiam
2305 2534 2676 2590 necessariam
2714 2548 2831 2587 esse
2868 2531 3139 2601 dicentes,
3180 2537 3236 2587 et
3272 2532 3349 2587 sic
3387 2550 3546 2605 opor-

1901 2635 2022 2686 tere
2048 2630 2449 2701 imperatorem
2468 2627 2672 2699 jubere
2698 2626 2852 2681 hunc
2876 2625 3229 2696 prasentari,
3246 2630 3303 2680 et
3332 2643 3445 2682 non
3471 2632 3548 2683 te-

1902 2740 2058 2779 mere
2069 2740 2132 2778 ac
2145 2724 2265 2778 sine
2277 2720 2618 2777 conscientia
2629 2718 3190 2789 metropolitanorum
3201 2724 3299 2773 aut
3312 2720 3549 2791 patriar-

1904 2818 2145 2872 charum
2184 2815 2632 2888 proﬁciscantur,
2674 2816 2972 2884 propterea
3010 2812 3157 2882 quod
3200 2812 3306 2866 hoc
3344 2813 3547 2870 divinis

1903 2910 2270 2965 interdictum
2295 2912 2378 2965 est
2414 2907 2644 2979 regulis.
2688 2905 2844 2960 Unde
2881 2905 2993 2959 huc
3029 2904 3390 2960 advenientes
3431 2923 3544 2963 non

1903 3008 2257 3077 praesumant
2294 3019 2398 3074 per
2435 2999 2769 3071 semetipsos
2798 3014 2857 3054 se
2884 2998 3042 3069 prius
3078 3000 3445 3069 pronuntiare
3474 3002 3545 3056 ad

1904 3096 2231 3170 imperium,
2248 3096 2345 3150 sed
2365 3094 2630 3167 primitus
2648 3095 2749 3147 aut
2763 3092 2832 3147 ad
2855 3092 2968 3146 Deo
2988 3090 3292 3146 amabilem
3313 3093 3545 3164 patriar-

1904 3191 2068 3246 cham
2107 3189 2564 3262 proficiscantur,
2603 3190 2701 3241 aut
2736 3186 2807 3240 ad
2842 3184 3290 3256 uniuscujusque
3342 3186 3541 3243 diace-

1903 3301 2046 3353 seos,
2086 3301 2156 3340 ex
2192 3301 2304 3356 qua
2341 3286 2493 3350 sunt,
2532 3279 2942 3353 apocrisiarios,
2982 3284 3038 3334 et
3075 3295 3206 3334 cum
3244 3279 3378 3351 ipsis
3415 3298 3544 3336 con-

1902 3378 2087 3433 ferant
2109 3394 2323 3446 causas,
2350 3377 2583 3447 propter
2606 3390 2749 3447 quas
2773 3376 3069 3442 venerunt,
3095 3377 3152 3427 et
3189 3390 3320 3429 cum
3348 3374 3429 3430 eis
3456 3375 3543 3430 in-

1904 3472 2237 3544 grediantur
2264 3470 2334 3525 ad
2362 3468 2689 3541 imperium,
2721 3471 2779 3522 et
2802 3466 3066 3537 deinceps
3103 3466 3385 3538 imperiali
3411 3484 3542 3539 per-

1902 3566 2164 3620 fruantur
2199 3567 2449 3635 aspectu.
2509 3563 2634 3616 Mox
2694 3576 2867 3631 quam
2904 3558 3205 3630 imperanti
3242 3560 3542 3628 astiterint,

1902 3658 2067 3713 liceat
2103 3656 2334 3729 quidem
2370 3655 2693 3726 petentibus
2729 3652 3002 3724 episcopis
3036 3657 3135 3705 aut
3169 3669 3271 3723 per
3307 3669 3405 3708 eos
3444 3654 3547 3725 qui

1902 3755 2173 3806 vocantur
2197 3747 2561 3805 referendarii
2594 3745 2962 3802 sanctissima
3000 3744 3230 3815 majoris
3267 3746 3538 3817 ecclesia,

1900 3848 2001 3899 aut
2035 3859 2138 3916 per
2174 3842 2468 3914 religiosos
2504 3838 2889 3912 apocrisiarios
2925 3838 3200 3909 cujusque
3239 3838 3539 3895 diceceseos

1902 3936 2381 3993 sanctissimorum
2399 3932 2851 4007 patriarcharum
2871 3946 3177 4002 suggerere
3203 3948 3261 3987 se
3278 3931 3538 4003 imperio,

1903 4034 1961 4086 et
1988 4029 2306 4104 promereri
2334 4043 2678 4101 responsum
2705 4025 2982 4091 celeriter,
3014 4024 3096 4079 ita
3125 4028 3189 4079 ut
3208 4025 3257 4080 si
3281 4030 3380 4081 aut
3394 4025 3547 4097 justa

1900 4125 1971 4179 ab
1998 4124 2241 4195 imperio
2267 4121 2553 4194 petierint,
2582 4122 2704 4176 hac
2723 4119 3022 4191 accipiant,
3054 4123 3153 4172 aut
3180 4118 3223 4173 si
3257 4136 3371 4174 non
3390 4120 3542 4191 justa

1900 4221 2186 4290 quarunt,
2224 4216 2489 4273 velociter
2524 4218 2881 4270 revertantur
2923 4212 3076 4267 unde
3114 4213 3352 4284 profecti
3389 4220 3540 4271 sunt.

1902 4314 2029 4368 Hac
2052 4317 2243 4368 autem
2280 4312 2350 4367 de
2401 4312 2510 4365 Deo
2547 4308 2883 4363 amabilibus
2921 4306 3193 4378 episcopis
3231 4308 3542 4363 secundum

1903 4406 2120 4461 divinas
2161 4406 2564 4461 constituentes
2612 4402 2853 4474 regulas,
2896 4405 2953 4455 et
2989 4399 3281 4469 religiosos
3317 4400 3552 4456 clericos

158 4492 459 4562 erraverit,
501 4494 624 4549 hac
660 4493 853 4548 omnia
889 4510 923 4547 a
961 4494 1398 4565 metropolitano
1435 4494 1591 4550 ﬁant.
1635 4496 1808 4550 Nemo
1829 4508 1889 4581 D
1910 4516 2043 4555 cum
2072 4500 2252 4555 multa
2272 4498 2396 4552 fieri
2422 4495 2784 4568 inquisitione
2810 4493 3125 4548 secundum
3148 4491 3364 4546 divinas
3385 4509 3550 4565 regu-

159 4588 321 4643 enim
352 4603 552 4643 eorum
580 4587 753 4644 talem
780 4587 1048 4660 suscipiat
1087 4592 1446 4658 pratextum,
1478 4588 1524 4642 si
1560 4588 1811 4644 dixerint

159 4686 466 4753 propterea
501 4697 560 4737 se
597 4681 856 4753 proprias
894 4680 1284 4753 derelinquere
1322 4681 1614 4750 ecclesias,
1653 4681 1809 4753 quod

159 4774 356 4829 litium
383 4791 595 4842 causas,
614 4779 714 4830 aut
739 4774 983 4829 aliarum
1003 4790 1196 4829 rerum
1216 4774 1595 4845 propriarum,
1624 4779 1724 4829 aut
1740 4774 1809 4828 ad

161 4884 358 4924 sacras
388 4868 648 4924 ecclesias
672 4867 1096 4940 respicientium
1125 4867 1605 4937 circumlustrant,
1634 4870 1692 4923 et
1720 4866 1811 4923 hic

161 4961 457 5018 constituti
504 4962 741 5032 harent,
782 4966 880 5017 aut
936 4961 995 5016 in
1040 4962 1163 5016 aliis
1198 4962 1464 5017 aberrant
1500 4960 1658 5015 locis.
1702 4961 1812 5015 Hoc

163 5054 322 5110 enim
338 5071 455 5110 non
467 5055 640 5111 habet
653 5054 950 5112 decentem
969 5056 1249 5111 rationem
1259 5060 1343 5124 ,ut
1357 5070 1488 5109 cum
1500 5053 1816 5109 multitudi-

165 5164 241 5205 ne
261 5148 537 5204 famulicii
552 5149 706 5220 quod
726 5165 952 5206 necesse
974 5154 1058 5205 est
1072 5150 1398 5221 episcopum
1417 5148 1627 5203 habere
1648 5146 1816 5219 proﬁ-

162 5242 470 5310 ciscantur,
503 5247 558 5298 et
587 5260 824 5315 peregre
848 5248 1110 5315 sumptus
1132 5242 1358 5312 faciant,
1380 5259 1512 5297 cum
1532 5259 1720 5313 neque
1739 5243 1817 5297 ul-

163 5336 294 5391 lum
335 5334 700 5391 sanctissimis
740 5336 987 5391 ecclesiis
1023 5337 1250 5392 lucrum
1285 5336 1418 5392 inde
1458 5341 1515 5391 et
1544 5337 1816 5406 juvamen

163 5429 417 5494 accedat,
454 5445 637 5501 neque
689 5430 1020 5499 (secundum
1056 5430 1209 5501 quod
1248 5429 1407 5484 decet
1443 5429 1807 5497 sacerdotem)

164 5522 469 5595 proprium
483 5523 693 5579 habere
708 5523 923 5595 possint
935 5522 1278 5590 habitum,et
1291 5526 1356 5576 ut
1370 5522 1633 5577 maxima
1656 5538 1814 5593 qua-

167 5616 303 5672 dam
360 5617 474 5671 sint
526 5617 654 5673 lites
691 5617 838 5673 forte
877 5616 1244 5672 sanctissimis
1280 5615 1548 5685 ecclesiis,
1588 5618 1821 5688 propter

168 5727 314 5783 quas
350 5711 492 5766 tales
529 5715 841 5783 pratextus
886 5710 1151 5780 afferunt,
1183 5709 1390 5765 rectius
1427 5725 1521 5765 eas
1555 5725 1659 5780 per
1694 5709 1820 5764 illos

169 5804 276 5885 qui
311 5804 418 5861 sub
448 5804 569 5879 ipso
595 5808 729 5859 sunt
771 5804 1060 5876 religiosos
1085 5804 1337 5875 clericos,
1377 5807 1476 5860 aut
1511 5803 1815 5875 apocrisia-

1908 4595 2011 4661 las,
2043 4598 2100 4647 et
2126 4592 2262 4647 boni
2287 4589 2595 4646 testimonii
2615 4588 2764 4643 viros
2793 4585 3040 4642 ordinari
3064 4584 3368 4656 sancimus,
3397 4587 3547 4643 litte‘

1911 4703 2001 4741 ras
2030 4685 2263 4741 omnino
2293 4684 2552 4749 scientes,
2585 4686 2642 4737 et
2673 4679 2925 4736 eruditos
2948 4678 3283 4734 constitutos
3322 4678 3553 4741 (litteras

1912 4779 2061 4834 enim
2094 4779 2382 4850 igorantes
2407 4776 2642 4832 omnino
2667 4774 2954 4839 nolumus,
2980 4789 3166 4844 neque
3190 4789 3371 4829 unum
3398 4775 3550 4833 ordi-

1915 4890 2048 4929 nem
2085 4872 2368 4943 suscipere
2407 4868 2758 4938 clericorum,
2799 4866 3057 4923 videlicet
3092 4867 3551 4940 presbyterorum

1915 4971 1973 5022 et
1993 4966 2382 5033 diaconorum,
2401 4968 2518 5018 tam
2538 4978 2724 5017 sacras
2748 4961 3029 5017 orationes
3050 4961 3356 5018 dicentium
3382 4980 3554 5035 quam

1915 5061 2281 5117 ecclesiarum
2300 5061 2359 5114 et
2376 5072 2659 5112 canonum
2679 5056 2998 5127 legentium
3021 5055 3232 5127 libros),
3255 5062 3312 5111 et
3335 5057 3556 5112 ordinas

1916 5154 2128 5208 tionem
2158 5153 2279 5207 sine
2300 5150 2557 5222 querela,
2589 5153 2646 5204 et
2670 5149 3092 5221 inculpabilem,
3123 5155 3179 5205 et
3220 5149 3341 5203 sine
3365 5149 3555 5221 aliqua

1916 5245 2377 5313 contradictione,
2418 5249 2474 5300 et
2512 5243 2633 5298 sine
2673 5242 2900 5298 datione
2936 5243 3309 5314 pecuniarum
3338 5248 3435 5298 aut
3460 5259 3551 5299 re‘

1916 5356 2048 5395 rum
2066 5339 2450 5411 suscipientes.
2469 5339 2658 5408 Neque
2681 5340 2871 5391 autem
2892 5352 2989 5391 eos
3015 5336 3273 5391 volumus
3299 5337 3551 5409 omnino,

1920 5431 2018 5503 qui
2055 5432 2321 5487 officiales
2358 5436 2457 5488 aut
2493 5429 2730 5486 curiales
2768 5428 3053 5490 constituti
3090 5435 3242 5499 sunt,
3276 5432 3557 5503 suscipere

1919 5525 2358 5595 ordinationem,
2386 5526 2498 5580 nisi
2534 5523 2847 5580 secundum
2884 5523 3057 5594 leges,
3085 5540 3228 5596 quas
3267 5541 3439 5597 super
3469 5526 3556 5582 his

1921 5619 2179 5691 superius
2208 5619 2503 5691 posuimus
2533 5618 2776 5690 pridem,
2809 5632 2948 5689 quas
2973 5621 3029 5672 et
3056 5618 3147 5673 hic
3174 5634 3325 5674 nunc
3350 5619 3555 5677 contir-

1919 5729 2161 5770 mamus.
2195 5714 2262 5769 Et
2292 5711 2538 5787 episcopi
2563 5712 2888 5768 auctoritrte
2916 5711 3200 5769 ordinatos
3225 5728 3381 5768 sacra
3410 5730 3559 5786 pra-

1921 5811 2083 5880 cepta
2117 5806 2178 5863 in
2215 5809 2520 5883 conspectu
2558 5807 2732 5864 totius
2777 5805 2971 5879 populi
3010 5807 3293 5881 suscipere
3330 5811 3564 5881 propter
