4034 6228
521 290 621 343 935

1659 295 1911 350 secum
1950 297 2138 352 SEXTI
2179 284 2731 355 SUPPLEMENTUM.

3814 300 3912 354 936

521 396 746 493 easdem
783 412 1006 493 causas,
1046 404 1278 493 propter
1316 415 1456 470 quas
1494 401 1608 470 hoc.
1637 401 1822 472 ipsum
1859 404 1955 474 agi
1991 405 2159 459 etiam
2181 421 2241 493 Î‘
2334 408 2401 461 Et
2437 407 2481 461 si
2521 406 2742 462 dicatur
2770 407 2880 462 tale
2905 407 3119 478 aliquid
3144 407 3215 462 de
3241 405 3431 477 aliqua
3457 421 3661 462 eorum
3687 422 3822 478 qua
3854 407 3912 461 in

521 506 692 562 supra
727 490 787 544 in
827 490 939 545 Deo
976 491 1313 546 amabilibus
1343 493 1614 564 episcopis
1648 496 2004 552 sancivimus.
2047 497 2156 553 Sed

519 604 705 660 neque
744 604 876 643 eum
924 589 1020 660 qui
1068 590 1336 644 secundas
1364 590 1534 646 habet
1561 597 1659 647 aut
1695 594 1895 649 habuit
1929 597 2156 668 nuptias

524 682 772 736 ordinari
805 683 866 736 in
903 682 1200 736 diaconum
1250 688 1348 737 aut
1395 685 1786 756 presbyterum
1814 731 1827 757 ,
1868 705 2056 760 neque
2109 691 2156 746 si

519 772 750 826 mulieri
768 771 1146 841 conjungatur
1163 771 1238 841 sej
1249 776 1430 825 unctae
1456 778 1512 827 et
1535 775 1832 844 proprium
1851 777 2036 832 virum
2057 779 2150 834 de-

520 869 882 940 relinquenti,
903 883 1088 938 neque
1117 868 1163 922 si
1191 869 1565 924 concubinam
1590 871 1812 940 habeat,
1836 875 1932 928 sed
1958 877 2156 930 saltem

522 962 798 1033 ejusmodi
822 976 1060 1015 uxorem
1089 977 1217 1032 quae
1241 978 1371 1016 cum
1399 964 1650 1019 castitate
1671 971 1728 1020 et
1744 982 1812 1020 ex
1832 967 2155 1038 virginitate

523 1055 612 1110 sit.
636 1055 779 1109 Nihil
812 1054 963 1108 enim
988 1054 1144 1108 sicin
1169 1056 1337 1109 sacris
1361 1056 1812 1113 ordinationibus
1842 1060 2153 1131 diligimus,

520 1168 692 1226 quam
719 1168 850 1206 cum
879 1153 1128 1206 castitate
1156 1153 1427 1222 viventes,
1452 1159 1550 1208 aut
1577 1172 1708 1210 cum
1737 1157 2012 1211 uxoribus
2041 1175 2156 1212 non

520 1247 930 1314 cohabitantes,
946 1251 1044 1300 aut
1060 1246 1230 1300 unius
1261 1247 1450 1301 uxoris
1465 1248 1672 1316 virum,
1701 1249 1800 1320 qui
1827 1250 1939 1305 sive
1963 1251 2152 1321 fuerit,

519 1342 634 1397 sive
673 1341 858 1394 adhuc
895 1339 983 1407 sit,
1026 1344 1080 1393 et
1117 1339 1236 1410 ipse
1275 1340 1585 1395 castitatem
1622 1342 1814 1414 eligat,
1846 1345 2158 1399 secundum

519 1435 738 1490 divinas
763 1435 988 1504 regulas
1025 1432 1274 1503 primum
1312 1434 1657 1505 principium
1697 1440 1753 1490 et
1794 1438 2157 1493 manifestum

519 1529 954 1584 fundamentum
975 1526 1214 1580 residuae
1233 1527 1456 1580 virtutis
1481 1529 1861 1584 constitutam.
1885 1531 1941 1585 Si
1968 1536 2156 1585 autem

523 1627 580 1676 et
603 1621 804 1692 aliquis
830 1620 1144 1691 presbyter,
1188 1625 1287 1674 aut
1327 1620 1615 1690 diaconus,
1645 1627 1742 1677 aut
1779 1623 2159 1678 subdiaconus

521 1719 714 1786 postea
735 1714 901 1768 ducat
919 1729 1152 1766 uxorem
1179 1716 1277 1766 aut
1302 1714 1693 1782 concubinam,
1718 1721 1815 1770 aut
1834 1717 2038 1787 palam,
2062 1723 2160 1771 aut

2261 500 2709 555 diaconissarum
2739 500 3157 555 ordinationem
3184 500 3409 572 ingredi
3448 500 3586 565 vult,
3617 500 3773 571 quod
3807 500 3908 553 ali-

2254 594 2345 648 cui
2373 593 2677 648 adhzeserit
2700 593 2803 648 sub
2831 594 3087 665 imagine
3118 593 3348 665 quidem
3373 593 3540 648 bona:
3568 593 3903 664 appellatio-

2253 687 2361 752 nis,
2398 703 2528 740 cum
2558 688 2808 758 maligna
2831 704 2964 742 vero
2995 688 3330 759 suspicione,
3374 704 3489 742 non
3525 691 3756 758 oportet
3795 687 3902 740 hu-

2249 779 2504 850 jusmodi
2529 781 2828 835 mulierem
2853 781 3088 852 perduci
3129 781 3362 835 omnino
3388 781 3458 835 ad
3489 780 3906 835 ordinationem

2255 872 2548 928 diaconite.
2571 874 2712 927 Nam
2740 879 2795 928 et
2821 873 2864 928 si
2891 874 3204 942 ordinetur,
3233 878 3289 927 et
3318 874 3426 928 tale
3450 873 3671 945 aliquid
3701 873 3906 944 egerit,

2256 972 2313 1022 et
2321 966 2614 1021 cohaaserit
2625 966 2790 1022 alicui
2802 984 2932 1022 cum
2946 968 3215 1038 praedicto
3228 968 3586 1034 nomine,aut
3595 967 3906 1030 schemate,

2256 1064 2418 1118 cadat
2452 1062 2681 1134 quidem
2709 1061 2830 1132 ipsa
2865 1078 2898 1115 a
2924 1060 3205 1127 diaconia,
3239 1065 3294 1115 et
3321 1065 3437 1115 tam
3465 1060 3584 1131 ipsa
3611 1076 3788 1131 quam
3814 1059 3909 1113 ille

2256 1157 2494 1227 subjecti
2522 1160 2691 1210 erunt
2714 1155 2845 1209 huic
2874 1154 3006 1225 legi,
3045 1158 3102 1208 et
3125 1153 3356 1224 reliquis
3385 1170 3512 1224 qum
3543 1157 3911 1223 corruptores

2255 1249 2522 1320 puniunt.
2553 1248 2784 1319 Oportet
2811 1248 2967 1302 enim
2997 1263 3195 1302 omnes
3224 1263 3351 1318 qua:
3377 1247 3713 1301 ordinantur
3731 1261 3908 1300 vene-

2256 1343 2463 1397 rabiles
2501 1341 2840 1395 diaconissas
2879 1343 3138 1412 tempore
3176 1339 3547 1394 ordinationis
3576 1339 3747 1394 etiam
3778 1355 3910 1393 mo-

2256 1436 2402 1504 neri,
2430 1441 2485 1489 et
2511 1451 2700 1489 coram
2728 1433 2961 1505 reliquis
2986 1450 3112 1505 quae
3140 1434 3357 1488 dudum
3386 1437 3521 1487 sunt
3551 1432 3906 1488 venerabiles

2259 1529 2587 1583 diaconissaa
2624 1544 2911 1582 sacrorum
2937 1527 3131 1581 audire
3156 1527 3556 1581 mandatorum
3597 1530 3905 1598 praecepta,

2257 1627 2323 1677 ut
2350 1626 2406 1676 et
2431 1622 2566 1693 ipsa;
2596 1622 2696 1675 Dei
2727 1622 2991 1675 timorem
3031 1621 3280 1675 habeant
3309 1623 3366 1674 et
3392 1600 3785 1674 adhaerentem
3816 1635 3903 1672 sa-

2262 1715 2372 1770 cris
2399 1714 2677 1769 mandatis
2701 1714 2988 1781 fiduciam,
3020 1714 3257 1768 timeant
3301 1717 3492 1767 autem
3521 1718 3579 1768 et
3607 1711 3904 1778 confundi,

523 1809 757 1874 occulte,
790 1823 944 1860 sacro
974 1805 1160 1860 statim
1190 1807 1351 1860 cadat
1378 1807 1597 1875 ordine,
1627 1814 1683 1862 et
1709 1809 1971 1880 deinceps
1993 1794 2236 1865 idiotaB
2261 1814 2316 1863 et
2356 1825 2513 1862 sacro
2557 1808 2752 1862 cadere
2798 1807 2995 1862 ordine
3028 1823 3041 1862 :
3077 1806 3298 1862 scituris
3336 1807 3488 1878 quod
3528 1806 3575 1860 si
3619 1821 3906 1876 praesum-

521 1901 613 1956 sit.
647 1900 804 1963 Quod
836 1899 881 1952 si
912 1903 967 1952 et
991 1898 1166 1952 lector
1197 1899 1504 1952 secundam
1531 1901 1702 1954 ducat
1730 1917 1962 1955 uxorem
1994 1903 2159 1957 certis

521 1994 591 2049 de
622 1993 801 2047 causis
827 1996 883 2045 et
912 2008 981 2044 ex
1015 1991 1362 2045 irrecusabili
1393 1993 1632 2062 quadam
1678 1995 2026 2062 necessitate,
2056 2012 2156 2050 ne-

519 2102 631 2159 que
657 2085 890 2140 omnino
915 2085 987 2138 ad
1008 2084 1262 2139 altiorem
1289 2087 1517 2141 accedat
1547 2087 1806 2156 gradum,
1822 2105 2004 2159 neque
2026 2107 2156 2160 per-

518 2181 743 2235 fruatur
768 2178 947 2249 gradu
989 2178 1201 2247 majore
1240 2178 1299 2232 in
1339 2179 1670 2247 sacerdotio,
1711 2181 1811 2235 sed
1838 2189 2064 2236 maneat
2099 2182 2159 2236 in

519 2273 718 2328 eodem
740 2272 920 2343 gradu
948 2276 1241 2342 perpetuo.
1273 2271 1379 2326 Sed
1410 2286 1524 2325 non
1551 2276 1606 2326 et
1644 2273 1715 2326 ad
1744 2275 1936 2328 tertias
1974 2275 2160 2329 veniat

521 2367 764 2438 nuptias,
797 2365 928 2418 satis
955 2369 1039 2418 est
1064 2363 1219 2417 enim
1258 2365 1304 2417 si
1345 2365 1416 2418 ad
1454 2365 1680 2436 nuptias
1705 2367 1911 2422 veniat.
1942 2369 1999 2422 Si
2025 2385 2157 2422 vero

517 2459 730 2530 aliquid
757 2459 865 2512 tale
898 2457 1096 2527 egerit,
1139 2460 1195 2510 et
1232 2457 1302 2511 ad
1343 2459 1618 2512 secundas
1655 2460 1885 2514 veniens
1911 2461 2153 2532 nuptias,

517 2553 587 2607 ad
617 2551 888 2620 majorem
918 2549 1156 2620 gradum
1182 2549 1374 2603 venire
1402 2551 1766 2618 festinaverit,
1791 2553 1994 2608 exinde
2013 2555 2153 2608 idio-

516 2649 575 2700 ta
612 2643 736 2710 erit,
775 2647 832 2696 et
867 2641 1072 2710 laicus,
1110 2642 1341 2696 omnino
1381 2659 1538 2697 sacro
1579 2645 1890 2699 ministerio
1929 2647 2151 2701 cadens.

517 2737 725 2793 Pudice
752 2736 904 2790 enim
941 2752 1042 2788 nos
1082 2752 1186 2806 per
1221 2736 1416 2790 omnia
1454 2736 1614 2792 decet
1650 2738 1858 2793 vivere.
1908 2740 1962 2795 Si
2004 2741 2156 2795 enim

516 2831 662 2886 tales
679 2829 964 2884 constituti
986 2829 1046 2882 hi
1066 2829 1163 2899 qui
1180 2829 1239 2883 in
1256 2830 1405 2884 clero
1423 2831 1780 2887 adducuntur
1798 2833 2152 2903 ordinentur,

516 2923 692 2978 facilis
717 2922 798 2976 eis
823 2921 896 2974 ad
926 2921 1311 2993 episcopatum
1343 2940 1606 2978 ascensus
1637 2925 1761 2992 erit,
1785 2931 1841 2980 et
1871 2942 1939 2980 ex
1963 2927 2156 2981 multis

514 3017 678 3072 bonis
702 3017 836 3070 viris
865 3015 1080 3069 facilius
1115 3015 1478 3070 invenientur
1503 3018 1600 3089 qui
1621 3018 1779 3089 digni
1806 3020 2157 3075 adducantur

513 3109 587 3166 ad
617 3109 866 3181 primum
896 3109 1135 3179 gradum
1169 3110 1486 3164 sacerdotii.
1517 3111 1739 3174 Quanta
1777 3112 1954 3183 igitur
1983 3130 2153 3184 super

2258 1902 2493 1973 pserint,
2525 1907 2624 1955 aut
2645 1901 3040 1955 erubescentes
3069 1901 3498 1966 ordinationem,
3527 1905 3630 1956 aut
3655 1898 3906 1954 derelin-

2259 2000 2499 2067 quentes
2524 2011 2748 2048 sacrum
2775 1993 3175 2062 ministerium,
3207 1994 3278 2048 ad
3306 1993 3533 2065 nuptias
3558 1992 3774 2059 venire,
3806 1996 3908 2046 aut

2259 2089 2430 2142 aliam
2457 2089 2691 2142 omnino
2714 2089 2886 2142 vitam
2919 2088 3215 2159 elegerint,
3251 2086 3387 2158 ipsa:
3413 2086 3648 2157 quidem
3676 2085 3904 2155 obliga-

2259 2185 2331 2236 tae
2357 2181 2682 2236 efï¬ciuntur
2710 2179 2902 2249 morti,
2935 2186 2991 2236 et
3018 2179 3327 2235 substantia
3353 2195 3550 2234 earum
3589 2177 3907 2250 applicabi-

2258 2279 2354 2329 tur
2401 2274 2767 2329 sanctissimis
2814 2273 3078 2342 ecclesiis,
3118 2279 3216 2327 aut
3253 2271 3612 2327 monasteriis
3667 2272 3730 2325 in
3777 2271 3905 2342 qui-

2257 2368 2362 2422 bus
2389 2373 2539 2422 sunt.
2573 2366 2678 2431 Qui
2706 2382 2838 2420 vero
2873 2383 2964 2421 eas
3002 2371 3099 2420 aut
3145 2366 3205 2419 in
3255 2382 3458 2420 uxores
3497 2363 3782 2435 accipere,
3810 2367 3911 2418 aut

2257 2477 2622 2530 corrumpere
2648 2459 3137 2531 praesumpserint,
3170 2458 3398 2512 obnoxii
3423 2459 3661 2529 quidem
3697 2463 3754 2512 et
3798 2457 3907 2527 ipsi

2260 2553 2445 2625 gladio
2472 2556 2657 2619 erunt,
2687 2552 2997 2606 substantia
3043 2556 3232 2606 autem
3279 2568 3476 2606 eorum
3527 2550 3912 2621 applicabitur

2257 2647 2410 2701 fisco.
2445 2647 2502 2700 Si
2533 2646 2684 2700 enim
2713 2647 2772 2699 in
2797 2645 3042 2716 antiquis
3062 2645 3283 2716 legibus
3300 2645 3620 2714 virginibus
3637 2643 3754 2697 illis
3773 2658 3903 2713 quae

2256 2741 2317 2794 in
2361 2756 2560 2795 eorum
2607 2755 2858 2794 errorem
2898 2738 3239 2793 vocabantur
3287 2737 3486 2792 mortis
3531 2736 3904 2791 incumbebat

2255 2833 2594 2905 periculum,
2627 2833 2905 2903 corruptis
2925 2832 3211 2903 quomodo
3239 2847 3351 2885 non
3379 2831 3562 2902 magis
3589 2847 3694 2884 nos
3725 2831 3786 2883 in
3815 2830 3909 2883 his

2255 2944 2383 2999 qua:
2401 2945 2432 2981 a
2453 2929 2566 2981 Deo
2593 2925 2980 2997 glorificantur
3002 2925 3152 2979 idem
3182 2925 3504 2993 deï¬nimus,
3538 2923 3904 2995 pudicitiam,

2255 3037 2383 3091 quae
2413 3036 2585 3091 quam
2615 3019 2860 3074 maxime
2891 3018 3154 3072 mulieres
3181 3022 3436 3086 exornat,
3461 3017 3786 3070 conservari
3805 3033 3908 3070 vo-

2255 3113 2452 3182 lentes,
2494 3130 2623 3167 cum
2661 3112 2957 3168 conveniat
2995 3111 3405 3166 venerabilibus
3450 3110 3798 3178 diaconissis,
3850 3115 3914 3162 ut

513 3203 861 3259 venerabiles
910 3201 1143 3256 clericos
1179 3219 1211 3254 a
1249 3203 1412 3256 nobis
1443 3203 1590 3258 dicta
1628 3210 1777 3274 sunt,
1800 3164 1942 3259 0haec
1980 3164 2149 3260 etiam
2171 3164 2226 3236 ÎŸ
2252 3211 2308 3262 et
2332 3164 2482 3277 quod
2513 3211 2775 3260 naturam
2803 3206 2962 3260 decet
2999 3203 3335 3270 custodiant,
3368 3207 3424 3258 et
3461 3203 3614 3274 quod
3656 3164 3913 3256 debetur

517 3312 689 3366 super
714 3297 829 3350 Deo
861 3294 1192 3348 amabilibus
1232 3295 1554 3350 diaconissis
1593 3297 1834 3368 intelligi
1866 3299 2147 3367 volumus,

513 3394 581 3445 ut
596 3405 779 3459 neque
795 3389 932 3458 ipsa:
952 3387 1090 3441 citra
1109 3388 1554 3444 observationem
1574 3389 1729 3445 fiant.
1756 3391 1863 3446 Sed
1894 3392 2150 3463 primum

514 3482 745 3555 quidem
772 3481 852 3536 eis
877 3485 1120 3550 aetatem,
1147 3497 1332 3553 neque
1358 3483 1635 3537 novellam
1658 3499 1797 3552 esse,
1820 3501 2003 3556 neque
2037 3502 2152 3540 cre-

516 3579 790 3642 scentem,
816 3591 886 3630 ne
912 3576 1016 3629 hac
1043 3575 1333 3630 occasione
1355 3576 1802 3647 delinquendum
1833 3579 2147 3649 prosiliant,

514 3671 613 3726 sed
639 3686 808 3741 super
830 3669 1077 3724 mediam
1099 3669 1430 3724 constitutas
1460 3675 1704 3740 aetatem,
1731 3677 1787 3726 et
1810 3672 1956 3726 circa
1979 3673 2147 3744 quin-

512 3763 788 3836 quaginta
818 3779 995 3816 annos
1031 3762 1342 3816 secundum
1381 3763 1594 3818 divinas
1633 3765 1860 3834 regulas
1897 3772 2146 3838 agentes.

513 3857 714 3929 Sicque
739 3872 953 3910 sacram
990 3856 1306 3927 promereri
1335 3856 1749 3912 ordinationem
1779 3862 1878 3912 aut
1902 3859 2149 3930 virgines

514 3951 860 4017 constitutas,
900 3952 999 4003 aut
1034 3966 1160 4020 quae
1192 3949 1358 4004 unius
1383 3950 1487 4004 viri
1517 3951 1742 4006 fuerant
1777 3969 2000 4008 uxores.
2030 3955 2150 4007 Non

514 4044 668 4099 enim
705 4042 1086 4114 permittimus
1136 4059 1320 4114 neque
1368 4045 1642 4099 secundas
1692 4047 2150 4101 contrahentibus

512 4136 761 4207 nuptias,
799 4151 984 4206 neque
1021 4135 1194 4189 vitam
1233 4153 1346 4190 non
1385 4137 1724 4192 habentibus
1767 4141 1844 4204 (ut
1882 4140 2147 4213 diximus)

509 4228 1086 4300 irreprehensibilem,
1128 4228 1399 4299 omnique
1447 4230 1762 4301 suspicione
1801 4233 2040 4288 liberam
2077 4233 2148 4288 ad

507 4339 731 4380 sacrum
770 4322 958 4376 venire
995 4321 1350 4393 mysterium,
1392 4325 1448 4377 et
1484 4324 1788 4379 adorandis
1825 4326 2148 4382 ministrare

508 4416 961 4490 baptismatibus,
995 4419 1052 4470 et
1079 4415 1203 4470 aliis
1233 4416 1422 4471 adesse
1461 4418 1686 4472 secretis
1715 4435 1842 4490 quas
1880 4419 1938 4474 in
1975 4437 2145 4476 vene-

2249 3299 2561 3355 sacerdotio
2595 3302 2948 3354 conservent.
2965 3297 3284 3352 Secundum
3305 3297 3414 3352 hoc
3441 3302 3632 3350 autem
3655 3301 3710 3350 et
3731 3297 3914 3350 semel

2248 3393 2422 3448 factos
2456 3393 2722 3447 diaconos
2745 3396 2843 3446 aut
2867 3392 3224 3463 presbyteros
3255 3391 3412 3444 nullo
3450 3390 3620 3444 modo
3653 3389 3911 3444 derelin-

2249 3502 2424 3558 quere
2446 3486 2843 3541 sacerdotium.
2872 3484 3032 3548 Quod
3062 3500 3177 3538 non
3204 3483 3386 3537 solum
3409 3482 3465 3537 in
3487 3481 3828 3553 presbytero
3859 3489 3914 3537 et

2249 3581 2485 3635 diacono
2535 3578 2846 3647 sancimus,
2888 3577 2984 3632 sed
3035 3578 3205 3631 etiam
3243 3577 3290 3630 si
3343 3575 3755 3641 subdiaconus,
3810 3580 3914 3630 aut

2248 3673 2394 3728 forte
2419 3673 2592 3727 lector
2611 3672 2706 3726 ï¬at
2733 3671 2956 3742 aliquis,
2975 3687 3162 3742 neque
3183 3670 3336 3724 hunc
3362 3669 3686 3740 relinquere
3709 3669 3907 3741 pristi-

2247 3783 2389 3822 num
2413 3766 2660 3831 schema,
2692 3769 2750 3820 et
2780 3765 2848 3819 ad
2881 3764 3117 3817 alteram
3150 3763 3395 3834 migrare
3426 3762 3597 3817 vitam
3642 3781 3654 3815 :
3694 3763 3837 3834 quia
3864 3763 3907 3816 si

2249 3861 2357 3914 tale
2378 3859 2593 3930 aliquid
2623 3858 2822 3930 egerit,
2853 3857 3164 3912 secundum
3194 3856 3345 3928 quod
3371 3873 3403 3909 a
3428 3855 3589 3910 nobis
3616 3855 3742 3926 jam
3772 3873 3905 3909 san-

2250 3953 2426 4008 citum
2453 3957 2557 4021 est,
2588 3957 2685 4006 aut
2709 3951 2769 4005 in
2799 3951 3013 4005 curiam
3038 3966 3170 4004 cum
3201 3949 3534 4016 substantia,
3567 3954 3665 4002 aut
3685 3948 3793 4003 sub
3827 3949 3909 4003 in-

2250 4047 2378 4118 Opia
2403 4047 2614 4117 degens
2638 4045 2709 4100 ad
2739 4044 3037 4098 ofï¬cialem
3075 4043 3391 4114 deponetur
3428 4043 3740 4096 fortunam.
3784 4042 3902 4097 Sed

2250 4157 2435 4212 neque
2460 4139 2665 4194 effusas
2693 4138 2964 4209 competit
2999 4137 3121 4191 ï¬eri
3153 4137 3222 4192 de
3249 4141 3453 4191 caetero
3495 4135 3908 4190 reverendissi-

2249 4251 2477 4289 morum
2499 4233 2834 4288 clericorum
2852 4231 3249 4286 ordinationes.
3274 4230 3433 4293 Quod
3451 4230 3606 4283 enim
3626 4229 3908 4283 hactenus

2251 4331 2474 4400 gestum
2507 4331 2610 4396 est,
2645 4327 2776 4380 licet
2803 4325 3012 4396 corrigi
3038 4327 3343 4395 oporteret,
3377 4327 3625 4377 attamen
3665 4328 3908 4393 propter

2250 4425 2476 4492 tempus
2518 4420 2775 4474 sinimus.
2817 4420 2894 4474 De
2927 4421 3134 4473 caetero
3169 4421 3360 4471 autem
3388 4432 3503 4470 non
3532 4419 3766 4487 propter
3796 4416 3905 4470 hoc

509 4511 783 4568 rabilibus
829 4509 1156 4564 ministeriis
1193 4526 1297 4580 per
1333 4526 1425 4565 eas
1463 4511 1568 4565 rite
1617 4517 1883 4582 aguntur.
1925 4514 1981 4568 Si
2019 4529 2227 4601 veroD
2249 4514 2393 4578 ï¬eri,
2416 4530 2600 4585 neque
2621 4513 2690 4568 ad
2710 4513 2984 4567 damnum
3013 4511 3494 4566 sanetissimarum
3527 4509 3899 4564 ecclesiarum

509 4605 772 4678 quaadam
826 4604 1128 4659 necessitas
1165 4604 1283 4673 fiat,
1326 4606 1383 4659 et
1418 4604 1698 4659 minorem
1735 4606 1804 4660 ab
1843 4606 1948 4661 hac
1985 4612 2150 4663 {etate

510 4715 684 4772 quam
714 4698 959 4754 diximus
978 4698 1226 4753 ordinari
1249 4698 1619 4753 diaconissam
1649 4699 1972 4771 contigerit,
1989 4701 2152 4758 liceat

511 4808 638 4848 eam
670 4792 728 4846 in
758 4793 946 4863 aliquo
973 4791 1380 4846 venerabilium
1417 4792 1819 4847 asceteriorum
1859 4794 2148 4864 destinari,

508 4885 570 4941 in
601 4901 714 4958 quo
738 4885 994 4939 habitare
1019 4885 1194 4956 possit
1220 4901 1581 4957 nequaquam
1611 4886 1851 4941 admista
1875 4887 2028 4958 viris,
2047 4903 2149 4942 ne-

510 4994 623 5052 que
651 4994 752 5033 suo
779 4979 1035 5033 habitans
1059 4979 1315 5049 arbitrio,
1341 4979 1436 5034 sed
1465 4980 1594 5034 vitae
1633 4986 1902 5051 separatae
1946 4987 2001 5036 et
2026 4998 2148 5036 mo-

509 5073 704 5130 destiae
723 5090 755 5127 a
773 5074 1131 5128 convenienti
1151 5072 1514 5128 multitudine
1532 5073 1745 5128 bonum
1764 5075 2154 5130 testimonium

507 5168 742 5224 habens.
775 5166 1044 5220 Volumus
1081 5171 1271 5220 autem
1297 5169 1353 5220 et
1377 5165 1523 5236 ipsas
1565 5184 1692 5238 qua:
1730 5167 1803 5221 ad
1841 5168 2149 5223 ordinatio-

507 5280 643 5319 nem
673 5261 1065 5334 perducuntur
1090 5259 1448 5329 diaconissas,
1477 5260 1590 5314 sive
1619 5278 1688 5315 ex
1716 5261 2004 5329 viduitate,
2038 5262 2150 5318 sive

509 5373 578 5412 ex
603 5356 948 5428 virginitate,
979 5370 1093 5408 non
1121 5370 1250 5408 cum
1279 5353 1470 5425 aliquo
1490 5355 1794 5424 cohaerere,
1817 5360 1915 5410 aut
1939 5373 2147 5427 cogna-

505 5456 720 5518 torum,
763 5455 861 5504 aut
898 5465 1094 5503 eorum
1134 5464 1277 5518 quos
1317 5447 1608 5518 appellant
1655 5448 1883 5503 dilectos
1926 5449 2150 5520 (talibus

507 5545 658 5600 enim
702 5543 1030 5599 nominibus
1070 5545 1310 5611 utentes,
1352 5541 1609 5613 maligna
1646 5542 1962 5613 suspicione
1989 5559 2149 5598 suam

504 5639 730 5710 replent
747 5637 960 5707 vitam),
977 5636 1074 5691 sed
1093 5640 1192 5688 aut
1213 5635 1350 5689 solae
1371 5635 1648 5702 habitent,
1668 5641 1766 5690 aut
1789 5652 1919 5690 cum
1938 5653 2144 5708 paren-

503 5728 658 5784 tibus
683 5727 832 5789 solis,
857 5731 913 5780 et
943 5725 1091 5795 ï¬liis,
1113 5729 1212 5778 aut
1239 5741 1368 5779 vere
1389 5724 1676 5793 fratribus,
1695 5728 1794 5778 aut
1816 5741 1946 5778 cum
1965 5725 2053 5778 his
2079 5725 2147 5780 de

505 5821 713 5890 quibus
733 5819 778 5873 si
812 5819 939 5888 quis
978 5817 1252 5888 suspicari
1289 5818 1506 5889 aliquid
1532 5819 1960 5889 praesumpserit
1985 5819 2143 5872 mali-

511 5925 712 5980 gnum,
726 5909 842 5980 ipse
861 5909 1136 5980 insipiens
1153 5909 1320 5964 simul
1336 5915 1394 5967 et
1407 5911 1617 5981 impius
1627 5911 1817 5967 forsan
1831 5911 2141 5982 putabitur.

2251 4608 2444 4663 venire
2471 4607 2778 4662 sancimus.
2802 4606 3166 4676 Quaecunque
3190 4603 3366 4675 igitur
3387 4602 3688 4674 oportebat
3708 4602 3778 4657 de
3805 4603 3901 4657 tali

2252 4701 2420 4756 modo
2451 4702 2509 4755 in
2549 4699 2903 4755 sanctissima
2943 4698 3158 4769 majore
3194 4696 3424 4752 ecclesia
3474 4695 3648 4766 hujus
3692 4699 3901 4749 nostra:

2252 4795 2424 4866 regiae
2452 4794 2711 4860 civitatis,
2738 4799 2794 4848 et
2820 4793 2924 4847 sub
2950 4808 3014 4846 ea
3041 4791 3361 4846 constitutis
3406 4789 3779 4844 sanctissimis
3807 4806 3896 4844 ec-

2253 4887 2454 4955 clesiis,
2486 4893 2542 4942 et
2566 4887 2707 4956 aliis,
2741 4903 2867 4958 qua:
2891 4885 2983 4939 hic
3010 4890 3162 4954 sunt,
3191 4884 3337 4952 ï¬eri,
3361 4884 3484 4938 11th
3510 4883 3744 4954 speciali
3773 4883 3900 4954 lege

2256 4981 2540 5052 complexi
2567 4997 2782 5036 sumus.
2817 4981 2878 5033 In
2906 4978 3170 5034 omnibus
3196 4982 3384 5031 autem
3431 4993 3560 5048 quaa
3600 4977 3742 5031 foris
3771 4981 3902 5031 sunt

2251 5075 2390 5130 locis
2419 5075 2721 5143 sancimus,
2755 5073 2798 5127 si
2827 5073 2954 5144 quis
2994 5088 3127 5126 cum
3157 5070 3444 5126 constituit
3471 5071 3541 5124 ab
3565 5070 3732 5124 initio
3760 5071 3896 5124 aedi-

2251 5169 2418 5223 ficare
2446 5168 2756 5236 ecclesiam,
2791 5166 3044 5221 deï¬nivit
3065 5164 3509 5220 ordinandorum
3539 5179 3894 5227 mensuram,

2252 5265 2521 5334 tanquam
2549 5261 2861 5316 secundum
2889 5276 3012 5315 eam
3061 5275 3338 5330 expensas
3365 5257 3736 5324 constituens,
3779 5273 3895 5311 non

2249 5356 2408 5428 prius
2433 5354 2684 5409 ordinari
2712 5369 3059 5426 quemquam
3083 5353 3144 5406 in
3169 5352 3370 5407 eadem
3405 5351 3660 5416 ecclesia,
3689 5351 3800 5405 nisi
3824 5349 3893 5404 ad

2251 5465 2555 5505 numerum
2582 5447 2920 5519 aprincipio
2966 5445 3264 5502 definitum
3309 5445 3431 5516 ejus
3475 5460 3743 5498 mensura
3799 5458 3888 5497 re-

2249 5543 2495 5614 digatur.
2525 5541 2581 5598 Si
2609 5557 2741 5597 vero
2772 5540 2882 5596 hoc
2907 5556 3023 5595 non
3060 5538 3274 5605 fecerit,
3320 5538 3440 5609 ipsa
3480 5552 3614 5592 vero
3657 5535 3889 5590 civitatis

2249 5636 2479 5690 ecclesia
2501 5635 2785 5690 ministrat
2814 5633 3220 5700 emolumenta,
3253 5634 3311 5685 et
3341 5630 3444 5684 sibi
3474 5634 3532 5684 et
3558 5630 3683 5684 aliis
3714 5629 3884 5684 eccle-

2247 5729 2363 5798 siis,
2393 5735 2527 5784 tunc
2557 5745 2670 5783 non
2697 5732 3029 5800 promptum
3055 5727 3128 5782 sit
3154 5741 3365 5796 augere
3391 5725 3475 5779 illi
3505 5724 3757 5792 clericos,
3787 5737 3883 5776 neâ€”

2246 5839 2357 5895 que
2381 5827 2616 5895 propter
2646 5822 2862 5894 aliquas
2886 5821 3030 5876 forte
3079 5819 3495 5892 compassiones
3536 5822 3638 5874 aut
3677 5815 3882 5872 beneï¬-

2248 5915 2331 5970 cia
2357 5933 2426 5972 ex
2465 5916 2570 5971 hoc
2612 5931 2737 5974 eam
2789 5913 3108 5986 sumptibus
3155 5928 3530 5986 praegravata.
3586 5912 3708 5967 Non
3756 5912 3884 5964 sunt
