4034 6228
182 272 285 322 937

1066 267 1428 322 JL'STINIANI
1471 267 1795 320 NUVELLE
1834 263 2168 318 SELECTA‘I.
2212 261 2526 316 ΝΟνΕιᾸΑ
2572 263 2677 315 Vll.

3465 267 3568 318 638

179 374 347 429 enim
364 374 490 429 haec
516 376 628 446 pia,
655 391 840 446 neque
866 376 1246 429 sacerdotibus
1289 376 1482 447 digna,
1509 375 1607 430 sed
1634 393 1700 430 ex
1730 374 1818 429 his
1839 388 1898 458 Α
1920 374 2033 427 hoc
2079 371 2365 451 adjectum
2420 374 2522 425 est.
2573 371 2639 423 Et
2687 374 2790 423 tua
2845 384 3073 440 quoque
3128 369 3396 425 celsitudo
3454 371 3573 426 hac

179 483 309 539 quae
338 469 617 524 Dominus
643 470 785 522 Deus
812 469 1049 539 dederit,
1077 486 1205 540 qua:
1230 470 1514 541 possibilia
1556 474 1706 537 sunt,
1735 470 1829 524 ad-

179 557 530 627 ministrare,
558 562 657 612 aut
680 557 973 628 antiquam
1001 574 1330 612 conservare
1358 558 1828 613 consuetudinem

178 651 323 705 nihil
352 652 582 722 penitus
609 652 996 706 iunovautem.
1025 652 1181 706 Unde
1210 652 1479 723 competit
1528 653 1638 706 Deo
1679 670 1829 707 ama-

179 744 318 799 biles
346 745 696 815 patriarchas
717 745 1253 816 etmetropolitanos
1274 746 1442 816 hujus
1466 745 1676 800 habere
1704 763 1830 817 pro-

179 838 512 907 videntiam,
542 842 599 892 et
624 855 718 892 eos
745 840 979 909 quidem
1018 840 1117 909 qui
1158 840 1428 894 hactenus
1472 844 1604 894 sunt
1644 840 1826 894 sinere

178 930 239 984 in
268 932 557 986 schemate
582 931 640 985 in
670 949 785 1003 quo
817 937 948 985 sunt
976 932 1225 987 clericos.
1262 932 1440 987 Metiri
1472 949 1603 987 vero
1626 933 1825 987 unius-

177 1025 459 1096 cujusque
488 1025 734 1079 ecclesize
762 1026 1074 1094 facultates,
1099 1030 1153 1079 et
1179 1026 1257 1079 ita
1282 1026 1431 1096 ipsos
1450 1041 1675 1097 quoque
1707 1043 1828 1080 san-

177 1117 459 1172 ctissimos
480 1118 829 1189 patriarchas
859 1119 961 1172 sub
992 1135 1049 1173 se
1079 1119 1413 1173 constitutas
1438 1120 1699 1173 ecclesias
1730 1136 1825 1173 or-

176 1210 398 1279 dinare,
422 1215 478 1265 et
506 1212 978 1282 metropolitanos
1018 1213 1123 1265 hoc
1166 1213 1355 1282 ipsum
1398 1229 1432 1266 a
1466 1212 1828 1266 sanctissimis

175 1305 519 1375 patriarchis
545 1306 919 1359 commonitos
945 1306 1152 1375 facere,
1185 1306 1309 1359 illos
1334 1310 1527 1360 autem
1552 1306 1687 1359 alios
1711 1322 1829 1360 om-

178 1413 281 1451 nes
313 1398 421 1451 sub
448 1415 506 1452 se
534 1399 744 1469 positos
775 1399 1064 1469 episcopos
1092 1399 1161 1452 ad
1189 1415 1513 1453 mensuram
1554 1400 1699 1452 hanc
1727 1399 1825 1453 de-

177 1490 410 1557 ducere,
442 1497 498 1545 et
524 1492 749 1545 studere
777 1508 891 1545 non
917 1492 1067 1545 ultra
1085 1508 1361 1562 expensas
1392 1493 1578 1546 facere
1605 1492 1830 1546 clerico-

178 1600 315 1638 rum
342 1584 743 1639 ordinationes.
774 1585 991 1639 Scimus
1012 1586 1164 1639 enim
1186 1590 1323 1656 quot
1347 1584 1713 1639 sanctissimze
1733 1601 1827 1639 ec-

178 1677 369 1731 clesiae
400 1682 632 1748 propter
655 1679 804 1733 hanc
831 1678 1243 1732 ordinationem
1282 1683 1339 1733 et
1372 1678 1508 1732 alias
1552 1694 1825 1750 expensa-

178 1786 316 1824 rum
342 1770 643 1825 effusiones
670 1771 865 1842 inopes
889 1772 1050 1826 facta:
1067 1775 1220 1825 sunt.

254 1865 325 1917 Et
348 1864 483 1935 quia
501 1864 720 1935 aliquas
749 1880 945 1918 earum
971 1864 1058 1918 vix
1087 1864 1337 1935 quidem,
1354 1868 1549 1920 tamen
1574 1865 1831 1920 liberavi-

180 1973 334 2025 mus,
365 1957 624 2027 queedam
654 1974 785 2012 vero
810 1958 993 2012 adhuc
1017 1964 1263 2011 oneratae
1282 1957 1473 2028 jacent
1497 1976 1567 2013 ex
1588 1958 1686 2013 tali
1714 1959 1829 2014 ele-

177 2050 303 2103 vari
327 2050 593 2121 angustia
621 2068 736 2104 non
769 2051 1033 2119 valentes,
1071 2051 1311 2121 ideoque
1350 2051 1455 2105 hoc
1504 2051 1833 2121 provideant

180 2143 524 2197 sanctissimi
560 2144 912 2214 patriarclue,
946 2149 1002 2198 et
1046 2144 1496 2214 metropolitani,
1538 2149 1593 2199 et
1627 2145 1832 2216 reliqui

180 2236 297 2290 Deo
324 2236 597 2290 amabiles
626 2237 893 2308 episcopi,
922 2240 985 2291 ut
1010 2242 1065 2292 et
1093 2254 1197 2290 nos
1223 2254 1350 2308 quae
1376 2238 1447 2291 ab
1475 2237 1553 2291 eis
1581 2243 1833 2306 aguntur

183 2329 485 2396 discentes,
531 2330 910 2400 approbemus
969 2346 1063 2384 eos
1104 2330 1203 2401 qui
1247 2335 1498 2384 nostram
1541 2331 1728 2400 legem
1771 2330 1832 2384 in

179 2422 388 2476 litteris
408 2423 647 2493 positam
664 2424 813 2494 apud
833 2423 1166 2493 semetipsos
1185 2424 1551 2477 ostenderunt
1566 2424 1832 2494 operibus

182 2515 505 2585 adimpleri.
532 2515 667 2579 Quae
695 2516 919 2587 igitura
941 2516 1102 2570 nobis
1118 2518 1328 2570 sancita
1356 2522 1508 2584 sunt,
1527 2522 1583 2571 et
1611 2533 1833 2571 sacrum

183 2610 449 2662 ordinem
463 2613 782 2681 statumque
793 2610 1119 2663 custodiunt
1130 2610 1439 2665 secundum
1452 2627 1739 2664 sacrarum
1752 2627 1834 2665 re-

185 2703 457 2774 gularum
474 2702 917 2758 observationem
934 2706 989 2757 et
1010 2706 1283 2774 tenorem,
1302 2704 1369 2758 de
1382 2710 1586 2758 caetero
1609 2720 1831 2758 conser-

182 2801 319 2850 vent
346 2800 618 2866 perpetue
637 2796 857 2868 integra
874 2802 930 2851 et
956 2773 1287 2851 sanctissimi
1309 2798 1645 2867 patriarchae
1668 2797 1835 2851 unius

184 2889 463 2960 cujusque
485 2889 801 2955 diceceseos,
833 2896 889 2944 et
905 2891 1015 2944 Deo
1031 2890 1297 2944 amabiles
1316 2890 1758 2961 metropolitani,
1779 2894 1835 2945 et

183 2983 396 3053 reliqui
422 2983 870 3037 reverendissimi
896 2983 1165 3055 episcopi,
1192 2990 1360 3054 atque
1388 2983 1596 3053 clerici,
1626 2983 1833 3055 ubique

182 3075 285 3130 Dei
313 3077 599 3131 culturam
625 3079 682 3131 et
711 3094 926 3131 sacram
959 3077 1312 3147 disciplinam
1340 3078 1719 3133 custodientes
1748 3079 1831 3132 in-

180 3169 472 3239 violatam,
511 3187 679 3240 pmna
716 3170 1053 3224 imminente
1098 3171 1205 3225 ista
1258 3171 1669 3242 praevaricanti,
1718 3189 1830 3242 quo

180 3262 414 3335 penitus
442 3263 658 3319 alienus
685 3264 757 3318 sit
783 3282 817 3319 a
841 3266 976 3332 Deo,
1005 3268 1060 3318 et
1085 3264 1350 3334 imposito
1389 3264 1493 3318 sibi
1537 3265 1830 3319 sacerdotii

183 3356 554 3411 ordine.Nam
582 3358 737 3412 velut
761 3358 1030 3429 indignus
1049 3357 1155 3411 hoc
1177 3358 1830 3413 excluditur.Licentiam

181 3466 316 3504 vero
332 3450 608 3505 universis
620 3452 819 3505 damus
826 3452 932 3521 ,cuj
942 3468 1234 3522 uscunque
1253 3455 1385 3504 sunt
1402 3452 1570 3505 ofticii
1582 3451 1688 3519 ,vel
1701 3469 1832 3506 con-

179 3544 536 3613 versationis,
552 3544 980 3615 respicientibus
1000 3544 1216 3616 aliquid
1233 3545 1438 3598 horum
1451 3545 1829 3614 przevaricari,

176 3637 447 3692 nuntiare
473 3637 633 3691 nobis
661 3642 716 3691 et
743 3638 813 3692 ad
841 3637 1167 3708 imperium,
1190 3638 1342 3709 quod
1363 3654 1590 3709 semper
1613 3642 1716 3707 est,
1769 3642 1835 3692 ut

179 3746 305 3797 nos,
328 3730 431 3801 qui
457 3731 564 3785 hoc
586 3731 899 3785 secundum
928 3747 1216 3785 sacrarum
1258 3731 1586 3802 regularum
1636 3731 1828 3801 expla-

178 3824 479 3880 nationem
504 3824 984 3897 apostolicamqne
1017 3823 1386 3879 traditionem
1413 3824 1827 3892 constituimus,

179 3918 481 3973 decentem
511 3918 680 3972 etiam
721 3918 1174 3990 indignationem
1200 3918 1725 3989 przevaricatoribus
1748 3918 1832 3972 in-

178 4011 453 4079 feramus,
505 4011 594 4065 his
623 4012 880 4066 videlicet
915 4013 1087 4066 etiam
1116 4028 1243 4082 quae
1270 4011 1480 4066 sancita
1501 4014 1633 4065 sunt
1660 4029 1692 4066 a
1735 4028 1833 4065 no-

179 4104 268 4159 bis
320 4105 391 4159 de
434 4104 859 4159 haereditatibus
904 4106 1017 4159 Deo
1058 4105 1390 4160 amabilium
1434 4106 1831 4176 episcoporum

182 4196 590 4252 custodiendis.
631 4197 977 4252 Sanctissimi
1008 4214 1141 4252 sane
1180 4198 1511 4270 patriarchae
1556 4199 1827 4253 uniuscu-

171 4291 386 4368 jusque
414 4292 715 4346 dioeceseos
752 4291 877 4345 hzec
902 4295 1224 4363 proponant
1250 4291 1310 4346 in
1349 4292 1593 4347 ecclesiis
1631 4292 1736 4347 sub
1772 4308 1831 4347 se

181 4385 522 4453 constitutis,
551 4390 607 4439 et
632 4384 933 4439 manifesta
956 4384 1167 4439 faciant
1196 4386 1307 4439 Deo
1337 4386 1679 4440 amabilibus
1708 4402 1829 4441 me-

180 4478 563 4549 tr0politanis,
591 4494 720 4549 quae
745 4495 777 4531 a
806 4479 967 4532 nobis
992 4478 1290 4533 constituta
1315 4484 1465 4533 sunt.
1497 4478 1575 4532 [lli
1602 4495 1829 4551 quoque
1848 4498 1908 4570 D

182 4588 384 4627 rursus
415 4572 585 4626 etiam
623 4571 727 4643 ipsi
767 4576 1095 4643 proponant
1142 4572 1200 4626 in
1237 4572 1670 4643 metropolitana
1708 4590 1831 4627 san-

183 4664 436 4720 ctissima
460 4666 707 4735 ecclesia,
742 4669 799 4720 et
828 4666 1142 4720 constitutis
1168 4666 1271 4720 sub
1296 4683 1353 4721 se
1392 4666 1666 4738 episcopis
1708 4666 1831 4721 haec

183 4758 489 4814 manifesta
524 4758 753 4812 faciant.
805 4758 1038 4813 Illorum
1080 4775 1212 4814 vero
1260 4759 1471 4831 singuli
1512 4760 1572 4814 in
1603 4758 1833 4831 propria

184 4852 425 4907 ecclesia
452 4848 575 4906 haec
604 4856 945 4923 proponant,
972 4856 1038 4907 ut
1056 4853 1248 4907 nullus
1275 4853 1336 4907 in
1360 4859 1552 4909 nostra
1577 4852 1830 4925 republi-

184 4963 251 5002 ca
275 4944 520 5017 ignoret,
549 4961 675 5016 quaa
704 4961 737 4998 a
755 4945 919 5001 nobis
944 4946 1013 5000 ad
1040 4947 1319 5001 honorem
1363 4953 1420 5003 et
1461 4946 1831 5018 magniﬁcen-

183 5040 328 5095 tiam
346 5038 542 5111 magni
565 5038 663 5094 Dei
680 5043 738 5094 et
749 5039 1050 5095 Salvatoris
1065 5041 1244 5095 nostri
1261 5042 1286 5094 J
1292 5057 1391 5096 esu
1401 5041 1607 5095 Christi
1639 5040 1831 5112 dispo-

187 5132 297 5189 sita
315 5138 468 5188 sunt.
484 5133 721 5205 Insuper
741 5150 982 5205 sequens
1002 5134 1125 5189 haec
1146 5140 1244 5189 tua
1268 5133 1532 5189 sanctitas
1547 5135 1831 5204 omnibus,

187 5225 291 5299 qui
316 5226 422 5281 sub
449 5243 514 5281 ea
537 5232 688 5296 sunt,
718 5228 1083 5283 sanctissimis
1108 5228 1561 5300 metropolitanis
1591 5230 1713 5283 haec
1744 5227 1832 5282 fa-

188 5321 303 5375 ciat
328 5320 628 5376 manifesta
657 5321 917 5377 universo
951 5326 1205 5393 tempore
1242 5322 1510 5377 tenenda.
1554 5322 1836 5393 Scriptum

187 5414 485 5485 exemplar
517 5414 839 5486 Epiphanio
879 5415 1227 5470 sanctissimo
1263 5414 1682 5486 archiepiscopo
1713 5431 1834 5469 ma-

192 5523 322 5580 gnae
350 5507 522 5579 hujus
543 5512 599 5562 et
617 5508 787 5562 almae
810 5508 980 5563 urbis.
1000 5508 1285 5580 Scriptum
1304 5509 1593 5580 exemplar
1611 5507 1840 5562 sanctis-

191 5602 338 5657 simo
383 5601 804 5672 archiepiscopo
844 5602 1379 5674 Hierosolymorum.
1422 5602 1707 5672 Scriptum
1749 5618 1842 5655 ex-

190 5696 419 5769 emplar
442 5694 645 5749 Joanni
675 5694 795 5749 viro
824 5695 1227 5766 gloriosissimo
1252 5696 1519 5768 praefecto
1552 5710 1840 5750 sacrorum

190 5789 596 5867 praetoriorum
622 5788 868 5844 secundo
887 5789 1186 5845 exconsule
1213 5793 1270 5845 et
1292 5788 1537 5861 patritio,
1558 5788 1649 5844 cui
1669 5788 1842 5845 etiam

534 5885 812 5951 PATROL.
857 5885 1095 5953 LXXII.

1851 1756 1908 1828 B

1927 466 2105 519 sciens
2132 481 2246 519 una
2273 481 2403 519 cum
2434 479 2663 534 semper
2690 462 3033 534 suscepturis
3053 462 3245 517 sedem
3266 467 3431 518 tuum
3451 464 3572 520 haec

1927 575 2146 614 servare
2170 558 2419 613 festinet.
2443 558 2510 611 Et
2531 557 2577 610 si
2604 556 2998 611 denuntiatum
3019 555 3233 626 aliquid
3247 557 3435 626 fuerit,
3461 558 3571 612 tale

1926 653 2193 707 delictum
2220 650 2539 722 prohibeat,
2568 654 2623 704 et
2647 649 2899 703 maxime
2915 665 3270 720 quaecunque
3286 649 3569 704 inordina-

1925 749 2172 804 tionibus
2210 748 2507 802 curialium
2562 748 2650 801 vel
2701 746 3030 801 officialium
3074 746 3374 801 interdicta
3413 752 3564 802 sunt.

1926 843 2155 897 Nuntiet
2179 847 2371 896 autem
2398 841 2570 896 etiam
2599 840 2780 909 nobis,
2825 845 2888 894 ut
2912 840 3116 894 decens
3143 856 3317 911 super
3341 841 3423 894 eis
3450 841 3560 895 im-

1925 941 2173 1007 ponatur
2192 934 2487 1003 correctio,
2524 938 2721 989 utatur
2753 949 2980 1004 quoque
3014 933 3315 1005 praeceptis
3346 934 3417 988 ad
3454 934 3567 988 cla-
3616 990 3625 999 ,

1927 1029 2178 1083 rissimos
2204 1027 2621 1099 provinciarum
2642 1026 2884 1098 judices,
2916 1030 2981 1081 ut
3007 1031 3064 1081 et
3103 1026 3230 1096 ipsi,
3269 1042 3399 1098 quin
3424 1027 3571 1082 ﬂunt

1926 1121 2287 1193 inspicientes
2311 1138 2427 1175 non
2462 1120 2799 1191 permittant
2820 1119 3031 1190 aliquid
3063 1123 3221 1173 extra
3246 1119 3372 1188 hoc,
3415 1120 3569 1191 quod

1925 1232 1959 1269 a
1987 1215 2147 1269 nobis
2173 1215 2543 1269 constitutum
2583 1216 2686 1282 est,
2724 1212 2846 1267 ﬁeri
2877 1229 2890 1266 :
2934 1212 3260 1266 imminebit
3299 1212 3452 1266 enim
3489 1211 3570 1268 eis

1927 1313 1984 1363 et
2020 1325 2187 1379 pcena
2229 1308 2482 1379 quinque
2530 1306 2805 1361 librarum
2843 1305 2989 1373 auri,
3039 1305 3315 1376 siquidem
3361 1310 3418 1360 et
3458 1305 3569 1376 ipsi

1925 1401 2281 1473 praevaricari
2320 1401 2575 1455 videntes
2618 1416 2731 1453 non
2779 1398 3256 1467 denuntiaverint,
3306 1403 3405 1453 aut
3447 1398 3567 1453 sedi

1927 1498 2061 1563 tute,
2084 1498 2184 1549 aut
2208 1494 2472 1566 imperio,
2500 1498 2567 1548 ut
2594 1493 2843 1565 undique
2869 1492 3072 1547 decens
3092 1496 3322 1546 ornatus
3348 1491 3573 1546 ordina-

1926 1588 2094 1641 tionis
2126 1587 2324 1659 gradui
2368 1590 2751 1641 conservetur.
2809 1585 3029 1656 Scripta
3070 1600 3203 1639 cum
3254 1583 3564 1655 adjectione

1934 1681 2237 1736 dominica.

2524 1812 2835 1868 NOVELLA
2868 1814 2979 1867 Vll.

1933 1932 2005 1984 De
2022 1944 2129 1982 non
2160 1929 2467 1983 alienandis
2495 1934 2593 1983 aut
2614 1929 2995 1997 permutandis
3020 1928 3177 1982 rebus
3207 1928 3575 1986 ecclesiasticis

2002 1999 2384 2061 immobilibus,
2435 2005 2532 2053 aut
2569 2002 2629 2053 in
2665 2000 2951 2068 specialem
2988 2001 3338 2068 hypothecam
3375 2000 3574 2055 dandis

2002 2071 2374 2133 creditoribus,
2392 2072 2486 2125 sed
2509 2075 2570 2124 ut
2596 2073 2878 2139 sufﬁciant
2900 2071 3176 2137 generales
3203 2071 3526 2139 hypothecae.

2006 2214 2319 2284 Imperator
2353 2213 2700 2268 Justinianus
2726 2216 3015 2284 Augustus
3043 2213 3359 2284 Epiphanio
3385 2214 3572 2270 archi-

1932 2307 2215 2378 episcopo,
2249 2310 2305 2361 et
2327 2307 2660 2377 patriarchas
2688 2306 3327 2376 Constantinopolitano.

2003 2402 2179 2454 Unam
2202 2399 2578 2454 intentionem
2594 2400 2740 2453 hanc
2756 2416 2983 2470 semper
2998 2399 3385 2469 proponimus,
3404 2415 3573 2455 omne

1932 2493 2208 2564 quidquid
2235 2494 2392 2564 prius
2410 2492 2812 2563 imperfectum
2827 2496 2925 2545 aut
2941 2492 3239 2545 confusum
3257 2492 3572 2563 videbatur,

1933 2586 2039 2639 hoc
2067 2591 2123 2639 et
2151 2602 2491 2656 expurgare,
2524 2591 2579 2640 et
2602 2585 2917 2656 perfectum
2930 2601 3000 2639 ex
3029 2584 3358 2655 imperfecto
3385 2586 3571 2640 decla-

1933 2694 2081 2747 rare,
2111 2678 2262 2749 quod
2291 2678 2462 2732 etiam
2489 2679 2546 2732 in
2576 2679 2729 2732 omni
2760 2677 3116 2748 legislatione
3146 2678 3430 2748 facientes,
3460 2696 3576 2735 cre-

1934 2772 2120 2825 dimus
2147 2776 2409 2842 oportere
2439 2777 2494 2826 et
2519 2771 2579 2825 in
2604 2770 3058 2838 alienationibus,
3088 2787 3215 2841 qua:
3236 2771 3381 2826 fiunt
3402 2788 3575 2844 super

1935 2864 2102 2918 sacris
2133 2864 2300 2919 rebus
2328 2881 2439 2918 una
2476 2863 2773 2934 complecti
2798 2864 2943 2933 lege,
2975 2879 3103 2933 quae
3130 2863 3347 2933 priores
3376 2881 3573 2921 omnes

1933 2964 1990 3012 et
2032 2963 2281 3027 renovet,
2314 2961 2372 3012 et
2422 2957 2707 3025 emendet,
2744 2959 2800 3010 et
2845 2955 2997 3025 quod
3037 2956 3193 3011 deest
3231 2957 3477 3028 adjiciat,
3517 2962 3576 3013 et

1934 3051 2085 3122 quod
2114 3051 2467 3122 superﬂuum
2499 3053 2603 3115 est,
2643 3048 2957 3104 abscindat.
2996 3052 3041 3103 A
3079 3049 3263 3105 Leone
3293 3050 3573 3121 siquidem

1852 3120 1905 3193 C
1930 3145 2095 3198 bonae
2126 3144 2436 3212 memoriae,
2468 3144 2565 3215 qui
2593 3148 2719 3214 post
2743 3142 3176 3197 Constantinum
3200 3144 3308 3215 piae
3348 3161 3569 3201 memo-

1931 3238 2032 3292 rize
2054 3237 2371 3293 Christiana
2390 3237 2501 3291 ﬁde
2524 3237 2672 3291 inter
2700 3241 2933 3290 caeteros
2956 3236 3326 3307 imperatores
3366 3239 3573 3310 princi-

1932 3336 2128 3403 patum
2159 3331 2335 3397 auxit,
2366 3335 2423 3385 et
2449 3329 2740 3384 constituit
2763 3345 3049 3384 sacrarum
3076 3330 3439 3387 ecclesiarum
3473 3334 3573 3387 ho-

1931 3442 2129 3479 norem
2159 3430 2214 3479 et
2239 3424 2591 3495 disciplinam
2616 3423 2842 3493 scripta,
2881 3422 2973 3478 lex
3002 3428 3085 3477 est
3112 3424 3182 3479 de
3221 3425 3573 3481 alienationi-

1931 3518 2036 3572 bus
2061 3517 2445 3572 ecclesiasticis
2472 3516 2735 3571 conclusa
2771 3516 2831 3569 in
2863 3516 2979 3570 sola
3025 3516 3197 3587 hujus
3231 3517 3571 3573 felicissime

1931 3610 2166 3665 civitatis
2211 3610 2563 3664 sanctissima
2606 3609 2824 3680 majore
2859 3609 3107 3663 ecclesia.
3149 3611 3216 3664 Et
3270 3611 3568 3667 laudamus

1930 3703 2179 3775 plurima
2202 3703 2375 3774 hujus
2401 3702 2542 3774 legis
2569 3718 2702 3756 cum
2723 3701 2880 3755 omni
2897 3702 3253 3756 vehementia
3267 3708 3324 3757 et
3345 3704 3444 3758 Dei
3456 3706 3569 3759 cul-

1932 3798 2058 3850 tura
2086 3795 2288 3867 posita.
2318 3795 2423 3851 Sed
2450 3811 2516 3849 eo
2549 3795 2701 3866 quod
2730 3810 2847 3848 non
2889 3794 3232 3864 generaliter
3264 3796 3445 3865 posita
3470 3797 3562 3864 sit,

1930 3888 1993 3943 in
2020 3888 2302 3957 omnibus,
2331 3887 2587 3958 indigere
2606 3886 2777 3941 etiam
2798 3901 2924 3940 eam
2951 3886 3196 3957 quadam
3218 3888 3565 3946 correctione

1931 3980 2322 4036 credimus.Ab
2339 3979 2633 4035 Anastasio
2661 3995 2886 4050 quoque
2911 3979 3022 4050 piae
3044 3980 3338 4035 memoriae
3358 3983 3566 4055 scripta

1933 4075 2194 4147 quaedam
2218 4074 2288 4129 de
2324 4073 2529 4129 talibus
2554 4073 2645 4127 lex
2672 4077 2774 4142 est,
2816 4089 3001 4145 neque
3034 4072 3235 4128 similis
3269 4074 3467 4146 priori,
3509 4082 3567 4133 et

1931 4168 2164 4222 omnino
2201 4168 2389 4221 minus
2434 4166 2669 4234 habens,
2713 4164 2889 4220 effusa
2935 4182 3182 4237 namque
3219 4171 3276 4222 et
3303 4184 3407 4239 per
3442 4168 3566 4225 loca

1929 4261 2064 4315 foris
2091 4261 2292 4332 posita,
2324 4260 2695 4315 nihilominus
2719 4259 2927 4314 mansit
2951 4260 3298 4331 imperfecta,
3325 4279 3392 4317 eo
3411 4264 3564 4336 quod

1932 4355 2003 4410 ad
2028 4355 2211 4409 solum
2235 4354 2608 4409 sacerdotium
2635 4358 2693 4408 et
2733 4353 2998 4408 dimcesin
3035 4353 3316 4425 respiciat,
3362 4357 3564 4412 consti-

1932 4453 2114 4503 tutam
2138 4448 2242 4501 sub
2267 4446 2591 4501 beatissimo
2617 4446 2933 4516 patriarcha
2956 4446 3127 4515 hujus
3153 4446 3325 4517 regite
3354 4453 3410 4502 et
3444 4449 3564 4504 feli-

1929 4541 2167 4595 cissimae
2196 4540 2455 4609 civitatis,
2477 4538 2615 4592 alias
2638 4542 2830 4592 autem
2854 4554 3050 4592 omnes
3072 4554 3185 4592 non
3211 4546 3564 4609 perscrutata

1928 4634 2105 4703 sedes,
2136 4648 2267 4687 cum
2294 4632 2492 4704 utique
2514 4631 2749 4702 dignam
2775 4630 3124 4687 correctione
3152 4647 3271 4687 esse
3297 4649 3425 4689 eam
3465 4651 3561 4691 ar-

1929 4726 2187 4794 bitratus,
2214 4730 2451 4797 prepter
2480 4740 2652 4796 quam
2679 4723 3029 4778 occasionem
3048 4724 3157 4779 alia
3168 4724 3403 4796 quidem
3432 4745 3563 4785 cor-

1930 4820 2169 4890 rigebat,
2208 4818 2316 4874 alia
2357 4834 2492 4872 vero
2547 4817 2919 4889 incomposita
2945 4816 3317 4890 relinquebat.
3352 4822 3562 4887 Quam-

1931 4913 2129 4970 obrem
2148 4929 2274 4969 eam
2299 4927 2523 4984 quoque
2551 4926 2749 4966 vacare
2776 4911 2846 4966 de
2874 4915 3081 4968 caetero
3120 4914 3427 4984 sancimus,
3469 4922 3564 4974 ut-

1932 5012 2063 5080 pote
2090 5005 2500 5078 imperfectam,
2534 5008 2591 5058 et
2614 5004 2737 5059 loco
2762 5004 3211 5075 circumclusam,
3242 5014 3297 5063 et
3324 5026 3444 5065 non
3464 5028 3565 5083 ges

1934 5102 2186 5157 neralem
2214 5099 2362 5153 inter
2386 5098 2539 5169 leges
2576 5096 2932 5169 existentem,
2969 5115 3155 5172 neque
3198 5100 3413 5173 aliquid
3455 5109 3569 5161 stu-

1935 5194 2159 5250 diosum
2183 5191 2654 5247 introducentem.

2006 5316 2132 5369 Haec
2160 5328 2295 5384 ergo
2321 5328 2423 5367 nos
2448 5311 2638 5366 omnia
2664 5310 3048 5382 emendantes,
3078 5327 3257 5369 unam
3283 5314 3571 5376 existima-

1936 5425 2065 5464 mus
2090 5407 2501 5479 legislationem
2526 5405 2788 5460 omnibus
2814 5405 3296 5465 sanctissimarum
3317 5411 3573 5469 ecclesia-

1937 5520 2089 5572 rum,
2144 5500 2643 5566 xenodochiorum,
2691 5498 3167 5572 nosocomiorum,
3211 5507 3574 5563 monasterio-

1940 5615 2089 5668 rum,
2108 5595 2707 5668 brephotrophiorum,
2730 5594 3306 5667 gerontocomiorum,
3329 5603 3386 5654 et
3404 5602 3573 5657 totius

1941 5696 2143 5751 sacrati
2186 5694 2414 5766 collegii
2440 5693 2607 5749 rebus
2643 5692 3065 5766 imponendam,
3106 5699 3162 5749 et
3199 5695 3346 5752 hanc
3387 5697 3575 5771 legem

1942 5785 2140 5842 Leonis
2169 5784 2281 5858 piae
2299 5785 2595 5842 memorias
2620 5782 3003 5844 constitutioni
3024 5783 3401 5857 adjiciendam
3423 5802 3572 5848 esse:

3183 5890 3262 5957 30
