4034 6228
466 225 568 278 993
1602 215 1860 273 SECULI
1898 214 2090 270 SEXTI

2224 211 2684 269 PPLEMENTUM.
3761 204 3887 257 9-50

462 329 622 401 prius
673 327 905 400 quidem
957 327 1205 383 breviter
1256 324 1670 397 legislationem
1725 327 2098 395 exponentes,
2125 323 2311 408 Anit,
2343 326 2401 376 et
2426 321 2665 375 multam
2692 317 2952 389 imponit,
2985 322 3239 388 etusque
3263 315 3333 372 ad
3360 331 3452 370 res
3476 312 3890 370 sanctissimte

464 422 656 495 sicque
679 437 848 476 omne
877 420 1029 492 quod
1058 420 1349 491 reliquum
1375 422 1461 473 est
1488 418 1826 472 intexentes.
2198 416 2431 489 majoris
2457 412 2704 470 ecclesiae
2726 417 2836 467 stat
2854 410 3230 481 solummodo,
3260 415 3317 466 et
3359 423 3703 482 quanquam
3753 422 3890 460 om-

534 516 667 570 Vult
692 521 881 570 autem
909 515 1004 568 illa
1028 529 1214 586 neque
1242 515 1355 568 Deo
1384 511 1687 566 amabilem
1723 508 2097 580 archiepisco-
2198 526 2336 567 nem
2366 508 2598 581 perimit
2631 506 3193 573 circumventionem,
3241 520 3416 576 quam
3451 500 3885 575 praediximus,

461 624 603 681 pum
629 612 687 663 et
722 608 1098 678 patriarcham
1123 606 1293 677 hujus
1319 604 1657 660 felicissimae
1702 602 1957 671 civitatis,
2001 617 2100 657 seu
2200 622 2316 662 non
2338 608 2532 659 tamen
2552 601 2799 657 retinere
2821 599 3183 655 calliditatem
3203 603 3400 670 postea
3421 594 3887 667 insurgentium

463 700 829 757 sanctissimae
892 699 1120 770 majoris
1182 699 1448 767 ecclesiae,
1504 714 1689 769 neque
1746 712 2102 752 aeconomum
2200 698 2392 754 valuit.
2419 696 2663 762 Quidam
2693 694 2850 749 enim
2876 693 3095 749 dudum
3120 693 3230 748 hoc
3255 692 3409 764 quod
3435 695 3674 745 vocatur
3704 687 3886 741 colo-

464 795 728 863 vendere,
765 797 863 847 aut
905 792 1134 861 donare,
1162 796 1259 846 aut
1284 792 1448 847 aliter
1475 791 1722 846 alienare
1747 807 1870 845 rem
1896 790 2099 844 immo-
2202 791 2426 848 narium
2438 791 2535 861 jus
2555 788 2657 859 (est
2675 792 2866 843 autem
2884 785 3230 842 colonarium
3242 786 3338 856 jus
3357 783 3534 839 veluti
3550 782 3594 837 si
3611 781 3889 836 domum

463 887 660 956 bilem,
691 887 926 942 domum
951 885 1161 955 forsan,
1189 891 1286 940 aut
1313 901 1537 957 agrum,
1565 890 1661 939 aut
1690 884 1977 953 colonum,
2006 887 2104 938 aut
2201 886 2482 940 valentem
2508 887 2738 939 centum
2763 881 2989 949 solidos,
3020 884 3079 934 et
3111 880 3480 951 priestantem
3513 875 3889 948 pensionem

466 978 747 1051 mancipia
770 979 999 1047 rustica,
1030 984 1128 1034 aut
1153 979 1339 1033 civiles
1389 995 1643 1033 annonas
1687 978 1840 1048 (nam
1886 982 1942 1032 et
1980 977 2102 1031 hazc
2203 979 2409 1035 solidos
2434 979 2633 1033 decem
2657 975 2891 1046 accipiat
2916 974 3042 1046 quis
3068 973 3138 1027 ab
3167 972 3420 1040 ecclesia,
3452 975 3512 1025 et
3537 970 3639 1026 det
3661 984 3793 1040 pro
3816 982 3891 1024 ea

463 1074 615 1129 inter
650 1071 967 1127 immobilia
1010 1071 1369 1127 numeranda
1412 1074 1545 1125 sunt
1596 1087 1724 1141 quae
1776 1072 2105 1141 competunt
2203 1073 2410 1128 solidos
2452 1074 2704 1139 centum,
2746 1085 2842 1123 seu
2891 1067 3154 1139 amplius,
3184 1071 3284 1121 aut
3329 1064 3507 1121 etiam
3545 1064 3785 1131 minus,
3829 1066 3893 1115 et

463 1166 1097 1237 Constantinopolitanae
1144 1165 1511 1219 sanctissimas
1566 1164 1775 1234 majori
1829 1163 2100 1232 ecclesia),
2204 1166 2366 1239 quasi
2377 1166 2499 1236 jam
2529 1165 2597 1220 de
2625 1162 2855 1236 proprio
2874 1164 3147 1233 aggravet
3166 1176 3224 1214 se
3254 1160 3387 1214 dare
3414 1157 3663 1229 singulis
3687 1154 3887 1210 annis

464 1260 565 1315 sed
590 1275 776 1331 neque
811 1276 913 1330 pro
942 1260 1054 1313 ulla
1085 1258 1563 1329 compensatione,
1592 1263 1690 1312 aut
1716 1256 1967 1328 qualibet
1998 1257 2105 1309 alia
2204 1259 2362 1332 quasi
2401 1257 2685 1330 pensionis
2708 1255 2941 1310 nomine
2970 1254 3174 1309 solidos
3201 1255 3348 1322 tres;
3382 1252 3488 1307 iste
3516 1255 3725 1306 autem
3759 1266 3881 1320 ap-

466 1352 942 1408 circumventione
994 1352 1108 1407 tale
1164 1352 1378 1424 aliquid
1421 1352 1534 1422 agi.
1586 1351 1654 1406 Et
1705 1351 2106 1405 interminatur
2204 1353 2447 1425 pellatur
2471 1366 2746 1423 parcecus.
2777 1349 2885 1404 Sed
2914 1349 3095 1420 ipsam
3122 1347 3357 1402 domum
3390 1345 3496 1401 sub
3524 1350 3643 1400 tam
3680 1359 3889 1415 parva

464 1446 708 1518 emptori
762 1446 992 1518 quidem
1042 1446 1123 1501 rei
1168 1444 1609 1512 restitutionem,
1657 1448 1721 1499 ut
1759 1444 1957 1499 reddat
2001 1460 2105 1515 pro
2205 1446 2475 1518 pensione
2512 1444 2572 1499 in
2598 1447 2939 1515 perpetuum
2966 1444 3025 1495 et
3049 1441 3169 1512 ipse
3197 1443 3253 1495 et
3281 1439 3543 1494 haeredes
3564 1438 3696 1509 ejus
3727 1453 3881 1508 pos-

462 1543 720 1611 tempore
745 1555 1037 1594 ceconomo
1066 1556 1259 1594 rerum
1285 1538 1652 1593 sanctissima
1680 1537 1925 1593 ecclesiae
1959 1553 2102 1606 rem,
2206 1538 2485 1609 sidebant)
2512 1537 2929 1592 adinvenientes
2953 1550 3140 1606 neque
3158 1533 3364 1588 nostris
3391 1532 3642 1604 legibus,
3662 1546 3883 1602 neque

465 1648 639 1705 quam
682 1632 802 1703 ipse
850 1632 1185 1703 perceperit,
1231 1648 1361 1686 cum
1409 1631 1565 1685 omni
1603 1630 1775 1685 medii
1830 1630 2107 1702 temporis
2205 1634 2541 1705 cujusquam
2576 1630 2835 1686 omnium
2869 1630 3089 1695 notum,
3143 1626 3697 1682 circumventionem
3750 1640 3883 1679 non

463 1725 676 1793 fructu,
716 1728 773 1779 et
798 1726 919 1779 aliis
948 1725 1136 1793 lucris,
1168 1741 1300 1779 casu
1330 1724 1666 1779 imminente
1703 1724 2018 1795 pretiorum
2055 1723 2107 1778 ei
2126 1708 2182 1781 Β
2206 1743 2440 1800 parvam
2468 1724 2721 1781 meditati
2751 1727 2884 1778 sunt
2909 1725 3103 1778 contra
3125 1722 3335 1793 legem,
3373 1725 3683 1792 perpetuas
3714 1734 3880 1790 pene

464 1819 567 1890 qui
592 1818 703 1873 tale
727 1817 939 1889 aliquid
960 1817 1215 1889 accipere
1228 1822 1665 1889 autcomparare
1680 1817 2103 1889 praesumpserit
2201 1819 2581 1891 excogitantes
2622 1817 3005 1873 alienationes.
3048 1814 3208 1880 Quod
3241 1829 3347 1869 nos
3376 1814 3445 1868 de
3507 1815 3728 1867 caetero
3772 1812 3879 1882 agi

465 1927 599 1967 cum
622 1910 792 1966 etiam
815 1911 924 1966 hoc
947 1911 1200 1982 quidem,
1231 1910 1382 1982 quod
1401 1915 1594 1966 contra
1607 1911 1764 1983 leges
1791 1916 1981 1966 actum
1996 1914 2098 1979 est,
2200 1914 2590 1987 prohibemus,
2617 1916 2672 1966 et
2696 1927 2799 1983 pro
2826 1926 2892 1965 eo
2910 1910 3033 1980 ipso
3052 1907 3490 1980 conscripsimus
3509 1906 3736 1978 legem.

464 2003 544 2059 ita
569 2008 762 2076 ponat,
793 2021 857 2059 ac
882 2002 929 2059 si
959 2020 1146 2076 neque
1171 2022 1205 2059 a
1232 2003 1513 2076 principio
1541 2009 1766 2075 gestum
1804 2004 1894 2059 sit.
1925 2004 2100 2059 (Εεο-
2272 2008 2497 2063 Dudum
2522 2009 2713 2061 autem
2740 2008 2798 2059 et
2819 2004 2893 2058 ad
2920 2002 3322 2075 emphyteusin
3359 2004 3773 2072 respexerunt,
3812 2005 3874 2053 et

461 2113 705 2153 nomum
730 2113 866 2152 vero
895 2098 1017 2152 haec
1060 2096 1528 2168 praevaricantem
1581 2097 1711 2152 dare
1757 2097 1988 2168 quidem
2034 2097 2103 2151 de
2202 2101 2619 2157 imminuerunt
2635 2097 2942 2170 plurimam
2958 2096 3345 2169 quantitatem
3370 2093 3491 2149 veri
3503 2094 3733 2148 reditus
3754 2091 3875 2146 illis

461 2207 564 2247 suo
605 2190 973 2246 sanctissimae
1022 2190 1272 2245 ecclesiae
1303 2190 1471 2261 jubet
1501 2206 1693 2260 omne,
1725 2190 2001 2261 quidquid
2032 2206 2103 2245 ex
2203 2195 2305 2268 qui
2332 2192 2733 2266 emphyteusin
2756 2190 3060 2262 accipiunt,
3098 2192 3439 2261 praestantes
3468 2187 3530 2242 hi
3559 2186 3662 2258 qui
3686 2186 3869 2241 rebus

464 2301 531 2341 ea
585 2301 751 2339 causa
794 2285 1045 2339 lucratus
1103 2288 1207 2353 est,
1261 2288 1362 2338 aut
1412 2283 1778 2338 sanctissimae
1832 2282 2102 2354 ecclesiae,
2203 2289 2437 2361 quidem
2463 2285 2828 2342 sanctissimae
2855 2283 3088 2355 majoris
3117 2283 3371 2339 ecclesiae
3399 2280 3813 2352 praesidebant.

466 2377 661 2433 damni
689 2377 898 2431 intulit.
929 2377 1111 2447 Super
1130 2377 1237 2431 hoc
1257 2380 1450 2430 autem
1469 2378 1638 2431 etiam
1660 2376 1908 2431 excludit
1921 2376 2104 2431 ofﬁcio
2279 2382 2523 2453 Ideoque
2553 2396 2655 2435 nos
2673 2380 2734 2435 in
2760 2378 3007 2451 quadam
3027 2375 3499 2431 constitutionum
3524 2378 3867 2429 nostrarum

466 2485 845 2539 ceconomum,
885 2475 940 2524 et
977 2470 1072 2524 dat
1110 2469 1392 2524 actionem
1435 2470 1804 2525 sanctissima:
1835 2470 2103 2541 ecclesiae,
2205 2476 2509 2532 deﬁnimus
2536 2473 2770 2546 quidem
2797 2488 2975 2544 usque
2994 2471 3065 2526 ad
3090 2486 3359 2542 personas
3381 2472 3498 2524 tres
3521 2467 3871 2539 emphyteu-

464 2580 583 2618 non
612 2563 796 2617 solum
860 2567 1056 2617 contra
1113 2563 1227 2617 Deo
1280 2563 1552 2618 amabiles
1602 2580 1942 2631 oeconomos,
2009 2563 2109 2618 sed
2208 2570 2295 2626 sin
2333 2569 2480 2639 ﬁeri,
2526 2566 2869 2640 accipientis,
2916 2570 2973 2620 et
3011 2564 3258 2619 duorum
3292 2562 3535 2618 aliorum
3577 2577 3869 2617 successo-

468 2656 639 2713 etiam
666 2660 864 2711 contra
902 2673 1251 2711 successores
1280 2673 1501 2725 eorum,
1549 2657 1662 2711 sive
1688 2657 1794 2729 ipsi
1822 2658 1945 2712 haec
1969 2657 2106 2712 alie-
2206 2679 2370 2719 rum:
2403 2663 2511 2717 hoc
2539 2661 2711 2717 etiam
2736 2675 2907 2732 super
2919 2658 3088 2716 rebus
3116 2656 3484 2712 sanctissimae
3511 2655 3758 2726 majoris
3776 2671 3863 2709 ec-

466 2751 744 2818 naverint,
769 2751 885 2804 sive
909 2765 1013 2821 pro
1029 2755 1285 2822 tempore
1311 2752 1424 2805 Deo
1439 2750 1742 2805 amabilem
1756 2751 2104 2822 episcopum,
2209 2757 2395 2812 clesige
2423 2755 2546 2811 ﬁeri
2574 2754 2986 2826 permittentes,
3034 2767 3149 2805 non
3195 2752 3389 2805 autem
3435 2747 3591 2804 ultra
3638 2751 3864 2803 sextam

466 2850 567 2899 aut
601 2844 774 2898 alium
820 2842 1147 2915 quempiam
1199 2843 1534 2898 clericorum
1576 2842 1827 2899 videntes
1862 2844 2112 2898 alienan-
2207 2854 2430 2922 partem
2467 2853 2703 2921 propter
2736 2845 2999 2901 fortuitos
3049 2859 3213 2899 casus
3258 2842 3665 2915 emphyteusin
3713 2841 3863 2897 acci-

467 2941 585 2992 tem
616 2936 887 3007 degeneri
919 2940 974 2989 et
1001 2935 1263 2990 illiberali
1287 2935 1669 2991 taciturnitate
1700 2937 1849 3008 passi
1875 2942 2026 3004 sunt,
2056 2940 2112 2992 et
2209 2944 2432 3016 pientes
2472 2941 2707 2999 relevari
2735 2940 3068 2995 sancientes.
3104 2937 3245 3003 Quia
3272 2952 3409 2992 vero
3449 2935 3759 3008 didicimus
3784 2936 3867 2989 sic

468 3029 652 3086 multo
676 3029 885 3101 potius,
914 3029 960 3083 si
991 3045 1121 3083 cum
1154 3029 1428 3095 viderent,
1458 3031 1895 3085 consentitentes
1921 3030 2027 3085 tale
2057 3046 2115 3084 a-
2137 3076 2188 3107 η
2215 3037 2390 3094 effuse
2435 3040 2492 3091 et
2513 3034 2689 3107 impie
2708 3034 2777 3088 ab
2800 3032 3082 3105 aliquibus
3107 3031 3234 3086 fieri
3270 3031 3631 3098 documenta,
3658 3033 3729 3085 ut
3758 3046 3863 3084 ne-

468 3076 649 3086 σι’-*ον’
676 3076 885 3101 ι’ννη--Ἷ
916 3076 960 3083 --
995 3076 1121 3083 ν*·-·
1164 3076 1428 3095 ---τ-ν-·Ἷ
1461 3076 1894 3085 *νυ-’ν’--ηνκννυ
1922 3076 2027 3085 ν“-ν
2057 3076 2090 3084 ’-
2215 3076 2390 3094 ειμι-μιν
2435 3076 2492 3091 νυ
2514 3076 2689 3107 nul-"Iv
2708 3076 2777 3088 *που
2800 3076 3081 3105 υυειιισυκυ
3108 3076 3234 3086 ’κη-
3271 3076 3631 3098 *νννιι-νιιννι
3665 3076 3727 3085 ν’·
3759 3076 3833 3084 ⁵-⁸

468 3123 654 3195 liquid
678 3122 1080 3194 permiserunt,
1106 3127 1161 3177 et
1178 3138 1293 3176 non
1314 3123 1753 3194 prohibuerunt.
1777 3125 1859 3178 Ad
1881 3124 2004 3178 haec
2019 3141 2116 3178 au-
2136 3076 2191 3151 Ο
2215 3148 2326 3204 que
2354 3134 2512 3186 sexta
2540 3129 2893 3201 relinquatur
2912 3125 3284 3182 sanctissimae
3304 3124 3553 3180 ecclesiae
3581 3140 3735 3196 pars,
3768 3140 3862 3177 re-

469 3221 593 3270 tem
615 3216 787 3270 etiam
799 3214 1442 3285 tabellionem,quitalia
1458 3217 1700 3270 confecit
1715 3217 2111 3288 instrumenta,
2212 3226 2383 3297 liquis
2412 3224 2677 3279 omnibus
2701 3221 3102 3293 emphyteusin
3143 3218 3552 3291 accipientibus
3593 3217 3820 3273 donatis
3849 3234 3862 3271 :

473 3313 750 3381 perpetuo
792 3308 964 3362 tradit
991 3307 1189 3363 exsilio
1214 3308 1429 3362 nullam
1459 3309 1511 3362 ei
1539 3309 1898 3365 clementiam
1928 3304 2114 3383 neque
2213 3335 2383 3391 porro
2420 3322 2614 3373 autem
2650 3315 2974 3371 Anastasius
2998 3314 3109 3386 pia:
3156 3312 3450 3368 memoria!
3479 3315 3637 3383 gesta
3659 3327 3868 3366 monu-

472 3418 579 3473 per
603 3401 981 3456 reversionem
1011 3401 1375 3473 participans.
1410 3403 1558 3473 Ipsos
1585 3418 1810 3475 quoque
1840 3406 2115 3460 maximos
2215 3417 2542 3468 mentorum
2570 3409 2915 3465 constituens
2943 3408 3069 3462 ﬁeri
3098 3423 3271 3479 super
3299 3404 3766 3474 alienationibus,
3786 3405 3864 3459 sic

467 3493 708 3566 judices,
738 3495 837 3565 qui
862 3494 932 3549 ad
957 3494 1079 3549 haec
1116 3495 1410 3564 accedunt,
1452 3501 1510 3551 et
1548 3497 1753 3551 talibus
1793 3499 2119 3555 ministrant
2214 3510 2281 3563 ut
2309 3507 2478 3562 etiam
2503 3505 2673 3576 hujus
2700 3504 2783 3558 rei
2805 3508 3029 3573 tempus
3053 3500 3413 3572 adjiceretur,
3447 3506 3505 3555 et
3528 3500 3867 3571 emphyteu-

475 3588 679 3656 causis,
712 3593 812 3642 aut
847 3588 1047 3642 conﬁci
1074 3588 1227 3658 apud
1256 3590 1587 3661 semetipsos
1614 3595 1989 3646 monumenta
2011 3610 2116 3665 pro
2216 3600 2304 3655 sin
2331 3602 2603 3665 statuens,
2638 3597 2758 3653 sine
2786 3596 2957 3668 gestis
2981 3596 3212 3667 quidem
3236 3611 3418 3667 usque
3459 3594 3532 3649 ad
3570 3594 3747 3648 solam
3777 3593 3860 3646 vi-

472 3681 901 3736 conﬁrmatione
921 3681 1118 3735 talium
1134 3681 1505 3737 donationum
1520 3684 1872 3740 autaliorum
1885 3692 2117 3742 actuum
2214 3698 2334 3749 tam
2358 3691 2679 3764 accipientis
2707 3690 3127 3761 emphyteusin,
3161 3706 3294 3744 cum
3342 3688 3515 3760 gestis
3554 3692 3752 3742 autem
3802 3688 3859 3741 in

473 3776 789 3848 patiuntur,
814 3774 1065 3846 cingulo,
1095 3779 1151 3830 et
1175 3774 1472 3847 dignitate,
1507 3782 1565 3832 et
1589 3778 1900 3834 substantia
1938 3780 2116 3836 inter-
2217 3790 2561 3859 perpetuum
2587 3800 2717 3840 eam
2759 3783 3093 3853 extendens,
3124 3799 3313 3854 neque
3355 3781 3674 3854 perfectam
3709 3780 3856 3847 fecit,

475 3869 728 3923 minatur
746 3867 1068 3922 excludere.
1087 3866 1404 3940 Hmcigitur
1418 3869 1719 3942 increpans
1731 3873 2116 3943 vehementer,
2217 3896 2406 3953 neque
2426 3879 2622 3934 utilem
2648 3879 2855 3950 legem,
2889 3881 2945 3932 et
2966 3876 3219 3948 undique
3245 3875 3666 3948 imperfectam,
3682 3891 3859 3946 usque

474 3960 756 4033 permittit
773 3960 856 4014 rei
875 3961 1263 4015 ecclesiasticae
1282 3979 1465 4032 usum,
1485 3966 2115 4035 autquivocaturusus-
2218 3974 2291 4029 ad
2316 3974 2494 4029 solam
2521 3971 2786 4028 dioecesin
2811 3966 3206 4043 patriarchicae
3232 3970 3382 4025 sedis
3410 3970 3586 4040 hujus
3612 3968 3858 4024 felicissi-

477 4054 714 4121 fructus,
748 4052 852 4106 sub
875 4057 1029 4107 certo
1056 4055 1303 4124 quodam
1327 4059 1606 4128 tempore,
1631 4064 1727 4113 aut
1747 4059 1914 4114 etiam
1938 4078 2117 4133 usque

479 4145 552 4200 ad
590 4145 765 4199 vitam
814 4145 1180 4217 percipientis
1217 4147 1354 4202 dare
1393 4151 1798 4207 sanctissimam
1845 4154 2119 4225 majorem

481 4238 792 4306 ecclesiam,
843 4238 946 4293 sub
974 4239 1078 4293 hac
1097 4244 1288 4295 tamen
1313 4241 1659 4314 definitione,
1691 4249 1756 4299 ut
1780 4245 1825 4299 is
1850 4248 1949 4318 qui
1974 4248 2119 4304 hanc

482 4327 699 4400 accepit
742 4327 1215 4399 muniﬁcentiam,
1299 4330 1555 4401 ejusdem
1613 4334 1940 4405 quantitatis
1996 4354 2119 4393 rem

2219 4083 2330 4123 mae
2376 4065 2612 4122 civitatis
2655 4064 2820 4145 (sicut
2850 4064 3235 4136 praediximus)
3280 4062 3701 4135 legislationem
3744 4066 3852 4117 sta-

2219 4166 2408 4216 tuens.

2290 4254 2401 4309 Nos
2442 4253 2620 4325 igitur
2665 4251 2801 4324 (jam
2840 4252 2993 4307 enim
3035 4249 3107 4308 ad
3132 4251 3324 4325 legem
3363 4250 3709 4306 veniendum
3754 4252 3847 4317 est)

2219 4347 2520 4415 sancimus,
2549 4362 2736 4418 neque
2768 4344 3182 4401 sanctissimam
3208 4346 3381 4417 hujus
3415 4344 3750 4400 felicissimae
3778 4343 3848 4399 ci—

478 4424 875 4494 recompenset
913 4421 1282 4479 sanctissima
1323 4425 1523 4496 majori
1563 4426 1811 4483 ecclesiae
1831 4429 1962 4500 jure
1990 4449 2117 4502 pro-
2139 4443 2199 4516 Ι)
2220 4441 2406 4497 vitatis
2432 4440 2712 4510 majorem
2737 4439 3052 4508 ecclesiam,
3082 4455 3267 4510 neque
3294 4437 3399 4493 sub
3436 4455 3504 4493 ea
3537 4438 3849 4493 constitutas

478 4516 755 4589 prietatis,
783 4532 855 4571 ex
882 4532 993 4588 qua
1018 4517 1196 4588 possit
1232 4518 1501 4573 eumdem
1540 4520 1790 4577 reditum
1836 4525 2121 4581 sanctissi-

479 4625 579 4665 ma
605 4610 834 4665 ecclesia
851 4610 1078 4679 habere,
1101 4615 1383 4682 quantum
1401 4612 1494 4697 ille
1519 4629 1585 4668 ex
1611 4631 1718 4669 usu
1742 4620 1979 4689 accepit,
1998 4626 2125 4692 post

481 4703 843 4776 percipientis
872 4703 1070 4775 utique
1109 4709 1374 4777 mortem,
1417 4710 1516 4762 aut
1551 4708 1849 4765 definitum
1877 4715 2121 4787 tempus,

482 4812 589 4853 usu
619 4796 877 4851 videlicet
901 4801 959 4851 et
994 4798 1292 4854 usufructu
1313 4800 1459 4855 datae
1503 4802 1889 4861 ecclesiasticae
1932 4809 2014 4864 rei
2051 4810 2122 4865 ad

485 4889 890 4946 sanctissimam
930 4890 1205 4961 majorem
1246 4893 1537 4949 ecclesiam
1569 4896 1869 4969 redeunte,
1906 4907 1961 4957 et
1984 4903 2123 4959 item

483 5000 591 5041 usu
627 4983 850 5038 donatae
894 4984 978 5038 rei
1023 5000 1153 5039 cum
1181 4988 1527 5057 proprietate
1554 4991 1920 5048 sanctissimae
1952 4996 2123 5053 eccle-

483 5078 583 5134 site
604 5076 972 5147 vindicando;
1000 5077 1173 5133 talem
1201 5095 1449 5151 namque
1483 5086 1834 5140 contractum
1867 5088 1986 5144 sine
2029 5107 2121 5162 pe-

484 5171 664 5227 riculo
697 5187 815 5225 esse
853 5170 1015 5241 ponit
1053 5172 1165 5226 lex.
1212 5172 1268 5228 Si
1304 5189 1437 5228 vero
1474 5175 1712 5231 minoris
1750 5180 1923 5235 fuerit
1948 5199 2121 5254 quam

485 5265 639 5338 quod
664 5264 829 5319 datur
846 5280 880 5317 a
903 5264 1256 5320 sanctissima
1268 5265 1498 5322 ecclesia
1516 5268 1660 5325 illud
1679 5257 1833 5342 quod
1855 5291 2121 5348 compen-

484 5360 641 5411 satur
665 5357 717 5411 ei
740 5356 901 5427 cuius
928 5373 1064 5413 mox
1100 5358 1335 5430 quidem
1377 5361 1651 5432 percipiet
1694 5367 2116 5440 proprietatem,

484 5455 672 5522 sperat
688 5454 880 5505 autem
897 5455 951 5506 et
974 5467 1138 5506 usum
1159 5452 1434 5524 accipere,
1448 5454 1744 5512 inﬁrmum
1765 5466 2117 5518 contractum

486 5545 545 5598 et
585 5559 688 5614 pro
712 5559 828 5598 non
854 5543 998 5599 facto
1023 5546 1205 5616 ponit,
1233 5546 1439 5618 datque
1463 5548 1753 5605 licentiam
1784 5553 2117 5611 vindicatio-

483 5635 594 5702 nis,
640 5639 835 5706 utpote
884 5637 1359 5696 circumventione
1384 5645 1580 5698 contra
1614 5642 1712 5714 jus
1749 5647 2118 5706 sanctissimae

487 5726 737 5785 ecclesias
775 5726 939 5783 facta.
979 5730 1092 5787 Lex
1117 5733 1309 5805 itaque
1332 5734 1463 5789 talia
1488 5735 1593 5790 sub
1620 5736 1894 5795 brevitate
1920 5741 2115 5798 decer-

2224 4534 2503 4601 ecclesias,
2555 4549 2800 4605 quarum
2846 4532 2968 4603 ipsa
3015 4532 3408 4604 erogationem
3439 4532 3688 4603 suscepit
3708 4531 3850 4597 (sicut

2223 4643 2350 4683 eam
2375 4626 2695 4683 Anastasius
2721 4627 2828 4698 piae
2855 4626 3149 4680 memoria:
3173 4625 3584 4697 interpretatus
3611 4624 3732 4694 est),
3767 4638 3849 4678 nes

2222 4738 2336 4794 que
2361 4722 2496 4776 alias
2505 4737 2705 4777 omnes
2725 4720 2985 4776 ecclesias
3011 4720 3070 4775 in
3090 4719 3196 4774 hac
3221 4719 3545 4774 felicissima
3564 4719 3848 4783 existentes

2223 4815 2462 4886 civitate,
2492 4819 2591 4870 aut
2616 4814 2765 4869 circa
2791 4814 2912 4886 ejus
2937 4812 3205 4881 conﬁnia,
3252 4828 3442 4885 neque
3488 4812 3593 4868 sub
3636 4814 3849 4885 patriar-

2222 4908 2380 4964 chica
2423 4909 2556 4964 sede
2608 4908 2782 4980 hujus
2832 4906 3172 4963 felicissimae
3219 4904 3458 4962 civitatis
3520 4905 3843 4975 constitutas,

2221 5018 2467 5075 quarum
2510 5001 2973 5074 metropolitanos
3016 5000 3139 5073 ipse
3181 5000 3424 5070 ordinat,
3468 5015 3658 5073 neque
3694 5001 3845 5057 alium

2220 5095 2405 5151 ullum
2428 5095 2774 5167 ubictmque,
2806 5094 2922 5149 sive
2950 5093 3352 5166 patriarcham,
3386 5092 3503 5148 sive
3532 5093 3841 5165 episcopum

2222 5188 2479 5259 (dicimus
2507 5193 2703 5244 autem
2733 5191 2794 5243 et
2817 5205 2914 5244 eos
2935 5187 3032 5260 qui
3058 5187 3119 5242 in
3146 5187 3392 5256 Osiente,
3412 5188 3471 5240 et
3486 5185 3585 5258 qui
3611 5186 3671 5241 in
3695 5185 3843 5259 Illyris

2220 5297 2306 5352 co,
2355 5283 2591 5354 insuper
2634 5287 2692 5339 et
2734 5283 2795 5338 in
2829 5284 3095 5354 Egypto,
3144 5285 3201 5337 et
3241 5280 3539 5351 Lycaonia,
3582 5285 3747 5352 atque
3791 5279 3838 5334 in

2219 5375 2404 5448 Lycia,
2448 5382 2505 5432 et
2554 5390 2647 5431 eos
2687 5378 2786 5449 qui
2823 5377 2883 5431 in
2921 5375 3179 5430 Africana
3215 5373 3525 5445 provincia,
3570 5379 3752 5445 atque,
3790 5376 3840 5427 ut

2219 5468 2458 5524 strictim
2499 5471 2771 5539 dicamus,
2820 5486 2927 5542 per
2949 5485 3146 5524 omnes
3171 5471 3380 5523 nostrae
3411 5467 3643 5522 ditionis
3667 5473 3834 5529 terras,

2218 5578 2458 5632 necnon,
2491 5565 2589 5636 qui
2612 5565 2675 5619 in
2703 5563 3005 5619 Occidente
3030 5568 3180 5630 sunt,
3210 5563 3323 5616 Deo
3346 5560 3625 5615 amabiles
3650 5560 3833 5632 episco-

2217 5672 2318 5728 pos
2345 5658 2415 5713 ab
2443 5657 2566 5729 ipsa
2597 5657 2816 5713 seniore
2840 5657 3023 5711 Roma
3045 5672 3227 5728 usque
3252 5654 3326 5710 ad
3351 5654 3645 5710 Oceanum
3682 5654 3833 5709 consi-

2217 5750 2487 5807 stentium
2509 5750 2991 5807 sanctissimarum
3007 5748 3458 5807 orthodoxarum
3475 5748 3832 5819 ecclesiarum)
