4034 6228
142 305 238 358 9“

1028 304 1388 359 JlfSTINIANl
1428 306 1550 359 Νυκ
1567 304 1756 358 ΕΜ,Ᾱὶ
1802 303 2136 357 δΙὲΙλΕΕΤίΕ.
2177 303 2485 359 NUV'ELLA
2528 305 2634 359 VII.

3413 310 3515 363 942

140 426 335 481 neque
382 409 635 481 aliquem
672 410 1094 481 xenodochum,
1133 417 1235 467 aut
1274 412 1777 484 ptochotrophum,
1802 423 1971 497 Ares
2007 426 2040 464 a
2079 411 2479 467 communibus
2518 428 2583 466 ac
2617 411 2870 482 publicis,
2903 412 3363 485 quandoquidem
3390 431 3511 469 om-

134 508 235 558 aut
260 520 660 573 nosocomum,
686 510 785 560 aut
822 505 1378 577 orphanotrophum,
1406 509 1505 561 aut
1531 506 1778 578 brepho-

138 597 438 668 trophum,
456 603 555 652 aut
576 603 1067 670 gerontocomum,
1081 605 1180 654 aut
1197 600 1672 655 monasteriorum
1689 599 1783 669 (vi-

138 707 343 745 rorum
387 692 473 745 vel
516 692 841 761 mulierum)
872 692 1136 747 abbatem
1165 710 1267 747 seu
1298 693 1661 760 abbatissam,
1684 696 1783 746 aut

135 784 457 854 quemlibet
483 785 721 840 omnino
747 786 1149 856 prasidentem
1176 786 1591 841 venerabilibus
1618 785 1781 840 colle-

138 876 271 946 giis,
306 878 596 933 licentiam
620 878 831 934 habere
856 879 1101 934 alienare
1132 895 1254 933 rem
1279 879 1653 945 immobilem,
1685 883 1783 933 aut

133 970 195 1024 in
223 970 510 1040 domibus,
541 975 640 1026 aut
675 972 735 1026 in
762 972 935 1041 agris,
968 975 1067 1026 aut
1090 972 1151 1026 in
1181 972 1388 1041 hortis,
1418 978 1516 1027 aut
1542 971 1779 1026 omnino

132 1063 195 1118 in
224 1063 558 1135 huiusmodi
577 1066 1007 1136 consistentem,
1039 1082 1229 1136 neque
1267 1066 1543 1120 rusticum
1562 1065 1778 1119 manci-

132 1156 323 1228 pium,
353 1174 540 1230 neque
557 1157 781 1213 civilem
798 1176 1104 1229 annonam,
1130 1175 1235 1213 nec
1258 1175 1361 1230 per
1383 1158 1639 1230 specialis
1662 1159 1780 1230 pig-

133 1247 296 1301 noris
317 1247 675 1302 occasionem
699 1249 918 1303 tradere
954 1248 1347 1303 creditoribus.

207 1340 586 1395 Alienationis
613 1347 805 1396 autem
838 1359 1050 1397 nomen
1078 1342 1400 1412 generalius
1427 1341 1555 1396 ideo
1582 1340 1776 1412 posui-

130 1450 284 1503 mus,
315 1439 378 1489 ut
404 1435 806 1504 prohibeamus
833 1441 891 1490 et
917 1435 1301 1490 venditionem
1327 1440 1384 1490 et
1411 1435 1777 1489 donationem

131 1532 189 1582 et
213 1530 725 1598 computationem,
757 1534 814 1583 et
842 1530 899 1583 in
942 1534 1280 1600 perpetuum
1308 1534 1606 1583 extensam
1651 1545 1774 1582 em-

131 1620 467 1692 phyteusin,
497 1637 625 1692 qua
651 1638 765 1676 non
796 1623 995 1693 procul
1020 1622 1091 1676 ab
1116 1622 1461 1677 alienatione
1498 1622 1773 1690 consistit,

133 1714 233 1768 sed
262 1730 466 1768 omnes
510 1714 720 1785 ubique
754 1715 1067 1770 sacerdotes
1102 1715 1173 1769 ab
1208 1715 1534 1786 huiusmodi
1561 1715 1771 1770 aliena-

1881 503 2041 558 nium
2061 520 2255 559 rerum
2268 504 2631 560 sanctissimis
2644 504 2892 560 ecclesiis
2903 506 3254 561 abundantia
3267 511 3324 563 et
3338 511 3514 563 status

1882 613 1952 652 ex
1981 596 2376 669 imperialibus
2402 598 2807 653 muniﬁcentiis
2851 605 3127 671 perpetuo
3162 601 3509 672 prabeatur.

1880 691 2182 745 Alterutris
2207 691 2402 762 itaque
2428 698 2875 763 compensantes,
2906 710 3033 764 qua
3055 693 3274 761 decent,
3305 710 3422 750 non
3442 694 3513 749 ab

1881 782 2164 854 aliquibus
2181 784 2315 854 jure
2339 784 2744 856 culpabuntur.
2763 785 2944 840 Aliam
2968 802 3100 841 vero
3116 803 3367 857 omnem,
3395 788 3512 842 sive

1879 876 1951 930 ad
1976 876 2167 948 ipsum
2194 877 2522 949 imperium,
2550 877 2665 933 sive
2680 878 2751 933 ad
2780 878 2950 934 aliam
2969 895 3369 952 quamcunque
3386 897 3511 953 per-

1881 985 2085 1024 sonam
2113 969 2338 1040 factam,
2374 971 2488 1025 sive
2524 971 2906 1027 venditionem
2952 972 3068 1028 sive
3112 974 3512 1044 emphyteusin

1880 1066 2213 1133 perpetuam
2244 1063 2478 1119 omnino
2516 1064 2871 1136 perimimus.
2912 1064 3018 1121 Sed
3052 1082 3238 1138 neque
3263 1066 3511 1122 donatio-

1878 1170 2034 1225 nem,
2065 1156 2178 1211 sive
2206 1158 2704 1227 permutationem,
2733 1158 2848 1213 sive
2880 1157 3170 1215 dationem
3214 1159 3509 1229 cujusdam

1877 1248 2136 1320 pignoris
2158 1250 2219 1304 in
2242 1266 2305 1304 re
2327 1249 2611 1305 immobili
2627 1250 2835 1305 factam
2861 1252 3153 1307 occasione
3173 1257 3505 1307 mutuarum

1877 1341 2001 1396 ﬁeri
2024 1342 2280 1398 sinimus.
2310 1342 2379 1397 Et
2404 1344 2525 1398 hac
2551 1344 2736 1399 valere
2760 1345 3021 1399 volumus
3049 1345 3109 1400 in
3140 1345 3297 1400 omni
3327 1346 3502 1402 eccle-

1878 1436 1978 1505 sia,
2010 1436 2280 1507 omnique
2314 1438 2681 1505 monasterio,
2714 1443 2770 1493 et
2798 1438 3143 1508 nosocomio,
3173 1443 3230 1494 et
3253 1440 3504 1494 xenodo-

1877 1528 2025 1596 chio,
2042 1532 2100 1584 et
2116 1528 2566 1601 brephotrophio
2594 1534 2651 1586 et
2667 1531 2954 1600 asceterio,
2971 1536 3027 1586 et
3058 1532 3504 1604 gerontocomio,

1876 1625 1934 1676 et
1956 1621 2111 1676 omni
2136 1621 2390 1677 absolute
2422 1622 2683 1694 collegio,
2714 1624 2868 1694 quod
2893 1623 3039 1678 actio
3065 1623 3161 1695 pia
3189 1625 3499 1692 constituit,

1874 1715 2032 1769 nullo
2059 1715 2284 1787 penitus
2309 1715 2521 1771 horum
2546 1716 2798 1788 accipere
2816 1716 3032 1788 aliquid
3062 1715 3132 1770 ab
3160 1716 3240 1770 eis
3258 1717 3503 1775 valente.

132 1807 295 1861 tione
326 1807 715 1878 prohibemus,
744 1809 1064 1863 subdendos
1098 1809 1300 1879 panis,
1337 1809 1543 1880 quibus
1577 1807 1777 1863 Leonis
1796 1802 1854 1874 B
1879 1808 2034 1863 Unde
2077 1825 2263 1881 neque
2305 1809 2704 1865 constitutione
2730 1809 3007 1865 Anastasii
3036 1808 3178 1864 diva
3208 1809 3504 1866 memoria

132 1900 247 1971 pia
269 1901 564 1956 memoria
586 1918 684 1956 usa
707 1906 792 1956 est
810 1902 1135 1957 constitutio
1164 1918 1178 1956 :
1208 1902 1366 1957 illam
1392 1918 1641 1973 namque
1672 1918 1777 1973 per

133 1995 330 2048 omnia
357 1995 544 2049 valere
570 2001 627 2050 et
655 2000 837 2051 ratam
862 2013 983 2050 esse
1010 1996 1316 2051 sancimus.
1358 1998 1639 2051 Praterea
1668 2012 1772 2049 au-

132 2090 252 2142 tem
293 2088 697 2160 proposuimus
738 2092 797 2144 et
834 2089 1193 2160 protulimus,
1237 2095 1294 2144 et
1337 2089 1772 2159 conscripsimus

130 2180 280 2235 hanc
305 2181 496 2251 legem
522 2199 637 2236 non
667 2187 909 2253 paterna
937 2199 1095 2251 voce,
1130 2182 1228 2236 sed
1260 2182 1364 2236 hac
1396 2181 1688 2237 communi
1717 2185 1773 2235 et

131 2274 348 2343 Graca,
377 2278 443 2329 ut
465 2276 730 2331 omnibus
747 2276 821 2330 sit
848 2280 983 2331 nota
1002 2278 1235 2347 propter
1253 2275 1475 2330 facilem
1495 2276 1776 2347 interpre-

132 2368 430 2423 tationem.

203 2460 372 2524 Quod
401 2460 590 2533 itaque
602 2462 724 2532 jam
752 2461 1046 2533 prateriit,
1063 2461 1464 2533 relinquimus.
1498 2462 1641 2516 Nam
1666 2462 1770 2517 do-

131 2559 400 2609 cumenta
438 2559 559 2608 tam
600 2554 772 2625 longo
818 2554 889 2609 ab
934 2554 1067 2609 hinc
1099 2558 1354 2626 tempore
1395 2555 1543 2610 facta
1584 2555 1772 2610 denuo

128 2663 521 2719 commovere,
542 2650 738 2702 multa
759 2648 867 2703 erit
882 2648 1376 2719 tergiversationis.
1394 2649 1770 2720 Quapropter,

132 2757 265 2813 qua
288 2758 468 2814 usque
495 2742 606 2796 huc
631 2742 904 2797 hactenus
931 2746 1173 2812 exstant,
1201 2742 1495 2814 proprium
1525 2742 1775 2797 habeant

130 2835 417 2906 vigorem,
450 2835 519 2890 de
545 2839 750 2890 catero
775 2840 966 2890 autem
997 2851 1226 2890 omnem
1252 2835 1660 2890 alienationem
1680 2834 1769 2890 in-

130 2928 487 2998 terdicimus,
515 2928 816 3000 pradictas
847 2929 927 2983 eis
953 2945 1146 3000 panas
1174 2929 1557 3000 imponentes.

206 3022 275 3076 Ut
304 3027 497 3077 autem
522 3022 615 3077 lex
643 3022 714 3078 ad
744 3023 1010 3077 humanae
1040 3027 1260 3077 natura
1289 3022 1619 3078 varietatem
1649 3038 1773 3093 per—

130 3120 387 3182 maneat,
428 3121 484 3170 et
512 3116 585 3170 ad
612 3115 669 3170 id
704 3116 855 3188 quod
898 3132 1122 3186 semper
1148 3116 1305 3170 venit
1329 3115 1767 3185 accommodata,

128 3223 235 3280 per
264 3208 464 3263 omnia
502 3209 738 3264 immota
779 3214 1123 3281 permaneat
1147 3209 1302 3280 (quid
1330 3208 1483 3263 enim
1512 3225 1632 3264 esse
1666 3226 1769 3280 po-

129 3305 240 3356 test
283 3302 487 3357 stabile
530 3302 683 3358 inter
723 3304 982 3358 homines
1014 3308 1071 3358 et
1109 3302 1423 3371 immobile,
1462 3308 1525 3358 ut
1550 3303 1770 3358 nullam

126 3395 383 3467 patiatur
409 3397 804 3467 mutationem,
830 3414 959 3452 cum
1000 3397 1183 3452 omnis
1222 3401 1416 3452 noster
1455 3401 1632 3452 status
1666 3396 1769 3450 sub

126 3494 415 3561 perpetuo
440 3496 601 3545 motu
629 3491 899 3546 consistat
921 3492 981 3561 ?)
1013 3490 1397 3547 necessarium
1423 3490 1767 3546 existimavi-

127 3598 283 3653 mus,
306 3584 580 3656 quasdam
596 3586 959 3656 exceptiones
984 3585 1123 3639 dare
1149 3584 1286 3656 legi,
1315 3601 1447 3639 cum
1473 3584 1668 3639 multis
1692 3584 1771 3639 vi-

129 3676 287 3749 giliis
316 3681 375 3732 et
401 3677 711 3733 subtilitate
741 3678 1092 3748 adinventas,
1122 3683 1187 3733 ut
1211 3694 1304 3733 eas
1332 3678 1547 3734 habens
1575 3678 1636 3733 in
1664 3695 1766 3732 au-

128 3770 270 3826 xilio
295 3770 408 3841 lex,
441 3788 806 3844 nequaquam
827 3778 1139 3829 moveatur.

202 3865 458 3922 Sinimus
482 3882 618 3937 ergo
653 3866 916 3939 imperio,
948 3866 994 3921 si
1025 3884 1135 3939 qua
1162 3865 1478 3922 communis
1519 3883 1770 3922 commo-

132 3958 278 4014 ditas
298 3964 402 4028 est,
418 3963 658 4015 etcausa
675 3960 746 4015 ad
762 3960 1064 4016 utilitatem
1087 3961 1412 4033 reipublica
1432 3960 1766 4032 respiciens,

131 4058 188 4108 et
223 4052 403 4108 talem
449 4054 684 4126 exigens
728 4055 1139 4125 possessionem
1174 4054 1414 4125 alicujus
1464 4054 1769 4110 immobilis

128 4146 235 4214 rei,
265 4146 498 4218 qualem
525 4147 952 4218 proposuimus,
975 4148 1121 4202 hanc
1153 4147 1206 4203 ei
1233 4164 1268 4201 a
1294 4146 1664 4202 sanctissimis
1684 4163 1769 4203 ec-

128 4239 336 4308 clesiis,
368 4244 423 4295 et
436 4240 674 4313 reliquis
691 4241 1106 4297 venerabilibus
1126 4240 1395 4297 domibus
1416 4247 1473 4296 et
1492 4241 1765 4313 collegiis,

125 4332 423 4404 percipere
447 4332 636 4403 licere,
662 4334 915 4407 undique
944 4334 1114 4390 sacris
1135 4334 1398 4390 domibus
1424 4333 1768 4389 indemnita-

123 4430 179 4480 te
205 4431 450 4497 servata,
481 4428 968 4499 recompensanda
992 4444 1055 4484 re
1074 4429 1155 4484 eis
1180 4428 1249 4483 ab
1272 4444 1340 4483 eo
1362 4428 1461 4500 qui
1487 4427 1762 4500 percepit,

1876 1901 2112 1957 ulterius
2138 1919 2280 1973 opus
2313 1904 2439 1972 erit,
2470 1920 2658 1974 neque
2708 1904 3019 1958 secundum
3054 1903 3208 1958 illam
3245 1904 3508 1960 facienda

1875 1993 2097 2050 decreta
2121 2000 2453 2051 memorata
2477 1995 2903 2052 observationis.
2928 1998 3052 2068 Ipsa
3069 1996 3226 2051 enim
3251 1997 3336 2052 rei
3355 1996 3509 2068 prin-

1874 2087 2021 2159 cipia
2036 2089 2400 2160 perimentes,
2424 2094 2480 2144 et
2492 2090 2858 2161 prohibentes
2874 2090 3024 2161 quod
3039 2089 3121 2157 ﬁt,
3144 2106 3505 2162 nequaquam

1872 2183 2319 2251 perscrutatione
2346 2182 2612 2254 deinceps
2641 2182 3046 2253 indigebimus.

1944 2275 2355 2346 Emphyteusin
2393 2279 2608 2342 autem,
2642 2275 2756 2329 sive
2795 2275 2855 2330 in
2898 2274 3248 2330 sanctissima
3288 2277 3504 2347 majore

1874 2368 2119 2436 ecclesia,
2149 2368 2263 2423 sive
2282 2369 2342 2423 in
2359 2369 2624 2424 omnibus
2638 2368 2872 2440 reliquis
2890 2369 3193 2423 adorandis
3215 2370 3500 2440 domibus,

1873 2459 1996 2515 ﬁeri
2021 2461 2281 2531 sinimus,
2309 2466 2365 2516 et
2391 2462 2451 2516 in
2472 2478 2717 2533 persona
2741 2461 3086 2533 accipientis,
3106 2467 3161 2516 et
3191 2462 3261 2516 iit
3280 2462 3504 2517 duobus

1873 2553 2127 2624 ejusdem
2168 2571 2426 2626 persona
2466 2554 2797 2609 haredibus
2823 2554 3108 2625 deinceps,
3136 2555 3266 2609 ﬁliis
3291 2556 3500 2610 dunta-

1872 2651 1969 2702 xat
1996 2648 2128 2702 solis
2156 2649 2423 2703 masculis
2447 2652 2547 2702 aut
2566 2646 2812 2716 feminis,
2839 2652 2939 2702 aut
2960 2647 3261 2719 nepotibus
3288 2649 3503 2703 utrius-

1873 2755 1983 2812 que
2033 2756 2220 2808 sexus,
2258 2746 2357 2796 aut
2380 2757 2578 2810 uxore,
2618 2745 2715 2795 aut
2744 2741 2882 2811 viro,
2914 2740 2962 2794 si
2998 2740 3106 2794 hoc
3144 2740 3401 2796 videlicet
3431 2743 3502 2796 de

1874 2849 2051 2888 uxore
2076 2836 2175 2888 aut
2201 2833 2340 2903 viro,
2368 2833 2680 2905 expressim
2715 2831 3077 2900 nominetur;
3106 2832 3360 2904 alioquin
3386 2850 3504 2889 non

1871 2926 2111 2982 transire
2138 2927 2213 2981 ad
2236 2927 2483 2999 aliquem
2507 2926 2750 2981 alterum
2778 2925 3088 2993 haredem,
3114 2926 3211 2981 sed
3239 2942 3414 2997 usque
3433 2927 3502 2982 ad

1872 3021 2048 3074 solam
2076 3021 2249 3075 vitam
2279 3019 2714 3093 percipientium
2757 3020 3045 3087 standum,
3075 3019 3184 3074 nisi
3226 3019 3368 3074 ﬁlios
3404 3026 3505 3075 aut
3593 3044 3597 3048 ·

1872 3117 2103 3184 nepotes
2128 3113 2454 3169 habuerint.
2483 3112 2661 3167 Aliter
2682 3116 2877 3168 autem
2901 3111 3127 3184 penitus
3154 3112 3499 3185 emphyteu-

1871 3206 1959 3260 sin
1982 3206 2076 3278 agi
2095 3206 2485 3262 ecclesiastica
2514 3206 2828 3277 cujusdam,
2860 3208 2960 3260 aut
2978 3204 3254 3277 ptochica
3275 3206 3358 3260 rei
3386 3205 3497 3260 im-

1870 3299 2112 3367 mobilis,
2150 3305 2249 3355 aut
2289 3300 2563 3372 mancipii
2612 3299 2829 3369 rustici,
2864 3288 2973 3354 aut
3014 3297 3189 3353 civilis
3238 3315 3499 3369 annona,

1869 3395 2024 3448 nullo
2039 3395 2208 3449 modo
2236 3394 2637 3466 permittimus,
2666 3408 2851 3464 neque
2876 3392 3028 3465 quod
3047 3392 3131 3460 ﬁt,
3150 3393 3379 3466 aliquod
3403 3410 3503 3467 pe-

1869 3487 2024 3542 nitus
2052 3487 2227 3542 robur
2254 3487 2466 3542 habere
2491 3486 2752 3541 sinimus.

1939 3579 2083 3645 Quia
2110 3597 2242 3635 vero
2271 3580 2469 3635 Leonis
2488 3579 2720 3651 quidem
2746 3578 2855 3650 pia
2883 3576 3196 3647 memoria,
3224 3577 3497 3635 constitu-

1868 3676 1948 3730 tio
1971 3675 2075 3730 sub
2100 3674 2255 3729 nulla
2278 3672 2507 3746 penitus
2526 3671 2915 3728 deminutione
2929 3672 3052 3727 dari
3078 3688 3199 3727 rem
3217 3673 3501 3728 ecclesias-

1866 3769 2040 3825 ticam
2069 3767 2321 3837 sancivit,
2353 3782 2459 3822 nos
2484 3771 2676 3822 autem
2702 3765 2760 3820 in
2775 3758 2884 3820 alia
2911 3765 3312 3831 constitutione
3338 3783 3373 3820 a
3400 3783 3501 3822 no-

1867 3863 1954 3918 bis
1981 3862 2210 3933 scripta,
2245 3865 2462 3915 sextam
2503 3860 2688 3914 solum
2714 3858 2896 3930 excipi
2939 3874 3110 3930 super
3132 3859 3495 3930 emphyteusi

1870 3956 2228 4026 sancivimus,
2268 3953 2598 4025 hujusmodi
2641 3952 2946 4024 quemdam
2977 3950 3385 4007 deminutionis
3409 3954 3497 4007 rei

1866 4050 2129 4105 ordinem
2164 4049 2384 4118 damus,
2417 4052 2483 4103 ut
2510 4051 2802 4119 quaratur
2844 4061 2975 4100 cum
2998 4045 3155 4101 omni
3186 4046 3416 4101 veritate
3441 4053 3498 4102 et

1868 4143 2176 4199 subtilitate
2216 4141 2418 4214 pensio
2457 4157 2656 4196 eorum
2704 4156 2835 4211 qua
2876 4139 3103 4209 dantur,
3132 4156 3206 4194 an
3227 4143 3386 4194 tanta
3427 4140 3501 4194 sit

1866 4243 2081 4311 quanta
2103 4237 2174 4292 ab
2200 4236 2360 4291 initio
2387 4235 2577 4304 fuerit,
2604 4232 2836 4307 quando
2874 4233 2944 4288 ad
2970 4233 3383 4289 sanctissimam
3406 4250 3495 4290 ve-

1864 4332 1952 4387 nit
1973 4330 2285 4397 ecclesiam,
2320 4334 2378 4385 et
2394 4330 2559 4385 detur
2577 4326 2965 4400 emphyteusis
2989 4326 3195 4381 talibus
3212 4327 3492 4398 personis,

1864 4428 2057 4500 quales
2083 4426 2301 4481 dudum
2329 4423 2593 4479 diximus.
2620 4422 2776 4476 Tunc
2821 4419 2978 4475 enim
3017 4425 3236 4475 sextam
3272 4424 3493 4489 partem

125 4534 292 4591 aqua
318 4524 421 4575 aut
448 4520 619 4576 etiam
657 4521 892 4592 majore,
926 4537 1097 4593 quam
1126 4523 1256 4577 data
1280 4526 1383 4577 est.
1421 4521 1568 4587 Quid
1607 4521 1760 4576 enim
1780 4541 1840 4615 D
1862 4532 1995 4571 cum
2022 4512 2452 4587 scrupulositate
2481 4508 2877 4615 imputandam
2905 4506 3287 4615 concedimus.
3319 4506 3376 4562 Si
3401 4523 3494 4562 ve-

124 4617 394 4668 causetur
417 4613 750 4686 imperator,
776 4631 850 4670 ne
879 4616 1114 4671 meliora
1143 4617 1258 4685 det,
1288 4615 1376 4671 cui
1398 4615 1645 4687 plurima
1672 4615 1764 4670 de-
1780 4598 1836 4615 "
1861 4626 1927 4665 ro
1955 4608 2137 4663 minui
2167 4604 2470 4676 contigerit
2494 4618 2595 4674 per
2622 4600 2927 4672 quamdam
2956 4598 3333 4653 calamitatem
3356 4616 3492 4671 pen-

126 4705 206 4762 dit
230 4706 448 4764 habere
474 4710 639 4779 Deus,
672 4712 731 4763 et
760 4710 1075 4766 multorum
1100 4709 1399 4765 dominum
1432 4725 1576 4776 esse,
1609 4712 1666 4764 et
1694 4711 1762 4763 ut

124 4799 285 4856 facile
327 4800 460 4856 dare
490 4806 697 4873 potest,
726 4807 784 4858 et
808 4804 1056 4859 maxime
1084 4803 1145 4858 in
1180 4802 1547 4859 sanctissimis
1592 4802 1763 4857 eccle-

126 4894 240 4965 siis,
264 4895 327 4950 in
348 4896 555 4966 quibus
583 4897 767 4952 omnis
792 4897 1130 4954 donatarum
1151 4898 1232 4954 eis
1250 4913 1445 4953 rerum
1471 4896 1759 4951 immensi-

126 4992 208 5044 tas
245 4989 465 5061 optima
491 5007 759 5046 mensura
786 4996 871 5047 est
904 4992 932 5047 ?
969 4992 1128 5048 Unde
1156 4990 1203 5046 si
1235 4989 1368 5062 quid
1418 4991 1529 5045 tale
1554 4989 1671 5058 ﬁat,
1704 4993 1762 5044 et

124 5084 479 5155 pragmatica
524 5086 860 5156 processerit
902 5086 1104 5157 forma,
1144 5085 1475 5158 praecipiens
1515 5082 1757 5156 imperio

127 5175 259 5232 dare
282 5177 503 5248 aliquid
530 5180 730 5234 talium
762 5196 975 5250 rerum,
1005 5185 1063 5235 et
1086 5178 1599 5251 recompensaverit
1624 5193 1757 5233 mox

124 5285 245 5326 rem
264 5270 581 5342 meliorem,
604 5276 662 5328 et
681 5273 1028 5344 uberiorem,
1052 5279 1109 5329 et
1129 5274 1434 5340 utiliorem,
1458 5272 1530 5327 sit
1551 5288 1612 5327 ea
1636 5286 1760 5344 per-

120 5364 363 5419 mutatio
393 5364 579 5435 ﬁrma,
599 5372 654 5421 et
680 5366 741 5421 hi
758 5368 857 5439 qui
880 5367 1189 5439 praesident
1208 5366 1491 5434 domibus,
1515 5380 1758 5437 quarum

120 5462 205 5513 est
227 5457 384 5531 quod
420 5459 718 5531 alienatur,
740 5464 799 5515 et
833 5460 934 5533 qui
958 5460 1161 5515 talibus
1185 5460 1585 5516 administrant
1612 5459 1759 5513 litte-

119 5552 218 5620 ris,
239 5552 364 5607 sine
383 5554 614 5625 querela
634 5554 881 5626 undique
897 5554 1032 5623 sint,
1054 5554 1269 5610 nullam
1304 5556 1625 5609 metuentes
1646 5568 1759 5624 poe-

117 5668 348 5721 narum,
378 5669 508 5723 qua
536 5670 570 5707 a
596 5653 784 5709 Leone
816 5654 925 5726 pia
957 5652 1247 5709 memoria
1281 5652 1752 5718 interminantur,

120 5750 179 5803 et
192 5764 227 5801 a
245 5746 416 5802 nobis
438 5746 680 5803 ﬁrmata
695 5753 847 5804 sunt.
870 5748 1072 5819 Utique
1108 5764 1240 5802 cum
1262 5763 1368 5802 nec
1388 5746 1634 5802 multum
1655 5744 1760 5801 dif-

116 5840 308 5900 ferant
320 5840 394 5896 ab
410 5841 686 5897 alterutro
701 5842 1077 5898 sacerdotium
1094 5847 1151 5898 et
1167 5841 1493 5913 imperium,
1515 5844 1573 5895 et
1584 5852 1761 5894 sacra

1862 4704 2100 4771 sionem,
2129 4703 2228 4755 aut
2240 4699 2300 4751 in
2320 4703 2506 4752 totum
2524 4701 2660 4750 tunc
2680 4696 3035 4748 constantem
3052 4691 3384 4763 pensionem
3403 4710 3490 4749 ac-

1860 4798 2050 4871 cipiat,
2064 4794 2164 4867 qui
2183 4788 2578 4863 emphyteusin
2595 4786 2786 4842 subire
2809 4785 2947 4855 vult,
2964 4790 3063 4841 aut
3081 4785 3309 4857 penitus
3322 4787 3493 4844 absti-

1861 4895 2012 4961 neat,
2034 4905 2166 4944 cum
2180 4886 2343 4942 liceat
2358 4884 2575 4939 elocare
2591 4880 2777 4952 potius
2797 4896 2970 4952 quam
2986 4879 3127 4935 tales
3144 4879 3488 4939 deminutio—

1862 5002 1962 5042 nes
1981 4984 2041 5039 in
2068 4976 2425 5052 emphyteusi
2445 4974 2748 5030 celebrare.
2772 4973 2830 5030 Si
2848 4990 2981 5027 vero
3000 4973 3162 5046 alicui
3171 4990 3237 5029 us
3256 4977 3487 5032 ecclesi-

1858 5078 2015 5135 astici
2027 5072 2334 5131 suburbani
2344 5068 2547 5141 pradii
2561 5067 2946 5138 emphyteusis
2957 5066 3142 5134 detur,
3160 5067 3352 5139 qualia
3367 5069 3490 5140 plu-

1859 5174 2027 5242 rima,
2056 5167 2301 5225 maxime
2327 5164 2387 5219 in
2413 5164 2518 5218 hac
2545 5160 2811 5216 novimus
2831 5160 3151 5215 felicissima
3170 5160 3484 5217 consistere

1859 5267 2108 5329 civitate,
2125 5260 2304 5317 multo
2321 5256 2553 5331 quidem
2569 5254 2741 5325 digna
2760 5252 2964 5325 pretio,
2982 5268 3178 5323 parvas
3202 5267 3337 5307 vero
3358 5253 3484 5309 red-

1858 5360 2051 5417 dentia
2077 5354 2395 5430 pensiones,
2417 5353 2516 5404 aut
2543 5346 2688 5402 nihil
2724 5345 3067 5417 pensionum
3102 5345 3336 5399 omnino
3367 5363 3485 5402 non

1859 5475 1928 5514 ex
1953 5452 2225 5511 reditibus
2251 5444 2441 5503 metiri
2460 5438 2878 5514 emphyteusin,
2916 5437 3013 5493 sed
3038 5437 3319 5494 aestimare
3344 5440 3480 5496 sub-

1856 5550 2143 5609 urbanum
2184 5540 2483 5607 subtiliter,
2531 5541 2589 5591 et
2627 5532 2874 5606 reputari
2915 5547 2983 5586 ex
3015 5531 3199 5603 pretio
3251 5533 3483 5592 redacto

1858 5644 2075 5701 reditus
2119 5635 2413 5712 possibiles
2440 5632 2498 5686 in
2534 5627 2737 5701 viginti
2769 5625 2931 5680 annis
2972 5626 3308 5696 computari,
3343 5632 3400 5683 et
3425 5626 3487 5682 in

1857 5737 2134 5796 reditibus
2144 5730 2461 5789 secundum
2479 5726 2586 5781 hoc
2600 5719 2936 5793 computatis
2952 5719 3045 5792 agi
3060 5719 3484 5792 emphyteusin,

1857 5849 1975 5889 non
2001 5832 2299 5902 perpetuo,
2320 5822 2418 5881 sed
2441 5820 2502 5881 in
2533 5833 2666 5876 eum
2690 5815 2789 5889 qui
2812 5813 3072 5889 percipit,
3096 5816 3152 5870 et
3171 5813 3309 5871 duas
3330 5829 3401 5870 ex
3419 5826 3490 5869 eo
