4034 6228
542 310 643 368 943

1674 307 1926 362 ΞΑΞΟΙΠΛ
1966 298 2157 361 SBXTl
2195 298 2752 358 SUPPLEMENTUM.

3824 297 3919 351 944

541 419 937 489 successiones,
970 423 1028 473 et
1050 418 1171 473 viro
1198 424 1255 473 et
1279 416 1441 472 uxori
1469 415 1632 484 (sicut
1673 415 2058 485 praediximus)
2087 413 2171 467 fa-
2195 425 2255 499 Α
2273 412 2485 467 factum
2515 415 2597 465 est
2620 409 2752 477 tale,
2798 407 3016 462 nullam
3053 404 3448 461 necessitatem
3493 420 3620 460 esse
3651 421 3919 459 reveren-

544 512 821 568 ciendam.

614 605 768 662 Scire
789 610 980 661 autem
1001 603 1397 676 emphyteutas
1417 601 1698 668 convenit,
1725 601 1859 671 quia
1876 601 1922 655 si
1943 599 2000 654 in
2021 600 2178 655 bien-

545 699 639 753 nio
665 699 934 753 continuo
964 715 1075 751 non
1107 696 1443 751 exsolverint
1485 695 1975 765 emphyteuticum
2005 711 2174 748 cano-

543 808 678 847 nem
705 792 830 857 (hoc
855 790 1008 845 enim
1044 796 1267 859 tempus
1296 805 1400 859 pro
1428 788 1675 843 triennio
1704 788 1947 841 aliorum
1985 787 2173 841 homi-

542 901 682 939 num
692 883 947 938 suﬂicere
963 882 1032 937 ad
1049 898 1245 935 casum
1258 881 1768 936 ecclesiasticarum
1784 886 1883 934 aut
1895 881 2178 951 ptochica-

543 993 673 1031 rum
694 976 1141 1046 emphyteuseon
1167 991 1270 1045 pro
1298 991 1411 1028 non
1428 974 1609 1028 soluto
1634 989 1850 1027 canone
1866 973 2172 1044 ponimus),

542 1070 682 1123 ﬁent
709 1067 941 1122 omnino
990 1067 1245 1122 extranei
1276 1068 1800 1138 emphyteumatos,
1842 1072 1898 1121 et
1935 1066 2173 1120 volenti-

541 1161 647 1216 bus
692 1160 1009 1232 praepositis
1050 1166 1375 1215 sanctarum
1417 1161 1694 1215 domuum
1737 1160 1930 1214 licebit
1960 1160 2177 1231 praedia

542 1260 641 1309 aut
669 1255 874 1309 domus
919 1254 1220 1322 vindicare,
1255 1254 1470 1308 nullam
1501 1253 1883 1308 metuentibus
1913 1254 2174 1307 meliora-

542 1348 765 1402 tionum
789 1347 1200 1417 repetitionem.
1250 1347 1359 1403 Sed
1386 1346 1667 1417 siquidem
1707 1346 1955 1402 deterius
1980 1346 2179 1400 fecerit

543 1440 846 1512 praedium,
877 1439 1400 1508 autsuburbanum,
1420 1445 1519 1493 aut
1537 1440 1793 1506 domum,
1826 1439 1925 1510 qui
1946 1440 2178 1511 emphy-

544 1534 729 1588 teusin
759 1532 1030 1604 percepit,
1071 1532 1195 1603 cogi
1227 1549 1360 1587 eum
1389 1533 1457 1587 de
1485 1550 1586 1587 suo
1612 1533 1964 1604 diligentiam
1990 1550 2053 1587 ac
2082 1549 2173 1586 re-

547 1627 896 1681 stitutionem
923 1626 1089 1695 prisci
1109 1630 1286 1680 status
1306 1626 1512 1694 facere,
1534 1626 1963 1697 obligatumque
1982 1627 2053 1680 ad
2071 1626 2177 1679 hoc

546 1735 665 1774 esse
695 1725 751 1773 et
774 1719 983 1790 ipsum,
1015 1723 1072 1773 et
1098 1720 1348 1773 haerech
1380 1719 1524 1790 ejus,
1554 1724 1611 1774 et
1632 1736 1999 1788 successores,
2024 1720 2173 1790 ejus-

2275 505 2519 561 dissimis
2544 502 2871 572 oeconomis,
2904 501 3128 557 duobus
3176 500 3500 555 haeredibus
3541 498 3917 567 cessantibus,

2275 600 2491 655 caeteris
2522 599 2763 653 tradere.

2347 694 2403 749 Si
2434 694 2561 764 quis
2583 698 2778 747 autem
2802 689 3041 744 voluerit
3076 689 3329 760 accipere
3371 688 3692 743 secundum
3749 687 3914 741 ratio-

2276 804 2407 842 nem
2437 803 2591 855 usus,
2634 790 2737 840 aut
2762 784 2860 856 qui
2896 788 3138 839 vocatur
3165 784 3540 851 usus‘fructus,
3570 798 3701 836 rem
3752 781 3917 835 eccle-

2276 880 2555 935 siasticam
2588 883 2687 933 aut
2713 877 3083 932 sanctissimae
3124 877 3360 947 majoris
3397 876 3671 944 ecclesias,
3706 878 3811 928 aut
3836 875 3912 927 ει.

2276 974 2450 1029 terius
2494 972 2817 1044 cujuslibet,
2846 988 2977 1043 quae
3006 971 3065 1025 in
3095 970 3251 1025 omni
3292 974 3485 1024 nostra
3532 969 3755 1023 ditione
3790 972 3913 1021 sunt

2279 1067 2493 1139 positae,
2525 1070 2625 1121 aut
2669 1064 3049 1137 ptochiorum,
3097 1064 3330 1118 omnino
3378 1063 3661 1134 percipiat
3690 1062 3821 1128 hoc,
3866 1068 3916 1115 et

2276 1160 2592 1215 secundum
2636 1159 2966 1230 praedictam
3008 1157 3481 1223 observationem,
3514 1161 3572 1210 et
3602 1154 3912 1209 secundum

2275 1255 2519 1309 formam
2553 1252 2970 1307 constitutionis
2995 1252 3194 1306 Leonis
3231 1251 3342 1322 pia:
3377 1250 3698 1317 memorias,
3728 1254 3793 1302 ut
3816 1248 3915 1302 iste

2277 1347 2526 1418 locuples
2567 1347 2832 1413 existens,
2859 1350 2915 1400 et
2939 1345 3269 1399 substantias
3302 1343 3611 1398 immobilis
3652 1341 3916 1396 dominus

2275 1442 2445 1495 aliam
2469 1434 2604 1495 mox
2629 1456 2753 1495 rem
2797 1439 3111 1494 secundum
3142 1437 3504 1510 proprietatis
3526 1438 3626 1507 jus
3657 1451 3919 1506 compen-

2277 1539 2361 1589 set
2405 1533 2771 1589 sanctissima:
2816 1533 3085 1602 ecclesiae,
3127 1538 3223 1587 aut
3249 1531 3558 1586 venerabili
3592 1529 3814 1598 domui,
3850 1543 3913 1582 ex

2276 1644 2389 1699 qua
2416 1628 2522 1682 hoc
2548 1628 2818 1699 percepit,
2846 1630 3032 1681 tantos
3061 1629 3118 1680 et
3148 1626 3286 1680 tales
3314 1625 3627 1679 inferentes
3678 1623 3910 1691 reditus,

2276 1726 2516 1792 quantos
2542 1726 2642 1775 aut
2669 1720 2863 1792 quales
2885 1720 3058 1774 habet
3081 1718 3161 1788 id,
3194 1719 3346 1790 quod
3372 1719 3562 1787 datur,
3593 1721 3662 1771 ut
3702 1717 3777 1771 ita
3796 1722 3919 1787 post

547 1829 657 1885 que
685 1829 795 1882 res,
819 1812 1052 1883 insuper
1077 1815 1133 1867 et
1170 1812 1388 1867 debitos
1419 1828 1618 1867 omnes
1644 1812 1859 1868 reditus
1889 1812 2008 1867 sine
2032 1812 2172 1868 dila-
2195 1793 2253 1866 Β
2277 1815 2399 1885 ejus
2425 1814 2644 1869 obitum
2671 1813 3043 1868 ecclesiastica
3067 1816 3165 1867 aut
3190 1811 3449 1883 ptochica
3480 1828 3571 1866 res
3600 1814 3919 1865 revertatur

545 1905 698 1959 tione
728 1904 902 1976 exigi.

615 1999 775 2062 Quod
797 2004 991 2052 autem
1012 1998 1226 2053 dictum
1252 2001 1335 2052 est
1362 2015 1395 2051 a
1426 1997 1609 2068 nobis,
1635 2003 1699 2053 ut
1726 1999 1935 2053 nullius
1965 1999 2175 2055 immo-

542 2090 672 2147 bilis
696 2090 779 2146 rei
808 2090 1199 2146 ecclesiasticae
1224 2094 1323 2145 aut
1351 2091 1628 2161 ptochicaz
1654 2092 1916 2147 alienatio
1947 2093 2019 2148 sit
2044 2110 2174 2164 per-

544 2184 734 2254 missa,
764 2183 835 2238 ad
865 2184 1081 2238 nullam
1110 2188 1317 2237 nostrae
1352 2184 1680 2254 reipublicae
1710 2202 2008 2256 personam
2041 2203 2174 2239 san-

543 2276 724 2332 cimus
749 2277 953 2345 valere,
980 2294 1097 2331 non
1141 2278 1327 2331 solum
1355 2294 1526 2349 super
1564 2278 1959 2333 constantibus
1992 2279 2175 2333 domi-

544 2369 671 2437 bus,
700 2376 757 2424 et
781 2370 1139 2439 suburbanis,
1165 2375 1219 2424 et
1248 2370 1446 2439 hortis,
1478 2374 1535 2425 et
1555 2372 1727 2442 agris,
1751 2371 1849 2425 sed
1880 2372 2047 2427 etiam
2079 2389 2175 2426 su-

543 2477 649 2534 per
678 2454 855 2516 ruiiiis
889 2462 1018 2529 (sive
1048 2479 1116 2516 ex
1144 2463 1299 2533 igne,
1334 2463 1450 2516 sivo
1488 2480 1557 2517 ex
1583 2469 1932 2534 terraemotu,
1967 2465 2081 2520 sive
2107 2481 2177 2519 ex

544 2555 796 2626 qualibet
821 2572 989 2609 eausa
1020 2556 1183 2609 ruina
1213 2555 1297 2624 sit)
1330 2560 1385 2609 et
1418 2556 1477 2609 in
1504 2555 1593 2609 his
1620 2573 1749 2627 quae
1792 2557 2025 2611 omnino
2052 2558 2173 2612 des-

544 2656 730 2705 tructa
748 2654 900 2719 sunt,
921 2656 976 2705 et
1005 2651 1063 2704 in
1090 2650 1411 2721 pavimento
1430 2652 1642 2721 jacent,
1668 2652 1780 2706 sive
1809 2652 2050 2707 etiamin
2077 2670 2179 2724 pu-

544 2742 622 2798 ris
649 2743 828 2797 ruinis
853 2744 1080 2798 nullum
1110 2744 1412 2797 aedificium
1457 2745 1820 2815 habentibus,
1848 2761 2038 2818 neque
2063 2763 2177 2801 ma-

541 2840 743 2895 teriam
754 2841 1061 2911 jacentem.
1086 2842 1205 2895 Non
1232 2841 1389 2895 enim
1410 2841 1468 2895 in
1496 2842 1602 2896 illis
1627 2843 2031 2899 alienationem
2051 2843 2175 2899 ﬁeri

543 2934 943 3005 permittimus,
982 2934 1089 2987 nisi
1119 2935 1177 2988 in
1205 2935 1319 2988 sola
1347 2936 1705 3007 emphyteusi
1738 2938 2054 3008 temporali,
2096 2954 2178 2992 se-

545 3026 798 3082 cundum
825 3028 975 3099 quod
1005 3027 1225 3083 dudum
1245 3046 1277 3083 a
1302 3030 1464 3083 nobis
1487 3030 1701 3084 dictum
1718 3034 1822 3098 est,
1839 3036 1895 3085 et
1920 3032 1979 3085 in
1999 3032 2178 3086 tribus

546 3121 801 3191 personis
823 3121 1045 3188 talibus,
1072 3122 1266 3192 quales
1290 3123 1676 3192 prazdiximus.

619 3214 685 3267 Et
709 3218 775 3267 ut
802 3230 985 3284 neque
1015 3216 1128 3268 ulla
1156 3216 1599 3286 circumscriptio
1624 3217 1683 3270 in
1703 3232 1823 3271 rem
1848 3218 2175 3272 ecclesiasti-

548 3321 672 3360 cam
700 3305 759 3359 in
787 3306 997 3360 talibus
1022 3307 1137 3373 tiat,
1170 3308 1389 3362 duobus
1428 3325 1530 3379 per
1556 3314 1811 3380 tempora
1842 3310 2179 3381 primatibus

547 3397 914 3467 mechanicis,
943 3403 1042 3453 aut
1067 3400 1407 3470 architectis,
1437 3403 1551 3456 sive
1582 3402 1639 3455 in
1658 3402 1761 3456 hac
1786 3404 1944 3473 regia
1972 3410 2027 3458 et
2052 3420 2176 3458 ma-

547 3491 701 3546 xima
728 3491 945 3545 civitate
985 3509 1098 3546 una
1132 3509 1263 3547 cum
1309 3494 1421 3548 Deo
1470 3494 1809 3550 amabilibus
1851 3497 2176 3566 mconomis,

547 3595 604 3645 et
644 3590 898 3661 quinque
944 3591 1422 3646 reverendissimis
1469 3593 1831 3664 presbyteris,
1872 3599 1928 3650 et
1958 3594 2179 3651 duobus

548 3682 817 3752 diaconis,
877 3690 1153 3755 praesente
1190 3701 1420 3756 quoque
1460 3686 1573 3740 Deo
1614 3687 1846 3741 amabili
1892 3688 2177 3761 episcopo,

548 3777 663 3832 sive
684 3778 853 3832 etiam
888 3778 946 3832 in
977 3778 1267 3849 provincia
1293 3779 1511 3834 duobus
1537 3780 1856 3852 insignibus
1885 3783 2179 3837 mechani-

549 3871 629 3926 cis
652 3875 750 3925 aut
773 3872 1111 3939 architectis,
1137 3879 1235 3926 aut
1261 3872 1431 3927 etiam
1458 3890 1574 3928 uno
1608 3874 1670 3943 (si
1698 3891 1878 3930 unum
1906 3877 2087 3930 solum
2110 3876 2181 3930 ci-

549 3964 693 4018 vitas
712 3964 939 4036 habeat)
961 3964 1465 4022 intervenientibus
1483 3968 1541 4021 in
1568 3968 1677 4021 illis
1705 3968 1860 4034 locis,
1886 3986 2179 4025 sacrosan-

551 4058 656 4111 ctis
677 4057 993 4126 Evangeliis
1021 4058 1343 4128 propositis,
1391 4058 1692 4115 deﬁniatur
1737 4062 1807 4115 ab
1836 4064 2178 4133 architectis,

549 4154 827 4221 quantum
871 4155 1151 4219 competat
1175 4166 1278 4221 pro
1297 4152 1404 4206 hoc
1434 4153 1573 4206 solvi
1601 4154 1970 4209 sanctissimae
1998 4156 2179 4210 eccle-

551 4241 648 4297 siae
676 4241 989 4297 secundum
1013 4243 1245 4297 modum
1266 4246 1716 4317 emphyteuseos,
1740 4252 1794 4301 et
1824 4249 1927 4302 sub
1958 4250 2046 4303 his
2067 4265 2182 4304 em-

552 4334 879 4408 phyteutica
899 4336 1234 4407 conscriptio
1263 4337 1324 4393 in
1355 4354 1420 4393 eo
1448 4340 1761 4395 celebretur
1785 4342 2097 4397 secundum
2122 4343 2181 4397 ﬁ-

554 4445 756 4501 guram
781 4429 940 4501 prius
967 4430 1172 4485 dictam
1201 4447 1215 4486 :
1246 4431 1345 4485 ille
1366 4448 1500 4488 vero
1531 4438 1588 4489 et
1617 4434 1877 4505 aediﬁcet,
1906 4440 1962 4490 et
1992 4441 2183 4491 utatur

2198 3161 2253 3236 C

2276 1909 2346 1963 ad
2377 1907 2756 1963 venerabilem
2783 1908 3020 1962 domum
3040 1923 3171 1961 cum
3200 1923 3325 1974 usu,
3356 1905 3453 1977 qui
3480 1904 3645 1959 datus
3666 1906 3777 1973 est,
3805 1919 3917 1957 non

2277 2002 2707 2057 transcendente
2734 2006 2961 2072 tempus
2992 2000 3122 2055 vita:
3149 1998 3533 2071 percipientis,
3566 1998 3814 2069 accipiat
3828 2014 3921 2051 au—

2275 2100 2392 2150 tem
2420 2095 2680 2150 similiter
2706 2099 2763 2149 et
2788 2094 2871 2149 rei
2898 2094 2957 2148 in
2989 2093 3511 2165 compensationem
3540 2093 3692 2147 data:
3724 2107 3915 2156 usum,

2277 2191 2561 2261 quatenus
2599 2192 2725 2260 post
2771 2187 3134 2259 percipientis
3176 2187 3397 2241 obitum
3434 2190 3532 2240 aut
3560 2191 3816 2256 tempus,
3862 2184 3917 2237 in

2277 2299 2390 2354 quo
2420 2283 2646 2337 donatio
2672 2298 2809 2337 usus
2836 2281 3118 2349 convenit,
3152 2297 3265 2335 non
3291 2279 3704 2335 transcendens
3730 2276 3919 2332 videli-

2277 2379 2367 2431 cet
2406 2375 2771 2447 percipientis
2813 2375 3010 2444 vitam,
3052 2380 3358 2445 utrumque
3388 2389 3458 2428 ex
3489 2376 3613 2427 toto
3642 2377 3700 2427 et
3729 2387 3920 2426 secun-

2278 2470 2417 2525 dum
2442 2468 2855 2540 proprietatem
2885 2474 2943 2523 et
2970 2468 3282 2523 secundum
3321 2483 3487 2521 usum
3515 2466 3672 2538 apud
3693 2466 3920 2520 sanctis-

2278 2563 2481 2617 simam
2510 2562 2799 2616 ecclesiam
2832 2577 3230 2617 remansurum
3260 2561 3347 2615 sit.

2347 2655 2490 2720 Quia
2514 2672 2646 2710 vero
2677 2656 2880 2711 Leonis
2906 2657 3016 2727 βίω
3043 2654 3332 2710 memoriae
3361 2652 3695 2708 constitutio
3725 2664 3919 2724 pmnas

2276 2766 2424 2821 pene
2449 2750 2803 2805 solummodo
2833 2748 2893 2804 in
2924 2749 3273 2804 venditiones
3300 2747 3566 2817 decrevit,
3592 2763 3696 2801 nos
3726 2751 3921 2801 autem

2279 2842 2677 2898 interdiximns
2722 2860 2839 2898 non
2864 2842 3215 2898 venditiones
3243 2841 3447 2908 solum,
3478 2841 3580 2896 sed
3626 2840 3800 2895 etiam
3827 2840 3924 2894 do-

2277 2936 2555 3007 nationes,
2588 2940 2645 2991 et
2672 2937 3141 3007 permutationes,
3175 2941 3232 2991 et
3255 2938 3557 3006 perpetuas
3583 2934 3925 3005 emphyteu-

2279 3047 2387 3101 ses,
2416 3034 2473 3084 et
2502 3028 2811 3101 pignorum
2841 3031 3096 3085 dationes
3123 3029 3183 3084 in
3202 3028 3370 3084 rebus
3402 3027 3819 3094 immobilibus,
3848 3027 3925 3080 vi-

2278 3126 2477 3180 demus
2505 3126 2696 3180 antem
2720 3124 2995 3196 quosdam
3022 3122 3101 3177 sic
3128 3127 3413 3177 amatores
3442 3122 3685 3193 periculi
3723 3120 3929 3175 consti-

2278 3224 2447 3290 tutos,
2480 3225 2545 3274 ut
2568 3224 2921 3291 praesumant
2945 3218 3017 3271 ad
3046 3233 3111 3271 ea
3133 3233 3261 3287 quae
3286 3215 3587 3270 interdicta
3607 3218 3747 3269 sunt
3775 3230 3926 3268 acce-

2278 3312 2431 3382 dere,
2462 3320 2518 3368 et
2542 3311 3091 3368 circumventionem
3120 3309 3303 3364 facere
3329 3308 3550 3380 legibus
3572 3324 3642 3362 ex
3669 3308 3929 3362 volunta-

2281 3411 2333 3461 te
2365 3411 2421 3461 et
2444 3406 2888 3478 praesumptione
2918 3419 3089 3474 quam
3135 3402 3367 3471 habent,
3402 3405 3459 3456 et
3488 3418 3619 3472 quae
3659 3402 3928 3456 omnibus

2279 3500 2465 3554 modis
2492 3498 2794 3554 interdicta
2822 3503 2973 3565 sunt,
3005 3503 3061 3551 et
3090 3512 3216 3568 quae
3243 3495 3479 3549 forsitan
3510 3494 3809 3549 deducunt
3834 3496 3928 3549 ho-

2279 3593 2461 3648 mines
2487 3594 2559 3648 ad
2596 3598 2862 3659 mortem,
2893 3591 2988 3663 qui
3018 3590 3074 3645 id
3104 3570 3302 3661 agunt,
3332 3592 3644 3661 propterea
3674 3604 3926 3643 necessa-

2280 3686 2430 3740 rium
2457 3684 2904 3741 existimavimus
2928 3685 2989 3739 in
3027 3698 3372 3754 unoquoque
3420 3686 3717 3736 contractu
3756 3683 3926 3736 etiam

2280 3784 2492 3834 certam
2509 3783 2757 3834 statuere
2770 3794 2995 3850 pcenam
3005 3820 3017 3832 .
3032 3776 3124 3831 His
3137 3776 3345 3830 scilicet
3357 3775 3558 3847 poenis,
3576 3791 3711 3846 qua:
3728 3777 3923 3847 posita

2281 3877 2413 3926 sunt
2457 3871 2721 3927 adversus
2751 3887 3068 3927 aaconomos
3095 3886 3165 3924 ex
3204 3868 3605 3923 constitutione
3648 3868 3925 3939 prmdicta

2281 3964 2393 4036 pias
2408 3965 2700 4020 memoriae
2721 3965 2943 4032 Leonis,
2966 3963 3232 4018 similiter
3246 3967 3302 4016 et
3315 3978 3467 4016 nunc
3491 3960 3923 4016 imminentibus

2281 4074 2599 4114 (nconomo.
2622 4064 2722 4113 aut
2741 4059 3093 4124 xenodocho,
3110 4059 3209 4110 aut
3223 4071 3547 4122 nosocomo,
3568 4060 3672 4109 aut
3687 4055 3926 4127 brepho-

2281 4151 2509 4222 tropho,
2554 4156 2653 4207 aut
2699 4149 2906 4221 abbati,
2947 4156 3047 4205 aut
3084 4148 3379 4203 abbatissa:
3421 4149 3782 4214 monasterii,
3835 4152 3927 4201 aut

2281 4245 2538 4299 asceterii
2566 4246 2879 4300 secundum
2907 4244 3055 4316 quod
3076 4242 3247 4315 prius
3276 4241 3613 4313 dispositum
3647 4247 3754 4295 est.

2352 4337 2409 4392 Si
2435 4338 2562 4409 quis
2587 4337 2767 4411 igitur
2793 4354 2981 4393 emere
3011 4335 3442 4409 praesumpserit
3480 4352 3603 4389 rem
3643 4336 3922 4389 ecclesias-

2281 4430 2470 4501 ticam,
2490 4437 2591 4486 aut
2610 4432 2955 4503 ptochicam,
2981 4431 3145 4485 cadat
3162 4428 3397 4501 quidem
3423 4444 3555 4482 mox
3581 4426 3797 4499 pretio,
3820 4428 3920 4483 exi-

550 4523 893 4579 materiebus
942 4524 1006 4593 (si
1038 4524 1308 4580 materias
1354 4526 1576 4599 habeat)
1607 4533 1663 4583 et
1693 4529 2044 4584 transmittat
2068 4546 2183 4583 em-
2201 4532 2261 4605 D
2286 4529 2453 4596 gatur
2474 4530 2667 4581 autem
2694 4543 2784 4582 res
2809 4539 2982 4598 quam
3002 4524 3236 4595 accepit,
3256 4538 3388 4577 cum
3406 4522 3563 4576 omni
3588 4522 3769 4577 medii
3797 4529 3921 4577 tem-

551 4617 859 4689 phyteusin
885 4633 1065 4689 usque
1094 4618 1164 4673 ad
1196 4618 1337 4674 duas
1362 4620 1743 4676 successiones
1770 4622 1934 4692 (sicut
1971 4623 2187 4677 dictum

554 4711 657 4781 est)
690 4717 746 4764 et
763 4711 841 4765 sic
862 4715 1174 4765 revertatur
1193 4717 1319 4782 post
1336 4713 1510 4767 trium
1540 4728 1914 4785 personarum
1941 4722 2189 4772 mortem

554 4802 629 4857 ad
677 4803 1087 4858 sanctissimam
1148 4805 1440 4861 ecclesiam
1497 4813 1597 4862 aut
1657 4809 2033 4864 venerabilem
2091 4811 2189 4866 do-

552 4910 737 4965 mum,
767 4913 837 4951 ex
865 4912 981 4968 qua
1004 4897 1151 4952 facta
1180 4901 1265 4953 est
1289 4899 1699 4971 emphyteusis,
1730 4906 1786 4957 et
1811 4902 1990 4958 valeat
2015 4904 2186 4958 etiam
2234 4928 2237 4931 λ

553 4989 681 5045 talis
730 4993 1074 5060 contractus,
1124 4994 1325 5062 utpote
1381 4993 1647 5063 praesenti
1689 5011 1806 5049 non
1859 5011 2188 5068 repugnans

553 5084 687 5157 legi.
729 5154 741 5165 .

622 5176 815 5253 Neque
843 5176 983 5234 illud
1012 5179 1163 5250 quod
1191 5179 1463 5235 hactenus
1486 5186 1681 5237 contra
1708 5183 1845 5238 tales
1869 5171 2188 5241 contractus

550 5272 847 5346 agebatur,
879 5273 1062 5327 valere
1083 5270 1529 5343 permittendum
1552 5281 1636 5331 est
1658 5275 1729 5330 de
1760 5277 2097 5348 adjectione,
2126 5283 2189 5334 ut

551 5368 599 5422 si
628 5365 877 5423 duorum
924 5366 1219 5421 haeredum
1260 5368 1617 5439 compleatur
1668 5373 1914 5442 tempus,
1960 5372 2188 5427 licentia

551 5461 623 5517 sit
647 5458 745 5532 eis,
775 5460 873 5532 qui
893 5465 1020 5531 post
1056 5460 1220 5515 illum
1246 5466 1397 5528 sunt,
1423 5461 1481 5516 in
1512 5463 1912 5535 emphyteusin
1938 5465 2074 5521 dare
2102 5465 2183 5535 id,

551 5553 621 5610 de
642 5570 756 5625 quo
780 5554 991 5627 agitur,
1013 5559 1069 5608 et
1092 5569 1319 5626 semper
1342 5572 1437 5611 eos
1455 5557 1712 5629 praeponi
1734 5558 1878 5613 aliis.
1898 5559 2008 5613 Hoc
2030 5559 2186 5614 enim

548 5645 693 5702 nihil
717 5648 873 5702 aliud
902 5653 986 5702 est
1015 5662 1189 5718 quam
1232 5665 1336 5721 per
1372 5650 1785 5705 revolutionem
1816 5655 1874 5706 et
1898 5652 2186 5707 machina-

548 5741 732 5796 tiones
755 5744 1057 5812 perpetuas
1083 5741 1162 5796 eis
1186 5743 1607 5815 emphyteuses,
1640 5744 1825 5817 magis
1850 5749 2041 5801 autem
2072 5744 2187 5819 pri-

550 5832 803 5905 vationes
827 5832 1330 5892 ecclesiasticarum
1364 5838 1460 5908 agi
1507 5853 1721 5895 rerum.
1754 5838 1864 5895 Sed
1890 5843 1947 5894 et
1971 5839 2019 5894 si
2044 5838 2185 5912 quid

2288 4618 2440 4689 poris
2468 4618 2842 4687 incremento,
2875 4623 2931 4673 et
2961 4622 3156 4673 contra
3184 4616 3596 4671 sanctissimam
3639 4614 3924 4671 ecclesiam

2287 4711 2543 4783 quidem,
2574 4718 2673 4768 aut
2716 4711 3100 4767 venerabilem
3138 4710 3375 4765 domum
3421 4710 3643 4764 nullam
3691 4710 3923 4764 omnino

2288 4804 2497 4861 habeat
2520 4806 2824 4877 actionem,
2843 4810 3039 4861 contra
3057 4803 3403 4860 venerabiles
3423 4819 3559 4857 vero
3579 4819 3919 4865 aeconomos,

2287 4901 2387 4953 aut
2403 4898 2502 4970 qui
2528 4900 2765 4955 omnino
2790 4898 3188 4965 vendiderunt,
3219 4897 3279 4951 in
3306 4896 3552 4969 propriis
3579 4912 3790 4951 eorum
3803 4895 3923 4951 sub-

2287 4991 2508 5047 stantiis
2536 5010 2606 5049 ex
2637 4998 2928 5053 contractu
2971 4991 3215 5047 habeant
3252 4990 3556 5057 actionem,
3584 4994 3655 5045 ut
3682 4991 3795 5045 etsi
3826 5003 3922 5044 non

2286 5089 2519 5159 propter
2544 5088 2646 5144 Dei
2670 5088 2958 5157 timorem,
2996 5089 3193 5141 tamen
3235 5088 3394 5140 metu
3433 5099 3553 5139 suae
3595 5081 3919 5138 substantia

2289 5180 2579 5252 segniores
2604 5182 2757 5237 circa
2768 5180 3154 5237 venditionem
3181 5178 3340 5233 fiant.
3370 5177 3427 5233 Si
3454 5177 3580 5248 quis
3605 5182 3809 5232 autem
3834 5189 3917 5248 per

2287 5273 2652 5330 donationem
2679 5275 2934 5346 accipere
2962 5271 3392 5346 praesumpserit
3430 5287 3555 5325 rem
3584 5268 3915 5326 ecclesiasti-

2286 5382 2433 5439 cam,
2454 5372 2553 5423 aut
2571 5369 2918 5440 ptochicam,
2947 5373 3003 5423 et
3032 5368 3175 5439 ipso,
3207 5366 3359 5437 quod
3389 5364 3587 5420 datum
3619 5368 3728 5431 est,
3760 5362 3918 5419 omni-

2286 5461 2424 5516 nino
2444 5462 2625 5529 cadat,
2649 5468 2706 5518 et
2732 5462 2888 5517 aliud
2910 5460 3271 5516 tantumdem
3291 5475 3361 5514 ex
3384 5457 3823 5513 suasuhstantia
3842 5471 3915 5509 re-

2287 5561 2484 5626 penset
2509 5556 2881 5611 sanctissimae.
2910 5554 3180 5621 ecclesiae,
3214 5560 3315 5610 aut
3344 5551 3659 5609 venerabili
3710 5549 3908 5613 domui,

2287 5666 2357 5704 ex
2399 5664 2513 5721 qua
2553 5650 2663 5704 hoc
2712 5648 2980 5720 suscepit,
3010 5651 3077 5702 ut
3117 5662 3293 5719 quam
3334 5648 3492 5702 nisus
3537 5651 3625 5700 est
3669 5646 3910 5719 ingerere

2286 5746 2483 5799 contra
2500 5759 2628 5799 eam
2650 5744 2985 5811 novitatem,
3004 5758 3168 5798 suam
3192 5756 3463 5797 exercens
3475 5739 3905 5812 malignitatem,

2284 5851 2411 5892 eam
2431 5837 2673 5909 ipsemet
2711 5839 2772 5893 in
2796 5836 3043 5908 propriis
3070 5834 3235 5892 bonis
3254 5834 3483 5891 sentiat.
3503 5832 3559 5890 Si
3583 5839 3791 5891 autem
3813 5843 3908 5908 per
