  <div class='ocr_page' id='page_1' title='image "/cluster/home/n/w/nwhite01/storage/ocr_20150623/72/uva.x000827084/666.png"; bbox 0 0 4034 6228; ppageno 0'>
   <div class='ocr_carea' id='block_1_1' title="bbox 99 391 200 442">
    <p class='ocr_par' dir='ltr' id='par_1_1' title="bbox 99 391 200 442">
     <span class='ocr_line' id='line_1_1' title="bbox 99 391 200 442; baseline -0.01 0"><span class='ocrx_word' id='word_1_1' title='bbox 99 391 200 442; x_wconf 65' lang='grc' dir='ltr'>Ωἱδ</span> 
     </span>
    </p>
   </div>
   <div class='ocr_carea' id='block_1_2' title="bbox 994 390 2594 449">
    <p class='ocr_par' dir='ltr' id='par_1_2' title="bbox 994 390 2594 449">
     <span class='ocr_line' id='line_1_2' title="bbox 994 390 2594 449; baseline 0.002 -6"><span class='ocrx_word' id='word_1_2' title='bbox 994 390 1356 445; x_wconf 68' lang='grc' dir='ltr'>ΠΣ8ἹΊΝΙΑΝ1</span> <span class='ocrx_word' id='word_1_3' title='bbox 1397 391 1724 447; x_wconf 47' lang='grc' dir='ltr'>ΝΟΥΕΙΑΙΛί</span> <span class='ocrx_word' id='word_1_4' title='bbox 1763 391 2095 446; x_wconf 65' lang='grc' dir='ltr'>ΒΕΙιΕΟΤᾸζ.</span> <span class='ocrx_word' id='word_1_5' title='bbox 2139 394 2446 449; x_wconf 73' lang='lat' dir='ltr'>NOVELLA</span> <span class='ocrx_word' id='word_1_6' title='bbox 2489 390 2594 447; x_wconf 71' lang='grc' dir='ltr'>νη.</span> 
     </span>
    </p>
   </div>
   <div class='ocr_carea' id='block_1_3' title="bbox 3383 397 3484 453">
    <p class='ocr_par' dir='ltr' id='par_1_3' title="bbox 3383 397 3484 453">
     <span class='ocr_line' id='line_1_3' title="bbox 3383 397 3484 453; baseline -0.01 0"><span class='ocrx_word' id='word_1_7' title='bbox 3383 397 3484 453; x_wconf 72' lang='grc'>946</span> 
     </span>
    </p>
   </div>
   <div class='ocr_carea' id='block_1_4' title="bbox 103 503 3484 591">
    <p class='ocr_par' dir='ltr' id='par_1_4' title="bbox 103 503 3484 591">
     <span class='ocr_line' id='line_1_4' title="bbox 103 503 3484 591; baseline 0.003 -33"><span class='ocrx_word' id='word_1_8' title='bbox 103 503 344 558; x_wconf 87' lang='lat' dir='ltr'>mutatio</span> <span class='ocrx_word' id='word_1_9' title='bbox 385 505 444 558; x_wconf 91' lang='lat' dir='ltr'>in</span> <span class='ocrx_word' id='word_1_10' title='bbox 483 503 824 574; x_wconf 88' lang='lat' dir='ltr'>quibusdam</span> <span class='ocrx_word' id='word_1_11' title='bbox 869 506 1121 576; x_wconf 87' lang='lat' dir='ltr'>personis</span> <span class='ocrx_word' id='word_1_12' title='bbox 1167 507 1285 576; x_wconf 83' lang='lat' dir='ltr'>fiat,</span> <span class='ocrx_word' id='word_1_13' title='bbox 1319 511 1527 579; x_wconf 70' lang='lat' dir='ltr'>praeter</span> <span class='ocrx_word' id='word_1_14' title='bbox 1568 509 1748 563; x_wconf 90' lang='lat' dir='ltr'>solum</span> <span class='ocrx_word' id='word_1_15' title='bbox 1771 517 1829 591; x_wconf 75' lang='grc' dir='ltr'><strong>Α</strong></span> <span class='ocrx_word' id='word_1_16' title='bbox 1850 514 2037 563; x_wconf 91' lang='lat' dir='ltr'>torum</span> <span class='ocrx_word' id='word_1_17' title='bbox 2068 509 2384 563; x_wconf 83' lang='lat' dir='ltr'>venditione</span> <span class='ocrx_word' id='word_1_18' title='bbox 2409 524 2693 563; x_wconf 82' lang='lat' dir='ltr'>vasorum.</span> <span class='ocrx_word' id='word_1_19' title='bbox 2729 508 2913 564; x_wconf 82' lang='lat' dir='ltr'>Simili</span> <span class='ocrx_word' id='word_1_20' title='bbox 2940 509 3198 566; x_wconf 81' lang='lat' dir='ltr'>videlicet</span> <span class='ocrx_word' id='word_1_21' title='bbox 3225 509 3484 568; x_wconf 79' lang='lat' dir='ltr'>observa-</span> 
     </span>
    </p>
   </div>
   <div class='ocr_carea' id='block_1_5' title="bbox 103 597 3482 674">
    <p class='ocr_par' dir='ltr' id='par_1_5' title="bbox 103 597 3482 674">
     <span class='ocr_line' id='line_1_5' title="bbox 103 597 3482 674; baseline 0.003 -22"><span class='ocrx_word' id='word_1_22' title='bbox 103 597 432 669; x_wconf 85' lang='lat' dir='ltr'>imperium,</span> <span class='ocrx_word' id='word_1_23' title='bbox 461 597 602 651; x_wconf 83' lang='lat' dir='ltr'>sicut</span> <span class='ocrx_word' id='word_1_24' title='bbox 632 598 1022 668; x_wconf 81' lang='lat' dir='ltr'>praediximus,</span> <span class='ocrx_word' id='word_1_25' title='bbox 1047 605 1104 654; x_wconf 91' lang='lat' dir='ltr'>et</span> <span class='ocrx_word' id='word_1_26' title='bbox 1133 600 1228 671; x_wconf 92' lang='lat' dir='ltr'>qui</span> <span class='ocrx_word' id='word_1_27' title='bbox 1260 602 1743 672; x_wconf 82' lang='lat' dir='ltr'>permutationem</span> <span class='ocrx_word' id='word_1_28' title='bbox 1847 603 1997 658; x_wconf 84' lang='lat' dir='ltr'>tione</span> <span class='ocrx_word' id='word_1_29' title='bbox 2045 607 2100 656; x_wconf 91' lang='lat' dir='ltr'>et</span> <span class='ocrx_word' id='word_1_30' title='bbox 2152 618 2323 673; x_wconf 88' lang='lat' dir='ltr'>super</span> <span class='ocrx_word' id='word_1_31' title='bbox 2350 602 2685 658; x_wconf 80' lang='lat' dir='ltr'>alienatione</span> <span class='ocrx_word' id='word_1_32' title='bbox 2731 603 2978 657; x_wconf 82' lang='lat' dir='ltr'>civilium</span> <span class='ocrx_word' id='word_1_33' title='bbox 3032 621 3245 674; x_wconf 89' lang='lat' dir='ltr'>panum</span> <span class='ocrx_word' id='word_1_34' title='bbox 3291 610 3482 662; x_wconf 75' lang='lat' dir='ltr'>custo-</span> 
     </span>
    </p>
   </div>
   <div class='ocr_carea' id='block_1_6' title="bbox 101 691 1741 764">
    <p class='ocr_par' dir='ltr' id='par_1_6' title="bbox 101 691 1741 764">
     <span class='ocr_line' id='line_1_6' title="bbox 101 691 1741 764; baseline 0.004 -20"><span class='ocrx_word' id='word_1_35' title='bbox 101 692 343 763; x_wconf 87' lang='lat' dir='ltr'>accepit,</span> <span class='ocrx_word' id='word_1_36' title='bbox 377 691 662 762; x_wconf 85' lang='lat' dir='ltr'>subjaceat</span> <span class='ocrx_word' id='word_1_37' title='bbox 689 709 870 763; x_wconf 70' lang='lat' dir='ltr'>pmnas</span> <span class='ocrx_word' id='word_1_38' title='bbox 901 698 958 747; x_wconf 88' lang='lat' dir='ltr'>et</span> <span class='ocrx_word' id='word_1_39' title='bbox 982 694 1168 748; x_wconf 83' lang='lat' dir='ltr'>datam</span> <span class='ocrx_word' id='word_1_40' title='bbox 1199 695 1303 748; x_wconf 89' lang='lat' dir='ltr'>sibi</span> <span class='ocrx_word' id='word_1_41' title='bbox 1330 711 1452 749; x_wconf 90' lang='lat' dir='ltr'>rem</span> <span class='ocrx_word' id='word_1_42' title='bbox 1495 695 1741 764; x_wconf 89' lang='lat' dir='ltr'>amittat,</span> 
     </span>
    </p>
   </div>
   <div class='ocr_carea' id='block_1_7' title="bbox 101 786 1746 855">
    <p class='ocr_par' dir='ltr' id='par_1_7' title="bbox 101 786 1746 855">
     <span class='ocr_line' id='line_1_7' title="bbox 101 786 1746 855; baseline 0.003 -17"><span class='ocrx_word' id='word_1_43' title='bbox 101 791 154 839; x_wconf 80' lang='lat' dir='ltr'>et</span> <span class='ocrx_word' id='word_1_44' title='bbox 181 790 441 839; x_wconf 86' lang='lat' dir='ltr'>recurrat</span> <span class='ocrx_word' id='word_1_45' title='bbox 465 801 661 839; x_wconf 86' lang='lat' dir='ltr'>rursus</span> <span class='ocrx_word' id='word_1_46' title='bbox 681 786 799 840; x_wconf 66' lang='lat' dir='ltr'>haec</span> <span class='ocrx_word' id='word_1_47' title='bbox 827 787 895 840; x_wconf 88' lang='lat' dir='ltr'>ad</span> <span class='ocrx_word' id='word_1_48' title='bbox 918 787 1294 841; x_wconf 84' lang='lat' dir='ltr'>venerabilem</span> <span class='ocrx_word' id='word_1_49' title='bbox 1312 788 1570 855; x_wconf 92' lang='lat' dir='ltr'>domum,</span> <span class='ocrx_word' id='word_1_50' title='bbox 1593 790 1746 844; x_wconf 91' lang='lat' dir='ltr'>unde</span> 
     </span>
    </p>
   </div>
   <div class='ocr_carea' id='block_1_8' title="bbox 101 881 1743 952">
    <p class='ocr_par' dir='ltr' id='par_1_8' title="bbox 101 881 1743 952">
     <span class='ocr_line' id='line_1_8' title="bbox 101 881 1743 952; baseline 0.003 -21"><span class='ocrx_word' id='word_1_51' title='bbox 101 895 405 950; x_wconf 83' lang='lat' dir='ltr'>progressa</span> <span class='ocrx_word' id='word_1_52' title='bbox 449 883 552 946; x_wconf 86' lang='lat' dir='ltr'>est,</span> <span class='ocrx_word' id='word_1_53' title='bbox 600 883 657 933; x_wconf 93' lang='lat' dir='ltr'>et</span> <span class='ocrx_word' id='word_1_54' title='bbox 703 881 855 950; x_wconf 92' lang='lat' dir='ltr'>quod</span> <span class='ocrx_word' id='word_1_55' title='bbox 909 897 1016 952; x_wconf 91' lang='lat' dir='ltr'>pro</span> <span class='ocrx_word' id='word_1_56' title='bbox 1061 881 1527 952; x_wconf 85' lang='lat' dir='ltr'>compensatione</span> <span class='ocrx_word' id='word_1_57' title='bbox 1569 882 1743 951; x_wconf 87' lang='lat' dir='ltr'>dedit,</span> 
     </span>
    </p>
   </div>
   <div class='ocr_carea' id='block_1_9' title="bbox 104 973 1748 1046">
    <p class='ocr_par' dir='ltr' id='par_1_9' title="bbox 104 973 1748 1046">
     <span class='ocr_line' id='line_1_9' title="bbox 104 973 1748 1046; baseline 0.002 -21"><span class='ocrx_word' id='word_1_58' title='bbox 104 977 330 1026; x_wconf 86' lang='lat' dir='ltr'>maneat</span> <span class='ocrx_word' id='word_1_59' title='bbox 359 973 508 1042; x_wconf 88' lang='lat' dir='ltr'>apud</span> <span class='ocrx_word' id='word_1_60' title='bbox 536 973 922 1028; x_wconf 87' lang='lat' dir='ltr'>venerabilem</span> <span class='ocrx_word' id='word_1_61' title='bbox 946 975 1204 1044; x_wconf 91' lang='lat' dir='ltr'>domum,</span> <span class='ocrx_word' id='word_1_62' title='bbox 1236 979 1293 1028; x_wconf 88' lang='lat' dir='ltr'>et</span> <span class='ocrx_word' id='word_1_63' title='bbox 1318 975 1418 1046; x_wconf 85' lang='lat' dir='ltr'>qui</span> <span class='ocrx_word' id='word_1_64' title='bbox 1449 977 1748 1030; x_wconf 84' lang='lat' dir='ltr'>accesserit</span> 
     </span>
    </p>
   </div>
   <div class='ocr_carea' id='block_1_10' title="bbox 102 1066 1750 1139">
    <p class='ocr_par' dir='ltr' id='par_1_10' title="bbox 102 1066 1750 1139">
     <span class='ocr_line' id='line_1_10' title="bbox 102 1066 1750 1139; baseline 0.002 -20"><span class='ocrx_word' id='word_1_65' title='bbox 102 1067 171 1119; x_wconf 90' lang='lat' dir='ltr'>ad</span> <span class='ocrx_word' id='word_1_66' title='bbox 202 1083 438 1120; x_wconf 87' lang='lat' dir='ltr'>causam</span> <span class='ocrx_word' id='word_1_67' title='bbox 469 1066 582 1137; x_wconf 87' lang='lat' dir='ltr'>legi</span> <span class='ocrx_word' id='word_1_68' title='bbox 615 1067 978 1136; x_wconf 86' lang='lat' dir='ltr'>contrariam,</span> <span class='ocrx_word' id='word_1_69' title='bbox 1013 1069 1173 1122; x_wconf 85' lang='lat' dir='ltr'>cadat</span> <span class='ocrx_word' id='word_1_70' title='bbox 1201 1072 1444 1139; x_wconf 90' lang='lat' dir='ltr'>utroque</span> <span class='ocrx_word' id='word_1_71' title='bbox 1487 1069 1660 1139; x_wconf 85' lang='lat' dir='ltr'>justo,</span> <span class='ocrx_word' id='word_1_72' title='bbox 1693 1074 1750 1123; x_wconf 90' lang='lat' dir='ltr'>et</span> 
     </span>
    </p>
   </div>
   <div class='ocr_carea' id='block_1_11' title="bbox 107 1159 1751 1231">
    <p class='ocr_par' dir='ltr' id='par_1_11' title="bbox 107 1159 1751 1231">
     <span class='ocr_line' id='line_1_11' title="bbox 107 1159 1751 1231; baseline 0.003 -19"><span class='ocrx_word' id='word_1_73' title='bbox 107 1159 428 1213; x_wconf 86' lang='lat' dir='ltr'>secundum</span> <span class='ocrx_word' id='word_1_74' title='bbox 470 1160 576 1213; x_wconf 93' lang='lat' dir='ltr'>hoc</span> <span class='ocrx_word' id='word_1_75' title='bbox 607 1177 791 1231; x_wconf 64' lang='lat' dir='ltr'>poenae</span> <span class='ocrx_word' id='word_1_76' title='bbox 820 1161 1112 1230; x_wconf 87' lang='lat' dir='ltr'>subdatur,</span> <span class='ocrx_word' id='word_1_77' title='bbox 1145 1161 1453 1216; x_wconf 90' lang='lat' dir='ltr'>secundum</span> <span class='ocrx_word' id='word_1_78' title='bbox 1490 1177 1662 1231; x_wconf 89' lang='lat' dir='ltr'>quam</span> <span class='ocrx_word' id='word_1_79' title='bbox 1695 1167 1751 1217; x_wconf 84' lang='lat' dir='ltr'>et</span> 
     </span>
    </p>
   </div>
   <div class='ocr_carea' id='block_1_12' title="bbox 105 1248 1750 1321">
    <p class='ocr_par' dir='ltr' id='par_1_12' title="bbox 105 1248 1750 1321">
     <span class='ocr_line' id='line_1_12' title="bbox 105 1248 1750 1321; baseline 0.001 -19"><span class='ocrx_word' id='word_1_80' title='bbox 105 1249 356 1319; x_wconf 88' lang='lat' dir='ltr'>propriis</span> <span class='ocrx_word' id='word_1_81' title='bbox 386 1248 568 1318; x_wconf 87' lang='lat' dir='ltr'>cadat,</span> <span class='ocrx_word' id='word_1_82' title='bbox 592 1254 647 1304; x_wconf 87' lang='lat' dir='ltr'>et</span> <span class='ocrx_word' id='word_1_83' title='bbox 673 1250 824 1320; x_wconf 91' lang='lat' dir='ltr'>quod</span> <span class='ocrx_word' id='word_1_84' title='bbox 849 1249 1110 1320; x_wconf 85' lang='lat' dir='ltr'>speravit,</span> <span class='ocrx_word' id='word_1_85' title='bbox 1143 1267 1256 1303; x_wconf 90' lang='lat' dir='ltr'>non</span> <span class='ocrx_word' id='word_1_86' title='bbox 1288 1250 1559 1321; x_wconf 86' lang='lat' dir='ltr'>acquirat,</span> <span class='ocrx_word' id='word_1_87' title='bbox 1581 1250 1750 1304; x_wconf 87' lang='lat' dir='ltr'>etiam</span> 
     </span>
    </p>
   </div>
   <div class='ocr_carea' id='block_1_13' title="bbox 107 1343 1747 1414">
    <p class='ocr_par' dir='ltr' id='par_1_13' title="bbox 107 1343 1747 1414">
     <span class='ocr_line' id='line_1_13' title="bbox 107 1343 1747 1414; baseline 0.002 -20"><span class='ocrx_word' id='word_1_88' title='bbox 107 1343 195 1395; x_wconf 89' lang='lat' dir='ltr'>hic</span> <span class='ocrx_word' id='word_1_89' title='bbox 228 1343 452 1396; x_wconf 88' lang='lat' dir='ltr'>actione</span> <span class='ocrx_word' id='word_1_90' title='bbox 482 1343 532 1396; x_wconf 92' lang='lat' dir='ltr'>ei</span> <span class='ocrx_word' id='word_1_91' title='bbox 563 1349 778 1397; x_wconf 87' lang='lat' dir='ltr'>servata</span> <span class='ocrx_word' id='word_1_92' title='bbox 811 1343 868 1396; x_wconf 90' lang='lat' dir='ltr'>in</span> <span class='ocrx_word' id='word_1_93' title='bbox 901 1343 1130 1414; x_wconf 90' lang='lat' dir='ltr'>propria</span> <span class='ocrx_word' id='word_1_94' title='bbox 1175 1343 1488 1398; x_wconf 85' lang='lat' dir='ltr'>substantia</span> <span class='ocrx_word' id='word_1_95' title='bbox 1529 1360 1747 1413; x_wconf 90' lang='lat' dir='ltr'>eorum,</span> 
     </span>
    </p>
   </div>
   <div class='ocr_carea' id='block_1_14' title="bbox 109 1436 1311 1504">
    <p class='ocr_par' dir='ltr' id='par_1_14' title="bbox 109 1436 1311 1504">
     <span class='ocr_line' id='line_1_14' title="bbox 109 1436 1311 1504; baseline 0.002 -16"><span class='ocrx_word' id='word_1_96' title='bbox 109 1436 207 1504; x_wconf 87' lang='lat' dir='ltr'>qui</span> <span class='ocrx_word' id='word_1_97' title='bbox 239 1440 594 1490; x_wconf 89' lang='lat' dir='ltr'>contractum</span> <span class='ocrx_word' id='word_1_98' title='bbox 620 1452 749 1489; x_wconf 90' lang='lat' dir='ltr'>cum</span> <span class='ocrx_word' id='word_1_99' title='bbox 771 1453 837 1490; x_wconf 86' lang='lat' dir='ltr'>eo</span> <span class='ocrx_word' id='word_1_100' title='bbox 863 1437 1311 1490; x_wconf 85' lang='lat' dir='ltr'>celebraverunt.</span> 
     </span>
    </p>
   </div>
   <div class='ocr_carea' id='block_1_15' title="bbox 180 1529 1752 1600">
    <p class='ocr_par' dir='ltr' id='par_1_15' title="bbox 180 1529 1752 1600">
     <span class='ocr_line' id='line_1_15' title="bbox 180 1529 1752 1600; baseline 0.001 -18"><span class='ocrx_word' id='word_1_101' title='bbox 180 1529 235 1582; x_wconf 90' lang='lat' dir='ltr'>Si</span> <span class='ocrx_word' id='word_1_102' title='bbox 258 1533 453 1582; x_wconf 87' lang='lat' dir='ltr'>autem</span> <span class='ocrx_word' id='word_1_103' title='bbox 475 1530 718 1583; x_wconf 88' lang='lat' dir='ltr'>creditor</span> <span class='ocrx_word' id='word_1_104' title='bbox 748 1529 804 1583; x_wconf 90' lang='lat' dir='ltr'>in</span> <span class='ocrx_word' id='word_1_105' title='bbox 836 1530 1073 1600; x_wconf 79' lang='lat' dir='ltr'>pignore</span> <span class='ocrx_word' id='word_1_106' title='bbox 1099 1529 1376 1600; x_wconf 85' lang='lat' dir='ltr'>corporali</span> <span class='ocrx_word' id='word_1_107' title='bbox 1403 1529 1639 1600; x_wconf 85' lang='lat' dir='ltr'>elegerit</span> <span class='ocrx_word' id='word_1_108' title='bbox 1659 1546 1752 1584; x_wconf 89' lang='lat' dir='ltr'>ac-</span> 
     </span>
    </p>
   </div>
   <div class='ocr_carea' id='block_1_16' title="bbox 109 1622 1756 1694">
    <p class='ocr_par' dir='ltr' id='par_1_16' title="bbox 109 1622 1756 1694">
     <span class='ocr_line' id='line_1_16' title="bbox 109 1622 1756 1694; baseline 0.002 -19"><span class='ocrx_word' id='word_1_109' title='bbox 109 1622 297 1693; x_wconf 89' lang='lat' dir='ltr'>cipere</span> <span class='ocrx_word' id='word_1_110' title='bbox 323 1639 448 1676; x_wconf 89' lang='lat' dir='ltr'>rem</span> <span class='ocrx_word' id='word_1_111' title='bbox 481 1622 832 1677; x_wconf 90' lang='lat' dir='ltr'>immobilem</span> <span class='ocrx_word' id='word_1_112' title='bbox 856 1624 1308 1690; x_wconf 89' lang='lat' dir='ltr'>ecclesiasticam,</span> <span class='ocrx_word' id='word_1_113' title='bbox 1325 1626 1423 1677; x_wconf 88' lang='lat' dir='ltr'>aut</span> <span class='ocrx_word' id='word_1_114' title='bbox 1439 1623 1756 1694; x_wconf 89' lang='lat' dir='ltr'>ptochicam</span> 
     </span>
    </p>
   </div>
   <div class='ocr_carea' id='block_1_17' title="bbox 110 1715 1759 1787">
    <p class='ocr_par' dir='ltr' id='par_1_17' title="bbox 110 1715 1759 1787">
     <span class='ocr_line' id='line_1_17' title="bbox 110 1715 1759 1787; baseline 0.001 -19"><span class='ocrx_word' id='word_1_115' title='bbox 110 1717 167 1768; x_wconf 91' lang='lat' dir='ltr'>in</span> <span class='ocrx_word' id='word_1_116' title='bbox 210 1715 475 1770; x_wconf 88' lang='lat' dir='ltr'>domibus</span> <span class='ocrx_word' id='word_1_117' title='bbox 520 1717 726 1782; x_wconf 85' lang='lat' dir='ltr'>forsan,</span> <span class='ocrx_word' id='word_1_118' title='bbox 761 1722 858 1770; x_wconf 89' lang='lat' dir='ltr'>aut</span> <span class='ocrx_word' id='word_1_119' title='bbox 901 1718 1259 1784; x_wconf 89' lang='lat' dir='ltr'>suburbanis,</span> <span class='ocrx_word' id='word_1_120' title='bbox 1306 1721 1404 1771; x_wconf 89' lang='lat' dir='ltr'>aut</span> <span class='ocrx_word' id='word_1_121' title='bbox 1453 1717 1626 1787; x_wconf 80' lang='lat' dir='ltr'>agris,</span> <span class='ocrx_word' id='word_1_122' title='bbox 1660 1720 1759 1771; x_wconf 91' lang='lat' dir='ltr'>aut</span> 
     </span>
    </p>
   </div>
   <div class='ocr_carea' id='block_1_18' title="bbox 110 1809 1756 1880">
    <p class='ocr_par' dir='ltr' id='par_1_18' title="bbox 110 1809 1756 1880">
     <span class='ocr_line' id='line_1_18' title="bbox 110 1809 1756 1880; baseline 0.001 -18"><span class='ocrx_word' id='word_1_123' title='bbox 110 1809 309 1876; x_wconf 86' lang='lat' dir='ltr'>hortis,</span> <span class='ocrx_word' id='word_1_124' title='bbox 339 1814 439 1862; x_wconf 89' lang='lat' dir='ltr'>aut</span> <span class='ocrx_word' id='word_1_125' title='bbox 467 1809 724 1863; x_wconf 87' lang='lat' dir='ltr'>civilibus</span> <span class='ocrx_word' id='word_1_126' title='bbox 755 1811 1013 1880; x_wconf 87' lang='lat' dir='ltr'>panibus,</span> <span class='ocrx_word' id='word_1_127' title='bbox 1048 1816 1146 1864; x_wconf 90' lang='lat' dir='ltr'>aut</span> <span class='ocrx_word' id='word_1_128' title='bbox 1175 1811 1400 1864; x_wconf 88' lang='lat' dir='ltr'>rusticis</span> <span class='ocrx_word' id='word_1_129' title='bbox 1438 1810 1756 1880; x_wconf 89' lang='lat' dir='ltr'>mancipiis,</span> 
     </span>
    </p>
   </div>
   <div class='ocr_carea' id='block_1_19' title="bbox 1847 696 3484 769">
    <p class='ocr_par' dir='ltr' id='par_1_19' title="bbox 1847 696 3484 769">
     <span class='ocr_line' id='line_1_19' title="bbox 1847 696 3484 769; baseline 0.002 -19"><span class='ocrx_word' id='word_1_130' title='bbox 1847 696 2072 761; x_wconf 87' lang='lat' dir='ltr'>dienda,</span> <span class='ocrx_word' id='word_1_131' title='bbox 2107 696 2250 750; x_wconf 91' lang='lat' dir='ltr'>sicut</span> <span class='ocrx_word' id='word_1_132' title='bbox 2279 712 2424 766; x_wconf 73' lang='lat' dir='ltr'>saepe</span> <span class='ocrx_word' id='word_1_133' title='bbox 2455 696 2722 763; x_wconf 83' lang='lat' dir='ltr'>diximus,</span> <span class='ocrx_word' id='word_1_134' title='bbox 2752 712 2816 749; x_wconf 91' lang='lat' dir='ltr'>eo</span> <span class='ocrx_word' id='word_1_135' title='bbox 2837 697 2987 767; x_wconf 91' lang='lat' dir='ltr'>quod</span> <span class='ocrx_word' id='word_1_136' title='bbox 3008 698 3146 752; x_wconf 84' lang='lat' dir='ltr'>tales</span> <span class='ocrx_word' id='word_1_137' title='bbox 3165 714 3284 752; x_wconf 83' lang='lat' dir='ltr'>esse</span> <span class='ocrx_word' id='word_1_138' title='bbox 3311 715 3484 769; x_wconf 83' lang='lat' dir='ltr'>panes</span> 
     </span>
    </p>
   </div>
   <div class='ocr_carea' id='block_1_20' title="bbox 1848 789 3482 858">
    <p class='ocr_par' dir='ltr' id='par_1_20' title="bbox 1848 789 3482 858">
     <span class='ocr_line' id='line_1_20' title="bbox 1848 789 3482 858; baseline 0.003 -15"><span class='ocrx_word' id='word_1_139' title='bbox 1848 805 1964 843; x_wconf 90' lang='lat' dir='ltr'>non</span> <span class='ocrx_word' id='word_1_140' title='bbox 1995 789 2176 843; x_wconf 89' lang='lat' dir='ltr'>solum</span> <span class='ocrx_word' id='word_1_141' title='bbox 2210 789 2265 842; x_wconf 93' lang='lat' dir='ltr'>in</span> <span class='ocrx_word' id='word_1_142' title='bbox 2309 789 2415 843; x_wconf 87' lang='lat' dir='ltr'>hac</span> <span class='ocrx_word' id='word_1_143' title='bbox 2462 789 2781 843; x_wconf 85' lang='lat' dir='ltr'>felicissima</span> <span class='ocrx_word' id='word_1_144' title='bbox 2827 789 3074 858; x_wconf 89' lang='lat' dir='ltr'>civitate,</span> <span class='ocrx_word' id='word_1_145' title='bbox 3106 792 3202 845; x_wconf 91' lang='lat' dir='ltr'>sed</span> <span class='ocrx_word' id='word_1_146' title='bbox 3229 793 3398 846; x_wconf 89' lang='lat' dir='ltr'>etiam</span> <span class='ocrx_word' id='word_1_147' title='bbox 3422 791 3482 848; x_wconf 88' lang='lat' dir='ltr'>in</span> 
     </span>
    </p>
   </div>
   <div class='ocr_carea' id='block_1_21' title="bbox 1846 882 3481 954">
    <p class='ocr_par' dir='ltr' id='par_1_21' title="bbox 1846 882 3481 954">
     <span class='ocr_line' id='line_1_21' title="bbox 1846 882 3481 954; baseline 0.001 -17"><span class='ocrx_word' id='word_1_148' title='bbox 1846 899 2059 954; x_wconf 88' lang='lat' dir='ltr'>magna</span> <span class='ocrx_word' id='word_1_149' title='bbox 2102 882 2454 937; x_wconf 79' lang='lat' dir='ltr'>Alexandria.</span> <span class='ocrx_word' id='word_1_150' title='bbox 2502 887 2559 936; x_wconf 90' lang='lat' dir='ltr'>et</span> <span class='ocrx_word' id='word_1_151' title='bbox 2595 883 2652 936; x_wconf 93' lang='lat' dir='ltr'>in</span> <span class='ocrx_word' id='word_1_152' title='bbox 2682 883 2946 953; x_wconf 89' lang='lat' dir='ltr'>Theopoli</span> <span class='ocrx_word' id='word_1_153' title='bbox 2998 899 3115 938; x_wconf 88' lang='lat' dir='ltr'>esse</span> <span class='ocrx_word' id='word_1_154' title='bbox 3163 884 3481 954; x_wconf 87' lang='lat' dir='ltr'>didicimus,</span> 
     </span>
    </p>
   </div>
   <div class='ocr_carea' id='block_1_22' title="bbox 1845 975 3485 1048">
    <p class='ocr_par' dir='ltr' id='par_1_22' title="bbox 1845 975 3485 1048">
     <span class='ocr_line' id='line_1_22' title="bbox 1845 975 3485 1048; baseline 0.001 -18"><span class='ocrx_word' id='word_1_155' title='bbox 1845 975 2077 1030; x_wconf 84' lang='lat' dir='ltr'>forsitan</span> <span class='ocrx_word' id='word_1_156' title='bbox 2111 979 2303 1029; x_wconf 87' lang='lat' dir='ltr'>autem</span> <span class='ocrx_word' id='word_1_157' title='bbox 2332 976 2441 1029; x_wconf 86' lang='lat' dir='ltr'>tale</span> <span class='ocrx_word' id='word_1_158' title='bbox 2471 975 2685 1046; x_wconf 88' lang='lat' dir='ltr'>aliquid</span> <span class='ocrx_word' id='word_1_159' title='bbox 2718 976 2886 1030; x_wconf 83' lang='lat' dir='ltr'>etiam</span> <span class='ocrx_word' id='word_1_160' title='bbox 2929 976 2989 1029; x_wconf 90' lang='lat' dir='ltr'>in</span> <span class='ocrx_word' id='word_1_161' title='bbox 3019 976 3141 1030; x_wconf 90' lang='lat' dir='ltr'>aliis</span> <span class='ocrx_word' id='word_1_162' title='bbox 3182 978 3485 1048; x_wconf 82' lang='lat' dir='ltr'>provinciis</span> 
     </span>
    </p>
   </div>
   <div class='ocr_carea' id='block_1_23' title="bbox 1849 1068 3485 1142">
    <p class='ocr_par' dir='ltr' id='par_1_23' title="bbox 1849 1068 3485 1142">
     <span class='ocr_line' id='line_1_23' title="bbox 1849 1068 3485 1142; baseline 0.002 -20"><span class='ocrx_word' id='word_1_163' title='bbox 1849 1068 2188 1142; x_wconf 88' lang='lat' dir='ltr'>quibusdam</span> <span class='ocrx_word' id='word_1_164' title='bbox 2215 1072 2318 1122; x_wconf 91' lang='lat' dir='ltr'>est.</span> <span class='ocrx_word' id='word_1_165' title='bbox 2341 1068 2497 1122; x_wconf 88' lang='lat' dir='ltr'>Unde</span> <span class='ocrx_word' id='word_1_166' title='bbox 2516 1068 2740 1123; x_wconf 83' lang='lat' dir='ltr'>tametsi</span> <span class='ocrx_word' id='word_1_167' title='bbox 2758 1068 2890 1122; x_wconf 88' lang='lat' dir='ltr'>alibi</span> <span class='ocrx_word' id='word_1_168' title='bbox 2910 1085 3135 1139; x_wconf 89' lang='lat' dir='ltr'>quoque</span> <span class='ocrx_word' id='word_1_169' title='bbox 3161 1070 3485 1140; x_wconf 87' lang='lat' dir='ltr'>hujusmodi</span> 
     </span>
    </p>
   </div>
   <div class='ocr_carea' id='block_1_24' title="bbox 1849 1162 3484 1234">
    <p class='ocr_par' dir='ltr' id='par_1_24' title="bbox 1849 1162 3484 1234">
     <span class='ocr_line' id='line_1_24' title="bbox 1849 1162 3484 1234; baseline 0.002 -18"><span class='ocrx_word' id='word_1_170' title='bbox 1849 1163 2115 1234; x_wconf 82' lang='lat' dir='ltr'>quaedam</span> <span class='ocrx_word' id='word_1_171' title='bbox 2146 1167 2229 1216; x_wconf 91' lang='lat' dir='ltr'>est</span> <span class='ocrx_word' id='word_1_172' title='bbox 2257 1163 2555 1232; x_wconf 86' lang='lat' dir='ltr'>possessio,</span> <span class='ocrx_word' id='word_1_173' title='bbox 2576 1166 2631 1217; x_wconf 92' lang='lat' dir='ltr'>et</span> <span class='ocrx_word' id='word_1_174' title='bbox 2652 1162 2709 1215; x_wconf 91' lang='lat' dir='ltr'>in</span> <span class='ocrx_word' id='word_1_175' title='bbox 2730 1162 2823 1215; x_wconf 90' lang='lat' dir='ltr'>illa</span> <span class='ocrx_word' id='word_1_176' title='bbox 2841 1162 2932 1215; x_wconf 90' lang='lat' dir='ltr'>lex</span> <span class='ocrx_word' id='word_1_177' title='bbox 2958 1167 3227 1231; x_wconf 87' lang='lat' dir='ltr'>servetur,</span> <span class='ocrx_word' id='word_1_178' title='bbox 3249 1167 3304 1218; x_wconf 91' lang='lat' dir='ltr'>et</span> <span class='ocrx_word' id='word_1_179' title='bbox 3322 1180 3484 1220; x_wconf 85' lang='lat' dir='ltr'>suam</span> 
     </span>
    </p>
   </div>
   <div class='ocr_carea' id='block_1_25' title="bbox 1851 1255 2618 1310">
    <p class='ocr_par' dir='ltr' id='par_1_25' title="bbox 1851 1255 2618 1310">
     <span class='ocr_line' id='line_1_25' title="bbox 1851 1255 2618 1310; baseline -0.003 0"><span class='ocrx_word' id='word_1_180' title='bbox 1851 1255 2295 1310; x_wconf 90' lang='lat' dir='ltr'>observationem</span> <span class='ocrx_word' id='word_1_181' title='bbox 2327 1255 2618 1310; x_wconf 87' lang='lat' dir='ltr'>extendat.</span> 
     </span>
    </p>
   </div>
   <div class='ocr_carea' id='block_1_26' title="bbox 1922 1348 3485 1419">
    <p class='ocr_par' dir='ltr' id='par_1_26' title="bbox 1922 1348 3485 1419">
     <span class='ocr_line' id='line_1_26' title="bbox 1922 1348 3485 1419; baseline 0.003 -17"><span class='ocrx_word' id='word_1_182' title='bbox 1922 1348 2064 1412; x_wconf 88' lang='lat' dir='ltr'>Quia</span> <span class='ocrx_word' id='word_1_183' title='bbox 2092 1365 2223 1402; x_wconf 92' lang='lat' dir='ltr'>vero</span> <span class='ocrx_word' id='word_1_184' title='bbox 2253 1348 2552 1402; x_wconf 89' lang='lat' dir='ltr'>verisimile</span> <span class='ocrx_word' id='word_1_185' title='bbox 2599 1353 2684 1402; x_wconf 90' lang='lat' dir='ltr'>est</span> <span class='ocrx_word' id='word_1_186' title='bbox 2725 1348 3050 1419; x_wconf 87' lang='lat' dir='ltr'>quempiam</span> <span class='ocrx_word' id='word_1_187' title='bbox 3089 1350 3256 1404; x_wconf 88' lang='lat' dir='ltr'>etiam</span> <span class='ocrx_word' id='word_1_188' title='bbox 3289 1351 3347 1405; x_wconf 92' lang='lat' dir='ltr'>in</span> <span class='ocrx_word' id='word_1_189' title='bbox 3377 1352 3485 1406; x_wconf 86' lang='lat' dir='ltr'>cir-</span> 
     </span>
    </p>
   </div>
   <div class='ocr_carea' id='block_1_27' title="bbox 1853 1442 3490 1512">
    <p class='ocr_par' dir='ltr' id='par_1_27' title="bbox 1853 1442 3490 1512">
     <span class='ocr_line' id='line_1_27' title="bbox 1853 1442 3490 1512; baseline 0.002 -16"><span class='ocrx_word' id='word_1_190' title='bbox 1853 1442 2314 1496; x_wconf 88' lang='lat' dir='ltr'>cumventionem</span> <span class='ocrx_word' id='word_1_191' title='bbox 2346 1442 2514 1512; x_wconf 88' lang='lat' dir='ltr'>hujus</span> <span class='ocrx_word' id='word_1_192' title='bbox 2555 1442 2694 1512; x_wconf 86' lang='lat' dir='ltr'>legis</span> <span class='ocrx_word' id='word_1_193' title='bbox 2721 1445 2940 1496; x_wconf 87' lang='lat' dir='ltr'>tentare</span> <span class='ocrx_word' id='word_1_194' title='bbox 2989 1444 3360 1512; x_wconf 88' lang='lat' dir='ltr'>pragmaticas</span> <span class='ocrx_word' id='word_1_195' title='bbox 3408 1461 3490 1499; x_wconf 87' lang='lat' dir='ltr'>sa-</span> 
     </span>
    </p>
   </div>
   <div class='ocr_carea' id='block_1_28' title="bbox 1856 1535 3488 1607">
    <p class='ocr_par' dir='ltr' id='par_1_28' title="bbox 1856 1535 3488 1607">
     <span class='ocr_line' id='line_1_28' title="bbox 1856 1535 3488 1607; baseline 0.002 -19"><span class='ocrx_word' id='word_1_196' title='bbox 1856 1552 1976 1588; x_wconf 90' lang='lat' dir='ltr'>cras</span> <span class='ocrx_word' id='word_1_197' title='bbox 2000 1536 2208 1588; x_wconf 84' lang='lat' dir='ltr'>formas</span> <span class='ocrx_word' id='word_1_198' title='bbox 2239 1536 2510 1606; x_wconf 90' lang='lat' dir='ltr'>accipere,</span> <span class='ocrx_word' id='word_1_199' title='bbox 2545 1535 2654 1589; x_wconf 84' lang='lat' dir='ltr'>tale</span> <span class='ocrx_word' id='word_1_200' title='bbox 2687 1535 2902 1606; x_wconf 88' lang='lat' dir='ltr'>aliquid</span> <span class='ocrx_word' id='word_1_201' title='bbox 2929 1535 3008 1589; x_wconf 88' lang='lat' dir='ltr'>eis</span> <span class='ocrx_word' id='word_1_202' title='bbox 3040 1552 3208 1605; x_wconf 87' lang='lat' dir='ltr'>agere</span> <span class='ocrx_word' id='word_1_203' title='bbox 3253 1538 3488 1607; x_wconf 87' lang='lat' dir='ltr'>permit-</span> 
     </span>
    </p>
   </div>
   <div class='ocr_carea' id='block_1_29' title="bbox 1856 1628 3489 1700">
    <p class='ocr_par' dir='ltr' id='par_1_29' title="bbox 1856 1628 3489 1700">
     <span class='ocr_line' id='line_1_29' title="bbox 1856 1628 3489 1700; baseline 0.002 -18"><span class='ocrx_word' id='word_1_204' title='bbox 1856 1632 2056 1694; x_wconf 85' lang='lat' dir='ltr'>tentes,</span> <span class='ocrx_word' id='word_1_205' title='bbox 2086 1632 2141 1681; x_wconf 92' lang='lat' dir='ltr'>et</span> <span class='ocrx_word' id='word_1_206' title='bbox 2166 1629 2272 1681; x_wconf 87' lang='lat' dir='ltr'>hoc</span> <span class='ocrx_word' id='word_1_207' title='bbox 2303 1628 2672 1699; x_wconf 89' lang='lat' dir='ltr'>prohibemus</span> <span class='ocrx_word' id='word_1_208' title='bbox 2702 1628 2757 1681; x_wconf 91' lang='lat' dir='ltr'>in</span> <span class='ocrx_word' id='word_1_209' title='bbox 2788 1629 2946 1682; x_wconf 90' lang='lat' dir='ltr'>omni</span> <span class='ocrx_word' id='word_1_210' title='bbox 2973 1645 3210 1698; x_wconf 87' lang='lat' dir='ltr'>persona</span> <span class='ocrx_word' id='word_1_211' title='bbox 3250 1631 3489 1700; x_wconf 89' lang='lat' dir='ltr'>majore,</span> 
     </span>
    </p>
   </div>
   <div class='ocr_carea' id='block_1_30' title="bbox 1856 1721 3493 1791">
    <p class='ocr_par' dir='ltr' id='par_1_30' title="bbox 1856 1721 3493 1791">
     <span class='ocr_line' id='line_1_30' title="bbox 1856 1721 3493 1791; baseline 0.002 -17"><span class='ocrx_word' id='word_1_212' title='bbox 1856 1722 1946 1774; x_wconf 87' lang='lat' dir='ltr'>vel</span> <span class='ocrx_word' id='word_1_213' title='bbox 1980 1721 2216 1788; x_wconf 87' lang='lat' dir='ltr'>minore,</span> <span class='ocrx_word' id='word_1_214' title='bbox 2249 1721 2363 1775; x_wconf 85' lang='lat' dir='ltr'>sive</span> <span class='ocrx_word' id='word_1_215' title='bbox 2414 1721 2474 1774; x_wconf 91' lang='lat' dir='ltr'>in</span> <span class='ocrx_word' id='word_1_216' title='bbox 2521 1721 2749 1791; x_wconf 87' lang='lat' dir='ltr'>cingulo</span> <span class='ocrx_word' id='word_1_217' title='bbox 2778 1721 3104 1788; x_wconf 86' lang='lat' dir='ltr'>constituta,</span> <span class='ocrx_word' id='word_1_218' title='bbox 3140 1722 3251 1776; x_wconf 87' lang='lat' dir='ltr'>sive</span> <span class='ocrx_word' id='word_1_219' title='bbox 3282 1723 3493 1777; x_wconf 87' lang='lat' dir='ltr'>horum</span> 
     </span>
    </p>
   </div>
   <div class='ocr_carea' id='block_1_31' title="bbox 1859 1813 3496 1886">
    <p class='ocr_par' dir='ltr' id='par_1_31' title="bbox 1859 1813 3496 1886">
     <span class='ocr_line' id='line_1_31' title="bbox 1859 1813 3496 1886; baseline 0.001 -18"><span class='ocrx_word' id='word_1_220' title='bbox 1859 1815 1958 1886; x_wconf 92' lang='lat' dir='ltr'>qui</span> <span class='ocrx_word' id='word_1_221' title='bbox 1991 1818 2137 1868; x_wconf 86' lang='lat' dir='ltr'>circa</span> <span class='ocrx_word' id='word_1_222' title='bbox 2165 1831 2270 1868; x_wconf 91' lang='lat' dir='ltr'>nos</span> <span class='ocrx_word' id='word_1_223' title='bbox 2308 1817 2459 1881; x_wconf 88' lang='lat' dir='ltr'>sunt,</span> <span class='ocrx_word' id='word_1_224' title='bbox 2488 1813 2601 1868; x_wconf 90' lang='lat' dir='ltr'>sive</span> <span class='ocrx_word' id='word_1_225' title='bbox 2627 1813 2868 1868; x_wconf 90' lang='lat' dir='ltr'>aliorum</span> <span class='ocrx_word' id='word_1_226' title='bbox 2897 1814 3176 1885; x_wconf 85' lang='lat' dir='ltr'>quispiam</span> <span class='ocrx_word' id='word_1_227' title='bbox 3223 1816 3372 1869; x_wconf 85' lang='lat' dir='ltr'>inter</span> <span class='ocrx_word' id='word_1_228' title='bbox 3400 1832 3496 1886; x_wconf 86' lang='lat' dir='ltr'>po-</span> 
     </span>
    </p>
   </div>
   <div class='ocr_carea' id='block_1_32' title="bbox 112 1878 3499 1979">
    <p class='ocr_par' dir='ltr' id='par_1_32' title="bbox 112 1878 3499 1979">
     <span class='ocr_line' id='line_1_32' title="bbox 112 1878 3499 1979; baseline 0.002 -24"><span class='ocrx_word' id='word_1_229' title='bbox 112 1906 167 1955; x_wconf 84' lang='lat' dir='ltr'>et</span> <span class='ocrx_word' id='word_1_230' title='bbox 193 1901 421 1956; x_wconf 83' lang='lat' dir='ltr'>dederit</span> <span class='ocrx_word' id='word_1_231' title='bbox 437 1919 662 1970; x_wconf 90' lang='lat' dir='ltr'>aurum,</span> <span class='ocrx_word' id='word_1_232' title='bbox 687 1878 888 1956; x_wconf 77' lang='lat' dir='ltr'>abhoc</span> <span class='ocrx_word' id='word_1_233' title='bbox 921 1903 1081 1957; x_wconf 89' lang='lat' dir='ltr'>cadat</span> <span class='ocrx_word' id='word_1_234' title='bbox 1113 1903 1375 1971; x_wconf 88' lang='lat' dir='ltr'>creditor,</span> <span class='ocrx_word' id='word_1_235' title='bbox 1401 1908 1456 1957; x_wconf 91' lang='lat' dir='ltr'>et</span> <span class='ocrx_word' id='word_1_236' title='bbox 1475 1920 1602 1974; x_wconf 62' lang='lat' dir='ltr'>qua;</span> <span class='ocrx_word' id='word_1_237' title='bbox 1629 1878 1757 1957; x_wconf 81' lang='lat' dir='ltr'>mu-</span> <span class='ocrx_word' id='word_1_238' title='bbox 1778 1878 1837 1950; x_wconf 81' lang='grc' dir='ltr'>Β</span> <span class='ocrx_word' id='word_1_239' title='bbox 1862 1878 2022 1979; x_wconf 73' lang='lat' dir='ltr'>pulos</span> <span class='ocrx_word' id='word_1_240' title='bbox 2051 1878 2454 1961; x_wconf 65' lang='lat' dir='ltr'>habitantium.</span> <span class='ocrx_word' id='word_1_241' title='bbox 2485 1909 2552 1960; x_wconf 86' lang='lat' dir='ltr'>Et</span> <span class='ocrx_word' id='word_1_242' title='bbox 2576 1906 2878 1973; x_wconf 89' lang='lat' dir='ltr'>sancimus,</span> <span class='ocrx_word' id='word_1_243' title='bbox 2903 1878 3044 1960; x_wconf 73' lang='lat' dir='ltr'>nulli</span> <span class='ocrx_word' id='word_1_244' title='bbox 3075 1907 3300 1978; x_wconf 86' lang='lat' dir='ltr'>penitus</span> <span class='ocrx_word' id='word_1_245' title='bbox 3330 1878 3499 1964; x_wconf 77' lang='lat' dir='ltr'>licen-</span> 
     </span>
    </p>
   </div>
   <div class='ocr_carea' id='block_1_33' title="bbox 113 1995 1762 2065">
    <p class='ocr_par' dir='ltr' id='par_1_33' title="bbox 113 1995 1762 2065">
     <span class='ocr_line' id='line_1_33' title="bbox 113 1995 1762 2065; baseline 0.001 -17"><span class='ocrx_word' id='word_1_246' title='bbox 113 1999 276 2049; x_wconf 87' lang='lat' dir='ltr'>tuum</span> <span class='ocrx_word' id='word_1_247' title='bbox 311 1996 593 2065; x_wconf 89' lang='lat' dir='ltr'>acceperit</span> <span class='ocrx_word' id='word_1_248' title='bbox 628 1995 980 2050; x_wconf 89' lang='lat' dir='ltr'>sanctissima</span> <span class='ocrx_word' id='word_1_249' title='bbox 1009 1996 1242 2050; x_wconf 90' lang='lat' dir='ltr'>ecclesia</span> <span class='ocrx_word' id='word_1_250' title='bbox 1289 2000 1388 2050; x_wconf 88' lang='lat' dir='ltr'>aut</span> <span class='ocrx_word' id='word_1_251' title='bbox 1426 1995 1762 2050; x_wconf 88' lang='lat' dir='ltr'>venerabilis</span> 
     </span>
    </p>
   </div>
   <div class='ocr_carea' id='block_1_34' title="bbox 111 2089 1738 2159">
    <p class='ocr_par' dir='ltr' id='par_1_34' title="bbox 111 2089 1738 2159">
     <span class='ocr_line' id='line_1_34' title="bbox 111 2089 1738 2159; baseline 0 -17"><span class='ocrx_word' id='word_1_252' title='bbox 111 2089 338 2153; x_wconf 89' lang='lat' dir='ltr'>domus,</span> <span class='ocrx_word' id='word_1_253' title='bbox 371 2089 524 2159; x_wconf 92' lang='lat' dir='ltr'>quod</span> <span class='ocrx_word' id='word_1_254' title='bbox 567 2093 894 2143; x_wconf 85' lang='lat' dir='ltr'>mutuatum</span> <span class='ocrx_word' id='word_1_255' title='bbox 943 2093 1028 2143; x_wconf 89' lang='lat' dir='ltr'>est</span> <span class='ocrx_word' id='word_1_256' title='bbox 1074 2105 1303 2155; x_wconf 88' lang='lat' dir='ltr'>aurum,</span> <span class='ocrx_word' id='word_1_257' title='bbox 1335 2089 1493 2142; x_wconf 92' lang='lat' dir='ltr'>lucro</span> <span class='ocrx_word' id='word_1_258' title='bbox 1537 2089 1738 2142; x_wconf 86' lang='lat' dir='ltr'>habeat</span> 
     </span>
    </p>
   </div>
   <div class='ocr_carea' id='block_1_35' title="bbox 115 2182 1757 2250">
    <p class='ocr_par' dir='ltr' id='par_1_35' title="bbox 115 2182 1757 2250">
     <span class='ocr_line' id='line_1_35' title="bbox 115 2182 1757 2250; baseline 0.001 -17"><span class='ocrx_word' id='word_1_259' title='bbox 115 2183 289 2235; x_wconf 76' lang='lat' dir='ltr'>etiam</span> <span class='ocrx_word' id='word_1_260' title='bbox 322 2182 414 2234; x_wconf 92' lang='lat' dir='ltr'>hic</span> <span class='ocrx_word' id='word_1_261' title='bbox 445 2186 642 2236; x_wconf 88' lang='lat' dir='ltr'>contra</span> <span class='ocrx_word' id='word_1_262' title='bbox 671 2183 1052 2237; x_wconf 82' lang='lat' dir='ltr'>celebrantem</span> <span class='ocrx_word' id='word_1_263' title='bbox 1079 2186 1346 2236; x_wconf 88' lang='lat' dir='ltr'>mutuum</span> <span class='ocrx_word' id='word_1_264' title='bbox 1373 2198 1757 2250; x_wconf 74' lang='lat' dir='ltr'>mconomum,</span> 
     </span>
    </p>
   </div>
   <div class='ocr_carea' id='block_1_36' title="bbox 117 2275 1760 2346">
    <p class='ocr_par' dir='ltr' id='par_1_36' title="bbox 117 2275 1760 2346">
     <span class='ocr_line' id='line_1_36' title="bbox 117 2275 1760 2346; baseline 0 -18"><span class='ocrx_word' id='word_1_265' title='bbox 117 2281 211 2328; x_wconf 87' lang='lat' dir='ltr'>aut</span> <span class='ocrx_word' id='word_1_266' title='bbox 235 2275 663 2340; x_wconf 89' lang='lat' dir='ltr'>xenodochum,</span> <span class='ocrx_word' id='word_1_267' title='bbox 685 2281 784 2328; x_wconf 89' lang='lat' dir='ltr'>aut</span> <span class='ocrx_word' id='word_1_268' title='bbox 802 2276 1318 2346; x_wconf 87' lang='lat' dir='ltr'>brephotrophum,</span> <span class='ocrx_word' id='word_1_269' title='bbox 1341 2279 1438 2328; x_wconf 87' lang='lat' dir='ltr'>aut</span> <span class='ocrx_word' id='word_1_270' title='bbox 1457 2275 1760 2345; x_wconf 66' lang='lat' dir='ltr'>prmsulem</span> 
     </span>
    </p>
   </div>
   <div class='ocr_carea' id='block_1_37' title="bbox 113 2368 1760 2435">
    <p class='ocr_par' dir='ltr' id='par_1_37' title="bbox 113 2368 1760 2435">
     <span class='ocr_line' id='line_1_37' title="bbox 113 2368 1760 2435; baseline 0 -13"><span class='ocrx_word' id='word_1_271' title='bbox 113 2369 464 2434; x_wconf 88' lang='lat' dir='ltr'>monasterii,</span> <span class='ocrx_word' id='word_1_272' title='bbox 498 2374 597 2422; x_wconf 90' lang='lat' dir='ltr'>aut</span> <span class='ocrx_word' id='word_1_273' title='bbox 625 2370 901 2435; x_wconf 90' lang='lat' dir='ltr'>asceterii,</span> <span class='ocrx_word' id='word_1_274' title='bbox 937 2373 1037 2423; x_wconf 86' lang='lat' dir='ltr'>aut</span> <span class='ocrx_word' id='word_1_275' title='bbox 1075 2369 1316 2423; x_wconf 88' lang='lat' dir='ltr'>aliorum</span> <span class='ocrx_word' id='word_1_276' title='bbox 1347 2368 1760 2422; x_wconf 81' lang='lat' dir='ltr'>venerabilium</span> 
     </span>
    </p>
   </div>
   <div class='ocr_carea' id='block_1_38' title="bbox 113 2461 1764 2532">
    <p class='ocr_par' dir='ltr' id='par_1_38' title="bbox 113 2461 1764 2532">
     <span class='ocr_line' id='line_1_38' title="bbox 113 2461 1764 2532; baseline 0 -18"><span class='ocrx_word' id='word_1_277' title='bbox 113 2462 488 2532; x_wconf 85' lang='lat' dir='ltr'>collegiorum</span> <span class='ocrx_word' id='word_1_278' title='bbox 517 2461 776 2516; x_wconf 90' lang='lat' dir='ltr'>creditori</span> <span class='ocrx_word' id='word_1_279' title='bbox 805 2461 1026 2516; x_wconf 88' lang='lat' dir='ltr'>actione</span> <span class='ocrx_word' id='word_1_280' title='bbox 1063 2467 1352 2525; x_wconf 88' lang='lat' dir='ltr'>manente,</span> <span class='ocrx_word' id='word_1_281' title='bbox 1386 2462 1474 2516; x_wconf 90' lang='lat' dir='ltr'>his</span> <span class='ocrx_word' id='word_1_282' title='bbox 1503 2461 1764 2514; x_wconf 90' lang='lat' dir='ltr'>omnibus</span> 
     </span>
    </p>
   </div>
   <div class='ocr_carea' id='block_1_39' title="bbox 114 2554 1760 2608">
    <p class='ocr_par' dir='ltr' id='par_1_39' title="bbox 114 2554 1760 2608">
     <span class='ocr_line' id='line_1_39' title="bbox 114 2554 1760 2608; baseline 0 -2"><span class='ocrx_word' id='word_1_283' title='bbox 114 2555 286 2608; x_wconf 79' lang='lat' dir='ltr'>etiam</span> <span class='ocrx_word' id='word_1_284' title='bbox 309 2555 368 2608; x_wconf 93' lang='lat' dir='ltr'>in</span> <span class='ocrx_word' id='word_1_285' title='bbox 387 2554 680 2608; x_wconf 88' lang='lat' dir='ltr'>abbatissis</span> <span class='ocrx_word' id='word_1_286' title='bbox 699 2555 1069 2608; x_wconf 90' lang='lat' dir='ltr'>muliebrium</span> <span class='ocrx_word' id='word_1_287' title='bbox 1097 2555 1495 2608; x_wconf 87' lang='lat' dir='ltr'>asceteriorum</span> <span class='ocrx_word' id='word_1_288' title='bbox 1519 2559 1616 2608; x_wconf 88' lang='lat' dir='ltr'>aut</span> <span class='ocrx_word' id='word_1_289' title='bbox 1635 2571 1760 2607; x_wconf 86' lang='lat' dir='ltr'>mo-</span> 
     </span>
    </p>
   </div>
   <div class='ocr_carea' id='block_1_40' title="bbox 114 2647 1763 2702">
    <p class='ocr_par' dir='ltr' id='par_1_40' title="bbox 114 2647 1763 2702">
     <span class='ocr_line' id='line_1_40' title="bbox 114 2647 1763 2702; baseline 0.001 -3"><span class='ocrx_word' id='word_1_290' title='bbox 114 2647 496 2701; x_wconf 84' lang='lat' dir='ltr'>nasteriorum</span> <span class='ocrx_word' id='word_1_291' title='bbox 523 2647 858 2701; x_wconf 87' lang='lat' dir='ltr'>valentibus.</span> <span class='ocrx_word' id='word_1_292' title='bbox 881 2647 936 2702; x_wconf 91' lang='lat' dir='ltr'>Si</span> <span class='ocrx_word' id='word_1_293' title='bbox 957 2647 1111 2701; x_wconf 92' lang='lat' dir='ltr'>enim</span> <span class='ocrx_word' id='word_1_294' title='bbox 1132 2647 1368 2701; x_wconf 90' lang='lat' dir='ltr'>omnino</span> <span class='ocrx_word' id='word_1_295' title='bbox 1399 2647 1763 2701; x_wconf 88' lang='lat' dir='ltr'>sanctissimis</span> 
     </span>
    </p>
   </div>
   <div class='ocr_carea' id='block_1_41' title="bbox 119 2739 1764 2810">
    <p class='ocr_par' dir='ltr' id='par_1_41' title="bbox 119 2739 1764 2810">
     <span class='ocr_line' id='line_1_41' title="bbox 119 2739 1764 2810; baseline 0.001 -19"><span class='ocrx_word' id='word_1_296' title='bbox 119 2739 370 2793; x_wconf 79' lang='lat' dir='ltr'>ecclesiis</span> <span class='ocrx_word' id='word_1_297' title='bbox 399 2743 496 2792; x_wconf 87' lang='lat' dir='ltr'>aut</span> <span class='ocrx_word' id='word_1_298' title='bbox 519 2739 644 2792; x_wconf 91' lang='lat' dir='ltr'>aliis</span> <span class='ocrx_word' id='word_1_299' title='bbox 668 2740 1084 2794; x_wconf 88' lang='lat' dir='ltr'>venerabilibus</span> <span class='ocrx_word' id='word_1_300' title='bbox 1105 2740 1367 2794; x_wconf 90' lang='lat' dir='ltr'>domibus</span> <span class='ocrx_word' id='word_1_301' title='bbox 1389 2740 1602 2794; x_wconf 89' lang='lat' dir='ltr'>credito</span> <span class='ocrx_word' id='word_1_302' title='bbox 1623 2755 1764 2810; x_wconf 90' lang='lat' dir='ltr'>opus</span> 
     </span>
    </p>
   </div>
   <div class='ocr_carea' id='block_1_42' title="bbox 120 2832 1760 2904">
    <p class='ocr_par' dir='ltr' id='par_1_42' title="bbox 120 2832 1760 2904">
     <span class='ocr_line' id='line_1_42' title="bbox 120 2832 1760 2904; baseline 0.001 -20"><span class='ocrx_word' id='word_1_303' title='bbox 120 2833 210 2896; x_wconf 87' lang='lat' dir='ltr'>sit,</span> <span class='ocrx_word' id='word_1_304' title='bbox 245 2832 420 2901; x_wconf 88' lang='lat' dir='ltr'>idque</span> <span class='ocrx_word' id='word_1_305' title='bbox 449 2832 591 2887; x_wconf 88' lang='lat' dir='ltr'>forte</span> <span class='ocrx_word' id='word_1_306' title='bbox 621 2838 720 2887; x_wconf 90' lang='lat' dir='ltr'>aut</span> <span class='ocrx_word' id='word_1_307' title='bbox 747 2833 806 2886; x_wconf 93' lang='lat' dir='ltr'>in</span> <span class='ocrx_word' id='word_1_308' title='bbox 833 2833 1207 2886; x_wconf 89' lang='lat' dir='ltr'>necessariam</span> <span class='ocrx_word' id='word_1_309' title='bbox 1233 2833 1539 2904; x_wconf 87' lang='lat' dir='ltr'>quamdam</span> <span class='ocrx_word' id='word_1_310' title='bbox 1561 2836 1615 2885; x_wconf 88' lang='lat' dir='ltr'>et</span> <span class='ocrx_word' id='word_1_311' title='bbox 1643 2832 1760 2885; x_wconf 91' lang='lat' dir='ltr'>ine-</span> 
     </span>
    </p>
   </div>
   <div class='ocr_carea' id='block_1_43' title="bbox 119 2925 1761 2996">
    <p class='ocr_par' dir='ltr' id='par_1_43' title="bbox 119 2925 1761 2996">
     <span class='ocr_line' id='line_1_43' title="bbox 119 2925 1761 2996; baseline 0.001 -19"><span class='ocrx_word' id='word_1_312' title='bbox 119 2925 407 2978; x_wconf 82' lang='lat' dir='ltr'>vitabilem</span> <span class='ocrx_word' id='word_1_313' title='bbox 438 2927 804 2992; x_wconf 87' lang='lat' dir='ltr'>occasionem,</span> <span class='ocrx_word' id='word_1_314' title='bbox 840 2930 897 2980; x_wconf 91' lang='lat' dir='ltr'>et</span> <span class='ocrx_word' id='word_1_315' title='bbox 935 2931 1145 2996; x_wconf 72' lang='lat' dir='ltr'>praeter</span> <span class='ocrx_word' id='word_1_316' title='bbox 1184 2942 1358 2996; x_wconf 90' lang='lat' dir='ltr'>quam</span> <span class='ocrx_word' id='word_1_317' title='bbox 1390 2941 1504 2979; x_wconf 91' lang='lat' dir='ltr'>non</span> <span class='ocrx_word' id='word_1_318' title='bbox 1535 2925 1761 2994; x_wconf 86' lang='lat' dir='ltr'>poterit,</span> 
     </span>
    </p>
   </div>
   <div class='ocr_carea' id='block_1_44' title="bbox 120 3017 1762 3090">
    <p class='ocr_par' dir='ltr' id='par_1_44' title="bbox 120 3017 1762 3090">
     <span class='ocr_line' id='line_1_44' title="bbox 120 3017 1762 3090; baseline -0.001 -19"><span class='ocrx_word' id='word_1_319' title='bbox 120 3019 273 3089; x_wconf 86' lang='lat' dir='ltr'>quod</span> <span class='ocrx_word' id='word_1_320' title='bbox 303 3018 567 3073; x_wconf 90' lang='lat' dir='ltr'>imminet</span> <span class='ocrx_word' id='word_1_321' title='bbox 595 3019 910 3090; x_wconf 88' lang='lat' dir='ltr'>adimpleri,</span> <span class='ocrx_word' id='word_1_322' title='bbox 943 3023 1041 3073; x_wconf 88' lang='lat' dir='ltr'>aut</span> <span class='ocrx_word' id='word_1_323' title='bbox 1085 3019 1145 3072; x_wconf 90' lang='lat' dir='ltr'>in</span> <span class='ocrx_word' id='word_1_324' title='bbox 1195 3019 1365 3072; x_wconf 90' lang='lat' dir='ltr'>aliam</span> <span class='ocrx_word' id='word_1_325' title='bbox 1394 3034 1620 3072; x_wconf 89' lang='lat' dir='ltr'>causam</span> <span class='ocrx_word' id='word_1_326' title='bbox 1649 3017 1762 3070; x_wconf 94' lang='lat' dir='ltr'>uti-</span> 
     </span>
    </p>
   </div>
   <div class='ocr_carea' id='block_1_45' title="bbox 117 3109 1768 3175">
    <p class='ocr_par' dir='ltr' id='par_1_45' title="bbox 117 3109 1768 3175">
     <span class='ocr_line' id='line_1_45' title="bbox 117 3109 1768 3175; baseline -0.001 -11"><span class='ocrx_word' id='word_1_327' title='bbox 117 3111 394 3166; x_wconf 87' lang='lat' dir='ltr'>lissimam</span> <span class='ocrx_word' id='word_1_328' title='bbox 432 3112 799 3166; x_wconf 66' lang='lat' dir='ltr'>sanctissimae</span> <span class='ocrx_word' id='word_1_329' title='bbox 831 3111 1082 3166; x_wconf 67' lang='lat' dir='ltr'>ecclesiae</span> <span class='ocrx_word' id='word_1_330' title='bbox 1125 3112 1546 3175; x_wconf 87' lang='lat' dir='ltr'>consistentem,</span> <span class='ocrx_word' id='word_1_331' title='bbox 1577 3109 1768 3164; x_wconf 88' lang='lat' dir='ltr'>licebit</span> 
     </span>
    </p>
   </div>
   <div class='ocr_carea' id='block_1_46' title="bbox 119 3204 1761 3275">
    <p class='ocr_par' dir='ltr' id='par_1_46' title="bbox 119 3204 1761 3275">
     <span class='ocr_line' id='line_1_46' title="bbox 119 3204 1761 3275; baseline -0.001 -17"><span class='ocrx_word' id='word_1_332' title='bbox 119 3204 438 3275; x_wconf 67' lang='lat' dir='ltr'>praepositis</span> <span class='ocrx_word' id='word_1_333' title='bbox 473 3221 669 3258; x_wconf 90' lang='lat' dir='ltr'>earum</span> <span class='ocrx_word' id='word_1_334' title='bbox 698 3221 878 3274; x_wconf 90' lang='lat' dir='ltr'>usque</span> <span class='ocrx_word' id='word_1_335' title='bbox 907 3205 975 3258; x_wconf 92' lang='lat' dir='ltr'>ad</span> <span class='ocrx_word' id='word_1_336' title='bbox 1011 3205 1337 3275; x_wconf 84' lang='lat' dir='ltr'>generalem</span> <span class='ocrx_word' id='word_1_337' title='bbox 1380 3204 1761 3274; x_wconf 87' lang='lat' dir='ltr'>hypothecam</span> 
     </span>
    </p>
   </div>
   <div class='ocr_carea' id='block_1_47' title="bbox 123 3296 1762 3369">
    <p class='ocr_par' dir='ltr' id='par_1_47' title="bbox 123 3296 1762 3369">
     <span class='ocr_line' id='line_1_47' title="bbox 123 3296 1762 3369; baseline 0.001 -20"><span class='ocrx_word' id='word_1_338' title='bbox 123 3304 291 3365; x_wconf 83' lang='lat' dir='ltr'>stare,</span> <span class='ocrx_word' id='word_1_339' title='bbox 320 3303 378 3351; x_wconf 88' lang='lat' dir='ltr'>et</span> <span class='ocrx_word' id='word_1_340' title='bbox 423 3298 644 3352; x_wconf 91' lang='lat' dir='ltr'>nullum</span> <span class='ocrx_word' id='word_1_341' title='bbox 687 3298 927 3368; x_wconf 88' lang='lat' dir='ltr'>speciale</span> <span class='ocrx_word' id='word_1_342' title='bbox 970 3298 1180 3369; x_wconf 89' lang='lat' dir='ltr'>pignus</span> <span class='ocrx_word' id='word_1_343' title='bbox 1219 3296 1588 3352; x_wconf 89' lang='lat' dir='ltr'>creditoribus</span> <span class='ocrx_word' id='word_1_344' title='bbox 1619 3313 1762 3367; x_wconf 76' lang='lat' dir='ltr'>prte-</span> 
     </span>
    </p>
   </div>
   <div class='ocr_carea' id='block_1_48' title="bbox 123 3389 278 3445">
    <p class='ocr_par' dir='ltr' id='par_1_48' title="bbox 123 3389 278 3445">
     <span class='ocr_line' id='line_1_48' title="bbox 123 3389 278 3445; baseline 0.019 -3"><span class='ocrx_word' id='word_1_345' title='bbox 123 3389 278 3445; x_wconf 89' lang='lat' dir='ltr'>bere.</span> 
     </span>
    </p>
   </div>
   <div class='ocr_carea' id='block_1_49' title="bbox 193 3481 1770 3555">
    <p class='ocr_par' dir='ltr' id='par_1_49' title="bbox 193 3481 1770 3555">
     <span class='ocr_line' id='line_1_49' title="bbox 193 3481 1770 3555; baseline -0.003 -16"><span class='ocrx_word' id='word_1_346' title='bbox 193 3485 249 3539; x_wconf 90' lang='lat' dir='ltr'>Si</span> <span class='ocrx_word' id='word_1_347' title='bbox 280 3499 418 3538; x_wconf 89' lang='lat' dir='ltr'>vero</span> <span class='ocrx_word' id='word_1_348' title='bbox 449 3484 618 3538; x_wconf 88' lang='lat' dir='ltr'>etiam</span> <span class='ocrx_word' id='word_1_349' title='bbox 659 3488 996 3555; x_wconf 88' lang='lat' dir='ltr'>perpetuam</span> <span class='ocrx_word' id='word_1_350' title='bbox 1038 3482 1318 3554; x_wconf 90' lang='lat' dir='ltr'>quispiam</span> <span class='ocrx_word' id='word_1_351' title='bbox 1366 3481 1770 3553; x_wconf 88' lang='lat' dir='ltr'>emphyteusin</span> 
     </span>
    </p>
   </div>
   <div class='ocr_carea' id='block_1_50' title="bbox 121 3576 1767 3648">
    <p class='ocr_par' dir='ltr' id='par_1_50' title="bbox 121 3576 1767 3648">
     <span class='ocr_line' id='line_1_50' title="bbox 121 3576 1767 3648; baseline -0.001 -18"><span class='ocrx_word' id='word_1_352' title='bbox 121 3577 377 3648; x_wconf 86' lang='lat' dir='ltr'>accipere</span> <span class='ocrx_word' id='word_1_353' title='bbox 397 3577 845 3648; x_wconf 72' lang='lat' dir='ltr'>prmsumpserit,</span> <span class='ocrx_word' id='word_1_354' title='bbox 866 3577 1015 3647; x_wconf 89' lang='lat' dir='ltr'>quod</span> <span class='ocrx_word' id='word_1_355' title='bbox 1036 3593 1154 3630; x_wconf 89' lang='lat' dir='ltr'>non</span> <span class='ocrx_word' id='word_1_356' title='bbox 1175 3576 1325 3643; x_wconf 84' lang='lat' dir='ltr'>licet,</span> <span class='ocrx_word' id='word_1_357' title='bbox 1359 3581 1458 3630; x_wconf 89' lang='lat' dir='ltr'>aut</span> <span class='ocrx_word' id='word_1_358' title='bbox 1480 3580 1767 3646; x_wconf 88' lang='lat' dir='ltr'>tempora-</span> 
     </span>
    </p>
   </div>
   <div class='ocr_carea' id='block_1_51' title="bbox 124 3669 1768 3742">
    <p class='ocr_par' dir='ltr' id='par_1_51' title="bbox 124 3669 1768 3742">
     <span class='ocr_line' id='line_1_51' title="bbox 124 3669 1768 3742; baseline -0.002 -17"><span class='ocrx_word' id='word_1_359' title='bbox 124 3672 236 3725; x_wconf 88' lang='lat' dir='ltr'>lem</span> <span class='ocrx_word' id='word_1_360' title='bbox 263 3670 518 3742; x_wconf 89' lang='lat' dir='ltr'>quidem,</span> <span class='ocrx_word' id='word_1_361' title='bbox 545 3687 662 3724; x_wconf 92' lang='lat' dir='ltr'>non</span> <span class='ocrx_word' id='word_1_362' title='bbox 692 3674 883 3724; x_wconf 91' lang='lat' dir='ltr'>tamen</span> <span class='ocrx_word' id='word_1_363' title='bbox 915 3669 1228 3724; x_wconf 91' lang='lat' dir='ltr'>secundum</span> <span class='ocrx_word' id='word_1_364' title='bbox 1256 3669 1428 3738; x_wconf 87' lang='lat' dir='ltr'>hujus</span> <span class='ocrx_word' id='word_1_365' title='bbox 1457 3673 1664 3723; x_wconf 78' lang='lat' dir='ltr'>nostrae</span> <span class='ocrx_word' id='word_1_366' title='bbox 1685 3669 1768 3722; x_wconf 89' lang='lat' dir='ltr'>le-</span> 
     </span>
    </p>
   </div>
   <div class='ocr_carea' id='block_1_52' title="bbox 126 3761 1769 3833">
    <p class='ocr_par' dir='ltr' id='par_1_52' title="bbox 126 3761 1769 3833">
     <span class='ocr_line' id='line_1_52' title="bbox 126 3761 1769 3833; baseline -0.002 -16"><span class='ocrx_word' id='word_1_367' title='bbox 126 3765 210 3833; x_wconf 81' lang='lat' dir='ltr'>gis</span> <span class='ocrx_word' id='word_1_368' title='bbox 261 3763 734 3832; x_wconf 84' lang='lat' dir='ltr'>observationem,</span> <span class='ocrx_word' id='word_1_369' title='bbox 763 3762 932 3818; x_wconf 89' lang='lat' dir='ltr'>etiam</span> <span class='ocrx_word' id='word_1_370' title='bbox 982 3761 1053 3815; x_wconf 88' lang='lat' dir='ltr'>sit</span> <span class='ocrx_word' id='word_1_371' title='bbox 1095 3762 1258 3816; x_wconf 90' lang='lat' dir='ltr'>cadat</span> <span class='ocrx_word' id='word_1_372' title='bbox 1283 3761 1518 3832; x_wconf 89' lang='lat' dir='ltr'>quidem</span> <span class='ocrx_word' id='word_1_373' title='bbox 1547 3762 1616 3816; x_wconf 90' lang='lat' dir='ltr'>de</span> <span class='ocrx_word' id='word_1_374' title='bbox 1646 3777 1769 3816; x_wconf 89' lang='lat' dir='ltr'>em-</span> 
     </span>
    </p>
   </div>
   <div class='ocr_carea' id='block_1_53' title="bbox 126 3852 1770 3927">
    <p class='ocr_par' dir='ltr' id='par_1_53' title="bbox 126 3852 1770 3927">
     <span class='ocr_line' id='line_1_53' title="bbox 126 3852 1770 3927; baseline -0.002 -17"><span class='ocrx_word' id='word_1_375' title='bbox 126 3856 412 3927; x_wconf 81' lang='lat' dir='ltr'>phyteusi,</span> <span class='ocrx_word' id='word_1_376' title='bbox 445 3859 502 3910; x_wconf 90' lang='lat' dir='ltr'>et</span> <span class='ocrx_word' id='word_1_377' title='bbox 527 3856 674 3927; x_wconf 90' lang='lat' dir='ltr'>quod</span> <span class='ocrx_word' id='word_1_378' title='bbox 699 3856 900 3910; x_wconf 89' lang='lat' dir='ltr'>datum</span> <span class='ocrx_word' id='word_1_379' title='bbox 929 3857 1012 3908; x_wconf 87' lang='lat' dir='ltr'>est</span> <span class='ocrx_word' id='word_1_380' title='bbox 1042 3858 1275 3908; x_wconf 87' lang='lat' dir='ltr'>maneat</span> <span class='ocrx_word' id='word_1_381' title='bbox 1299 3854 1448 3924; x_wconf 88' lang='lat' dir='ltr'>apud</span> <span class='ocrx_word' id='word_1_382' title='bbox 1477 3852 1770 3907; x_wconf 88' lang='lat' dir='ltr'>venerabi-</span> 
     </span>
    </p>
   </div>
   <div class='ocr_carea' id='block_1_54' title="bbox 127 3947 1772 4016">
    <p class='ocr_par' dir='ltr' id='par_1_54' title="bbox 127 3947 1772 4016">
     <span class='ocr_line' id='line_1_54' title="bbox 127 3947 1772 4016; baseline -0.002 -15"><span class='ocrx_word' id='word_1_383' title='bbox 127 3950 238 4002; x_wconf 76' lang='lat' dir='ltr'>lem</span> <span class='ocrx_word' id='word_1_384' title='bbox 267 3950 528 4003; x_wconf 89' lang='lat' dir='ltr'>domum.</span> <span class='ocrx_word' id='word_1_385' title='bbox 563 3949 799 4004; x_wconf 90' lang='lat' dir='ltr'>Debebit</span> <span class='ocrx_word' id='word_1_386' title='bbox 830 3951 1021 4002; x_wconf 89' lang='lat' dir='ltr'>autem</span> <span class='ocrx_word' id='word_1_387' title='bbox 1047 3947 1313 4001; x_wconf 88' lang='lat' dir='ltr'>continuo</span> <span class='ocrx_word' id='word_1_388' title='bbox 1339 3949 1396 4000; x_wconf 92' lang='lat' dir='ltr'>et</span> <span class='ocrx_word' id='word_1_389' title='bbox 1421 3950 1549 4016; x_wconf 90' lang='lat' dir='ltr'>post</span> <span class='ocrx_word' id='word_1_390' title='bbox 1581 3961 1772 3998; x_wconf 90' lang='lat' dir='ltr'>casum</span> 
     </span>
    </p>
   </div>
   <div class='ocr_carea' id='block_1_55' title="bbox 128 4037 1774 4113">
    <p class='ocr_par' dir='ltr' id='par_1_55' title="bbox 128 4037 1774 4113">
     <span class='ocr_line' id='line_1_55' title="bbox 128 4037 1774 4113; baseline -0.002 -19"><span class='ocrx_word' id='word_1_391' title='bbox 128 4043 624 4113; x_wconf 78' lang='lat' dir='ltr'>emphyteumatos</span> <span class='ocrx_word' id='word_1_392' title='bbox 654 4042 888 4107; x_wconf 85' lang='lat' dir='ltr'>solvere,</span> <span class='ocrx_word' id='word_1_393' title='bbox 924 4045 1201 4111; x_wconf 89' lang='lat' dir='ltr'>quantum</span> <span class='ocrx_word' id='word_1_394' title='bbox 1240 4040 1529 4093; x_wconf 89' lang='lat' dir='ltr'>soluturus</span> <span class='ocrx_word' id='word_1_395' title='bbox 1557 4041 1695 4106; x_wconf 89' lang='lat' dir='ltr'>erat,</span> <span class='ocrx_word' id='word_1_396' title='bbox 1727 4037 1774 4091; x_wconf 90' lang='lat' dir='ltr'>si</span> 
     </span>
    </p>
   </div>
   <div class='ocr_carea' id='block_1_56' title="bbox 127 4130 1774 4206">
    <p class='ocr_par' dir='ltr' id='par_1_56' title="bbox 127 4130 1774 4206">
     <span class='ocr_line' id='line_1_56' title="bbox 127 4130 1774 4206; baseline -0.002 -19"><span class='ocrx_word' id='word_1_397' title='bbox 127 4136 446 4190; x_wconf 80' lang='lat' dir='ltr'>secundum</span> <span class='ocrx_word' id='word_1_398' title='bbox 474 4136 660 4206; x_wconf 88' lang='lat' dir='ltr'>legem</span> <span class='ocrx_word' id='word_1_399' title='bbox 696 4133 1096 4205; x_wconf 82' lang='lat' dir='ltr'>emphyteusin</span> <span class='ocrx_word' id='word_1_400' title='bbox 1138 4131 1420 4197; x_wconf 89' lang='lat' dir='ltr'>subiisset,</span> <span class='ocrx_word' id='word_1_401' title='bbox 1453 4130 1598 4185; x_wconf 89' lang='lat' dir='ltr'>nihil</span> <span class='ocrx_word' id='word_1_402' title='bbox 1623 4130 1774 4200; x_wconf 91' lang='lat' dir='ltr'>apud</span> 
     </span>
    </p>
   </div>
   <div class='ocr_carea' id='block_1_57' title="bbox 127 4224 1776 4298">
    <p class='ocr_par' dir='ltr' id='par_1_57' title="bbox 127 4224 1776 4298">
     <span class='ocr_line' id='line_1_57' title="bbox 127 4224 1776 4298; baseline -0.001 -19"><span class='ocrx_word' id='word_1_403' title='bbox 127 4246 258 4282; x_wconf 80' lang='lat' dir='ltr'>eum</span> <span class='ocrx_word' id='word_1_404' title='bbox 294 4233 560 4282; x_wconf 86' lang='lat' dir='ltr'>manente</span> <span class='ocrx_word' id='word_1_405' title='bbox 589 4244 657 4282; x_wconf 90' lang='lat' dir='ltr'>ex</span> <span class='ocrx_word' id='word_1_406' title='bbox 684 4226 854 4282; x_wconf 89' lang='lat' dir='ltr'>rebus</span> <span class='ocrx_word' id='word_1_407' title='bbox 885 4242 1202 4298; x_wconf 91' lang='lat' dir='ltr'>pauperum</span> <span class='ocrx_word' id='word_1_408' title='bbox 1235 4240 1365 4296; x_wconf 76' lang='lat' dir='ltr'>quae</span> <span class='ocrx_word' id='word_1_409' title='bbox 1417 4224 1626 4278; x_wconf 85' lang='lat' dir='ltr'>frustra</span> <span class='ocrx_word' id='word_1_410' title='bbox 1672 4239 1776 4294; x_wconf 91' lang='lat' dir='ltr'>per</span> 
     </span>
    </p>
   </div>
   <div class='ocr_carea' id='block_1_58' title="bbox 128 4320 892 4392">
    <p class='ocr_par' dir='ltr' id='par_1_58' title="bbox 128 4320 892 4392">
     <span class='ocr_line' id='line_1_58' title="bbox 128 4320 892 4392; baseline 0 -18"><span class='ocrx_word' id='word_1_411' title='bbox 128 4320 533 4392; x_wconf 75' lang='lat' dir='ltr'>emphyteusin</span> <span class='ocrx_word' id='word_1_412' title='bbox 563 4321 709 4375; x_wconf 67' lang='lat' dir='ltr'>datae</span> <span class='ocrx_word' id='word_1_413' title='bbox 739 4323 892 4374; x_wconf 91' lang='lat' dir='ltr'>sunt.</span> 
     </span>
    </p>
   </div>
   <div class='ocr_carea' id='block_1_59' title="bbox 199 4409 1778 4484">
    <p class='ocr_par' dir='ltr' id='par_1_59' title="bbox 199 4409 1778 4484">
     <span class='ocr_line' id='line_1_59' title="bbox 199 4409 1778 4484; baseline -0.004 -16"><span class='ocrx_word' id='word_1_414' title='bbox 199 4417 332 4468; x_wconf 64' lang='lat' dir='ltr'>Haec</span> <span class='ocrx_word' id='word_1_415' title='bbox 358 4413 533 4484; x_wconf 84' lang='lat' dir='ltr'>igitur</span> <span class='ocrx_word' id='word_1_416' title='bbox 559 4414 751 4468; x_wconf 89' lang='lat' dir='ltr'>omnia</span> <span class='ocrx_word' id='word_1_417' title='bbox 780 4412 1170 4467; x_wconf 88' lang='lat' dir='ltr'>custodiantur</span> <span class='ocrx_word' id='word_1_418' title='bbox 1207 4410 1492 4482; x_wconf 66' lang='lat' dir='ltr'>praedictis</span> <span class='ocrx_word' id='word_1_419' title='bbox 1523 4409 1778 4480; x_wconf 86' lang='lat' dir='ltr'>subjecta</span> 
     </span>
    </p>
   </div>
   <div class='ocr_carea' id='block_1_60' title="bbox 128 4503 1774 4578">
    <p class='ocr_par' dir='ltr' id='par_1_60' title="bbox 128 4503 1774 4578">
     <span class='ocr_line' id='line_1_60' title="bbox 128 4503 1774 4578; baseline -0.004 -16"><span class='ocrx_word' id='word_1_420' title='bbox 128 4508 334 4578; x_wconf 73' lang='lat' dir='ltr'>pmnis,</span> <span class='ocrx_word' id='word_1_421' title='bbox 367 4523 549 4576; x_wconf 84' lang='lat' dir='ltr'>neque</span> <span class='ocrx_word' id='word_1_422' title='bbox 589 4505 987 4561; x_wconf 87' lang='lat' dir='ltr'>tabellionibus</span> <span class='ocrx_word' id='word_1_423' title='bbox 1039 4503 1518 4576; x_wconf 73' lang='lat' dir='ltr'>praesumentibus</span> <span class='ocrx_word' id='word_1_424' title='bbox 1565 4503 1774 4557; x_wconf 83' lang='lat' dir='ltr'>instru-</span> 
     </span>
    </p>
   </div>
   <div class='ocr_carea' id='block_1_61' title="bbox 1860 2000 3496 2072">
    <p class='ocr_par' dir='ltr' id='par_1_61' title="bbox 1860 2000 3496 2072">
     <span class='ocr_line' id='line_1_61' title="bbox 1860 2000 3496 2072; baseline 0.001 -17"><span class='ocrx_word' id='word_1_425' title='bbox 1860 2003 1996 2056; x_wconf 90' lang='lat' dir='ltr'>tiam</span> <span class='ocrx_word' id='word_1_426' title='bbox 2025 2017 2144 2055; x_wconf 90' lang='lat' dir='ltr'>esse</span> <span class='ocrx_word' id='word_1_427' title='bbox 2181 2000 2351 2054; x_wconf 89' lang='lat' dir='ltr'>talem</span> <span class='ocrx_word' id='word_1_428' title='bbox 2401 2000 2730 2070; x_wconf 85' lang='lat' dir='ltr'>quempiam</span> <span class='ocrx_word' id='word_1_429' title='bbox 2777 2000 3192 2070; x_wconf 87' lang='lat' dir='ltr'>pragmaticum</span> <span class='ocrx_word' id='word_1_430' title='bbox 3239 2002 3496 2072; x_wconf 88' lang='lat' dir='ltr'>proferre</span> 
     </span>
    </p>
   </div>
   <div class='ocr_carea' id='block_1_62' title="bbox 1861 2092 3499 2165">
    <p class='ocr_par' dir='ltr' id='par_1_62' title="bbox 1861 2092 3499 2165">
     <span class='ocr_line' id='line_1_62' title="bbox 1861 2092 3499 2165; baseline 0 -17"><span class='ocrx_word' id='word_1_431' title='bbox 1861 2101 2080 2165; x_wconf 86' lang='lat' dir='ltr'>typum,</span> <span class='ocrx_word' id='word_1_432' title='bbox 2108 2109 2293 2164; x_wconf 89' lang='lat' dir='ltr'>neque</span> <span class='ocrx_word' id='word_1_433' title='bbox 2317 2108 2383 2146; x_wconf 93' lang='lat' dir='ltr'>ex</span> <span class='ocrx_word' id='word_1_434' title='bbox 2413 2093 2517 2145; x_wconf 91' lang='lat' dir='ltr'>hoc</span> <span class='ocrx_word' id='word_1_435' title='bbox 2558 2093 2810 2161; x_wconf 87' lang='lat' dir='ltr'>accipere</span> <span class='ocrx_word' id='word_1_436' title='bbox 2847 2092 3075 2162; x_wconf 88' lang='lat' dir='ltr'>aliquod</span> <span class='ocrx_word' id='word_1_437' title='bbox 3107 2093 3175 2146; x_wconf 86' lang='lat' dir='ltr'>de</span> <span class='ocrx_word' id='word_1_438' title='bbox 3221 2095 3499 2149; x_wconf 88' lang='lat' dir='ltr'>sanctissi-</span> 
     </span>
    </p>
   </div>
   <div class='ocr_carea' id='block_1_63' title="bbox 1862 2185 3497 2256">
    <p class='ocr_par' dir='ltr' id='par_1_63' title="bbox 1862 2185 3497 2256">
     <span class='ocr_line' id='line_1_63' title="bbox 1862 2185 3497 2256; baseline 0.001 -14"><span class='ocrx_word' id='word_1_439' title='bbox 1862 2188 1971 2242; x_wconf 89' lang='lat' dir='ltr'>mis</span> <span class='ocrx_word' id='word_1_440' title='bbox 2002 2187 2246 2242; x_wconf 90' lang='lat' dir='ltr'>ecclesiis</span> <span class='ocrx_word' id='word_1_441' title='bbox 2285 2185 2712 2256; x_wconf 88' lang='lat' dir='ltr'>compendium,</span> <span class='ocrx_word' id='word_1_442' title='bbox 2745 2189 2842 2238; x_wconf 93' lang='lat' dir='ltr'>aut</span> <span class='ocrx_word' id='word_1_443' title='bbox 2884 2186 2952 2239; x_wconf 89' lang='lat' dir='ltr'>de</span> <span class='ocrx_word' id='word_1_444' title='bbox 2999 2188 3352 2240; x_wconf 88' lang='lat' dir='ltr'>monasteriis</span> <span class='ocrx_word' id='word_1_445' title='bbox 3397 2192 3497 2244; x_wconf 88' lang='lat' dir='ltr'>aut</span> 
     </span>
    </p>
   </div>
   <div class='ocr_carea' id='block_1_64' title="bbox 1860 2277 3500 2353">
    <p class='ocr_par' dir='ltr' id='par_1_64' title="bbox 1860 2277 3500 2353">
     <span class='ocr_line' id='line_1_64' title="bbox 1860 2277 3500 2353; baseline 0 -19"><span class='ocrx_word' id='word_1_446' title='bbox 1860 2281 2121 2353; x_wconf 86' lang='lat' dir='ltr'>ptochiis,</span> <span class='ocrx_word' id='word_1_447' title='bbox 2139 2285 2237 2333; x_wconf 91' lang='lat' dir='ltr'>aut</span> <span class='ocrx_word' id='word_1_448' title='bbox 2257 2279 2382 2332; x_wconf 91' lang='lat' dir='ltr'>aliis</span> <span class='ocrx_word' id='word_1_449' title='bbox 2408 2277 2821 2332; x_wconf 89' lang='lat' dir='ltr'>venerabilibus</span> <span class='ocrx_word' id='word_1_450' title='bbox 2841 2279 3091 2348; x_wconf 90' lang='lat' dir='ltr'>collegiis</span> <span class='ocrx_word' id='word_1_451' title='bbox 3119 2279 3500 2334; x_wconf 75' lang='lat' dir='ltr'>immobiliunf</span> 
     </span>
    </p>
   </div>
   <div class='ocr_carea' id='block_1_65' title="bbox 1861 2371 3496 2442">
    <p class='ocr_par' dir='ltr' id='par_1_65' title="bbox 1861 2371 3496 2442">
     <span class='ocr_line' id='line_1_65' title="bbox 1861 2371 3496 2442; baseline -0.001 -12"><span class='ocrx_word' id='word_1_452' title='bbox 1861 2391 2074 2430; x_wconf 87' lang='lat' dir='ltr'>rerum.</span> <span class='ocrx_word' id='word_1_453' title='bbox 2113 2373 2224 2428; x_wconf 76' lang='lat' dir='ltr'>Sed</span> <span class='ocrx_word' id='word_1_454' title='bbox 2255 2377 2310 2426; x_wconf 89' lang='lat' dir='ltr'>et</span> <span class='ocrx_word' id='word_1_455' title='bbox 2341 2371 2734 2442; x_wconf 86' lang='lat' dir='ltr'>gloriosissimo</span> <span class='ocrx_word' id='word_1_456' title='bbox 2762 2372 3026 2442; x_wconf 67' lang='lat' dir='ltr'>quaastori</span> <span class='ocrx_word' id='word_1_457' title='bbox 3049 2389 3273 2442; x_wconf 62' lang='lat' dir='ltr'>pinnam</span> <span class='ocrx_word' id='word_1_458' title='bbox 3305 2374 3496 2428; x_wconf 86' lang='lat' dir='ltr'>immi—</span> 
     </span>
    </p>
   </div>
   <div class='ocr_carea' id='block_1_66' title="bbox 1862 2464 3496 2535">
    <p class='ocr_par' dir='ltr' id='par_1_66' title="bbox 1862 2464 3496 2535">
     <span class='ocr_line' id='line_1_66' title="bbox 1862 2464 3496 2535; baseline 0 -13"><span class='ocrx_word' id='word_1_459' title='bbox 1862 2485 1998 2522; x_wconf 89' lang='lat' dir='ltr'>nere</span> <span class='ocrx_word' id='word_1_460' title='bbox 2043 2471 2272 2520; x_wconf 88' lang='lat' dir='ltr'>centum</span> <span class='ocrx_word' id='word_1_461' title='bbox 2322 2465 2596 2518; x_wconf 91' lang='lat' dir='ltr'>librarum</span> <span class='ocrx_word' id='word_1_462' title='bbox 2640 2465 2783 2530; x_wconf 86' lang='lat' dir='ltr'>auri,</span> <span class='ocrx_word' id='word_1_463' title='bbox 2813 2464 2858 2516; x_wconf 88' lang='lat' dir='ltr'>si</span> <span class='ocrx_word' id='word_1_464' title='bbox 2884 2465 3017 2534; x_wconf 89' lang='lat' dir='ltr'>quid</span> <span class='ocrx_word' id='word_1_465' title='bbox 3047 2466 3154 2518; x_wconf 89' lang='lat' dir='ltr'>tale</span> <span class='ocrx_word' id='word_1_466' title='bbox 3184 2466 3496 2535; x_wconf 86' lang='lat' dir='ltr'>dictaverit,</span> 
     </span>
    </p>
   </div>
   <div class='ocr_carea' id='block_1_67' title="bbox 1863 2557 3497 2629">
    <p class='ocr_par' dir='ltr' id='par_1_67' title="bbox 1863 2557 3497 2629">
     <span class='ocr_line' id='line_1_67' title="bbox 1863 2557 3497 2629; baseline -0.002 -13"><span class='ocrx_word' id='word_1_467' title='bbox 1863 2561 2035 2616; x_wconf 89' lang='lat' dir='ltr'>simul</span> <span class='ocrx_word' id='word_1_468' title='bbox 2085 2565 2141 2614; x_wconf 89' lang='lat' dir='ltr'>et</span> <span class='ocrx_word' id='word_1_469' title='bbox 2184 2557 2620 2627; x_wconf 86' lang='lat' dir='ltr'>suscipientibus</span> <span class='ocrx_word' id='word_1_470' title='bbox 2667 2557 3104 2611; x_wconf 87' lang='lat' dir='ltr'>insinuationem</span> <span class='ocrx_word' id='word_1_471' title='bbox 3151 2559 3276 2612; x_wconf 91' lang='lat' dir='ltr'>talis</span> <span class='ocrx_word' id='word_1_472' title='bbox 3306 2559 3497 2629; x_wconf 89' lang='lat' dir='ltr'>cujus-</span> 
     </span>
    </p>
   </div>
   <div class='ocr_carea' id='block_1_68' title="bbox 1862 2649 3500 2726">
    <p class='ocr_par' dir='ltr' id='par_1_68' title="bbox 1862 2649 3500 2726">
     <span class='ocr_line' id='line_1_68' title="bbox 1862 2649 3500 2726; baseline -0.001 -18"><span class='ocrx_word' id='word_1_473' title='bbox 1862 2656 2014 2726; x_wconf 91' lang='lat' dir='ltr'>piam</span> <span class='ocrx_word' id='word_1_474' title='bbox 2043 2669 2215 2707; x_wconf 67' lang='lat' dir='ltr'>sacrm</span> <span class='ocrx_word' id='word_1_475' title='bbox 2241 2651 2440 2705; x_wconf 69' lang='lat' dir='ltr'>formaz</span> <span class='ocrx_word' id='word_1_476' title='bbox 2471 2649 2886 2720; x_wconf 87' lang='lat' dir='ltr'>gloriosissimis</span> <span class='ocrx_word' id='word_1_477' title='bbox 2912 2649 3221 2718; x_wconf 88' lang='lat' dir='ltr'>judicibus,</span> <span class='ocrx_word' id='word_1_478' title='bbox 3250 2655 3348 2704; x_wconf 91' lang='lat' dir='ltr'>aut</span> <span class='ocrx_word' id='word_1_479' title='bbox 3377 2652 3500 2706; x_wconf 88' lang='lat' dir='ltr'>aliis</span> 
     </span>
    </p>
   </div>
   <div class='ocr_carea' id='block_1_69' title="bbox 1863 2742 3500 2820">
    <p class='ocr_par' dir='ltr' id='par_1_69' title="bbox 1863 2742 3500 2820">
     <span class='ocr_line' id='line_1_69' title="bbox 1863 2742 3500 2820; baseline -0.002 -19"><span class='ocrx_word' id='word_1_480' title='bbox 1863 2747 2200 2820; x_wconf 87' lang='lat' dir='ltr'>quibusdam</span> <span class='ocrx_word' id='word_1_481' title='bbox 2223 2745 2479 2799; x_wconf 90' lang='lat' dir='ltr'>eamdem</span> <span class='ocrx_word' id='word_1_482' title='bbox 2506 2742 2805 2796; x_wconf 90' lang='lat' dir='ltr'>imminere</span> <span class='ocrx_word' id='word_1_483' title='bbox 2833 2759 3076 2812; x_wconf 74' lang='lat' dir='ltr'>pmnam,</span> <span class='ocrx_word' id='word_1_484' title='bbox 3093 2746 3149 2795; x_wconf 88' lang='lat' dir='ltr'>et</span> <span class='ocrx_word' id='word_1_485' title='bbox 3170 2743 3500 2798; x_wconf 87' lang='lat' dir='ltr'>tabelliones</span> 
     </span>
    </p>
   </div>
   <div class='ocr_carea' id='block_1_70' title="bbox 1863 2834 3501 2905">
    <p class='ocr_par' dir='ltr' id='par_1_70' title="bbox 1863 2834 3501 2905">
     <span class='ocr_line' id='line_1_70' title="bbox 1863 2834 3501 2905; baseline -0.002 -12"><span class='ocrx_word' id='word_1_486' title='bbox 1863 2838 2232 2894; x_wconf 87' lang='lat' dir='ltr'>succumbere</span> <span class='ocrx_word' id='word_1_487' title='bbox 2279 2835 2476 2890; x_wconf 90' lang='lat' dir='ltr'>Leonis</span> <span class='ocrx_word' id='word_1_488' title='bbox 2523 2835 2629 2905; x_wconf 67' lang='lat' dir='ltr'>pim</span> <span class='ocrx_word' id='word_1_489' title='bbox 2676 2834 2964 2888; x_wconf 70' lang='lat' dir='ltr'>memoriae</span> <span class='ocrx_word' id='word_1_490' title='bbox 3009 2835 3417 2904; x_wconf 88' lang='lat' dir='ltr'>constitutioni,</span> <span class='ocrx_word' id='word_1_491' title='bbox 3455 2836 3501 2890; x_wconf 89' lang='lat' dir='ltr'>si</span> 
     </span>
    </p>
   </div>
   <div class='ocr_carea' id='block_1_71' title="bbox 1864 2927 3497 2999">
    <p class='ocr_par' dir='ltr' id='par_1_71' title="bbox 1864 2927 3497 2999">
     <span class='ocr_line' id='line_1_71' title="bbox 1864 2927 3497 2999; baseline -0.004 -11"><span class='ocrx_word' id='word_1_492' title='bbox 1864 2931 2207 2988; x_wconf 88' lang='lat' dir='ltr'>confecerint</span> <span class='ocrx_word' id='word_1_493' title='bbox 2234 2929 2347 2984; x_wconf 89' lang='lat' dir='ltr'>tale</span> <span class='ocrx_word' id='word_1_494' title='bbox 2372 2927 2601 2999; x_wconf 91' lang='lat' dir='ltr'>aliquod</span> <span class='ocrx_word' id='word_1_495' title='bbox 2630 2927 3092 2993; x_wconf 87' lang='lat' dir='ltr'>instrumentum,</span> <span class='ocrx_word' id='word_1_496' title='bbox 3115 2931 3171 2980; x_wconf 87' lang='lat' dir='ltr'>et</span> <span class='ocrx_word' id='word_1_497' title='bbox 3201 2928 3312 2981; x_wconf 88' lang='lat' dir='ltr'>Deo</span> <span class='ocrx_word' id='word_1_498' title='bbox 3339 2945 3497 2983; x_wconf 88' lang='lat' dir='ltr'>ama-</span> 
     </span>
    </p>
   </div>
   <div class='ocr_carea' id='block_1_72' title="bbox 1862 3020 3499 3094">
    <p class='ocr_par' dir='ltr' id='par_1_72' title="bbox 1862 3020 3499 3094">
     <span class='ocr_line' id='line_1_72' title="bbox 1862 3020 3499 3094; baseline -0.002 -14"><span class='ocrx_word' id='word_1_499' title='bbox 1862 3026 2007 3081; x_wconf 88' lang='lat' dir='ltr'>biles</span> <span class='ocrx_word' id='word_1_500' title='bbox 2047 3024 2350 3094; x_wconf 86' lang='lat' dir='ltr'>episcopos,</span> <span class='ocrx_word' id='word_1_501' title='bbox 2381 3027 2478 3074; x_wconf 88' lang='lat' dir='ltr'>aut</span> <span class='ocrx_word' id='word_1_502' title='bbox 2507 3020 2852 3075; x_wconf 86' lang='lat' dir='ltr'>venerabiles</span> <span class='ocrx_word' id='word_1_503' title='bbox 2894 3036 3214 3074; x_wconf 75' lang='lat' dir='ltr'>oeconomos</span> <span class='ocrx_word' id='word_1_504' title='bbox 3244 3021 3362 3075; x_wconf 90' lang='lat' dir='ltr'>sine</span> <span class='ocrx_word' id='word_1_505' title='bbox 3400 3039 3499 3092; x_wconf 89' lang='lat' dir='ltr'>pe-</span> 
     </span>
    </p>
   </div>
   <div class='ocr_carea' id='block_1_73' title="bbox 1863 3113 3499 3183">
    <p class='ocr_par' dir='ltr' id='par_1_73' title="bbox 1863 3113 3499 3183">
     <span class='ocr_line' id='line_1_73' title="bbox 1863 3113 3499 3183; baseline -0.002 -11"><span class='ocrx_word' id='word_1_506' title='bbox 1863 3118 2041 3172; x_wconf 90' lang='lat' dir='ltr'>riculo</span> <span class='ocrx_word' id='word_1_507' title='bbox 2059 3117 2304 3171; x_wconf 87' lang='lat' dir='ltr'>refutare</span> <span class='ocrx_word' id='word_1_508' title='bbox 2325 3115 2420 3183; x_wconf 89' lang='lat' dir='ltr'>huj</span> <span class='ocrx_word' id='word_1_509' title='bbox 2433 3113 2655 3167; x_wconf 93' lang='lat' dir='ltr'>usmodi</span> <span class='ocrx_word' id='word_1_510' title='bbox 2675 3129 2859 3166; x_wconf 90' lang='lat' dir='ltr'>sacras</span> <span class='ocrx_word' id='word_1_511' title='bbox 2876 3113 3249 3183; x_wconf 77' lang='lat' dir='ltr'>pragmaticus</span> <span class='ocrx_word' id='word_1_512' title='bbox 3267 3113 3499 3181; x_wconf 86' lang='lat' dir='ltr'>formas,</span> 
     </span>
    </p>
   </div>
   <div class='ocr_carea' id='block_1_74' title="bbox 1865 3206 3499 3280">
    <p class='ocr_par' dir='ltr' id='par_1_74' title="bbox 1865 3206 3499 3280">
     <span class='ocr_line' id='line_1_74' title="bbox 1865 3206 3499 3280; baseline -0.002 -15"><span class='ocrx_word' id='word_1_513' title='bbox 1865 3211 2046 3280; x_wconf 86' lang='lat' dir='ltr'>magis</span> <span class='ocrx_word' id='word_1_514' title='bbox 2071 3213 2263 3263; x_wconf 89' lang='lat' dir='ltr'>autem</span> <span class='ocrx_word' id='word_1_515' title='bbox 2293 3224 2420 3261; x_wconf 92' lang='lat' dir='ltr'>cum</span> <span class='ocrx_word' id='word_1_516' title='bbox 2453 3206 2706 3278; x_wconf 87' lang='lat' dir='ltr'>periculo</span> <span class='ocrx_word' id='word_1_517' title='bbox 2738 3206 3021 3275; x_wconf 88' lang='lat' dir='ltr'>suscipere</span> <span class='ocrx_word' id='word_1_518' title='bbox 3075 3210 3131 3258; x_wconf 85' lang='lat' dir='ltr'>et</span> <span class='ocrx_word' id='word_1_519' title='bbox 3175 3223 3499 3276; x_wconf 86' lang='lat' dir='ltr'>agnoscere,</span> 
     </span>
    </p>
   </div>
   <div class='ocr_carea' id='block_1_75' title="bbox 1867 3299 3500 3376">
    <p class='ocr_par' dir='ltr' id='par_1_75' title="bbox 1867 3299 3500 3376">
     <span class='ocr_line' id='line_1_75' title="bbox 1867 3299 3500 3376; baseline -0.002 -18"><span class='ocrx_word' id='word_1_520' title='bbox 1867 3305 1996 3376; x_wconf 88' lang='lat' dir='ltr'>quia</span> <span class='ocrx_word' id='word_1_521' title='bbox 2015 3304 2159 3357; x_wconf 90' lang='lat' dir='ltr'>circa</span> <span class='ocrx_word' id='word_1_522' title='bbox 2180 3302 2364 3372; x_wconf 91' lang='lat' dir='ltr'>ipsum</span> <span class='ocrx_word' id='word_1_523' title='bbox 2387 3299 2763 3354; x_wconf 88' lang='lat' dir='ltr'>sacerdotium</span> <span class='ocrx_word' id='word_1_524' title='bbox 2787 3299 3106 3369; x_wconf 83' lang='lat' dir='ltr'>periculum</span> <span class='ocrx_word' id='word_1_525' title='bbox 3123 3299 3500 3367; x_wconf 87' lang='lat' dir='ltr'>sustinebunt,</span> 
     </span>
    </p>
   </div>
   <div class='ocr_carea' id='block_1_76' title="bbox 1867 3392 3504 3468">
    <p class='ocr_par' dir='ltr' id='par_1_76' title="bbox 1867 3392 3504 3468">
     <span class='ocr_line' id='line_1_76' title="bbox 1867 3392 3504 3468; baseline -0.002 -18"><span class='ocrx_word' id='word_1_526' title='bbox 1867 3399 1912 3452; x_wconf 90' lang='lat' dir='ltr'>si</span> <span class='ocrx_word' id='word_1_527' title='bbox 1943 3397 2297 3468; x_wconf 88' lang='lat' dir='ltr'>negligentes</span> <span class='ocrx_word' id='word_1_528' title='bbox 2329 3394 2431 3447; x_wconf 87' lang='lat' dir='ltr'>has</span> <span class='ocrx_word' id='word_1_529' title='bbox 2454 3393 2630 3463; x_wconf 88' lang='lat' dir='ltr'>leges,</span> <span class='ocrx_word' id='word_1_530' title='bbox 2663 3408 2788 3462; x_wconf 81' lang='lat' dir='ltr'>quae</span> <span class='ocrx_word' id='word_1_531' title='bbox 2821 3392 2901 3446; x_wconf 88' lang='lat' dir='ltr'>ita</span> <span class='ocrx_word' id='word_1_532' title='bbox 2931 3392 3095 3459; x_wconf 82' lang='lat' dir='ltr'>ﬁunt,</span> <span class='ocrx_word' id='word_1_533' title='bbox 3129 3393 3504 3464; x_wconf 87' lang='lat' dir='ltr'>pragmaticas</span> 
     </span>
    </p>
   </div>
   <div class='ocr_carea' id='block_1_77' title="bbox 1867 3484 3508 3560">
    <p class='ocr_par' dir='ltr' id='par_1_77' title="bbox 1867 3484 3508 3560">
     <span class='ocr_line' id='line_1_77' title="bbox 1867 3484 3508 3560; baseline -0.003 -17"><span class='ocrx_word' id='word_1_534' title='bbox 1867 3492 2179 3560; x_wconf 85' lang='lat' dir='ltr'>sequantur</span> <span class='ocrx_word' id='word_1_535' title='bbox 2203 3488 2434 3540; x_wconf 89' lang='lat' dir='ltr'>formas.</span> <span class='ocrx_word' id='word_1_536' title='bbox 2458 3487 2690 3555; x_wconf 86' lang='lat' dir='ltr'>Oportet</span> <span class='ocrx_word' id='word_1_537' title='bbox 2718 3484 2870 3537; x_wconf 90' lang='lat' dir='ltr'>enim</span> <span class='ocrx_word' id='word_1_538' title='bbox 2891 3500 2954 3537; x_wconf 91' lang='lat' dir='ltr'>ea</span> <span class='ocrx_word' id='word_1_539' title='bbox 2974 3501 3100 3554; x_wconf 75' lang='lat' dir='ltr'>quae</span> <span class='ocrx_word' id='word_1_540' title='bbox 3127 3486 3508 3540; x_wconf 90' lang='lat' dir='ltr'>communiter</span> 
     </span>
    </p>
   </div>
   <div class='ocr_carea' id='block_1_78' title="bbox 1869 3569 3503 3652">
    <p class='ocr_par' dir='ltr' id='par_1_78' title="bbox 1869 3569 3503 3652">
     <span class='ocr_line' id='line_1_78' title="bbox 1869 3569 3503 3652; baseline -0.004 -16"><span class='ocrx_word' id='word_1_541' title='bbox 1869 3585 1926 3636; x_wconf 89' lang='lat' dir='ltr'>et</span> <span class='ocrx_word' id='word_1_542' title='bbox 1956 3581 2295 3652; x_wconf 88' lang='lat' dir='ltr'>generaliter</span> <span class='ocrx_word' id='word_1_543' title='bbox 2318 3579 2388 3632; x_wconf 91' lang='lat' dir='ltr'>ad</span> <span class='ocrx_word' id='word_1_544' title='bbox 2415 3578 2671 3631; x_wconf 90' lang='lat' dir='ltr'>omnium</span> <span class='ocrx_word' id='word_1_545' title='bbox 2692 3577 2998 3630; x_wconf 87' lang='lat' dir='ltr'>utilitatem</span> <span class='ocrx_word' id='word_1_546' title='bbox 3025 3569 3376 3645; x_wconf 80' lang='lat' dir='ltr'>sanciuntur,</span> <span class='ocrx_word' id='word_1_547' title='bbox 3399 3594 3503 3646; x_wconf 91' lang='lat' dir='ltr'>po-</span> 
     </span>
    </p>
   </div>
   <div class='ocr_carea' id='block_1_79' title="bbox 1868 3668 3504 3741">
    <p class='ocr_par' dir='ltr' id='par_1_79' title="bbox 1868 3668 3504 3741">
     <span class='ocr_line' id='line_1_79' title="bbox 1868 3668 3504 3741; baseline -0.004 -12"><span class='ocrx_word' id='word_1_548' title='bbox 1868 3675 1980 3729; x_wconf 89' lang='lat' dir='ltr'>tius</span> <span class='ocrx_word' id='word_1_549' title='bbox 2005 3673 2211 3740; x_wconf 89' lang='lat' dir='ltr'>valere,</span> <span class='ocrx_word' id='word_1_550' title='bbox 2239 3687 2412 3741; x_wconf 89' lang='lat' dir='ltr'>quam</span> <span class='ocrx_word' id='word_1_551' title='bbox 2433 3686 2498 3723; x_wconf 91' lang='lat' dir='ltr'>ea</span> <span class='ocrx_word' id='word_1_552' title='bbox 2526 3685 2653 3740; x_wconf 65' lang='lat' dir='ltr'>quae</span> <span class='ocrx_word' id='word_1_553' title='bbox 2680 3669 2828 3722; x_wconf 90' lang='lat' dir='ltr'>circa</span> <span class='ocrx_word' id='word_1_554' title='bbox 2853 3668 3067 3738; x_wconf 89' lang='lat' dir='ltr'>aliquos</span> <span class='ocrx_word' id='word_1_555' title='bbox 3089 3669 3389 3722; x_wconf 90' lang='lat' dir='ltr'>studentur</span> <span class='ocrx_word' id='word_1_556' title='bbox 3411 3669 3504 3740; x_wconf 87' lang='lat' dir='ltr'>agi</span> 
     </span>
    </p>
   </div>
   <div class='ocr_carea' id='block_1_80' title="bbox 1871 3760 3506 3834">
    <p class='ocr_par' dir='ltr' id='par_1_80' title="bbox 1871 3760 3506 3834">
     <span class='ocr_line' id='line_1_80' title="bbox 1871 3760 3506 3834; baseline -0.004 -13"><span class='ocrx_word' id='word_1_557' title='bbox 1871 3767 1945 3822; x_wconf 92' lang='lat' dir='ltr'>ad</span> <span class='ocrx_word' id='word_1_558' title='bbox 1974 3765 2389 3834; x_wconf 90' lang='lat' dir='ltr'>corruptionem</span> <span class='ocrx_word' id='word_1_559' title='bbox 2418 3760 2812 3816; x_wconf 90' lang='lat' dir='ltr'>communium</span> <span class='ocrx_word' id='word_1_560' title='bbox 2842 3761 3056 3831; x_wconf 91' lang='lat' dir='ltr'>legum.</span> <span class='ocrx_word' id='word_1_561' title='bbox 3081 3761 3174 3814; x_wconf 87' lang='lat' dir='ltr'>His</span> <span class='ocrx_word' id='word_1_562' title='bbox 3202 3761 3333 3815; x_wconf 90' lang='lat' dir='ltr'>solis</span> <span class='ocrx_word' id='word_1_563' title='bbox 3357 3761 3506 3816; x_wconf 88' lang='lat' dir='ltr'>vide-</span> 
     </span>
    </p>
   </div>
   <div class='ocr_carea' id='block_1_81' title="bbox 1870 3852 3501 3924">
    <p class='ocr_par' dir='ltr' id='par_1_81' title="bbox 1870 3852 3501 3924">
     <span class='ocr_line' id='line_1_81' title="bbox 1870 3852 3501 3924; baseline -0.004 -10"><span class='ocrx_word' id='word_1_564' title='bbox 1870 3861 2002 3914; x_wconf 88' lang='lat' dir='ltr'>licet</span> <span class='ocrx_word' id='word_1_565' title='bbox 2027 3855 2402 3913; x_wconf 90' lang='lat' dir='ltr'>conducendis</span> <span class='ocrx_word' id='word_1_566' title='bbox 2437 3859 2491 3908; x_wconf 90' lang='lat' dir='ltr'>et</span> <span class='ocrx_word' id='word_1_567' title='bbox 2532 3854 2589 3908; x_wconf 91' lang='lat' dir='ltr'>in</span> <span class='ocrx_word' id='word_1_568' title='bbox 2628 3852 3026 3924; x_wconf 90' lang='lat' dir='ltr'>emphyteusin</span> <span class='ocrx_word' id='word_1_569' title='bbox 3069 3853 3268 3907; x_wconf 88' lang='lat' dir='ltr'>dandis</span> <span class='ocrx_word' id='word_1_570' title='bbox 3311 3853 3501 3923; x_wconf 90' lang='lat' dir='ltr'>rebus,</span> 
     </span>
    </p>
   </div>
   <div class='ocr_carea' id='block_1_82' title="bbox 1872 3945 3506 4024">
    <p class='ocr_par' dir='ltr' id='par_1_82' title="bbox 1872 3945 3506 4024">
     <span class='ocr_line' id='line_1_82' title="bbox 1872 3945 3506 4024; baseline -0.002 -19"><span class='ocrx_word' id='word_1_571' title='bbox 1872 3966 2231 4024; x_wconf 89' lang='lat' dir='ltr'>quascunque</span> <span class='ocrx_word' id='word_1_572' title='bbox 2280 3951 2484 4020; x_wconf 82' lang='lat' dir='ltr'>putant</span> <span class='ocrx_word' id='word_1_573' title='bbox 2527 3946 2624 4000; x_wconf 81' lang='lat' dir='ltr'>tali</span> <span class='ocrx_word' id='word_1_574' title='bbox 2658 3946 2850 4016; x_wconf 89' lang='lat' dir='ltr'>aliquo</span> <span class='ocrx_word' id='word_1_575' title='bbox 2896 3961 3084 4016; x_wconf 90' lang='lat' dir='ltr'>egere.</span> <span class='ocrx_word' id='word_1_576' title='bbox 3117 3945 3170 4001; x_wconf 92' lang='lat' dir='ltr'>Si</span> <span class='ocrx_word' id='word_1_577' title='bbox 3197 3951 3388 4000; x_wconf 90' lang='lat' dir='ltr'>tamen</span> <span class='ocrx_word' id='word_1_578' title='bbox 3413 3963 3506 4002; x_wconf 87' lang='lat' dir='ltr'>vo-</span> 
     </span>
    </p>
   </div>
   <div class='ocr_carea' id='block_1_83' title="bbox 1871 4039 3508 4113">
    <p class='ocr_par' dir='ltr' id='par_1_83' title="bbox 1871 4039 3508 4113">
     <span class='ocr_line' id='line_1_83' title="bbox 1871 4039 3508 4113; baseline -0.003 -14"><span class='ocrx_word' id='word_1_579' title='bbox 1871 4044 2082 4100; x_wconf 89' lang='lat' dir='ltr'>luerint</span> <span class='ocrx_word' id='word_1_580' title='bbox 2127 4042 2386 4113; x_wconf 84' lang='lat' dir='ltr'>quaedam</span> <span class='ocrx_word' id='word_1_581' title='bbox 2431 4040 2536 4094; x_wconf 89' lang='lat' dir='ltr'>sub</span> <span class='ocrx_word' id='word_1_582' title='bbox 2583 4039 2815 4110; x_wconf 83' lang='lat' dir='ltr'>propria</span> <span class='ocrx_word' id='word_1_583' title='bbox 2846 4039 3252 4109; x_wconf 85' lang='lat' dir='ltr'>gubernatione</span> <span class='ocrx_word' id='word_1_584' title='bbox 3301 4039 3508 4094; x_wconf 86' lang='lat' dir='ltr'>habere</span> 
     </span>
    </p>
   </div>
   <div class='ocr_carea' id='block_1_84' title="bbox 1875 4131 3508 4202">
    <p class='ocr_par' dir='ltr' id='par_1_84' title="bbox 1875 4131 3508 4202">
     <span class='ocr_line' id='line_1_84' title="bbox 1875 4131 3508 4202; baseline -0.004 -10"><span class='ocrx_word' id='word_1_585' title='bbox 1875 4138 1985 4192; x_wconf 88' lang='lat' dir='ltr'>Deo</span> <span class='ocrx_word' id='word_1_586' title='bbox 2015 4134 2285 4189; x_wconf 89' lang='lat' dir='ltr'>amabiles</span> <span class='ocrx_word' id='word_1_587' title='bbox 2315 4132 2612 4201; x_wconf 73' lang='lat' dir='ltr'>meonumi,</span> <span class='ocrx_word' id='word_1_588' title='bbox 2644 4135 2743 4185; x_wconf 89' lang='lat' dir='ltr'>aut</span> <span class='ocrx_word' id='word_1_589' title='bbox 2767 4131 3009 4185; x_wconf 89' lang='lat' dir='ltr'>aliorum</span> <span class='ocrx_word' id='word_1_590' title='bbox 3038 4132 3304 4202; x_wconf 60' lang='lat' dir='ltr'>praesules</span> <span class='ocrx_word' id='word_1_591' title='bbox 3339 4133 3508 4187; x_wconf 91' lang='lat' dir='ltr'>colle-</span> 
     </span>
    </p>
   </div>
   <div class='ocr_carea' id='block_1_85' title="bbox 1877 4225 3512 4302">
    <p class='ocr_par' dir='ltr' id='par_1_85' title="bbox 1877 4225 3512 4302">
     <span class='ocr_line' id='line_1_85' title="bbox 1877 4225 3512 4302; baseline -0.002 -18"><span class='ocrx_word' id='word_1_592' title='bbox 1877 4230 2124 4302; x_wconf 90' lang='lat' dir='ltr'>giorum,</span> <span class='ocrx_word' id='word_1_593' title='bbox 2152 4227 2292 4282; x_wconf 90' lang='lat' dir='ltr'>nulli</span> <span class='ocrx_word' id='word_1_594' title='bbox 2322 4227 2551 4292; x_wconf 91' lang='lat' dir='ltr'>horum,</span> <span class='ocrx_word' id='word_1_595' title='bbox 2582 4226 2681 4296; x_wconf 87' lang='lat' dir='ltr'>qui</span> <span class='ocrx_word' id='word_1_596' title='bbox 2711 4225 2771 4279; x_wconf 91' lang='lat' dir='ltr'>in</span> <span class='ocrx_word' id='word_1_597' title='bbox 2808 4229 3106 4294; x_wconf 88' lang='lat' dir='ltr'>potentatu</span> <span class='ocrx_word' id='word_1_598' title='bbox 3145 4228 3295 4292; x_wconf 90' lang='lat' dir='ltr'>sunt,</span> <span class='ocrx_word' id='word_1_599' title='bbox 3326 4241 3512 4296; x_wconf 89' lang='lat' dir='ltr'>neque</span> 
     </span>
    </p>
   </div>
   <div class='ocr_carea' id='block_1_86' title="bbox 1875 4317 3512 4389">
    <p class='ocr_par' dir='ltr' id='par_1_86' title="bbox 1875 4317 3512 4389">
     <span class='ocr_line' id='line_1_86' title="bbox 1875 4317 3512 4389; baseline -0.004 -11"><span class='ocrx_word' id='word_1_600' title='bbox 1875 4322 2186 4378; x_wconf 89' lang='lat' dir='ltr'>secundum</span> <span class='ocrx_word' id='word_1_601' title='bbox 2217 4335 2432 4374; x_wconf 89' lang='lat' dir='ltr'>sacram</span> <span class='ocrx_word' id='word_1_602' title='bbox 2476 4319 2878 4389; x_wconf 88' lang='lat' dir='ltr'>pragmaticam</span> <span class='ocrx_word' id='word_1_603' title='bbox 2927 4317 3192 4381; x_wconf 89' lang='lat' dir='ltr'>formam,</span> <span class='ocrx_word' id='word_1_604' title='bbox 3227 4317 3512 4371; x_wconf 89' lang='lat' dir='ltr'>licentiam</span> 
     </span>
    </p>
   </div>
   <div class='ocr_carea' id='block_1_87' title="bbox 1875 4409 3513 4484">
    <p class='ocr_par' dir='ltr' id='par_1_87' title="bbox 1875 4409 3513 4484">
     <span class='ocr_line' id='line_1_87' title="bbox 1875 4409 3513 4484; baseline -0.004 -14"><span class='ocrx_word' id='word_1_605' title='bbox 1875 4432 1994 4470; x_wconf 84' lang='lat' dir='ltr'>esse</span> <span class='ocrx_word' id='word_1_606' title='bbox 2023 4430 2227 4484; x_wconf 89' lang='lat' dir='ltr'>cogere</span> <span class='ocrx_word' id='word_1_607' title='bbox 2257 4429 2372 4480; x_wconf 92' lang='lat' dir='ltr'>eos,</span> <span class='ocrx_word' id='word_1_608' title='bbox 2407 4416 2505 4466; x_wconf 90' lang='lat' dir='ltr'>aut</span> <span class='ocrx_word' id='word_1_609' title='bbox 2534 4426 2636 4481; x_wconf 89' lang='lat' dir='ltr'>per</span> <span class='ocrx_word' id='word_1_610' title='bbox 2665 4409 3116 4477; x_wconf 89' lang='lat' dir='ltr'>conductionem,</span> <span class='ocrx_word' id='word_1_611' title='bbox 3149 4411 3247 4462; x_wconf 90' lang='lat' dir='ltr'>aut</span> <span class='ocrx_word' id='word_1_612' title='bbox 3271 4425 3374 4478; x_wconf 89' lang='lat' dir='ltr'>per</span> <span class='ocrx_word' id='word_1_613' title='bbox 3399 4425 3513 4463; x_wconf 89' lang='lat' dir='ltr'>em-</span> 
     </span>
    </p>
   </div>
   <div class='ocr_carea' id='block_1_88' title="bbox 1875 4500 3514 4580">
    <p class='ocr_par' dir='ltr' id='par_1_88' title="bbox 1875 4500 3514 4580">
     <span class='ocr_line' id='line_1_88' title="bbox 1875 4500 3514 4580; baseline -0.004 -19"><span class='ocrx_word' id='word_1_614' title='bbox 1875 4507 2179 4580; x_wconf 83' lang='lat' dir='ltr'>phyteusin</span> <span class='ocrx_word' id='word_1_615' title='bbox 2211 4506 2332 4558; x_wconf 64' lang='lat' dir='ltr'>haec</span> <span class='ocrx_word' id='word_1_616' title='bbox 2356 4504 2582 4557; x_wconf 89' lang='lat' dir='ltr'>tradere</span> <span class='ocrx_word' id='word_1_617' title='bbox 2609 4503 2680 4567; x_wconf 93' lang='lat' dir='ltr'>ei,</span> <span class='ocrx_word' id='word_1_618' title='bbox 2711 4501 2807 4572; x_wconf 89' lang='lat' dir='ltr'>qui</span> <span class='ocrx_word' id='word_1_619' title='bbox 2839 4502 2945 4554; x_wconf 91' lang='lat' dir='ltr'>hoc</span> <span class='ocrx_word' id='word_1_620' title='bbox 2971 4501 3107 4571; x_wconf 88' lang='lat' dir='ltr'>agit,</span> <span class='ocrx_word' id='word_1_621' title='bbox 3141 4505 3197 4553; x_wconf 90' lang='lat' dir='ltr'>et</span> <span class='ocrx_word' id='word_1_622' title='bbox 3236 4500 3514 4572; x_wconf 89' lang='lat' dir='ltr'>sacrilegii</span> 
     </span>
    </p>
   </div>
   <div class='ocr_carea' id='block_1_89' title="bbox 129 4591 3516 4672">
    <p class='ocr_par' dir='ltr' id='par_1_89' title="bbox 129 4591 3516 4672">
     <span class='ocr_line' id='line_1_89' title="bbox 129 4591 3516 4672; baseline -0.003 -19"><span class='ocrx_word' id='word_1_623' title='bbox 129 4599 343 4654; x_wconf 90' lang='lat' dir='ltr'>mentis</span> <span class='ocrx_word' id='word_1_624' title='bbox 393 4599 594 4653; x_wconf 89' lang='lat' dir='ltr'>talibus</span> <span class='ocrx_word' id='word_1_625' title='bbox 647 4598 989 4666; x_wconf 88' lang='lat' dir='ltr'>ministrare,</span> <span class='ocrx_word' id='word_1_626' title='bbox 1023 4598 1122 4652; x_wconf 91' lang='lat' dir='ltr'>sed</span> <span class='ocrx_word' id='word_1_627' title='bbox 1163 4612 1345 4668; x_wconf 89' lang='lat' dir='ltr'>usque</span> <span class='ocrx_word' id='word_1_628' title='bbox 1393 4595 1856 4672; x_wconf 86' lang='lat' dir='ltr'>metuentibusD</span> <span class='ocrx_word' id='word_1_629' title='bbox 1879 4600 2164 4669; x_wconf 82' lang='lat' dir='ltr'>subjacere</span> <span class='ocrx_word' id='word_1_630' title='bbox 2191 4612 2373 4667; x_wconf 72' lang='lat' dir='ltr'>poenae</span> <span class='ocrx_word' id='word_1_631' title='bbox 2404 4601 2460 4649; x_wconf 89' lang='lat' dir='ltr'>et</span> <span class='ocrx_word' id='word_1_632' title='bbox 2489 4594 2753 4648; x_wconf 90' lang='lat' dir='ltr'>omnibus</span> <span class='ocrx_word' id='word_1_633' title='bbox 2782 4593 3026 4660; x_wconf 89' lang='lat' dir='ltr'>mulctis,</span> <span class='ocrx_word' id='word_1_634' title='bbox 3050 4608 3176 4662; x_wconf 79' lang='lat' dir='ltr'>quae</span> <span class='ocrx_word' id='word_1_635' title='bbox 3197 4591 3300 4645; x_wconf 91' lang='lat' dir='ltr'>hac</span> <span class='ocrx_word' id='word_1_636' title='bbox 3325 4596 3516 4648; x_wconf 87' lang='lat' dir='ltr'>nostra</span> 
     </span>
    </p>
   </div>
   <div class='ocr_carea' id='block_1_90' title="bbox 131 4687 1778 4763">
    <p class='ocr_par' dir='ltr' id='par_1_90' title="bbox 131 4687 1778 4763">
     <span class='ocr_line' id='line_1_90' title="bbox 131 4687 1778 4763; baseline -0.004 -16"><span class='ocrx_word' id='word_1_637' title='bbox 131 4692 420 4758; x_wconf 78' lang='lat' dir='ltr'>exsilium,</span> <span class='ocrx_word' id='word_1_638' title='bbox 443 4707 510 4746; x_wconf 87' lang='lat' dir='ltr'>ex</span> <span class='ocrx_word' id='word_1_639' title='bbox 541 4708 655 4763; x_wconf 91' lang='lat' dir='ltr'>quo</span> <span class='ocrx_word' id='word_1_640' title='bbox 687 4708 984 4762; x_wconf 89' lang='lat' dir='ltr'>nunquam</span> <span class='ocrx_word' id='word_1_641' title='bbox 1013 4692 1388 4755; x_wconf 84' lang='lat' dir='ltr'>revertantur,</span> <span class='ocrx_word' id='word_1_642' title='bbox 1410 4705 1517 4742; x_wconf 90' lang='lat' dir='ltr'>nec</span> <span class='ocrx_word' id='word_1_643' title='bbox 1547 4687 1592 4741; x_wconf 91' lang='lat' dir='ltr'>si</span> <span class='ocrx_word' id='word_1_644' title='bbox 1619 4703 1778 4740; x_wconf 86' lang='lat' dir='ltr'>sacra</span> 
     </span>
    </p>
   </div>
   <div class='ocr_carea' id='block_1_91' title="bbox 131 4779 1778 4856">
    <p class='ocr_par' dir='ltr' id='par_1_91' title="bbox 131 4779 1778 4856">
     <span class='ocr_line' id='line_1_91' title="bbox 131 4779 1778 4856; baseline -0.005 -15"><span class='ocrx_word' id='word_1_645' title='bbox 131 4787 243 4841; x_wconf 92' lang='lat' dir='ltr'>hoc</span> <span class='ocrx_word' id='word_1_646' title='bbox 273 4784 525 4856; x_wconf 66' lang='lat' dir='ltr'>praebeat</span> <span class='ocrx_word' id='word_1_647' title='bbox 553 4785 758 4851; x_wconf 89' lang='lat' dir='ltr'>forma,</span> <span class='ocrx_word' id='word_1_648' title='bbox 785 4800 971 4854; x_wconf 90' lang='lat' dir='ltr'>neque</span> <span class='ocrx_word' id='word_1_649' title='bbox 995 4782 1282 4854; x_wconf 91' lang='lat' dir='ltr'>judicibus</span> <span class='ocrx_word' id='word_1_650' title='bbox 1303 4781 1391 4835; x_wconf 87' lang='lat' dir='ltr'>vel</span> <span class='ocrx_word' id='word_1_651' title='bbox 1417 4781 1627 4835; x_wconf 89' lang='lat' dir='ltr'>dictare</span> <span class='ocrx_word' id='word_1_652' title='bbox 1645 4779 1778 4833; x_wconf 88' lang='lat' dir='ltr'>talia</span> 
     </span>
    </p>
   </div>
   <div class='ocr_carea' id='block_1_92' title="bbox 131 4877 1780 4952">
    <p class='ocr_par' dir='ltr' id='par_1_92' title="bbox 131 4877 1780 4952">
     <span class='ocr_line' id='line_1_92' title="bbox 131 4877 1780 4952; baseline -0.004 -15"><span class='ocrx_word' id='word_1_653' title='bbox 131 4885 516 4937; x_wconf 89' lang='lat' dir='ltr'>instrumenta</span> <span class='ocrx_word' id='word_1_654' title='bbox 552 4881 1047 4952; x_wconf 75' lang='lat' dir='ltr'>prtesumentibus,</span> <span class='ocrx_word' id='word_1_655' title='bbox 1079 4880 1166 4934; x_wconf 87' lang='lat' dir='ltr'>vel</span> <span class='ocrx_word' id='word_1_656' title='bbox 1205 4879 1353 4933; x_wconf 87' lang='lat' dir='ltr'>facta</span> <span class='ocrx_word' id='word_1_657' title='bbox 1396 4877 1676 4948; x_wconf 87' lang='lat' dir='ltr'>suscipere</span> <span class='ocrx_word' id='word_1_658' title='bbox 1723 4879 1780 4930; x_wconf 87' lang='lat' dir='ltr'>et</span> 
     </span>
    </p>
   </div>
   <div class='ocr_carea' id='block_1_93' title="bbox 137 4969 1782 5048">
    <p class='ocr_par' dir='ltr' id='par_1_93' title="bbox 137 4969 1782 5048">
     <span class='ocr_line' id='line_1_93' title="bbox 137 4969 1782 5048; baseline -0.005 -18"><span class='ocrx_word' id='word_1_659' title='bbox 137 4976 313 5048; x_wconf 83' lang='lat' dir='ltr'>gestis</span> <span class='ocrx_word' id='word_1_660' title='bbox 362 4978 872 5029; x_wconf 89' lang='lat' dir='ltr'>monumentorum</span> <span class='ocrx_word' id='word_1_661' title='bbox 909 4990 976 5028; x_wconf 90' lang='lat' dir='ltr'>ea</span> <span class='ocrx_word' id='word_1_662' title='bbox 1010 4974 1258 5040; x_wconf 89' lang='lat' dir='ltr'>firmare,</span> <span class='ocrx_word' id='word_1_663' title='bbox 1286 4987 1358 5026; x_wconf 92' lang='lat' dir='ltr'>ne</span> <span class='ocrx_word' id='word_1_664' title='bbox 1388 4971 1559 5025; x_wconf 88' lang='lat' dir='ltr'>etiam</span> <span class='ocrx_word' id='word_1_665' title='bbox 1589 4969 1694 5040; x_wconf 92' lang='lat' dir='ltr'>ipsi</span> <span class='ocrx_word' id='word_1_666' title='bbox 1723 4972 1782 5022; x_wconf 90' lang='lat' dir='ltr'>et</span> 
     </span>
    </p>
   </div>
   <div class='ocr_carea' id='block_1_94' title="bbox 133 5061 1780 5140">
    <p class='ocr_par' dir='ltr' id='par_1_94' title="bbox 133 5061 1780 5140">
     <span class='ocr_line' id='line_1_94' title="bbox 133 5061 1780 5140; baseline -0.004 -18"><span class='ocrx_word' id='word_1_667' title='bbox 133 5068 354 5140; x_wconf 88' lang='lat' dir='ltr'>cinguli</span> <span class='ocrx_word' id='word_1_668' title='bbox 383 5084 447 5121; x_wconf 89' lang='lat' dir='ltr'>ac</span> <span class='ocrx_word' id='word_1_669' title='bbox 473 5067 764 5138; x_wconf 86' lang='lat' dir='ltr'>dignitatis</span> <span class='ocrx_word' id='word_1_670' title='bbox 790 5071 846 5122; x_wconf 90' lang='lat' dir='ltr'>et</span> <span class='ocrx_word' id='word_1_671' title='bbox 870 5065 1201 5121; x_wconf 69' lang='lat' dir='ltr'>substantiae</span> <span class='ocrx_word' id='word_1_672' title='bbox 1233 5081 1426 5119; x_wconf 89' lang='lat' dir='ltr'>casum</span> <span class='ocrx_word' id='word_1_673' title='bbox 1467 5061 1780 5117; x_wconf 88' lang='lat' dir='ltr'>secundum</span> 
     </span>
    </p>
   </div>
   <div class='ocr_carea' id='block_1_95' title="bbox 135 5156 1778 5226">
    <p class='ocr_par' dir='ltr' id='par_1_95' title="bbox 135 5156 1778 5226">
     <span class='ocr_line' id='line_1_95' title="bbox 135 5156 1778 5226; baseline -0.004 -11"><span class='ocrx_word' id='word_1_674' title='bbox 135 5162 341 5217; x_wconf 88' lang='lat' dir='ltr'>Leonis</span> <span class='ocrx_word' id='word_1_675' title='bbox 368 5161 833 5214; x_wconf 89' lang='lat' dir='ltr'>constitutionem</span> <span class='ocrx_word' id='word_1_676' title='bbox 861 5159 1193 5214; x_wconf 88' lang='lat' dir='ltr'>sustineant.</span> <span class='ocrx_word' id='word_1_677' title='bbox 1228 5158 1429 5211; x_wconf 89' lang='lat' dir='ltr'>Iisdem</span> <span class='ocrx_word' id='word_1_678' title='bbox 1458 5156 1634 5226; x_wconf 82' lang='lat' dir='ltr'>pcenis</span> <span class='ocrx_word' id='word_1_679' title='bbox 1661 5170 1778 5210; x_wconf 92' lang='lat' dir='ltr'>ser-</span> 
     </span>
    </p>
   </div>
   <div class='ocr_carea' id='block_1_96' title="bbox 135 5241 1785 5323">
    <p class='ocr_par' dir='ltr' id='par_1_96' title="bbox 135 5241 1785 5323">
     <span class='ocr_line' id='line_1_96' title="bbox 135 5241 1785 5323; baseline -0.004 -17"><span class='ocrx_word' id='word_1_680' title='bbox 135 5254 338 5308; x_wconf 85' lang='lat' dir='ltr'>vandis</span> <span class='ocrx_word' id='word_1_681' title='bbox 369 5254 543 5308; x_wconf 89' lang='lat' dir='ltr'>etiam</span> <span class='ocrx_word' id='word_1_682' title='bbox 568 5254 834 5309; x_wconf 90' lang='lat' dir='ltr'>adversus</span> <span class='ocrx_word' id='word_1_683' title='bbox 882 5270 974 5308; x_wconf 88' lang='lat' dir='ltr'>eos</span> <span class='ocrx_word' id='word_1_684' title='bbox 1021 5252 1118 5323; x_wconf 92' lang='lat' dir='ltr'>qui</span> <span class='ocrx_word' id='word_1_685' title='bbox 1164 5256 1378 5306; x_wconf 89' lang='lat' dir='ltr'>sacrata</span> <span class='ocrx_word' id='word_1_686' title='bbox 1419 5241 1544 5303; x_wconf 82' lang='lat' dir='ltr'>vasa</span> <span class='ocrx_word' id='word_1_687' title='bbox 1590 5251 1785 5302; x_wconf 91' lang='lat' dir='ltr'>contra</span> 
     </span>
    </p>
   </div>
   <div class='ocr_carea' id='block_1_97' title="bbox 136 5342 1787 5417">
    <p class='ocr_par' dir='ltr' id='par_1_97' title="bbox 136 5342 1787 5417">
     <span class='ocr_line' id='line_1_97' title="bbox 136 5342 1787 5417; baseline -0.005 -15"><span class='ocrx_word' id='word_1_688' title='bbox 136 5353 395 5402; x_wconf 89' lang='lat' dir='ltr'>nostram</span> <span class='ocrx_word' id='word_1_689' title='bbox 435 5347 624 5417; x_wconf 88' lang='lat' dir='ltr'>legem</span> <span class='ocrx_word' id='word_1_690' title='bbox 670 5350 770 5401; x_wconf 88' lang='lat' dir='ltr'>aut</span> <span class='ocrx_word' id='word_1_691' title='bbox 811 5345 1042 5417; x_wconf 87' lang='lat' dir='ltr'>pignori</span> <span class='ocrx_word' id='word_1_692' title='bbox 1073 5346 1229 5413; x_wconf 87' lang='lat' dir='ltr'>dant,</span> <span class='ocrx_word' id='word_1_693' title='bbox 1259 5347 1358 5397; x_wconf 92' lang='lat' dir='ltr'>aut</span> <span class='ocrx_word' id='word_1_694' title='bbox 1381 5342 1654 5407; x_wconf 90' lang='lat' dir='ltr'>vendunt,</span> <span class='ocrx_word' id='word_1_695' title='bbox 1687 5343 1787 5394; x_wconf 88' lang='lat' dir='ltr'>aut</span> 
     </span>
    </p>
   </div>
   <div class='ocr_carea' id='block_1_98' title="bbox 138 5432 1783 5510">
    <p class='ocr_par' dir='ltr' id='par_1_98' title="bbox 138 5432 1783 5510">
     <span class='ocr_line' id='line_1_98' title="bbox 138 5432 1783 5510; baseline -0.005 -15"><span class='ocrx_word' id='word_1_696' title='bbox 138 5440 391 5496; x_wconf 87' lang='lat' dir='ltr'>conﬂant</span> <span class='ocrx_word' id='word_1_697' title='bbox 419 5444 652 5510; x_wconf 89' lang='lat' dir='ltr'>propter</span> <span class='ocrx_word' id='word_1_698' title='bbox 681 5439 1101 5494; x_wconf 89' lang='lat' dir='ltr'>alienationem.</span> <span class='ocrx_word' id='word_1_699' title='bbox 1131 5439 1270 5491; x_wconf 87' lang='lat' dir='ltr'>Nam</span> <span class='ocrx_word' id='word_1_700' title='bbox 1311 5440 1368 5490; x_wconf 92' lang='lat' dir='ltr'>et</span> <span class='ocrx_word' id='word_1_701' title='bbox 1407 5436 1531 5489; x_wconf 91' lang='lat' dir='ltr'>illos</span> <span class='ocrx_word' id='word_1_702' title='bbox 1561 5432 1783 5505; x_wconf 80' lang='lat' dir='ltr'>aequali,</span> 
     </span>
    </p>
   </div>
   <div class='ocr_carea' id='block_1_99' title="bbox 141 5525 1788 5604">
    <p class='ocr_par' dir='ltr' id='par_1_99' title="bbox 141 5525 1788 5604">
     <span class='ocr_line' id='line_1_99' title="bbox 141 5525 1788 5604; baseline -0.005 -16"><span class='ocrx_word' id='word_1_703' title='bbox 141 5539 243 5589; x_wconf 88' lang='lat' dir='ltr'>aut</span> <span class='ocrx_word' id='word_1_704' title='bbox 299 5532 518 5602; x_wconf 80' lang='lat' dir='ltr'>majore</span> <span class='ocrx_word' id='word_1_705' title='bbox 571 5549 737 5603; x_wconf 79' lang='lat' dir='ltr'>poena</span> <span class='ocrx_word' id='word_1_706' title='bbox 791 5533 994 5604; x_wconf 89' lang='lat' dir='ltr'>dignos</span> <span class='ocrx_word' id='word_1_707' title='bbox 1043 5546 1163 5585; x_wconf 90' lang='lat' dir='ltr'>esse</span> <span class='ocrx_word' id='word_1_708' title='bbox 1214 5529 1518 5596; x_wconf 90' lang='lat' dir='ltr'>sancimus,</span> <span class='ocrx_word' id='word_1_709' title='bbox 1563 5525 1788 5598; x_wconf 88' lang='lat' dir='ltr'>quando</span> 
     </span>
    </p>
   </div>
   <div class='ocr_carea' id='block_1_100' title="bbox 141 5622 1788 5690">
    <p class='ocr_par' dir='ltr' id='par_1_100' title="bbox 141 5622 1788 5690">
     <span class='ocr_line' id='line_1_100' title="bbox 141 5622 1788 5690; baseline -0.006 -9"><span class='ocrx_word' id='word_1_710' title='bbox 141 5627 316 5682; x_wconf 87' lang='lat' dir='ltr'>etiam</span> <span class='ocrx_word' id='word_1_711' title='bbox 343 5624 491 5678; x_wconf 89' lang='lat' dir='ltr'>circa</span> <span class='ocrx_word' id='word_1_712' title='bbox 520 5642 702 5679; x_wconf 87' lang='lat' dir='ltr'>sacras</span> <span class='ocrx_word' id='word_1_713' title='bbox 729 5641 820 5680; x_wconf 91' lang='lat' dir='ltr'>res</span> <span class='ocrx_word' id='word_1_714' title='bbox 851 5629 908 5679; x_wconf 87' lang='lat' dir='ltr'>et</span> <span class='ocrx_word' id='word_1_715' title='bbox 953 5626 1066 5678; x_wconf 92' lang='lat' dir='ltr'>Deo</span> <span class='ocrx_word' id='word_1_716' title='bbox 1101 5622 1382 5677; x_wconf 89' lang='lat' dir='ltr'>dedicatas</span> <span class='ocrx_word' id='word_1_717' title='bbox 1411 5633 1788 5690; x_wconf 75' lang='lat' dir='ltr'>praesumpse-</span> 
     </span>
    </p>
   </div>
   <div class='ocr_carea' id='block_1_101' title="bbox 142 5709 1792 5790">
    <p class='ocr_par' dir='ltr' id='par_1_101' title="bbox 142 5709 1792 5790">
     <span class='ocr_line' id='line_1_101' title="bbox 142 5709 1792 5790; baseline -0.007 -15"><span class='ocrx_word' id='word_1_718' title='bbox 142 5722 285 5775; x_wconf 88' lang='lat' dir='ltr'>runt</span> <span class='ocrx_word' id='word_1_719' title='bbox 313 5717 487 5790; x_wconf 90' lang='lat' dir='ltr'>impie</span> <span class='ocrx_word' id='word_1_720' title='bbox 513 5733 704 5790; x_wconf 89' lang='lat' dir='ltr'>agere,</span> <span class='ocrx_word' id='word_1_721' title='bbox 730 5718 836 5772; x_wconf 91' lang='lat' dir='ltr'>nisi</span> <span class='ocrx_word' id='word_1_722' title='bbox 867 5722 1060 5772; x_wconf 90' lang='lat' dir='ltr'>tamen</span> <span class='ocrx_word' id='word_1_723' title='bbox 1089 5715 1315 5786; x_wconf 86' lang='lat' dir='ltr'>aliquod</span> <span class='ocrx_word' id='word_1_724' title='bbox 1349 5713 1458 5768; x_wconf 89' lang='lat' dir='ltr'>tale</span> <span class='ocrx_word' id='word_1_725' title='bbox 1488 5713 1605 5780; x_wconf 84' lang='lat' dir='ltr'>ﬁat,</span> <span class='ocrx_word' id='word_1_726' title='bbox 1637 5709 1792 5782; x_wconf 90' lang='lat' dir='ltr'>quod</span> 
     </span>
    </p>
   </div>
   <div class='ocr_carea' id='block_1_102' title="bbox 142 5803 1792 5882">
    <p class='ocr_par' dir='ltr' id='par_1_102' title="bbox 142 5803 1792 5882">
     <span class='ocr_line' id='line_1_102' title="bbox 142 5803 1792 5882; baseline -0.008 -14"><span class='ocrx_word' id='word_1_727' title='bbox 142 5811 415 5881; x_wconf 89' lang='lat' dir='ltr'>diximus,</span> <span class='ocrx_word' id='word_1_728' title='bbox 439 5812 590 5866; x_wconf 91' lang='lat' dir='ltr'>circa</span> <span class='ocrx_word' id='word_1_729' title='bbox 608 5809 1066 5882; x_wconf 90' lang='lat' dir='ltr'>redemptionem</span> <span class='ocrx_word' id='word_1_730' title='bbox 1082 5806 1451 5879; x_wconf 89' lang='lat' dir='ltr'>captivorum,</span> <span class='ocrx_word' id='word_1_731' title='bbox 1466 5804 1566 5858; x_wconf 89' lang='lat' dir='ltr'>ubi</span> <span class='ocrx_word' id='word_1_732' title='bbox 1585 5803 1792 5857; x_wconf 68' lang='lat' dir='ltr'>animae</span> 
     </span>
    </p>
   </div>
   <div class='ocr_carea' id='block_1_103' title="bbox 141 5894 1794 5970">
    <p class='ocr_par' dir='ltr' id='par_1_103' title="bbox 141 5894 1794 5970">
     <span class='ocr_line' id='line_1_103' title="bbox 141 5894 1794 5970; baseline -0.01 -7"><span class='ocrx_word' id='word_1_733' title='bbox 141 5905 450 5963; x_wconf 89' lang='lat' dir='ltr'>hominum</span> <span class='ocrx_word' id='word_1_734' title='bbox 478 5905 796 5961; x_wconf 85' lang='lat' dir='ltr'>liberantur</span> <span class='ocrx_word' id='word_1_735' title='bbox 815 5920 849 5958; x_wconf 84' lang='lat' dir='ltr'>a</span> <span class='ocrx_word' id='word_1_736' title='bbox 869 5900 1149 5957; x_wconf 87' lang='lat' dir='ltr'>mortibus</span> <span class='ocrx_word' id='word_1_737' title='bbox 1173 5903 1228 5954; x_wconf 91' lang='lat' dir='ltr'>et</span> <span class='ocrx_word' id='word_1_738' title='bbox 1251 5896 1490 5954; x_wconf 88' lang='lat' dir='ltr'>vinculis</span> <span class='ocrx_word' id='word_1_739' title='bbox 1517 5894 1794 5970; x_wconf 81' lang='lat' dir='ltr'>inanima-</span> 
     </span>
    </p>
   </div>
   <div class='ocr_carea' id='block_1_104' title="bbox 1875 4684 3515 4762">
    <p class='ocr_par' dir='ltr' id='par_1_104' title="bbox 1875 4684 3515 4762">
     <span class='ocr_line' id='line_1_104' title="bbox 1875 4684 3515 4762; baseline -0.005 -15"><span class='ocrx_word' id='word_1_740' title='bbox 1875 4694 1999 4762; x_wconf 89' lang='lat' dir='ltr'>lege</span> <span class='ocrx_word' id='word_1_741' title='bbox 2029 4706 2184 4743; x_wconf 90' lang='lat' dir='ltr'>sacra</span> <span class='ocrx_word' id='word_1_742' title='bbox 2217 4687 2578 4742; x_wconf 90' lang='lat' dir='ltr'>continentur</span> <span class='ocrx_word' id='word_1_743' title='bbox 2607 4691 2662 4739; x_wconf 89' lang='lat' dir='ltr'>et</span> <span class='ocrx_word' id='word_1_744' title='bbox 2691 4684 3001 4756; x_wconf 87' lang='lat' dir='ltr'>suppliciis.</span> <span class='ocrx_word' id='word_1_745' title='bbox 3050 4684 3189 4747; x_wconf 86' lang='lat' dir='ltr'>Quia</span> <span class='ocrx_word' id='word_1_746' title='bbox 3236 4701 3370 4738; x_wconf 91' lang='lat' dir='ltr'>vero</span> <span class='ocrx_word' id='word_1_747' title='bbox 3420 4703 3515 4740; x_wconf 91' lang='lat' dir='ltr'>co-</span> 
     </span>
    </p>
   </div>
   <div class='ocr_carea' id='block_1_105' title="bbox 1880 4776 3518 4857">
    <p class='ocr_par' dir='ltr' id='par_1_105' title="bbox 1880 4776 3518 4857">
     <span class='ocr_line' id='line_1_105' title="bbox 1880 4776 3518 4857; baseline -0.002 -19"><span class='ocrx_word' id='word_1_748' title='bbox 1880 4783 2175 4857; x_wconf 89' lang='lat' dir='ltr'>gnovimus</span> <span class='ocrx_word' id='word_1_749' title='bbox 2192 4779 2419 4852; x_wconf 89' lang='lat' dir='ltr'>aliquod</span> <span class='ocrx_word' id='word_1_750' title='bbox 2442 4778 2753 4850; x_wconf 91' lang='lat' dir='ltr'>pessimum</span> <span class='ocrx_word' id='word_1_751' title='bbox 2774 4777 3041 4832; x_wconf 90' lang='lat' dir='ltr'>delictum</span> <span class='ocrx_word' id='word_1_752' title='bbox 3059 4776 3269 4831; x_wconf 88' lang='lat' dir='ltr'>factum</span> <span class='ocrx_word' id='word_1_753' title='bbox 3291 4782 3350 4832; x_wconf 89' lang='lat' dir='ltr'>et</span> <span class='ocrx_word' id='word_1_754' title='bbox 3367 4781 3518 4850; x_wconf 90' lang='lat' dir='ltr'>apud</span> 
     </span>
    </p>
   </div>
   <div class='ocr_carea' id='block_1_106' title="bbox 1878 4870 3522 4944">
    <p class='ocr_par' dir='ltr' id='par_1_106' title="bbox 1878 4870 3522 4944">
     <span class='ocr_line' id='line_1_106' title="bbox 1878 4870 3522 4944; baseline -0.004 -11"><span class='ocrx_word' id='word_1_755' title='bbox 1878 4874 2285 4934; x_wconf 86' lang='lat' dir='ltr'>Alexandrinos</span> <span class='ocrx_word' id='word_1_756' title='bbox 2313 4877 2369 4927; x_wconf 90' lang='lat' dir='ltr'>et</span> <span class='ocrx_word' id='word_1_757' title='bbox 2389 4871 2696 4942; x_wconf 69' lang='lat' dir='ltr'>Egyptias,</span> <span class='ocrx_word' id='word_1_758' title='bbox 2721 4871 2842 4941; x_wconf 88' lang='lat' dir='ltr'>jam</span> <span class='ocrx_word' id='word_1_759' title='bbox 2867 4874 3057 4923; x_wconf 90' lang='lat' dir='ltr'>autem</span> <span class='ocrx_word' id='word_1_760' title='bbox 3085 4875 3139 4924; x_wconf 92' lang='lat' dir='ltr'>et</span> <span class='ocrx_word' id='word_1_761' title='bbox 3166 4870 3225 4924; x_wconf 92' lang='lat' dir='ltr'>in</span> <span class='ocrx_word' id='word_1_762' title='bbox 3252 4870 3374 4925; x_wconf 90' lang='lat' dir='ltr'>aliis</span> <span class='ocrx_word' id='word_1_763' title='bbox 3400 4873 3522 4944; x_wconf 89' lang='lat' dir='ltr'>qui-</span> 
     </span>
    </p>
   </div>
   <div class='ocr_carea' id='block_1_107' title="bbox 1879 4963 3522 5038">
    <p class='ocr_par' dir='ltr' id='par_1_107' title="bbox 1879 4963 3522 5038">
     <span class='ocr_line' id='line_1_107' title="bbox 1879 4963 3522 5038; baseline -0.003 -13"><span class='ocrx_word' id='word_1_764' title='bbox 1879 4969 2117 5026; x_wconf 89' lang='lat' dir='ltr'>busdam</span> <span class='ocrx_word' id='word_1_765' title='bbox 2156 4965 2378 5038; x_wconf 88' lang='lat' dir='ltr'>imperii</span> <span class='ocrx_word' id='word_1_766' title='bbox 2422 4963 2556 5018; x_wconf 91' lang='lat' dir='ltr'>locis</span> <span class='ocrx_word' id='word_1_767' title='bbox 2603 4963 2878 5035; x_wconf 89' lang='lat' dir='ltr'>quosdam</span> <span class='ocrx_word' id='word_1_768' title='bbox 2909 4979 3257 5035; x_wconf 70' lang='lat' dir='ltr'>prtesumere</span> <span class='ocrx_word' id='word_1_769' title='bbox 3285 4966 3370 5018; x_wconf 89' lang='lat' dir='ltr'>vel</span> <span class='ocrx_word' id='word_1_770' title='bbox 3399 4966 3522 5036; x_wconf 87' lang='lat' dir='ltr'>ipsa</span> 
     </span>
    </p>
   </div>
   <div class='ocr_carea' id='block_1_108' title="bbox 1881 5056 3528 5127">
    <p class='ocr_par' dir='ltr' id='par_1_108' title="bbox 1881 5056 3528 5127">
     <span class='ocr_line' id='line_1_108' title="bbox 1881 5056 3528 5127; baseline -0.003 -11"><span class='ocrx_word' id='word_1_771' title='bbox 1881 5061 2225 5118; x_wconf 88' lang='lat' dir='ltr'>venerabilia</span> <span class='ocrx_word' id='word_1_772' title='bbox 2267 5056 2609 5112; x_wconf 87' lang='lat' dir='ltr'>monasteria</span> <span class='ocrx_word' id='word_1_773' title='bbox 2645 5057 2913 5122; x_wconf 91' lang='lat' dir='ltr'>vendere,</span> <span class='ocrx_word' id='word_1_774' title='bbox 2939 5061 3036 5111; x_wconf 89' lang='lat' dir='ltr'>aut</span> <span class='ocrx_word' id='word_1_775' title='bbox 3065 5063 3408 5127; x_wconf 88' lang='lat' dir='ltr'>permutare,</span> <span class='ocrx_word' id='word_1_776' title='bbox 3431 5062 3528 5111; x_wconf 87' lang='lat' dir='ltr'>aut</span> 
     </span>
    </p>
   </div>
   <div class='ocr_carea' id='block_1_109' title="bbox 1884 5149 3522 5222">
    <p class='ocr_par' dir='ltr' id='par_1_109' title="bbox 1884 5149 3522 5222">
     <span class='ocr_line' id='line_1_109' title="bbox 1884 5149 3522 5222; baseline -0.005 -12"><span class='ocrx_word' id='word_1_777' title='bbox 1884 5157 2112 5222; x_wconf 90' lang='lat' dir='ltr'>donare,</span> <span class='ocrx_word' id='word_1_778' title='bbox 2159 5153 2220 5207; x_wconf 91' lang='lat' dir='ltr'>in</span> <span class='ocrx_word' id='word_1_779' title='bbox 2264 5150 2470 5222; x_wconf 88' lang='lat' dir='ltr'>quibus</span> <span class='ocrx_word' id='word_1_780' title='bbox 2519 5155 2577 5203; x_wconf 91' lang='lat' dir='ltr'>et</span> <span class='ocrx_word' id='word_1_781' title='bbox 2627 5149 2801 5203; x_wconf 89' lang='lat' dir='ltr'>altare</span> <span class='ocrx_word' id='word_1_782' title='bbox 2843 5150 3172 5204; x_wconf 89' lang='lat' dir='ltr'>collocatum</span> <span class='ocrx_word' id='word_1_783' title='bbox 3199 5153 3302 5217; x_wconf 85' lang='lat' dir='ltr'>est,</span> <span class='ocrx_word' id='word_1_784' title='bbox 3344 5154 3401 5202; x_wconf 89' lang='lat' dir='ltr'>et</span> <span class='ocrx_word' id='word_1_785' title='bbox 3431 5166 3522 5202; x_wconf 80' lang='lat' dir='ltr'>sa-</span> 
     </span>
    </p>
   </div>
   <div class='ocr_carea' id='block_1_110' title="bbox 1885 5241 3526 5312">
    <p class='ocr_par' dir='ltr' id='par_1_110' title="bbox 1885 5241 3526 5312">
     <span class='ocr_line' id='line_1_110' title="bbox 1885 5241 3526 5312; baseline -0.006 -8"><span class='ocrx_word' id='word_1_786' title='bbox 1885 5263 2045 5304; x_wconf 89' lang='lat' dir='ltr'>crum</span> <span class='ocrx_word' id='word_1_787' title='bbox 2099 5244 2416 5300; x_wconf 89' lang='lat' dir='ltr'>exhibitum</span> <span class='ocrx_word' id='word_1_788' title='bbox 2471 5242 2880 5309; x_wconf 91' lang='lat' dir='ltr'>ministerium,</span> <span class='ocrx_word' id='word_1_789' title='bbox 2913 5243 3076 5312; x_wconf 89' lang='lat' dir='ltr'>quale</span> <span class='ocrx_word' id='word_1_790' title='bbox 3124 5243 3297 5296; x_wconf 90' lang='lat' dir='ltr'>moris</span> <span class='ocrx_word' id='word_1_791' title='bbox 3344 5247 3427 5294; x_wconf 88' lang='lat' dir='ltr'>est</span> <span class='ocrx_word' id='word_1_792' title='bbox 3466 5241 3526 5294; x_wconf 92' lang='lat' dir='ltr'>in</span> 
     </span>
    </p>
   </div>
   <div class='ocr_carea' id='block_1_111' title="bbox 1888 5333 3528 5403">
    <p class='ocr_par' dir='ltr' id='par_1_111' title="bbox 1888 5333 3528 5403">
     <span class='ocr_line' id='line_1_111' title="bbox 1888 5333 3528 5403; baseline -0.006 -7"><span class='ocrx_word' id='word_1_793' title='bbox 1888 5338 2254 5396; x_wconf 88' lang='lat' dir='ltr'>sanctissimis</span> <span class='ocrx_word' id='word_1_794' title='bbox 2311 5335 2559 5390; x_wconf 90' lang='lat' dir='ltr'>ecclesiis</span> <span class='ocrx_word' id='word_1_795' title='bbox 2611 5333 2904 5401; x_wconf 89' lang='lat' dir='ltr'>celebrari,</span> <span class='ocrx_word' id='word_1_796' title='bbox 2939 5333 3149 5403; x_wconf 86' lang='lat' dir='ltr'>quippe</span> <span class='ocrx_word' id='word_1_797' title='bbox 3176 5333 3347 5387; x_wconf 91' lang='lat' dir='ltr'>sacris</span> <span class='ocrx_word' id='word_1_798' title='bbox 3372 5333 3528 5387; x_wconf 90' lang='lat' dir='ltr'>lectis</span> 
     </span>
    </p>
   </div>
   <div class='ocr_carea' id='block_1_112' title="bbox 1889 5424 3528 5504">
    <p class='ocr_par' dir='ltr' id='par_1_112' title="bbox 1889 5424 3528 5504">
     <span class='ocr_line' id='line_1_112' title="bbox 1889 5424 3528 5504; baseline -0.005 -15"><span class='ocrx_word' id='word_1_799' title='bbox 1889 5432 2207 5504; x_wconf 81' lang='lat' dir='ltr'>Scripturis,</span> <span class='ocrx_word' id='word_1_800' title='bbox 2243 5433 2301 5484; x_wconf 92' lang='lat' dir='ltr'>et</span> <span class='ocrx_word' id='word_1_801' title='bbox 2324 5433 2671 5483; x_wconf 89' lang='lat' dir='ltr'>sacrosancta</span> <span class='ocrx_word' id='word_1_802' title='bbox 2710 5432 2766 5481; x_wconf 91' lang='lat' dir='ltr'>et</span> <span class='ocrx_word' id='word_1_803' title='bbox 2813 5424 3080 5480; x_wconf 80' lang='lat' dir='ltr'>ineffabili</span> <span class='ocrx_word' id='word_1_804' title='bbox 3125 5425 3528 5480; x_wconf 88' lang='lat' dir='ltr'>communione</span> 
     </span>
    </p>
   </div>
   <div class='ocr_carea' id='block_1_113' title="bbox 1887 5517 3533 5592">
    <p class='ocr_par' dir='ltr' id='par_1_113' title="bbox 1887 5517 3533 5592">
     <span class='ocr_line' id='line_1_113' title="bbox 1887 5517 3533 5592; baseline -0.007 -9"><span class='ocrx_word' id='word_1_805' title='bbox 1887 5527 2114 5592; x_wconf 89' lang='lat' dir='ltr'>tradita,</span> <span class='ocrx_word' id='word_1_806' title='bbox 2138 5529 2196 5579; x_wconf 92' lang='lat' dir='ltr'>et</span> <span class='ocrx_word' id='word_1_807' title='bbox 2219 5523 2583 5578; x_wconf 89' lang='lat' dir='ltr'>monarchica</span> <span class='ocrx_word' id='word_1_808' title='bbox 2625 5520 2737 5575; x_wconf 91' lang='lat' dir='ltr'>illic</span> <span class='ocrx_word' id='word_1_809' title='bbox 2783 5520 2929 5573; x_wconf 86' lang='lat' dir='ltr'>facta</span> <span class='ocrx_word' id='word_1_810' title='bbox 2969 5517 3336 5582; x_wconf 85' lang='lat' dir='ltr'>habitatione,</span> <span class='ocrx_word' id='word_1_811' title='bbox 3363 5519 3442 5573; x_wconf 88' lang='lat' dir='ltr'>ita</span> <span class='ocrx_word' id='word_1_812' title='bbox 3469 5524 3533 5572; x_wconf 89' lang='lat' dir='ltr'>ut</span> 
     </span>
    </p>
   </div>
   <div class='ocr_carea' id='block_1_114' title="bbox 1891 5610 3532 5681">
    <p class='ocr_par' dir='ltr' id='par_1_114' title="bbox 1891 5610 3532 5681">
     <span class='ocr_line' id='line_1_114' title="bbox 1891 5610 3532 5681; baseline -0.008 -5"><span class='ocrx_word' id='word_1_813' title='bbox 1891 5622 2014 5676; x_wconf 66' lang='lat' dir='ltr'>haac</span> <span class='ocrx_word' id='word_1_814' title='bbox 2040 5620 2400 5674; x_wconf 89' lang='lat' dir='ltr'>mutarentur</span> <span class='ocrx_word' id='word_1_815' title='bbox 2429 5633 2498 5671; x_wconf 89' lang='lat' dir='ltr'>ex</span> <span class='ocrx_word' id='word_1_816' title='bbox 2528 5631 2682 5669; x_wconf 86' lang='lat' dir='ltr'>sacra</span> <span class='ocrx_word' id='word_1_817' title='bbox 2713 5617 2768 5666; x_wconf 89' lang='lat' dir='ltr'>et</span> <span class='ocrx_word' id='word_1_818' title='bbox 2800 5613 2911 5666; x_wconf 91' lang='lat' dir='ltr'>Deo</span> <span class='ocrx_word' id='word_1_819' title='bbox 2957 5610 3184 5663; x_wconf 88' lang='lat' dir='ltr'>amabili</span> <span class='ocrx_word' id='word_1_820' title='bbox 3232 5611 3415 5681; x_wconf 85' lang='lat' dir='ltr'>ﬁgura</span> <span class='ocrx_word' id='word_1_821' title='bbox 3462 5610 3532 5664; x_wconf 89' lang='lat' dir='ltr'>ad</span> 
     </span>
    </p>
   </div>
   <div class='ocr_carea' id='block_1_115' title="bbox 1890 5702 3537 5786">
    <p class='ocr_par' dir='ltr' id='par_1_115' title="bbox 1890 5702 3537 5786">
     <span class='ocr_line' id='line_1_115' title="bbox 1890 5702 3537 5786; baseline -0.009 -17"><span class='ocrx_word' id='word_1_822' title='bbox 1890 5714 2169 5786; x_wconf 89' lang='lat' dir='ltr'>privatam</span> <span class='ocrx_word' id='word_1_823' title='bbox 2219 5710 2569 5766; x_wconf 89' lang='lat' dir='ltr'>mansionem</span> <span class='ocrx_word' id='word_1_824' title='bbox 2621 5712 2676 5761; x_wconf 87' lang='lat' dir='ltr'>et</span> <span class='ocrx_word' id='word_1_825' title='bbox 2723 5710 2966 5768; x_wconf 86' lang='lat' dir='ltr'>statum,</span> <span class='ocrx_word' id='word_1_826' title='bbox 3015 5703 3138 5757; x_wconf 69' lang='lat' dir='ltr'>hinc</span> <span class='ocrx_word' id='word_1_827' title='bbox 3187 5702 3418 5756; x_wconf 90' lang='lat' dir='ltr'>omnino</span> <span class='ocrx_word' id='word_1_828' title='bbox 3468 5702 3537 5756; x_wconf 90' lang='lat' dir='ltr'>de</span> 
     </span>
    </p>
   </div>
   <div class='ocr_carea' id='block_1_116' title="bbox 1895 5795 3539 5876">
    <p class='ocr_par' dir='ltr' id='par_1_116' title="bbox 1895 5795 3539 5876">
     <span class='ocr_line' id='line_1_116' title="bbox 1895 5795 3539 5876; baseline -0.009 -15"><span class='ocrx_word' id='word_1_829' title='bbox 1895 5812 2098 5861; x_wconf 66' lang='lat' dir='ltr'>castero</span> <span class='ocrx_word' id='word_1_830' title='bbox 2117 5805 2239 5858; x_wconf 81' lang='lat' dir='ltr'>fieri</span> <span class='ocrx_word' id='word_1_831' title='bbox 2259 5803 2646 5876; x_wconf 88' lang='lat' dir='ltr'>prohibemus,</span> <span class='ocrx_word' id='word_1_832' title='bbox 2660 5799 2799 5853; x_wconf 92' lang='lat' dir='ltr'>nulli</span> <span class='ocrx_word' id='word_1_833' title='bbox 2820 5798 3121 5853; x_wconf 88' lang='lat' dir='ltr'>hominum</span> <span class='ocrx_word' id='word_1_834' title='bbox 3145 5795 3539 5867; x_wconf 85' lang='lat' dir='ltr'>permittentes</span> 
     </span>
    </p>
   </div>
   <div class='ocr_carea' id='block_1_117' title="bbox 1896 5881 3540 5965">
    <p class='ocr_par' dir='ltr' id='par_1_117' title="bbox 1896 5881 3540 5965">
     <span class='ocr_line' id='line_1_117' title="bbox 1896 5881 3540 5965; baseline -0.012 -13"><span class='ocrx_word' id='word_1_835' title='bbox 1896 5896 2019 5952; x_wconf 81' lang='lat' dir='ltr'>haec</span> <span class='ocrx_word' id='word_1_836' title='bbox 2040 5892 2389 5965; x_wconf 88' lang='lat' dir='ltr'>delinquere,</span> <span class='ocrx_word' id='word_1_837' title='bbox 2412 5890 2507 5947; x_wconf 89' lang='lat' dir='ltr'>sed</span> <span class='ocrx_word' id='word_1_838' title='bbox 2527 5889 2698 5944; x_wconf 89' lang='lat' dir='ltr'>etiam</span> <span class='ocrx_word' id='word_1_839' title='bbox 2718 5887 2930 5942; x_wconf 90' lang='lat' dir='ltr'>factum</span> <span class='ocrx_word' id='word_1_840' title='bbox 2956 5885 3254 5941; x_wconf 82' lang='lat' dir='ltr'>inﬁrmum</span> <span class='ocrx_word' id='word_1_841' title='bbox 3275 5881 3540 5940; x_wconf 87' lang='lat' dir='ltr'>omnibus</span> 
     </span>
    </p>
   </div>
  </div>
