4034 6228
525 416 626 469 947

1655 409 1911 464 δίΕΟΠΙᾸ
1953 409 2146 463 SEXTI
2193 409 2754 463 SUPPLEMENTUM.

3807 406 3909 460 948

523 521 874 576 declaramus
896 517 1098 584 modis,
1128 520 1184 571 et
1212 517 1521 586 pretiorum
1565 531 1757 568 casum
1812 515 2156 585 imponimus
2178 539 2237 609 Α
2258 515 2592 585 simpliciter
2617 530 2785 568 omne
2815 513 2994 582 civile,
3033 514 3297 581 militare,
3327 519 3384 567 et
3411 513 3706 584 publicum
3741 513 3903 565 auxi-

521 612 940 684 accipientibus,
973 617 1031 665 et
1061 610 1409 663 venditorem
1437 624 1664 679 quoque
1703 609 2152 677 damnificamus,

524 713 581 763 et
599 707 681 763 rei
711 723 842 761 casu
869 711 921 759 et
953 704 1118 776 pretii
1143 703 1464 766 amissione,
1504 702 1870 756 sanctissimas
1909 703 2155 758 ecclesias

521 802 643 872 ejus
661 801 768 855 loci
793 803 850 854 et
867 796 1281 852 venerabilibus
1309 796 1669 850 monasteriis
1693 797 1798 850 hoc
1820 796 2153 866 tribuentes,

521 899 796 966 quatenus
821 891 925 961 ipsi
956 889 1291 959 provideant
1317 893 1378 942 ut
1405 889 1553 960 quod
1580 889 1728 943 male
1747 889 2053 944 alienatum
2073 893 2157 943 est

521 1003 717 1042 rursus
743 986 814 1039 ad
841 983 1226 1038 monachicam
1255 986 1523 1037 revocent
1550 982 1813 1052 ﬁguram,
1836 999 2020 1053 neque
2048 983 2152 1053 hy-

520 1082 755 1152 potheca
775 1094 945 1148 super
970 1077 1057 1130 his
1076 1077 1315 1142 valente,
1342 1077 1439 1130 sed
1459 1076 1630 1130 etiam
1652 1077 1772 1146 ipsa
1793 1076 2150 1145 inﬁrmanda,

520 1179 578 1228 et
605 1189 800 1228 rursus
828 1187 985 1225 sacro
1015 1169 1355 1224 monasterio
1383 1170 1736 1241 assignanda.

589 1267 742 1323 Sicut
783 1270 974 1319 autem
1019 1264 1314 1319 damnosas
1357 1263 1722 1318 alienationes
1762 1263 2148 1332 prohibemus,

517 1361 594 1416 sic
638 1364 694 1415 et
739 1360 1036 1413 damnosas
1088 1357 1467 1428 possessiones
1509 1356 1918 1410 interdicimus.
1967 1355 2151 1410 Multas

518 1455 672 1510 enim
695 1454 846 1524 apud
879 1469 979 1507 nos
1023 1457 1194 1506 motae
1239 1455 1370 1504 sunt
1399 1449 1756 1521 quaestiones,
1791 1449 1888 1503 ubi
1919 1449 2151 1520 quidam

512 1548 705 1604 minus
733 1547 932 1601 idonea
954 1546 1171 1616 praedia
1202 1545 1554 1598 donaverunt
1582 1542 1945 1597 sanctissimis
1971 1544 2148 1598 eccle-

513 1642 627 1710 siis,
657 1645 756 1695 aut
780 1638 1192 1694 venerabilibus
1216 1637 1500 1703 domibus,
1533 1640 1634 1690 aut
1677 1637 1849 1691 etiam
1875 1637 2146 1692 vendide-

514 1740 652 1790 runt
667 1739 940 1805 tanquam
967 1733 1187 1799 idonea,
1212 1747 1343 1784 cum
1361 1731 1562 1801 utique
1589 1729 1800 1784 sterilia
1819 1747 1852 1782 a
1871 1729 2150 1800 principio

512 1831 720 1893 essent,
744 1831 799 1880 et
825 1842 895 1879 ex
923 1826 1032 1879 hoc
1058 1823 1472 1878 venerabilibus
1499 1823 1766 1876 domibus
1804 1826 2144 1877 nocuerunt.

2255 608 2397 663 lium
2424 610 2570 662 hanc
2598 601 2852 662 nostram
2874 608 3064 678 legem
3092 613 3368 678 tanquam
3413 608 3484 661 ad
3533 622 3907 660 communem

2255 702 2557 756 utilitatem
2585 706 2642 756 et
2678 719 2780 772 pro
2818 702 2990 756 totius
3018 705 3186 756 terra;
3223 701 3429 772 pietate
3483 701 3734 771 positam
3794 716 3904 754 ser—

2255 799 2364 862 vet,
2399 801 2454 849 et
2498 794 2951 865 prtevaricatores
2998 795 3201 849 subdat
3247 795 3429 865 pinnis
3459 811 3604 866 quas
3633 793 3909 865 primitus

2256 888 2520 943 diximus.
2550 889 2605 942 Si
2651 889 2788 959 quid
2831 891 3023 942 autem
3074 889 3143 944 de
3191 888 3666 942 conductionibus
3723 887 3906 941 eccle-

2255 982 2604 1037 siasticarum
2653 998 2866 1049 rerum,
2918 987 3016 1036 aut
3063 983 3123 1037 in
3171 982 3295 1036 aliis
3339 982 3598 1052 capitulis
3655 980 3904 1034 sancivi—

2255 1092 2402 1144 mus,
2437 1080 2533 1130 aut
2579 1093 2612 1130 a
2658 1075 2942 1146 prioribus
2971 1076 3181 1130 nostris
3223 1076 3503 1129 sancitum
3529 1079 3633 1142 est,
3670 1080 3908 1128 maneat

2254 1170 2449 1223 hocin
2479 1170 2707 1240 propria
2751 1169 3037 1238 ﬁrmitate,
3070 1185 3253 1240 neque
3301 1187 3370 1224 ex
3419 1170 3696 1240 praesenti
3745 1185 3908 1223 sacra

2252 1268 2444 1316 nostra
2497 1263 2895 1316 constitutione
2940 1263 3304 1330 novandum;
3347 1263 3455 1316 alia
3502 1263 3659 1316 enim
3710 1264 3908 1317 omnia

2254 1371 2483 1410 manere
2511 1356 2571 1409 in
2601 1356 2847 1426 propriis
2873 1355 3130 1410 terminis
3158 1355 3419 1423 sinimus,
3451 1356 3557 1410 nisi
3581 1360 3779 1410 tamen
3810 1356 3908 1409 ali-

2251 1452 2391 1522 quid
2420 1451 2488 1505 de
2519 1450 2605 1504 his
2633 1449 2856 1516 habeat,
2889 1466 3015 1519 qua:
3041 1449 3133 1503 hic
3162 1450 3576 1515 constituimus,
3607 1467 3746 1504 cum
3782 1451 3904 1502 suf-

2252 1545 2401 1598 ﬁciat
2428 1561 2532 1614 pro
2557 1543 2820 1598 omnibus
2862 1544 2985 1597 haec
3023 1543 3113 1596 lex
3145 1559 3318 1613 super
3346 1543 3403 1597 id
3430 1543 3580 1614 quod
3627 1561 3663 1597 a
3715 1544 3902 1598 Leone

2251 1639 2361 1709 piae
2386 1638 2675 1692 memoria:
2699 1638 2909 1691 factum
2935 1640 3038 1705 est,
3063 1653 3296 1691 omnem
3314 1635 3583 1692 adversus
3607 1637 3902 1708 ptochicas

2253 1748 2342 1786 res
2372 1731 2595 1786 auferre
2629 1729 2983 1785 alienationis
3014 1729 3385 1784 occasionem.
3424 1731 3539 1784 Tua
3568 1731 3752 1802 igitur
3777 1730 3904 1784 bea-

2253 1824 2453 1890 titudo,
2482 1828 2541 1878 et
2570 1825 2667 1894 qui
2702 1827 2829 1894 post
2881 1824 3038 1877 illam
3095 1824 3155 1877 in
3202 1823 3615 1894 pontiﬁcalibus
3670 1823 3905 1878 sedibus

513 1918 1091 1989 Interdicimusigitur
1106 1915 1838 1971 rectoribusvenerabilium
1855 1902 2230 1973 domorumB
2253 1918 2483 1985 fuerint,
2524 1934 2653 1988 quae
2685 1935 2717 1971 a
2748 1917 2910 1971 nobis
2942 1917 3214 1988 disposita
3251 1923 3400 1985 sunt,
3435 1919 3592 1987 operi
3639 1917 3902 1972 effectui-

510 2015 620 2068 tale
647 2013 863 2083 aliquid
893 2027 1085 2082 agere,
1119 2014 1218 2064 aut
1244 2014 1395 2063 certe
1421 2024 1781 2079 cognoscere,
1805 2008 1941 2080 quia
1959 2009 2006 2062 si
2035 2025 2153 2064 non

510 2123 642 2162 cum
680 2105 835 2160 omni
867 2104 1172 2159 subtilitate
1215 2102 1456 2157 fecerint
1495 2105 1832 2171 contractus,
1865 2103 1963 2156 sed
1991 2103 2154 2158 fenea

506 2200 769 2272 quaedam
800 2197 1074 2269 possessio
1114 2201 1213 2251 aut
1261 2195 1535 2249 damnosa
1565 2195 1731 2249 detur
1757 2195 2023 2264 ecclesiis,
2055 2202 2154 2250 aut

510 2292 870 2348 monasteriis
921 2295 1019 2344 aut
1070 2289 1453 2354 xenodochiis,
1499 2294 1599 2342 aut
1646 2289 2001 2354 nosocomiis,
2053 2294 2153 2344 aut

508 2387 628 2441 aliis
658 2384 1068 2440 venerabilibus
1113 2383 1384 2453 collegiis,
1417 2385 1733 2436 contractus
1777 2383 2009 2453 quidem
2048 2399 2151 2452 pro

508 2497 628 2536 non
657 2479 806 2533 facto
837 2477 963 2543 erit,
1010 2480 1067 2530 et
1111 2477 1348 2547 recipiet
1390 2475 1641 2541 omnino,
1685 2475 1782 2545 qui
1835 2476 1948 2541 dat,
2000 2476 2152 2546 quod

506 2589 614 2645 per
643 2569 1182 2626 circumventionem
1225 2573 1282 2623 et
1311 2568 1585 2623 fallaciam
1615 2568 1809 2622 datum
1836 2572 1939 2623 est.
1971 2569 2149 2624 (Eco-

506 2682 712 2720 nomus
738 2668 930 2719 autem
953 2663 1052 2734 qui
1087 2662 1202 2718 tale
1229 2662 1445 2732 aliquid
1471 2662 1670 2732 egerit,
1704 2667 1801 2715 aut
1827 2662 2016 2731 abbas,
2053 2667 2152 2718 aut

505 2759 887 2824 xenodochus,
916 2759 1014 2811 aut
1043 2772 1399 2824 nosocomus,
1429 2760 1525 2809 aut
1555 2755 2021 2826 ptochotrophus,
2053 2759 2152 2810 aut

508 2850 1024 2924 orphanotrophus,
1075 2853 1173 2903 aut
1221 2853 1676 2920 gerontocomus,
1709 2849 1778 2902 de
1825 2865 1926 2902 suo
1965 2849 2016 2903 ei
2049 2849 2149 2920 qui

506 2946 662 3000 dedit
691 2944 924 2999 salvabit
969 2959 1037 2997 ex
1083 2943 1189 2997 hoc
1219 2943 1513 2996 damnum.
1561 2941 1618 2996 Si
1671 2957 1802 2996 vero
1853 2941 1930 2996 sic
1979 2959 2150 2997 causa

507 3040 836 3110 ﬁngeretur,
867 3040 930 3091 ut
973 3035 1143 3091 etiam
1175 3036 1401 3107 aliquod
1444 3051 1650 3090 aurum
1689 3051 1794 3106 pro
1826 3035 1932 3089 hoc
1962 3036 2145 3104 detur,

505 3139 562 3188 et
583 3133 692 3186 hoc
717 3129 1028 3185 lucrabitur
1049 3129 1283 3201 quidem
1303 3128 1639 3184 venerabilis
1667 3129 1874 3183 domus
1903 3145 2035 3198 quas
2059 3129 2146 3183 fe-

503 3241 679 3280 neum
714 3223 939 3294 aliquod
963 3222 1259 3292 acceperit.
1289 3222 1394 3285 Qui
1426 3237 1558 3275 vero
1587 3237 1790 3274 aurum
1836 3221 2007 3290 dedit,
2039 3223 2143 3275 ha-
2167 3260 2221 3334 Ο

503 3318 519 3334 'I
555 3316 653 3334 ,l'n
701 3318 874 3334 ,A,,1.__
921 3331 1038 3334 -___-
1085 3313 1173 3334 .__-2
1214 3318 1552 3334 ΔΑ-ι,....ι.....
1605 3313 1894 3334 --1-L..-_2L
1940 3330 1998 3334 __
2038 3314 2138 3334 ‘I---

502 3316 660 3371 bebit
691 3318 885 3369 contra
913 3331 1045 3368 eum
1078 3313 1177 3384 qui
1207 3318 1561 3368 contractum
1598 3313 1898 3368 celebravit
1934 3330 2000 3368 ex
2038 3314 2145 3369 hoc

503 3409 805 3476 actionem,
853 3407 999 3461 sicut
1040 3406 1424 3478 praediximus.
1475 3407 1606 3460 Haec
1649 3406 1882 3460 omnino
1919 3424 1953 3460 a
1983 3407 2144 3462 nobis

503 3518 674 3572 super
700 3501 1206 3556 ecclesiasticarum
1235 3503 1334 3552 aut
1362 3499 1753 3570 ptochicarum
1787 3515 1983 3554 rerum
2008 3501 2144 3555 alie-

500 3595 729 3650 natione
754 3593 938 3666 posita
965 3594 1037 3648 sit
1066 3594 1178 3661 lex,
1209 3593 1410 3648 Leonis
1439 3592 1674 3664 quidem
1714 3593 1824 3664 pias
1853 3593 2145 3648 memoriae

502 3704 741 3760 sequens
769 3687 1254 3754 constitutionem,
1273 3690 1329 3740 et
1353 3703 1469 3740 non
1494 3685 1648 3740 aliud
1667 3687 1900 3758 quidem
1921 3703 2142 3754 curans,

500 3782 653 3837 aliud
674 3786 865 3836 autem
894 3781 1219 3835 incuratum
1245 3780 1589 3850 relinquens,
1609 3780 1707 3834 sed
1732 3781 1791 3834 in
1816 3781 1975 3835 omni
1992 3785 2148 3837 terra

501 3892 677 3948 quam
707 3877 1093 3930 Romanorum
1137 3873 1389 3929 continet
1425 3873 1538 3941 lex,
1567 3877 1622 3928 et
1650 3873 1940 3929 catholicae
1967 3877 2143 3931 eccle-

501 3969 601 4022 siae
625 3967 856 4034 sanctio,
890 3968 1011 4021 haec
1038 3966 1398 4035 extendatur,
1431 3971 1488 4020 et
1517 3967 1860 4021 determinet
1888 3983 2014 4037 quae
2045 3985 2146 4023 sua

503 4065 655 4128 sunt,
689 4064 744 4114 et
769 4059 950 4113 valeat
975 4063 1270 4130 perpetuo,
1305 4059 1581 4114 custodita
1602 4076 1633 4112 a
1659 4059 2020 4115 sanctissimis
2049 4078 2147 4132 pa-

499 4151 765 4208 triarchis
788 4151 1238 4222 uniuscujusque
1271 4152 1593 4220 dimceseos,
1623 4155 1679 4206 et
1710 4168 1742 4205 a
1779 4154 1889 4207 Deo
1927 4153 2144 4208 amabi-

501 4245 649 4300 libus
701 4243 1172 4316 metrOpolitanis,
1203 4247 1260 4298 et
1287 4244 1357 4297 ab
1388 4244 1510 4297 aliis
1555 4244 1846 4315 episcopis,
1881 4250 1937 4300 et
1977 4246 2144 4300 cleri-

502 4339 602 4406 cis,
651 4343 706 4393 et
755 4336 1083 4405 mconomis,
1132 4342 1188 4391 et
1243 4337 1540 4391 abbatibus
1587 4342 1644 4392 et
1696 4337 2058 4408 xenodochis,
2091 4345 2149 4395 et

500 4431 839 4498 nosocomis,
893 4434 950 4485 et
1001 4429 1460 4501 brepbotrophis,
1514 4434 1571 4484 et
1626 4432 2058 4500 gerontocomis,
2091 4436 2147 4488 et

500 4519 1003 4591 orphanotrophis,
1031 4522 1088 4573 et
1113 4518 1378 4572 omnibus
1405 4517 1666 4573 similiter
1705 4519 2013 4574 rectoribus
2049 4521 2148 4575 ali-

2252 2027 2362 2082 que
2387 2011 2609 2065 tradere
2644 2011 2887 2066 festinet.
2936 2012 3056 2064 Dat.
3103 2027 3236 2065 xvm
3290 2011 3411 2065 Kal.
3447 2011 3593 2066 Maii.
3632 2011 3904 2066 Belisario

2252 2121 2306 2158 ν.
2341 2120 2392 2159 C.
2426 2119 2538 2158 COS.

2821 2199 3130 2252 NOVELLA
3181 2199 3314 2251 VIII.

2259 2293 2326 2345 Ut
2348 2292 2608 2361 praesides
2640 2293 2839 2360 absque
2885 2293 3002 2345 ulla
3050 2292 3265 2346 dat-ioue
3305 2294 3548 2362 pecu-nia:
3592 2293 3672 2346 ad
3717 2294 3904 2360 ofﬁcia

2914 2365 3227 2416 mittantur.

2325 2479 2634 2547 Imperator
2671 2477 3018 2532 Justinianus
3045 2480 3334 2549 Augustus
3377 2478 3578 2532 Joanni
3627 2479 3902 2548 praefecto

2250 2570 2506 2642 praetorii
2534 2571 2742 2625 iterum
2770 2571 3070 2625 exconsule
3097 2576 3153 2625 et
3183 2570 3435 2641 patricio.

2321 2664 2489 2718 Nobis
2530 2665 2815 2735 equidem,
2846 2665 2983 2718 dum
3023 2664 3215 2718 sedulo
3245 2665 3651 2732 consultamus,
3687 2665 3898 2735 quibus

2250 2758 2431 2813 modis
2459 2758 2599 2812 boni
2627 2757 2863 2829 aliquid,
2907 2763 2963 2812 et
3005 2758 3157 2828 quod
3207 2759 3323 2812 Deo
3377 2758 3612 2827 placeat,
3649 2758 3896 2812 subditis

2250 2867 2352 2922 per
2375 2867 2480 2906 nos
2509 2851 2802 2920 inferatur,
2834 2867 2940 2905 usu
2968 2851 3122 2905 venit
3140 2850 3482 2922 planissime,
3513 2855 3577 2904 ut
3597 2851 3698 2905 diu
3723 2851 3900 2905 simul

2249 2947 2535 3015 noctuque
2578 2945 2638 2998 in
2682 2943 2832 2998 curis
2860 2948 2916 2999 et
2958 2945 3164 3015 vigiliis
3195 2960 3503 2999 versemur.
3539 2944 3734 3014 Neque
3766 2961 3901 2998 eam

2247 3037 2425 3091 animi
2453 3037 2808 3108 vigilantiam
2834 3054 3176 3108 supervacue
3202 3041 3299 3092 aut
3326 3041 3536 3108 praeter
3557 3053 3682 3091 rem
3714 3039 3902 3092 susci-

2246 3130 2456 3200 pimus,
2488 3130 2586 3184 sed
2615 3130 2728 3184 sive
2767 3130 3016 3184 interdiu
3047 3131 3186 3200 quid
3220 3146 3501 3201 geramus,
3537 3129 3654 3184 sive
3699 3132 3898 3185 nocti-

2245 3222 2352 3276 bus
2382 3239 2450 3277 ex
2477 3239 2640 3293 aequo
2667 3227 2892 3277 utamur
2918 3240 3050 3286 cum
3080 3224 3170 3277 die
3190 3224 3248 3277 in
3279 3228 3392 3277 tam
3425 3239 3733 3278 numerosa
3763 3240 3900 3278 eam

2245 3311 2475 3366 consilia
2521 3311 2923 3382 impendimus,
2953 3317 3015 3367 ut
3040 3312 3202 3366 nobis
3229 3329 3333 3382 pro
3375 3312 3643 3366 omnibus
3689 3329 3898 3367 curam

2247 3404 2591 3475 gerentibus,
2621 3405 2829 3459 subditi
2855 3405 3036 3459 nostri
3057 3406 3213 3459 omni
3241 3405 3617 3459 sollicitudine
3644 3407 3816 3460 vacui
3839 3408 3901 3461 in

2245 3502 2367 3553 tuto
2399 3503 2455 3552 et
2477 3513 2702 3552 summa
2721 3497 3126 3569 tranquillitate
3149 3498 3512 3552 collocentur.
3542 3498 3716 3553 Omni
3736 3500 3902 3553 enim

2245 3607 2376 3645 cum
2401 3590 2876 3662 pervestigatione
2901 3595 2958 3645 et
2981 3596 3243 3645 accurata
3262 3591 3629 3662 inquisitione
3647 3609 3899 3664 progre-

2245 3683 2454 3752 dimur,
2483 3700 2548 3738 ea
2573 3683 2795 3739 efﬁcere
2825 3684 3137 3754 cupientes,
3158 3701 3284 3755 quas
3314 3684 3623 3738 utilitatem
3650 3686 3901 3740 subditis

2245 3777 2450 3832 nostris
2471 3777 2745 3845 adferant,
2773 3777 3054 3848 simulque
3076 3778 3228 3831 omni
3252 3793 3346 3832 eos
3368 3793 3542 3832 onere
3569 3794 3635 3832 ac
3656 3779 3900 3848 damno,

2247 3869 2402 3941 quod
2444 3873 2651 3940 prater
2688 3869 3125 3940 descriptionem
3154 3871 3439 3942 publicam
3489 3875 3547 3925 et
3583 3871 3811 3941 justam
3840 3890 3902 3926 ac

2247 3962 2469 4017 solitam
2518 3962 2873 4017 collationem
2917 3963 3178 4017 alicunde
3223 3964 3520 4018 inductum
3568 3969 3676 4032 est,
3713 3967 3899 4020 exsol-

2246 4061 2395 4110 vant.
2422 4055 2742 4110 Invenimus
2767 4073 3018 4127 namque
3040 4057 3353 4126 plurimum
3385 4057 3442 4110 in
3475 4059 3898 4128 rempublicam

2245 4148 2559 4220 iniquitatis
2585 4149 2894 4220 irrepsisse,
2924 4166 3052 4220 quas
3080 4165 3196 4204 non
3223 4149 3384 4203 initio
3421 4151 3516 4204 sed
3548 4152 3748 4220 paucis
3797 4153 3898 4206 ab-

2246 4241 2379 4296 hinc
2402 4242 2564 4296 annis
2593 4241 2829 4311 intrusa,
2863 4242 3114 4297 subditos
3140 4247 3363 4298 nostros
3392 4243 3462 4296 ad
3495 4250 3896 4314 paupertatem

2247 4334 2456 4405 adigat,
2491 4339 2558 4388 ut
2585 4335 2903 4405 periculum
2943 4335 3034 4404 sit,
3069 4352 3142 4390 ne
3184 4336 3254 4389 ad
3299 4351 3584 4390 summam
3630 4339 3894 4394 omnium

2246 4442 2440 4482 rerum
2465 4426 2716 4499 inopiam
2747 4427 3096 4497 delabantur,
3126 4433 3183 4484 et
3211 4429 3524 4483 secundum
3554 4430 3891 4502 descriptio-

2246 4536 2381 4576 nem
2408 4520 2717 4592 publicam,
2746 4537 2818 4576 ne
2865 4525 3131 4576 consueta
3171 4521 3403 4592 quidem
3435 4526 3491 4577 et
3519 4523 3710 4593 solita,
3745 4541 3897 4580 vere-
3925 4565 3934 4572 .

499 4629 746 4684 quorum
775 4615 1100 4666 sanctorum
1127 4610 1521 4681 collegiorum,
1557 4610 1822 4665 omnibus
1850 4611 2224 4701 imponensD
2249 4629 2360 4685 que
2387 4613 2480 4684 pia
2509 4614 2723 4668 tributa
2753 4613 2978 4684 publica
3013 4614 3133 4668 sine
3167 4614 3327 4685 gravi
3360 4614 3657 4685 dispendio
3707 4623 3764 4672 et.
3809 4635 3898 4672 ne-

500 4705 800 4777 proprium
829 4705 1006 4761 robur
1024 4707 1081 4758 et
1097 4704 1388 4759 licentiam
1413 4703 1673 4775 praebens
1692 4705 1902 4760 volenti
1929 4705 2146 4760 denun-

499 4797 640 4853 tiare
671 4815 802 4870 quae
832 4797 1260 4869 delinquuntur.
1289 4796 1605 4852 Laudabilis
1635 4797 1790 4852 enim
1818 4798 2144 4870 hujusmodi

498 4894 603 4954 est,
652 4895 709 4944 et
749 4889 1168 4945 calumniatoris
1217 4889 1450 4960 effugiet
1496 4905 1724 4956 nomen,
1775 4891 1872 4961 qui
1917 4907 2144 4946 causam

497 4987 694 5038 contra
745 4983 900 5054 leges
948 4983 1155 5038 factam
1204 4982 1529 5053 redarguit,
1576 4987 1772 5037 auctor
1825 4982 2045 5054 pietatis
2087 4988 2145 5040 et

493 5076 752 5132 utilitatis
801 5075 971 5130 sacris
1025 5075 1289 5130 domibus
1337 5076 1533 5130 factus.
1586 5076 1899 5131 Servabunt
1952 5083 2143 5132 autem

494 5185 621 5224 eam
651 5169 1024 5225 nihilominus
1063 5173 1120 5223 et
1147 5171 1355 5222 nostrae
1392 5168 1722 5240 reipublicze
1744 5170 1966 5240 judices
2011 5187 2139 5225 ma-

485 5263 642 5334 jores
689 5269 745 5319 et
774 5263 1045 5330 minores,
1075 5261 1261 5316 civiles
1310 5266 1368 5316 et
1407 5261 1704 5329 militares,
1751 5268 1807 5317 et
1855 5263 2140 5334 praecipue

492 5372 598 5427 per
625 5372 824 5412 omnes
851 5355 1118 5410 dioeceses
1148 5354 1440 5409 constituti
1473 5355 1858 5426 gloriosissimi
1887 5356 2140 5428 praefecti

494 5465 789 5504 sacrorum
835 5449 1261 5521 praetoriorum,
1288 5453 1345 5503 et
1381 5447 1595 5503 medias
1638 5449 1911 5504 habentes
1951 5450 2136 5505 admi-

491 5542 870 5612 nistrationes,
924 5560 1063 5614 quas
1112 5541 1445 5614 spectabiles
1496 5547 1698 5596 vocant
1750 5542 2006 5612 (dicimus
2043 5560 2140 5598 au-

491 5637 607 5690 tem
663 5637 1034 5707 Augustalem
1081 5641 1137 5691 et
1178 5635 1628 5707 proconsulares,
1664 5639 1721 5690 et
1765 5635 2136 5708 spectabilem

490 5727 756 5782 comitem
805 5729 1067 5801 Orientis)
1117 5733 1173 5785 et
1225 5729 1382 5798 alios,
1416 5734 1473 5784 et
1523 5729 1620 5800 qui
1668 5732 1794 5800 post
1832 5727 1956 5783 illos
2004 5733 2139 5784 sunt

489 5819 874 5889 magistratus,
906 5822 1013 5876 hoc
1052 5827 1138 5878 est
1182 5821 1600 5894 provinciarum
1649 5823 1972 5878 consulares
2005 5823 2134 5892 sive

491 5908 761 5975 praesides
797 5912 1110 5981 constituti,
1140 5919 1307 5986 atque
1355 5914 1680 5970 defensores
1728 5915 2040 5986 civitatum,
2077 5920 2133 5972 et

2247 4705 2500 4761 cessitate
2521 4711 2735 4777 queant
2753 4706 3093 4777 persolvere.
3124 4708 3204 4761 Ac
3231 4724 3363 4762 cum
3385 4711 3444 4762 et
3460 4708 3561 4779 qui
3583 4708 3894 4780 imperium

2244 4799 2474 4870 aliquod
2504 4803 2655 4854 retro
2683 4799 2848 4854 annis
2890 4816 3098 4870 parum
3125 4801 3300 4871 probe
3333 4804 3640 4872 gesserunt
3670 4819 3895 4874 semper

2242 4892 2456 4964 aliquid
2485 4895 2756 4964 cuperent
2787 4893 2957 4948 rebus
2987 4893 3102 4948 suis
3122 4893 3269 4948 lucri
3298 4910 3404 4965 per
3431 4893 3764 4950 ofﬁciorum
3794 4897 3891 4952 de-

2241 4985 2513 5039 lationem
2530 4985 2814 5054 accedere,
2838 4985 3157 5056 meritoque
3177 4985 3302 5039 illos
3320 4991 3702 5056 sequerentur
3721 4990 3892 5044 etiam

2245 5077 2632 5149 gloriosissimi
2650 5078 3051 5149 prastoriorum
3074 5079 3346 5150 praefecti,
3365 5079 3465 5151 qui
3484 5096 3748 5151 unquam
3770 5082 3889 5136 ﬁeri

2241 5171 2426 5242 potuit
2453 5176 2519 5226 ut
2552 5171 2844 5227 collatores
2883 5172 3338 5227 extraordinariis
3379 5173 3693 5244 dispendiis
3724 5176 3891 5230 simul

2241 5268 2296 5318 et
2330 5263 2508 5318 solitis
2543 5281 2607 5318 ac
2635 5264 3001 5334 pientissimis
3029 5265 3267 5335 publicis
3292 5266 3764 5336 praestationibus
3793 5283 3889 5338 per

2240 5356 2302 5411 id
2333 5373 2512 5429 genus
2539 5357 2857 5428 iniquitatis
2887 5357 3256 5414 sufﬁcerent?
3306 5358 3492 5413 Subiit
3541 5359 3723 5429 igitur
3765 5362 3883 5415 ani-

2238 5467 2399 5506 mum
2427 5451 2710 5522 cogitatio,
2739 5467 2853 5522 quo
2883 5452 3117 5506 tandem
3147 5451 3315 5520 facto,
3347 5452 3627 5523 quidquid
3665 5453 3882 5525 uspiam

2238 5543 2297 5598 in
2326 5543 2626 5614 provinciis
2668 5544 2875 5598 nostris
2923 5544 3161 5598 noxium
3191 5543 3399 5613 existit,
3433 5561 3738 5615 possemus
3767 5563 3879 5601 uno

2240 5636 2494 5709 generali
2539 5641 2668 5692 actu
2712 5637 2783 5692 ad
2827 5636 3062 5692 meliora
3092 5637 3404 5692 traducere.
3438 5638 3506 5692 Et
3546 5639 3738 5709 reipsa
3781 5640 3878 5693 hoc

2237 5734 2574 5786 eventurum
2628 5730 3139 5802 deprehendimus,
3190 5731 3237 5784 si
3287 5730 3486 5785 demus
3529 5746 3766 5802 operam
3819 5737 3876 5787 ut

2235 5823 2495 5895 gentium
2543 5823 2830 5895 praesides,
2865 5823 2964 5896 qui
3007 5823 3188 5878 civilia
3236 5824 3298 5877 in
3349 5822 3654 5894 provinciis
3696 5826 3874 5880 ofﬁcia

2233 5916 2652 5988 administrant,
2671 5917 2832 5991 puris
2851 5920 3087 5974 utantur
3112 5917 3396 5985 manibus,
3414 5921 3469 5973 et
3495 5918 3657 5973 omni
3689 5919 3868 5992 praeda
