  <div class='ocr_page' id='page_1' title='image "/cluster/home/n/w/nwhite01/storage/ocr_20150623/72/uva.x000827084/668.png"; bbox 0 0 4034 6228; ppageno 0'>
   <div class='ocr_carea' id='block_1_1' title="bbox 149 402 248 453">
    <p class='ocr_par' dir='ltr' id='par_1_1' title="bbox 149 402 248 453">
     <span class='ocr_line' id='line_1_1' title="bbox 149 402 248 453; baseline 0.02 -2"><span class='ocrx_word' id='word_1_1' title='bbox 149 404 176 451; x_wconf 74' lang='lat'><strong>9</strong></span> <span class='ocrx_word' id='word_1_2' title='bbox 192 402 248 453; x_wconf 59' lang='grc' dir='ltr'>ἓξ)</span> 
     </span>
    </p>
   </div>
   <div class='ocr_carea' id='block_1_2' title="bbox 968 399 2591 460">
    <p class='ocr_par' dir='ltr' id='par_1_2' title="bbox 968 399 2591 460">
     <span class='ocr_line' id='line_1_2' title="bbox 968 399 2591 460; baseline 0.005 -8"><span class='ocrx_word' id='word_1_3' title='bbox 968 399 1329 454; x_wconf 67' lang='lat' dir='ltr'>JL&#39;STINIANI</span> <span class='ocrx_word' id='word_1_4' title='bbox 1370 402 1694 454; x_wconf 66' lang='lat' dir='ltr'>NU\&#39;liLl..l-I</span> <span class='ocrx_word' id='word_1_5' title='bbox 1736 403 2067 456; x_wconf 54' lang='lat' dir='ltr'>BELEC&#39;ILE.</span> <span class='ocrx_word' id='word_1_6' title='bbox 2111 403 2418 460; x_wconf 58' lang='lat' dir='ltr'>NOVEILA</span> <span class='ocrx_word' id='word_1_7' title='bbox 2462 407 2591 460; x_wconf 55' lang='lat' dir='ltr'>\‘lll.</span> 
     </span>
    </p>
   </div>
   <div class='ocr_carea' id='block_1_3' title="bbox 3425 417 3529 470">
    <p class='ocr_par' dir='ltr' id='par_1_3' title="bbox 3425 417 3529 470">
     <span class='ocr_line' id='line_1_3' title="bbox 3425 417 3529 470; baseline 0.019 -2"><span class='ocrx_word' id='word_1_8' title='bbox 3425 417 3529 470; x_wconf 80' lang='lat'>950</span> 
     </span>
    </p>
   </div>
   <div class='ocr_carea' id='block_1_4' title="bbox 145 504 3528 594">
    <p class='ocr_par' dir='ltr' id='par_1_4' title="bbox 145 504 3528 594">
     <span class='ocr_line' id='line_1_4' title="bbox 145 504 3528 594; baseline 0.005 -35"><span class='ocrx_word' id='word_1_9' title='bbox 145 505 483 569; x_wconf 82' lang='lat' dir='ltr'>abstineant,</span> <span class='ocrx_word' id='word_1_10' title='bbox 512 505 600 559; x_wconf 87' lang='lat' dir='ltr'>his</span> <span class='ocrx_word' id='word_1_11' title='bbox 628 504 758 558; x_wconf 88' lang='lat' dir='ltr'>solis</span> <span class='ocrx_word' id='word_1_12' title='bbox 787 505 1056 573; x_wconf 78' lang='lat' dir='ltr'>contenti,</span> <span class='ocrx_word' id='word_1_13' title='bbox 1087 522 1212 576; x_wconf 64' lang='lat' dir='ltr'>quae</span> <span class='ocrx_word' id='word_1_14' title='bbox 1241 508 1568 577; x_wconf 67' lang='lat' dir='ltr'>prazbentur</span> <span class='ocrx_word' id='word_1_15' title='bbox 1595 524 1663 563; x_wconf 84' lang='lat' dir='ltr'>ex</span> <span class='ocrx_word' id='word_1_16' title='bbox 1691 526 1792 579; x_wconf 92' lang='lat' dir='ltr'>pu-</span> <span class='ocrx_word' id='word_1_17' title='bbox 1813 523 1871 594; x_wconf 76' lang='grc' dir='ltr'><strong>Α</strong></span> <span class='ocrx_word' id='word_1_18' title='bbox 1893 514 1997 578; x_wconf 90' lang='lat' dir='ltr'>est,</span> <span class='ocrx_word' id='word_1_19' title='bbox 2055 529 2262 583; x_wconf 82' lang='lat' dir='ltr'>nempe</span> <span class='ocrx_word' id='word_1_20' title='bbox 2306 514 2597 569; x_wconf 73' lang='lat' dir='ltr'>avaritiam</span> <span class='ocrx_word' id='word_1_21' title='bbox 2642 515 2902 571; x_wconf 90' lang='lat' dir='ltr'>omnium</span> <span class='ocrx_word' id='word_1_22' title='bbox 2951 517 3236 573; x_wconf 89' lang='lat' dir='ltr'>malorum</span> <span class='ocrx_word' id='word_1_23' title='bbox 3285 525 3528 576; x_wconf 83' lang='lat' dir='ltr'>matrem</span> 
     </span>
    </p>
   </div>
   <div class='ocr_carea' id='block_1_5' title="bbox 145 598 1790 674">
    <p class='ocr_par' dir='ltr' id='par_1_5' title="bbox 145 598 1790 674">
     <span class='ocr_line' id='line_1_5' title="bbox 145 598 1790 674; baseline 0.002 -20"><span class='ocrx_word' id='word_1_24' title='bbox 145 598 309 654; x_wconf 79' lang='lat' dir='ltr'>blico.</span> <span class='ocrx_word' id='word_1_25' title='bbox 349 599 508 663; x_wconf 89' lang='lat' dir='ltr'>Quod</span> <span class='ocrx_word' id='word_1_26' title='bbox 551 598 785 671; x_wconf 84' lang='lat' dir='ltr'>quidem</span> <span class='ocrx_word' id='word_1_27' title='bbox 809 598 972 652; x_wconf 80' lang='lat' dir='ltr'>aliter</span> <span class='ocrx_word' id='word_1_28' title='bbox 996 615 1111 652; x_wconf 92' lang='lat' dir='ltr'>non</span> <span class='ocrx_word' id='word_1_29' title='bbox 1139 598 1256 666; x_wconf 89' lang='lat' dir='ltr'>ﬁet,</span> <span class='ocrx_word' id='word_1_30' title='bbox 1286 601 1398 655; x_wconf 87' lang='lat' dir='ltr'>nisi</span> <span class='ocrx_word' id='word_1_31' title='bbox 1429 618 1654 673; x_wconf 88' lang='lat' dir='ltr'>quoque</span> <span class='ocrx_word' id='word_1_32' title='bbox 1685 602 1790 674; x_wconf 86' lang='lat' dir='ltr'>ipsi</span> 
     </span>
    </p>
   </div>
   <div class='ocr_carea' id='block_1_6' title="bbox 146 692 1788 765">
    <p class='ocr_par' dir='ltr' id='par_1_6' title="bbox 146 692 1788 765">
     <span class='ocr_line' id='line_1_6' title="bbox 146 692 1788 765; baseline 0.002 -18"><span class='ocrx_word' id='word_1_33' title='bbox 146 692 330 747; x_wconf 82' lang='lat' dir='ltr'>ofﬁcia</span> <span class='ocrx_word' id='word_1_34' title='bbox 371 692 618 763; x_wconf 88' lang='lat' dir='ltr'>gratuita</span> <span class='ocrx_word' id='word_1_35' title='bbox 661 692 1032 763; x_wconf 79' lang='lat' dir='ltr'>susceperint,</span> <span class='ocrx_word' id='word_1_36' title='bbox 1062 708 1245 764; x_wconf 88' lang='lat' dir='ltr'>neque</span> <span class='ocrx_word' id='word_1_37' title='bbox 1274 697 1554 765; x_wconf 63' lang='lat' dir='ltr'>praetextu</span> <span class='ocrx_word' id='word_1_38' title='bbox 1584 696 1665 765; x_wconf 86' lang='lat' dir='ltr'>(ut</span> <span class='ocrx_word' id='word_1_39' title='bbox 1693 713 1788 750; x_wconf 90' lang='lat' dir='ltr'>vo-</span> 
     </span>
    </p>
   </div>
   <div class='ocr_carea' id='block_1_7' title="bbox 145 785 1786 860">
    <p class='ocr_par' dir='ltr' id='par_1_7' title="bbox 145 785 1786 860">
     <span class='ocr_line' id='line_1_7' title="bbox 145 785 1786 860; baseline 0.004 -21"><span class='ocrx_word' id='word_1_40' title='bbox 145 786 293 857; x_wconf 82' lang='lat' dir='ltr'>cant)</span> <span class='ocrx_word' id='word_1_41' title='bbox 337 785 767 857; x_wconf 63' lang='lat' dir='ltr'>suffragiorum,</span> <span class='ocrx_word' id='word_1_42' title='bbox 821 801 1005 856; x_wconf 88' lang='lat' dir='ltr'>neque</span> <span class='ocrx_word' id='word_1_43' title='bbox 1048 785 1136 852; x_wconf 90' lang='lat' dir='ltr'>iis,</span> <span class='ocrx_word' id='word_1_44' title='bbox 1168 787 1266 857; x_wconf 85' lang='lat' dir='ltr'>qui</span> <span class='ocrx_word' id='word_1_45' title='bbox 1293 788 1656 858; x_wconf 79' lang='lat' dir='ltr'>magistratus</span> <span class='ocrx_word' id='word_1_46' title='bbox 1687 806 1786 860; x_wconf 90' lang='lat' dir='ltr'>ge-</span> 
     </span>
    </p>
   </div>
   <div class='ocr_carea' id='block_1_8' title="bbox 147 879 1789 951">
    <p class='ocr_par' dir='ltr' id='par_1_8' title="bbox 147 879 1789 951">
     <span class='ocr_line' id='line_1_8' title="bbox 147 879 1789 951; baseline 0.002 -17"><span class='ocrx_word' id='word_1_47' title='bbox 147 885 302 946; x_wconf 88' lang='lat' dir='ltr'>runt,</span> <span class='ocrx_word' id='word_1_48' title='bbox 331 895 517 950; x_wconf 89' lang='lat' dir='ltr'>neque</span> <span class='ocrx_word' id='word_1_49' title='bbox 547 879 814 950; x_wconf 81' lang='lat' dir='ltr'>cuiquam</span> <span class='ocrx_word' id='word_1_50' title='bbox 846 879 940 934; x_wconf 83' lang='lat' dir='ltr'>alii</span> <span class='ocrx_word' id='word_1_51' title='bbox 969 879 1282 951; x_wconf 86' lang='lat' dir='ltr'>quidquam</span> <span class='ocrx_word' id='word_1_52' title='bbox 1312 881 1527 936; x_wconf 82' lang='lat' dir='ltr'>dantes.</span> <span class='ocrx_word' id='word_1_53' title='bbox 1545 883 1789 938; x_wconf 85' lang='lat' dir='ltr'>Tametsi</span> 
     </span>
    </p>
   </div>
   <div class='ocr_carea' id='block_1_9' title="bbox 145 971 1787 1045">
    <p class='ocr_par' dir='ltr' id='par_1_9' title="bbox 145 971 1787 1045">
     <span class='ocr_line' id='line_1_9' title="bbox 145 971 1787 1045; baseline 0.001 -17"><span class='ocrx_word' id='word_1_54' title='bbox 145 974 303 1028; x_wconf 86' lang='lat' dir='ltr'>enim</span> <span class='ocrx_word' id='word_1_55' title='bbox 353 990 473 1028; x_wconf 88' lang='lat' dir='ltr'>non</span> <span class='ocrx_word' id='word_1_56' title='bbox 516 973 758 1043; x_wconf 88' lang='lat' dir='ltr'>exiguus</span> <span class='ocrx_word' id='word_1_57' title='bbox 810 971 1050 1043; x_wconf 90' lang='lat' dir='ltr'>imperio</span> <span class='ocrx_word' id='word_1_58' title='bbox 1094 973 1307 1027; x_wconf 90' lang='lat' dir='ltr'>reditus</span> <span class='ocrx_word' id='word_1_59' title='bbox 1344 990 1408 1028; x_wconf 89' lang='lat' dir='ltr'>ea</span> <span class='ocrx_word' id='word_1_60' title='bbox 1448 991 1509 1029; x_wconf 91' lang='lat' dir='ltr'>re</span> <span class='ocrx_word' id='word_1_61' title='bbox 1548 975 1787 1045; x_wconf 82' lang='lat' dir='ltr'>decedit,</span> 
     </span>
    </p>
   </div>
   <div class='ocr_carea' id='block_1_10' title="bbox 143 1065 1793 1134">
    <p class='ocr_par' dir='ltr' id='par_1_10' title="bbox 143 1065 1793 1134">
     <span class='ocr_line' id='line_1_10' title="bbox 143 1065 1793 1134; baseline 0.002 -14"><span class='ocrx_word' id='word_1_62' title='bbox 143 1065 655 1122; x_wconf 82' lang='lat' dir='ltr'>animadvertimus</span> <span class='ocrx_word' id='word_1_63' title='bbox 675 1071 862 1120; x_wconf 88' lang='lat' dir='ltr'>tamen</span> <span class='ocrx_word' id='word_1_64' title='bbox 884 1067 1242 1121; x_wconf 90' lang='lat' dir='ltr'>collatoribus</span> <span class='ocrx_word' id='word_1_65' title='bbox 1262 1066 1488 1134; x_wconf 87' lang='lat' dir='ltr'>nostris,</span> <span class='ocrx_word' id='word_1_66' title='bbox 1518 1068 1562 1122; x_wconf 89' lang='lat' dir='ltr'>si</span> <span class='ocrx_word' id='word_1_67' title='bbox 1580 1067 1793 1123; x_wconf 86' lang='lat' dir='ltr'>indem-</span> 
     </span>
    </p>
   </div>
   <div class='ocr_carea' id='block_1_11' title="bbox 143 1161 1792 1233">
    <p class='ocr_par' dir='ltr' id='par_1_11' title="bbox 143 1161 1792 1233">
     <span class='ocr_line' id='line_1_11' title="bbox 143 1161 1792 1233; baseline 0.001 -18"><span class='ocrx_word' id='word_1_68' title='bbox 143 1177 246 1215; x_wconf 86' lang='lat' dir='ltr'>nes</span> <span class='ocrx_word' id='word_1_69' title='bbox 285 1165 460 1232; x_wconf 88' lang='lat' dir='ltr'>atque</span> <span class='ocrx_word' id='word_1_70' title='bbox 495 1161 662 1216; x_wconf 67' lang='lat' dir='ltr'>illaasi</span> <span class='ocrx_word' id='word_1_71' title='bbox 689 1178 720 1215; x_wconf 89' lang='lat' dir='ltr'>a</span> <span class='ocrx_word' id='word_1_72' title='bbox 766 1161 1054 1230; x_wconf 90' lang='lat' dir='ltr'>judicibus</span> <span class='ocrx_word' id='word_1_73' title='bbox 1111 1165 1532 1230; x_wconf 83' lang='lat' dir='ltr'>conserventur,</span> <span class='ocrx_word' id='word_1_74' title='bbox 1591 1162 1792 1233; x_wconf 86' lang='lat' dir='ltr'>ingens</span> 
     </span>
    </p>
   </div>
   <div class='ocr_carea' id='block_1_12' title="bbox 145 1253 1794 1326">
    <p class='ocr_par' dir='ltr' id='par_1_12' title="bbox 145 1253 1794 1326">
     <span class='ocr_line' id='line_1_12' title="bbox 145 1253 1794 1326; baseline 0 -18"><span class='ocrx_word' id='word_1_75' title='bbox 145 1255 566 1309; x_wconf 87' lang='lat' dir='ltr'>incrementum</span> <span class='ocrx_word' id='word_1_76' title='bbox 584 1253 1006 1323; x_wconf 84' lang='lat' dir='ltr'>accipientibus,</span> <span class='ocrx_word' id='word_1_77' title='bbox 1028 1258 1145 1307; x_wconf 86' lang='lat' dir='ltr'>tam</span> <span class='ocrx_word' id='word_1_78' title='bbox 1169 1253 1475 1324; x_wconf 89' lang='lat' dir='ltr'>imperium</span> <span class='ocrx_word' id='word_1_79' title='bbox 1491 1271 1664 1326; x_wconf 90' lang='lat' dir='ltr'>quam</span> <span class='ocrx_word' id='word_1_80' title='bbox 1692 1273 1794 1326; x_wconf 87' lang='lat' dir='ltr'>pu-</span> 
     </span>
    </p>
   </div>
   <div class='ocr_carea' id='block_1_13' title="bbox 142 1347 1792 1418">
    <p class='ocr_par' dir='ltr' id='par_1_13' title="bbox 142 1347 1792 1418">
     <span class='ocr_line' id='line_1_13' title="bbox 142 1347 1792 1418; baseline 0.001 -16"><span class='ocrx_word' id='word_1_81' title='bbox 142 1348 362 1402; x_wconf 86' lang='lat' dir='ltr'>blicum</span> <span class='ocrx_word' id='word_1_82' title='bbox 390 1348 659 1402; x_wconf 68' lang='lat' dir='ltr'>aerarium</span> <span class='ocrx_word' id='word_1_83' title='bbox 687 1352 834 1402; x_wconf 90' lang='lat' dir='ltr'>recte</span> <span class='ocrx_word' id='word_1_84' title='bbox 867 1364 924 1401; x_wconf 91' lang='lat' dir='ltr'>se</span> <span class='ocrx_word' id='word_1_85' title='bbox 955 1347 1309 1413; x_wconf 87' lang='lat' dir='ltr'>habiturum,</span> <span class='ocrx_word' id='word_1_86' title='bbox 1335 1364 1563 1418; x_wconf 89' lang='lat' dir='ltr'>semper</span> <span class='ocrx_word' id='word_1_87' title='bbox 1598 1349 1792 1403; x_wconf 86' lang='lat' dir='ltr'>usibus</span> 
     </span>
    </p>
   </div>
   <div class='ocr_carea' id='block_1_14' title="bbox 147 1441 1792 1512">
    <p class='ocr_par' dir='ltr' id='par_1_14' title="bbox 147 1441 1792 1512">
     <span class='ocr_line' id='line_1_14' title="bbox 147 1441 1792 1512; baseline 0.001 -17"><span class='ocrx_word' id='word_1_88' title='bbox 147 1441 264 1495; x_wconf 87' lang='lat' dir='ltr'>suis</span> <span class='ocrx_word' id='word_1_89' title='bbox 290 1444 516 1512; x_wconf 87' lang='lat' dir='ltr'>paratos</span> <span class='ocrx_word' id='word_1_90' title='bbox 541 1441 754 1496; x_wconf 87' lang='lat' dir='ltr'>habens</span> <span class='ocrx_word' id='word_1_91' title='bbox 778 1441 1028 1495; x_wconf 87' lang='lat' dir='ltr'>subditos</span> <span class='ocrx_word' id='word_1_92' title='bbox 1053 1441 1376 1511; x_wconf 88' lang='lat' dir='ltr'>locupletes,</span> <span class='ocrx_word' id='word_1_93' title='bbox 1410 1445 1468 1494; x_wconf 91' lang='lat' dir='ltr'>et</span> <span class='ocrx_word' id='word_1_94' title='bbox 1493 1441 1656 1496; x_wconf 90' lang='lat' dir='ltr'>unico</span> <span class='ocrx_word' id='word_1_95' title='bbox 1685 1443 1792 1497; x_wconf 91' lang='lat' dir='ltr'>hoc</span> 
     </span>
    </p>
   </div>
   <div class='ocr_carea' id='block_1_15' title="bbox 143 1534 1792 1604">
    <p class='ocr_par' dir='ltr' id='par_1_15' title="bbox 143 1534 1792 1604">
     <span class='ocr_line' id='line_1_15' title="bbox 143 1534 1792 1604; baseline 0.001 -16"><span class='ocrx_word' id='word_1_96' title='bbox 143 1535 344 1589; x_wconf 86' lang='lat' dir='ltr'>ordine</span> <span class='ocrx_word' id='word_1_97' title='bbox 387 1534 729 1601; x_wconf 89' lang='lat' dir='ltr'>introducto,</span> <span class='ocrx_word' id='word_1_98' title='bbox 769 1534 1018 1604; x_wconf 90' lang='lat' dir='ltr'>amplam</span> <span class='ocrx_word' id='word_1_99' title='bbox 1056 1539 1113 1589; x_wconf 89' lang='lat' dir='ltr'>et</span> <span class='ocrx_word' id='word_1_100' title='bbox 1152 1534 1499 1588; x_wconf 73' lang='lat' dir='ltr'>inelfabilem</span> <span class='ocrx_word' id='word_1_101' title='bbox 1531 1535 1792 1590; x_wconf 90' lang='lat' dir='ltr'>omnium</span> 
     </span>
    </p>
   </div>
   <div class='ocr_carea' id='block_1_16' title="bbox 146 1627 1789 1699">
    <p class='ocr_par' dir='ltr' id='par_1_16' title="bbox 146 1627 1789 1699">
     <span class='ocr_line' id='line_1_16' title="bbox 146 1627 1789 1699; baseline 0 -17"><span class='ocrx_word' id='word_1_102' title='bbox 146 1644 346 1683; x_wconf 90' lang='lat' dir='ltr'>rerum</span> <span class='ocrx_word' id='word_1_103' title='bbox 371 1627 591 1699; x_wconf 89' lang='lat' dir='ltr'>copiam</span> <span class='ocrx_word' id='word_1_104' title='bbox 619 1627 972 1682; x_wconf 88' lang='lat' dir='ltr'>exstituram.</span> <span class='ocrx_word' id='word_1_105' title='bbox 1017 1629 1102 1680; x_wconf 75' lang='lat' dir='ltr'>An</span> <span class='ocrx_word' id='word_1_106' title='bbox 1134 1643 1267 1682; x_wconf 90' lang='lat' dir='ltr'>vero</span> <span class='ocrx_word' id='word_1_107' title='bbox 1303 1628 1566 1683; x_wconf 90' lang='lat' dir='ltr'>omnibus</span> <span class='ocrx_word' id='word_1_108' title='bbox 1602 1629 1789 1683; x_wconf 89' lang='lat' dir='ltr'>mani-</span> 
     </span>
    </p>
   </div>
   <div class='ocr_carea' id='block_1_17' title="bbox 145 1721 1792 1793">
    <p class='ocr_par' dir='ltr' id='par_1_17' title="bbox 145 1721 1792 1793">
     <span class='ocr_line' id='line_1_17' title="bbox 145 1721 1792 1793; baseline 0 -17"><span class='ocrx_word' id='word_1_109' title='bbox 145 1723 359 1777; x_wconf 84' lang='lat' dir='ltr'>festum</span> <span class='ocrx_word' id='word_1_110' title='bbox 397 1737 513 1774; x_wconf 93' lang='lat' dir='ltr'>non</span> <span class='ocrx_word' id='word_1_111' title='bbox 565 1726 668 1786; x_wconf 92' lang='lat' dir='ltr'>est,</span> <span class='ocrx_word' id='word_1_112' title='bbox 726 1721 876 1792; x_wconf 91' lang='lat' dir='ltr'>quod</span> <span class='ocrx_word' id='word_1_113' title='bbox 926 1721 1025 1791; x_wconf 89' lang='lat' dir='ltr'>qui</span> <span class='ocrx_word' id='word_1_114' title='bbox 1073 1737 1278 1774; x_wconf 90' lang='lat' dir='ltr'>aurum</span> <span class='ocrx_word' id='word_1_115' title='bbox 1327 1721 1441 1790; x_wconf 91' lang='lat' dir='ltr'>dat,</span> <span class='ocrx_word' id='word_1_116' title='bbox 1485 1721 1699 1793; x_wconf 87' lang='lat' dir='ltr'>quique</span> <span class='ocrx_word' id='word_1_117' title='bbox 1726 1738 1792 1776; x_wconf 93' lang='lat' dir='ltr'>eo</span> 
     </span>
    </p>
   </div>
   <div class='ocr_carea' id='block_1_18' title="bbox 1895 604 3531 683">
    <p class='ocr_par' dir='ltr' id='par_1_18' title="bbox 1895 604 3531 683">
     <span class='ocr_line' id='line_1_18' title="bbox 1895 604 3531 683; baseline 0.007 -25"><span class='ocrx_word' id='word_1_118' title='bbox 1895 604 2153 673; x_wconf 82' lang='lat' dir='ltr'>existere,</span> <span class='ocrx_word' id='word_1_119' title='bbox 2183 608 2239 660; x_wconf 89' lang='lat' dir='ltr'>et</span> <span class='ocrx_word' id='word_1_120' title='bbox 2268 607 2538 674; x_wconf 83' lang='lat' dir='ltr'>maxime,</span> <span class='ocrx_word' id='word_1_121' title='bbox 2567 625 2698 664; x_wconf 89' lang='lat' dir='ltr'>cum</span> <span class='ocrx_word' id='word_1_122' title='bbox 2724 609 2783 664; x_wconf 91' lang='lat' dir='ltr'>in</span> <span class='ocrx_word' id='word_1_123' title='bbox 2809 609 3015 665; x_wconf 88' lang='lat' dir='ltr'>animis</span> <span class='ocrx_word' id='word_1_124' title='bbox 3034 628 3148 666; x_wconf 92' lang='lat' dir='ltr'>non</span> <span class='ocrx_word' id='word_1_125' title='bbox 3178 612 3531 683; x_wconf 87' lang='lat' dir='ltr'>privatorum</span> 
     </span>
    </p>
   </div>
   <div class='ocr_carea' id='block_1_19' title="bbox 1893 697 3529 778">
    <p class='ocr_par' dir='ltr' id='par_1_19' title="bbox 1893 697 3529 778">
     <span class='ocr_line' id='line_1_19' title="bbox 1893 697 3529 778; baseline 0.007 -27"><span class='ocrx_word' id='word_1_126' title='bbox 1893 697 1989 751; x_wconf 90' lang='lat' dir='ltr'>sed</span> <span class='ocrx_word' id='word_1_127' title='bbox 2037 699 2477 770; x_wconf 81' lang='lat' dir='ltr'>magistratuum</span> <span class='ocrx_word' id='word_1_128' title='bbox 2519 701 2863 757; x_wconf 89' lang='lat' dir='ltr'>innascatur.</span> <span class='ocrx_word' id='word_1_129' title='bbox 2916 704 3052 768; x_wconf 85' lang='lat' dir='ltr'>Quis</span> <span class='ocrx_word' id='word_1_130' title='bbox 3105 705 3260 760; x_wconf 89' lang='lat' dir='ltr'>enim</span> <span class='ocrx_word' id='word_1_131' title='bbox 3317 706 3529 778; x_wconf 84' lang='lat' dir='ltr'>absque</span> 
     </span>
    </p>
   </div>
   <div class='ocr_carea' id='block_1_20' title="bbox 1892 791 3534 867">
    <p class='ocr_par' dir='ltr' id='par_1_20' title="bbox 1892 791 3534 867">
     <span class='ocr_line' id='line_1_20' title="bbox 1892 791 3534 867; baseline 0.007 -23"><span class='ocrx_word' id='word_1_132' title='bbox 1892 796 2047 845; x_wconf 84' lang='lat' dir='ltr'>metu</span> <span class='ocrx_word' id='word_1_133' title='bbox 2068 791 2302 862; x_wconf 86' lang='lat' dir='ltr'>periculi</span> <span class='ocrx_word' id='word_1_134' title='bbox 2330 810 2442 848; x_wconf 91' lang='lat' dir='ltr'>non</span> <span class='ocrx_word' id='word_1_135' title='bbox 2463 794 2704 862; x_wconf 87' lang='lat' dir='ltr'>furetur,</span> <span class='ocrx_word' id='word_1_136' title='bbox 2724 795 2848 867; x_wconf 88' lang='lat' dir='ltr'>quis</span> <span class='ocrx_word' id='word_1_137' title='bbox 2879 813 2992 850; x_wconf 90' lang='lat' dir='ltr'>non</span> <span class='ocrx_word' id='word_1_138' title='bbox 3020 814 3213 853; x_wconf 89' lang='lat' dir='ltr'>secure</span> <span class='ocrx_word' id='word_1_139' title='bbox 3241 799 3534 856; x_wconf 76' lang='lat' dir='ltr'>latrocina-</span> 
     </span>
    </p>
   </div>
   <div class='ocr_carea' id='block_1_21' title="bbox 1891 885 3528 963">
    <p class='ocr_par' dir='ltr' id='par_1_21' title="bbox 1891 885 3528 963">
     <span class='ocr_line' id='line_1_21' title="bbox 1891 885 3528 963; baseline 0.006 -25"><span class='ocrx_word' id='word_1_140' title='bbox 1891 887 2003 952; x_wconf 90' lang='lat' dir='ltr'>tur,</span> <span class='ocrx_word' id='word_1_141' title='bbox 2037 885 2318 940; x_wconf 88' lang='lat' dir='ltr'>conversis</span> <span class='ocrx_word' id='word_1_142' title='bbox 2343 887 2413 941; x_wconf 93' lang='lat' dir='ltr'>ad</span> <span class='ocrx_word' id='word_1_143' title='bbox 2454 889 2846 958; x_wconf 83' lang='lat' dir='ltr'>magistratum</span> <span class='ocrx_word' id='word_1_144' title='bbox 2874 890 3049 944; x_wconf 89' lang='lat' dir='ltr'>oculis</span> <span class='ocrx_word' id='word_1_145' title='bbox 3092 891 3399 963; x_wconf 88' lang='lat' dir='ltr'>vidensque</span> <span class='ocrx_word' id='word_1_146' title='bbox 3457 893 3528 947; x_wconf 61' lang='lat' dir='ltr'>ilo</span> 
     </span>
    </p>
   </div>
   <div class='ocr_carea' id='block_1_22' title="bbox 1892 975 3532 1053">
    <p class='ocr_par' dir='ltr' id='par_1_22' title="bbox 1892 975 3532 1053">
     <span class='ocr_line' id='line_1_22' title="bbox 1892 975 3532 1053; baseline 0.007 -25"><span class='ocrx_word' id='word_1_147' title='bbox 1892 975 2014 1029; x_wconf 91' lang='lat' dir='ltr'>lum</span> <span class='ocrx_word' id='word_1_148' title='bbox 2041 977 2234 1032; x_wconf 87' lang='lat' dir='ltr'>omnia</span> <span class='ocrx_word' id='word_1_149' title='bbox 2265 996 2403 1032; x_wconf 90' lang='lat' dir='ltr'>auro</span> <span class='ocrx_word' id='word_1_150' title='bbox 2436 979 2647 1035; x_wconf 88' lang='lat' dir='ltr'>habere</span> <span class='ocrx_word' id='word_1_151' title='bbox 2673 982 2908 1050; x_wconf 82' lang='lat' dir='ltr'>venalia,</span> <span class='ocrx_word' id='word_1_152' title='bbox 2951 982 3238 1038; x_wconf 89' lang='lat' dir='ltr'>conﬁdens</span> <span class='ocrx_word' id='word_1_153' title='bbox 3284 985 3425 1053; x_wconf 89' lang='lat' dir='ltr'>fore,</span> <span class='ocrx_word' id='word_1_154' title='bbox 3471 990 3532 1041; x_wconf 91' lang='lat' dir='ltr'>ut</span> 
     </span>
    </p>
   </div>
   <div class='ocr_carea' id='block_1_23' title="bbox 1891 1069 3532 1149">
    <p class='ocr_par' dir='ltr' id='par_1_23' title="bbox 1891 1069 3532 1149">
     <span class='ocr_line' id='line_1_23' title="bbox 1891 1069 3532 1149; baseline 0.006 -26"><span class='ocrx_word' id='word_1_155' title='bbox 1891 1069 2036 1124; x_wconf 88' lang='lat' dir='ltr'>nihil</span> <span class='ocrx_word' id='word_1_156' title='bbox 2063 1074 2177 1124; x_wconf 86' lang='lat' dir='ltr'>tam</span> <span class='ocrx_word' id='word_1_157' title='bbox 2198 1077 2363 1142; x_wconf 87' lang='lat' dir='ltr'>turpe</span> <span class='ocrx_word' id='word_1_158' title='bbox 2385 1073 2668 1142; x_wconf 85' lang='lat' dir='ltr'>admittat,</span> <span class='ocrx_word' id='word_1_159' title='bbox 2697 1075 2848 1146; x_wconf 89' lang='lat' dir='ltr'>quod</span> <span class='ocrx_word' id='word_1_160' title='bbox 2867 1091 2983 1130; x_wconf 90' lang='lat' dir='ltr'>non</span> <span class='ocrx_word' id='word_1_161' title='bbox 3001 1076 3129 1131; x_wconf 87' lang='lat' dir='ltr'>data</span> <span class='ocrx_word' id='word_1_162' title='bbox 3149 1077 3388 1148; x_wconf 78' lang='lat' dir='ltr'>pecunia</span> <span class='ocrx_word' id='word_1_163' title='bbox 3407 1095 3532 1149; x_wconf 89' lang='lat' dir='ltr'>pos-</span> 
     </span>
    </p>
   </div>
   <div class='ocr_carea' id='block_1_24' title="bbox 1895 1163 3528 1240">
    <p class='ocr_par' dir='ltr' id='par_1_24' title="bbox 1895 1163 3528 1240">
     <span class='ocr_line' id='line_1_24' title="bbox 1895 1163 3528 1240; baseline 0.006 -23"><span class='ocrx_word' id='word_1_164' title='bbox 1895 1164 1967 1218; x_wconf 90' lang='lat' dir='ltr'>sit</span> <span class='ocrx_word' id='word_1_165' title='bbox 1996 1163 2320 1220; x_wconf 87' lang='lat' dir='ltr'>redimere?</span> <span class='ocrx_word' id='word_1_166' title='bbox 2359 1167 2493 1221; x_wconf 88' lang='lat' dir='ltr'>lnde</span> <span class='ocrx_word' id='word_1_167' title='bbox 2523 1167 2848 1237; x_wconf 89' lang='lat' dir='ltr'>homicidia,</span> <span class='ocrx_word' id='word_1_168' title='bbox 2891 1170 3188 1240; x_wconf 90' lang='lat' dir='ltr'>adulteria,</span> <span class='ocrx_word' id='word_1_169' title='bbox 3238 1173 3528 1227; x_wconf 87' lang='lat' dir='ltr'>latronum</span> 
     </span>
    </p>
   </div>
   <div class='ocr_carea' id='block_1_25' title="bbox 1891 1259 3529 1333">
    <p class='ocr_par' dir='ltr' id='par_1_25' title="bbox 1891 1259 3529 1333">
     <span class='ocr_line' id='line_1_25' title="bbox 1891 1259 3529 1333; baseline 0.005 -22"><span class='ocrx_word' id='word_1_170' title='bbox 1891 1274 2266 1328; x_wconf 65' lang='lat' dir='ltr'>aggressurae,</span> <span class='ocrx_word' id='word_1_171' title='bbox 2298 1259 2554 1329; x_wconf 86' lang='lat' dir='ltr'>vulnera,</span> <span class='ocrx_word' id='word_1_172' title='bbox 2583 1267 2778 1331; x_wconf 90' lang='lat' dir='ltr'>raptus</span> <span class='ocrx_word' id='word_1_173' title='bbox 2809 1262 3116 1333; x_wconf 81' lang='lat' dir='ltr'>virginum,</span> <span class='ocrx_word' id='word_1_174' title='bbox 3141 1265 3529 1320; x_wconf 90' lang='lat' dir='ltr'>nundinarum</span> 
     </span>
    </p>
   </div>
   <div class='ocr_carea' id='block_1_26' title="bbox 1894 1351 3531 1428">
    <p class='ocr_par' dir='ltr' id='par_1_26' title="bbox 1894 1351 3531 1428">
     <span class='ocr_line' id='line_1_26' title="bbox 1894 1351 3531 1428; baseline 0.006 -25"><span class='ocrx_word' id='word_1_175' title='bbox 1894 1355 1950 1404; x_wconf 91' lang='lat' dir='ltr'>et</span> <span class='ocrx_word' id='word_1_176' title='bbox 1977 1351 2336 1421; x_wconf 87' lang='lat' dir='ltr'>publicorum</span> <span class='ocrx_word' id='word_1_177' title='bbox 2358 1358 2738 1409; x_wconf 89' lang='lat' dir='ltr'>conventuum</span> <span class='ocrx_word' id='word_1_178' title='bbox 2769 1356 3043 1425; x_wconf 86' lang='lat' dir='ltr'>confusio,</span> <span class='ocrx_word' id='word_1_179' title='bbox 3072 1364 3429 1428; x_wconf 87' lang='lat' dir='ltr'>contemptus</span> <span class='ocrx_word' id='word_1_180' title='bbox 3454 1359 3531 1412; x_wconf 91' lang='lat' dir='ltr'>le-</span> 
     </span>
    </p>
   </div>
   <div class='ocr_carea' id='block_1_27' title="bbox 1895 1446 3531 1522">
    <p class='ocr_par' dir='ltr' id='par_1_27' title="bbox 1895 1446 3531 1522">
     <span class='ocr_line' id='line_1_27' title="bbox 1895 1446 3531 1522; baseline 0.006 -26"><span class='ocrx_word' id='word_1_181' title='bbox 1895 1460 2031 1514; x_wconf 89' lang='lat' dir='ltr'>gum</span> <span class='ocrx_word' id='word_1_182' title='bbox 2052 1449 2106 1499; x_wconf 90' lang='lat' dir='ltr'>et</span> <span class='ocrx_word' id='word_1_183' title='bbox 2124 1446 2578 1517; x_wconf 85' lang='lat' dir='ltr'>magistratuum,</span> <span class='ocrx_word' id='word_1_184' title='bbox 2597 1448 2862 1503; x_wconf 88' lang='lat' dir='ltr'>omnibus</span> <span class='ocrx_word' id='word_1_185' title='bbox 2882 1453 3155 1521; x_wconf 84' lang='lat' dir='ltr'>tanquam</span> <span class='ocrx_word' id='word_1_186' title='bbox 3171 1451 3278 1504; x_wconf 84' lang='lat' dir='ltr'>vile</span> <span class='ocrx_word' id='word_1_187' title='bbox 3301 1451 3531 1522; x_wconf 89' lang='lat' dir='ltr'>aliquod</span> 
     </span>
    </p>
   </div>
   <div class='ocr_carea' id='block_1_28' title="bbox 1893 1536 3527 1612">
    <p class='ocr_par' dir='ltr' id='par_1_28' title="bbox 1893 1536 3527 1612">
     <span class='ocr_line' id='line_1_28' title="bbox 1893 1536 3527 1612; baseline 0.006 -23"><span class='ocrx_word' id='word_1_188' title='bbox 1893 1536 2241 1607; x_wconf 86' lang='lat' dir='ltr'>mancipium</span> <span class='ocrx_word' id='word_1_189' title='bbox 2318 1555 2523 1593; x_wconf 88' lang='lat' dir='ltr'>venum</span> <span class='ocrx_word' id='word_1_190' title='bbox 2592 1557 2683 1594; x_wconf 91' lang='lat' dir='ltr'>eas</span> <span class='ocrx_word' id='word_1_191' title='bbox 2739 1542 2979 1612; x_wconf 88' lang='lat' dir='ltr'>proponi</span> <span class='ocrx_word' id='word_1_192' title='bbox 3053 1543 3527 1600; x_wconf 80' lang='lat' dir='ltr'>existimantibus.</span> 
     </span>
    </p>
   </div>
   <div class='ocr_carea' id='block_1_29' title="bbox 1891 1629 3534 1707">
    <p class='ocr_par' dir='ltr' id='par_1_29' title="bbox 1891 1629 3534 1707">
     <span class='ocr_line' id='line_1_29' title="bbox 1891 1629 3534 1707; baseline 0.004 -22"><span class='ocrx_word' id='word_1_193' title='bbox 1891 1629 2158 1701; x_wconf 86' lang='lat' dir='ltr'>Adeoque</span> <span class='ocrx_word' id='word_1_194' title='bbox 2185 1647 2300 1685; x_wconf 93' lang='lat' dir='ltr'>non</span> <span class='ocrx_word' id='word_1_195' title='bbox 2330 1631 2658 1700; x_wconf 89' lang='lat' dir='ltr'>sufﬁcimus,</span> <span class='ocrx_word' id='word_1_196' title='bbox 2702 1639 2764 1688; x_wconf 88' lang='lat' dir='ltr'>ut</span> <span class='ocrx_word' id='word_1_197' title='bbox 2798 1635 2883 1688; x_wconf 87' lang='lat' dir='ltr'>vel</span> <span class='ocrx_word' id='word_1_198' title='bbox 2923 1636 3262 1705; x_wconf 86' lang='lat' dir='ltr'>cogitatione</span> <span class='ocrx_word' id='word_1_199' title='bbox 3294 1637 3534 1707; x_wconf 90' lang='lat' dir='ltr'>comple-</span> 
     </span>
    </p>
   </div>
   <div class='ocr_carea' id='block_1_30' title="bbox 1892 1724 3532 1798">
    <p class='ocr_par' dir='ltr' id='par_1_30' title="bbox 1892 1724 3532 1798">
     <span class='ocr_line' id='line_1_30' title="bbox 1892 1724 3532 1798; baseline 0.005 -22"><span class='ocrx_word' id='word_1_200' title='bbox 1892 1727 2132 1791; x_wconf 86' lang='lat' dir='ltr'>ctamur,</span> <span class='ocrx_word' id='word_1_201' title='bbox 2176 1724 2262 1778; x_wconf 86' lang='lat' dir='ltr'>vel</span> <span class='ocrx_word' id='word_1_202' title='bbox 2303 1741 2718 1797; x_wconf 86' lang='lat' dir='ltr'>prosequamur</span> <span class='ocrx_word' id='word_1_203' title='bbox 2757 1727 3021 1796; x_wconf 85' lang='lat' dir='ltr'>dicendo,</span> <span class='ocrx_word' id='word_1_204' title='bbox 3051 1745 3227 1798; x_wconf 87' lang='lat' dir='ltr'>quam</span> <span class='ocrx_word' id='word_1_205' title='bbox 3255 1729 3435 1784; x_wconf 87' lang='lat' dir='ltr'>multa</span> <span class='ocrx_word' id='word_1_206' title='bbox 3461 1747 3532 1785; x_wconf 89' lang='lat' dir='ltr'>ex</span> 
     </span>
    </p>
   </div>
   <div class='ocr_carea' id='block_1_31' title="bbox 149 1814 3530 1892">
    <p class='ocr_par' dir='ltr' id='par_1_31' title="bbox 149 1814 3530 1892">
     <span class='ocr_line' id='line_1_31' title="bbox 149 1814 3530 1892; baseline 0.003 -23"><span class='ocrx_word' id='word_1_207' title='bbox 149 1819 314 1887; x_wconf 90' lang='lat' dir='ltr'>pacto</span> <span class='ocrx_word' id='word_1_208' title='bbox 346 1815 598 1869; x_wconf 84' lang='lat' dir='ltr'>ofﬁcium</span> <span class='ocrx_word' id='word_1_209' title='bbox 624 1814 870 1883; x_wconf 87' lang='lat' dir='ltr'>redimit,</span> <span class='ocrx_word' id='word_1_210' title='bbox 903 1830 1019 1868; x_wconf 92' lang='lat' dir='ltr'>non</span> <span class='ocrx_word' id='word_1_211' title='bbox 1066 1814 1174 1868; x_wconf 92' lang='lat' dir='ltr'>hoc</span> <span class='ocrx_word' id='word_1_212' title='bbox 1221 1818 1442 1869; x_wconf 87' lang='lat' dir='ltr'>tantum</span> <span class='ocrx_word' id='word_1_213' title='bbox 1483 1815 1596 1883; x_wconf 87' lang='lat' dir='ltr'>dat,</span> <span class='ocrx_word' id='word_1_214' title='bbox 1642 1815 1793 1886; x_wconf 90' lang='lat' dir='ltr'>quod</span> <span class='ocrx_word' id='word_1_215' title='bbox 1814 1889 1852 1892; x_wconf 95' lang='lat'><em>_</em></span> <span class='ocrx_word' id='word_1_216' title='bbox 1894 1817 2329 1886; x_wconf 88' lang='lat' dir='ltr'>provincialium</span> <span class='ocrx_word' id='word_1_217' title='bbox 2349 1819 2783 1890; x_wconf 86' lang='lat' dir='ltr'>magistratuum</span> <span class='ocrx_word' id='word_1_218' title='bbox 2829 1821 2994 1874; x_wconf 82' lang='lat' dir='ltr'>furtis</span> <span class='ocrx_word' id='word_1_219' title='bbox 3019 1821 3226 1876; x_wconf 90' lang='lat' dir='ltr'>atrocia</span> <span class='ocrx_word' id='word_1_220' title='bbox 3251 1823 3530 1892; x_wconf 88' lang='lat' dir='ltr'>eveniant,</span> 
     </span>
    </p>
   </div>
   <div class='ocr_carea' id='block_1_32' title="bbox 149 1889 3534 1984">
    <p class='ocr_par' dir='ltr' id='par_1_32' title="bbox 149 1889 3534 1984">
     <span class='ocr_line' id='line_1_32' title="bbox 149 1889 3534 1984; baseline 0.002 -22"><span class='ocrx_word' id='word_1_221' title='bbox 149 1913 435 1980; x_wconf 68' lang='lat' dir='ltr'>praetextu</span> <span class='ocrx_word' id='word_1_222' title='bbox 476 1908 556 1975; x_wconf 91' lang='lat' dir='ltr'>(ut</span> <span class='ocrx_word' id='word_1_223' title='bbox 600 1908 902 1978; x_wconf 84' lang='lat' dir='ltr'>appellant)</span> <span class='ocrx_word' id='word_1_224' title='bbox 963 1907 1370 1979; x_wconf 76' lang='lat' dir='ltr'>suffragiorum</span> <span class='ocrx_word' id='word_1_225' title='bbox 1407 1909 1791 1979; x_wconf 86' lang='lat' dir='ltr'>excogitatum</span> <span class='ocrx_word' id='word_1_226' title='bbox 1814 1889 1869 1959; x_wconf 85' lang='lat' dir='ltr'>B</span> <span class='ocrx_word' id='word_1_227' title='bbox 1896 1910 2125 1964; x_wconf 90' lang='lat' dir='ltr'>nemine</span> <span class='ocrx_word' id='word_1_228' title='bbox 2154 1912 2397 1965; x_wconf 91' lang='lat' dir='ltr'>audente</span> <span class='ocrx_word' id='word_1_229' title='bbox 2438 1889 2532 1966; x_wconf 88' lang='lat' dir='ltr'>eos</span> <span class='ocrx_word' id='word_1_230' title='bbox 2564 1913 2741 1968; x_wconf 90' lang='lat' dir='ltr'>libere</span> <span class='ocrx_word' id='word_1_231' title='bbox 2784 1914 3095 1984; x_wconf 88' lang='lat' dir='ltr'>increpare,</span> <span class='ocrx_word' id='word_1_232' title='bbox 3129 1915 3397 1969; x_wconf 91' lang='lat' dir='ltr'>continuo</span> <span class='ocrx_word' id='word_1_233' title='bbox 3423 1889 3534 1970; x_wconf 83' lang='lat' dir='ltr'>illis</span> 
     </span>
    </p>
   </div>
   <div class='ocr_carea' id='block_1_33' title="bbox 149 2001 1793 2072">
    <p class='ocr_par' dir='ltr' id='par_1_33' title="bbox 149 2001 1793 2072">
     <span class='ocr_line' id='line_1_33' title="bbox 149 2001 1793 2072; baseline 0 -16"><span class='ocrx_word' id='word_1_234' title='bbox 149 2008 253 2071; x_wconf 89' lang='lat' dir='ltr'>est,</span> <span class='ocrx_word' id='word_1_235' title='bbox 283 2002 382 2057; x_wconf 90' lang='lat' dir='ltr'>sed</span> <span class='ocrx_word' id='word_1_236' title='bbox 409 2001 580 2056; x_wconf 89' lang='lat' dir='ltr'>etiam</span> <span class='ocrx_word' id='word_1_237' title='bbox 602 2001 757 2055; x_wconf 89' lang='lat' dir='ltr'>aliud</span> <span class='ocrx_word' id='word_1_238' title='bbox 785 2001 1134 2055; x_wconf 81' lang='lat' dir='ltr'>extrinsecus</span> <span class='ocrx_word' id='word_1_239' title='bbox 1153 2001 1334 2055; x_wconf 90' lang='lat' dir='ltr'>multo</span> <span class='ocrx_word' id='word_1_240' title='bbox 1353 2002 1598 2072; x_wconf 88' lang='lat' dir='ltr'>amplius</span> <span class='ocrx_word' id='word_1_241' title='bbox 1626 2019 1793 2056; x_wconf 89' lang='lat' dir='ltr'>accu-</span> 
     </span>
    </p>
   </div>
   <div class='ocr_carea' id='block_1_34' title="bbox 152 2094 1792 2166">
    <p class='ocr_par' dir='ltr' id='par_1_34' title="bbox 152 2094 1792 2166">
     <span class='ocr_line' id='line_1_34' title="bbox 152 2094 1792 2166; baseline 0 -16"><span class='ocrx_word' id='word_1_242' title='bbox 152 2095 354 2164; x_wconf 89' lang='lat' dir='ltr'>mulat,</span> <span class='ocrx_word' id='word_1_243' title='bbox 377 2100 442 2148; x_wconf 92' lang='lat' dir='ltr'>ut</span> <span class='ocrx_word' id='word_1_244' title='bbox 484 2095 641 2166; x_wconf 91' lang='lat' dir='ltr'>prius</span> <span class='ocrx_word' id='word_1_245' title='bbox 669 2094 738 2148; x_wconf 89' lang='lat' dir='ltr'>ab</span> <span class='ocrx_word' id='word_1_246' title='bbox 784 2094 850 2148; x_wconf 90' lang='lat' dir='ltr'>iis</span> <span class='ocrx_word' id='word_1_247' title='bbox 899 2094 1138 2164; x_wconf 89' lang='lat' dir='ltr'>gratiam</span> <span class='ocrx_word' id='word_1_248' title='bbox 1178 2094 1348 2161; x_wconf 89' lang='lat' dir='ltr'>ineat,</span> <span class='ocrx_word' id='word_1_249' title='bbox 1388 2095 1486 2165; x_wconf 91' lang='lat' dir='ltr'>qui</span> <span class='ocrx_word' id='word_1_250' title='bbox 1524 2096 1611 2149; x_wconf 90' lang='lat' dir='ltr'>vel</span> <span class='ocrx_word' id='word_1_251' title='bbox 1656 2113 1792 2150; x_wconf 92' lang='lat' dir='ltr'>con-</span> 
     </span>
    </p>
   </div>
   <div class='ocr_carea' id='block_1_35' title="bbox 149 2187 1782 2257">
    <p class='ocr_par' dir='ltr' id='par_1_35' title="bbox 149 2187 1782 2257">
     <span class='ocr_line' id='line_1_35' title="bbox 149 2187 1782 2257; baseline -0.001 -13"><span class='ocrx_word' id='word_1_252' title='bbox 149 2191 298 2244; x_wconf 89' lang='lat' dir='ltr'>ferre</span> <span class='ocrx_word' id='word_1_253' title='bbox 345 2189 617 2257; x_wconf 88' lang='lat' dir='ltr'>ofﬁcium,</span> <span class='ocrx_word' id='word_1_254' title='bbox 658 2188 747 2242; x_wconf 91' lang='lat' dir='ltr'>vel</span> <span class='ocrx_word' id='word_1_255' title='bbox 798 2187 1016 2242; x_wconf 91' lang='lat' dir='ltr'>ambire</span> <span class='ocrx_word' id='word_1_256' title='bbox 1061 2189 1284 2242; x_wconf 86' lang='lat' dir='ltr'>solent?</span> <span class='ocrx_word' id='word_1_257' title='bbox 1331 2189 1397 2242; x_wconf 87' lang='lat' dir='ltr'>Et</span> <span class='ocrx_word' id='word_1_258' title='bbox 1430 2188 1507 2242; x_wconf 91' lang='lat' dir='ltr'>sic</span> <span class='ocrx_word' id='word_1_259' title='bbox 1541 2205 1652 2242; x_wconf 90' lang='lat' dir='ltr'>uno</span> <span class='ocrx_word' id='word_1_260' title='bbox 1680 2189 1782 2243; x_wconf 85' lang='lat' dir='ltr'>ab-</span> 
     </span>
    </p>
   </div>
   <div class='ocr_carea' id='block_1_36' title="bbox 147 2280 1796 2353">
    <p class='ocr_par' dir='ltr' id='par_1_36' title="bbox 147 2280 1796 2353">
     <span class='ocr_line' id='line_1_36' title="bbox 147 2280 1796 2353; baseline 0 -17"><span class='ocrx_word' id='word_1_261' title='bbox 147 2282 323 2336; x_wconf 90' lang='lat' dir='ltr'>surdo</span> <span class='ocrx_word' id='word_1_262' title='bbox 351 2280 630 2353; x_wconf 89' lang='lat' dir='ltr'>principio</span> <span class='ocrx_word' id='word_1_263' title='bbox 655 2281 924 2346; x_wconf 79' lang='lat' dir='ltr'>admisso,</span> <span class='ocrx_word' id='word_1_264' title='bbox 942 2281 1150 2334; x_wconf 88' lang='lat' dir='ltr'>multas</span> <span class='ocrx_word' id='word_1_265' title='bbox 1171 2280 1375 2336; x_wconf 90' lang='lat' dir='ltr'>deinde</span> <span class='ocrx_word' id='word_1_266' title='bbox 1402 2298 1606 2335; x_wconf 89' lang='lat' dir='ltr'>manus</span> <span class='ocrx_word' id='word_1_267' title='bbox 1628 2282 1796 2336; x_wconf 89' lang='lat' dir='ltr'>obeat</span> 
     </span>
    </p>
   </div>
   <div class='ocr_carea' id='block_1_37' title="bbox 154 2373 1794 2446">
    <p class='ocr_par' dir='ltr' id='par_1_37' title="bbox 154 2373 1794 2446">
     <span class='ocr_line' id='line_1_37' title="bbox 154 2373 1794 2446; baseline 0.001 -17"><span class='ocrx_word' id='word_1_268' title='bbox 154 2392 382 2430; x_wconf 87' lang='lat' dir='ltr'>necesse</span> <span class='ocrx_word' id='word_1_269' title='bbox 431 2379 532 2444; x_wconf 89' lang='lat' dir='ltr'>est,</span> <span class='ocrx_word' id='word_1_270' title='bbox 583 2375 681 2446; x_wconf 91' lang='lat' dir='ltr'>qui</span> <span class='ocrx_word' id='word_1_271' title='bbox 724 2374 898 2429; x_wconf 89' lang='lat' dir='ltr'>semel</span> <span class='ocrx_word' id='word_1_272' title='bbox 946 2373 1143 2444; x_wconf 89' lang='lat' dir='ltr'>largiri</span> <span class='ocrx_word' id='word_1_273' title='bbox 1196 2374 1382 2444; x_wconf 61' lang='lat' dir='ltr'>coepit,</span> <span class='ocrx_word' id='word_1_274' title='bbox 1425 2379 1482 2429; x_wconf 91' lang='lat' dir='ltr'>et</span> <span class='ocrx_word' id='word_1_275' title='bbox 1518 2374 1794 2446; x_wconf 90' lang='lat' dir='ltr'>quidquid</span> 
     </span>
    </p>
   </div>
   <div class='ocr_carea' id='block_1_38' title="bbox 151 2465 1795 2538">
    <p class='ocr_par' dir='ltr' id='par_1_38' title="bbox 151 2465 1795 2538">
     <span class='ocr_line' id='line_1_38' title="bbox 151 2465 1795 2538; baseline 0 -16"><span class='ocrx_word' id='word_1_276' title='bbox 151 2469 205 2523; x_wconf 90' lang='lat' dir='ltr'>id</span> <span class='ocrx_word' id='word_1_277' title='bbox 246 2469 376 2522; x_wconf 91' lang='lat' dir='ltr'>auri</span> <span class='ocrx_word' id='word_1_278' title='bbox 425 2473 528 2536; x_wconf 90' lang='lat' dir='ltr'>est,</span> <span class='ocrx_word' id='word_1_279' title='bbox 577 2485 692 2522; x_wconf 92' lang='lat' dir='ltr'>non</span> <span class='ocrx_word' id='word_1_280' title='bbox 738 2469 808 2522; x_wconf 93' lang='lat' dir='ltr'>de</span> <span class='ocrx_word' id='word_1_281' title='bbox 833 2483 934 2521; x_wconf 90' lang='lat' dir='ltr'>suo</span> <span class='ocrx_word' id='word_1_282' title='bbox 963 2465 1108 2520; x_wconf 88' lang='lat' dir='ltr'>forte</span> <span class='ocrx_word' id='word_1_283' title='bbox 1146 2467 1414 2538; x_wconf 72' lang='lat' dir='ltr'>praebeat,</span> <span class='ocrx_word' id='word_1_284' title='bbox 1460 2468 1556 2522; x_wconf 89' lang='lat' dir='ltr'>sed</span> <span class='ocrx_word' id='word_1_285' title='bbox 1594 2473 1795 2523; x_wconf 90' lang='lat' dir='ltr'>mutuo</span> 
     </span>
    </p>
   </div>
   <div class='ocr_carea' id='block_1_39' title="bbox 150 2561 1798 2632">
    <p class='ocr_par' dir='ltr' id='par_1_39' title="bbox 150 2561 1798 2632">
     <span class='ocr_line' id='line_1_39' title="bbox 150 2561 1798 2632; baseline -0.001 -16"><span class='ocrx_word' id='word_1_286' title='bbox 150 2567 468 2632; x_wconf 86' lang='lat' dir='ltr'>sumptum,</span> <span class='ocrx_word' id='word_1_287' title='bbox 498 2565 556 2616; x_wconf 90' lang='lat' dir='ltr'>et</span> <span class='ocrx_word' id='word_1_288' title='bbox 586 2567 651 2616; x_wconf 91' lang='lat' dir='ltr'>ut</span> <span class='ocrx_word' id='word_1_289' title='bbox 680 2565 947 2615; x_wconf 90' lang='lat' dir='ltr'>mutuum</span> <span class='ocrx_word' id='word_1_290' title='bbox 970 2561 1224 2631; x_wconf 88' lang='lat' dir='ltr'>accipere</span> <span class='ocrx_word' id='word_1_291' title='bbox 1254 2561 1448 2631; x_wconf 87' lang='lat' dir='ltr'>possit,</span> <span class='ocrx_word' id='word_1_292' title='bbox 1471 2561 1678 2615; x_wconf 90' lang='lat' dir='ltr'>damno</span> <span class='ocrx_word' id='word_1_293' title='bbox 1704 2561 1798 2615; x_wconf 93' lang='lat' dir='ltr'>ob-</span> 
     </span>
    </p>
   </div>
   <div class='ocr_carea' id='block_1_40' title="bbox 152 2654 1794 2726">
    <p class='ocr_par' dir='ltr' id='par_1_40' title="bbox 152 2654 1794 2726">
     <span class='ocr_line' id='line_1_40' title="bbox 152 2654 1794 2726; baseline -0.001 -17"><span class='ocrx_word' id='word_1_294' title='bbox 152 2656 362 2710; x_wconf 90' lang='lat' dir='ltr'>noxius</span> <span class='ocrx_word' id='word_1_295' title='bbox 393 2671 699 2726; x_wconf 89' lang='lat' dir='ltr'>secumque</span> <span class='ocrx_word' id='word_1_296' title='bbox 725 2655 1111 2722; x_wconf 88' lang='lat' dir='ltr'>ratiocinetur,</span> <span class='ocrx_word' id='word_1_297' title='bbox 1149 2654 1301 2724; x_wconf 88' lang='lat' dir='ltr'>quod</span> <span class='ocrx_word' id='word_1_298' title='bbox 1328 2654 1666 2708; x_wconf 89' lang='lat' dir='ltr'>conveniens</span> <span class='ocrx_word' id='word_1_299' title='bbox 1703 2655 1794 2721; x_wconf 90' lang='lat' dir='ltr'>sit,</span> 
     </span>
    </p>
   </div>
   <div class='ocr_carea' id='block_1_41' title="bbox 150 2746 1796 2818">
    <p class='ocr_par' dir='ltr' id='par_1_41' title="bbox 150 2746 1796 2818">
     <span class='ocr_line' id='line_1_41' title="bbox 150 2746 1796 2818; baseline -0.001 -16"><span class='ocrx_word' id='word_1_300' title='bbox 150 2752 378 2802; x_wconf 87' lang='lat' dir='ltr'>tantum</span> <span class='ocrx_word' id='word_1_301' title='bbox 420 2764 488 2801; x_wconf 88' lang='lat' dir='ltr'>ex</span> <span class='ocrx_word' id='word_1_302' title='bbox 523 2747 810 2817; x_wconf 89' lang='lat' dir='ltr'>provincia</span> <span class='ocrx_word' id='word_1_303' title='bbox 853 2746 1122 2818; x_wconf 91' lang='lat' dir='ltr'>recipere,</span> <span class='ocrx_word' id='word_1_304' title='bbox 1155 2751 1434 2817; x_wconf 91' lang='lat' dir='ltr'>quantum</span> <span class='ocrx_word' id='word_1_305' title='bbox 1465 2747 1546 2800; x_wconf 90' lang='lat' dir='ltr'>vel</span> <span class='ocrx_word' id='word_1_306' title='bbox 1579 2747 1650 2801; x_wconf 90' lang='lat' dir='ltr'>ad</span> <span class='ocrx_word' id='word_1_307' title='bbox 1681 2747 1796 2801; x_wconf 90' lang='lat' dir='ltr'>dis-</span> 
     </span>
    </p>
   </div>
   <div class='ocr_carea' id='block_1_42' title="bbox 150 2839 1800 2911">
    <p class='ocr_par' dir='ltr' id='par_1_42' title="bbox 150 2839 1800 2911">
     <span class='ocr_line' id='line_1_42' title="bbox 150 2839 1800 2911; baseline 0 -17"><span class='ocrx_word' id='word_1_308' title='bbox 150 2841 491 2896; x_wconf 87' lang='lat' dir='ltr'>solvendum</span> <span class='ocrx_word' id='word_1_309' title='bbox 514 2857 591 2894; x_wconf 67' lang='lat' dir='ltr'>aes</span> <span class='ocrx_word' id='word_1_310' title='bbox 611 2841 858 2894; x_wconf 90' lang='lat' dir='ltr'>alienum</span> <span class='ocrx_word' id='word_1_311' title='bbox 875 2856 1043 2894; x_wconf 89' lang='lat' dir='ltr'>suum</span> <span class='ocrx_word' id='word_1_312' title='bbox 1063 2845 1181 2894; x_wconf 91' lang='lat' dir='ltr'>tam</span> <span class='ocrx_word' id='word_1_313' title='bbox 1209 2839 1268 2893; x_wconf 91' lang='lat' dir='ltr'>in</span> <span class='ocrx_word' id='word_1_314' title='bbox 1295 2844 1442 2894; x_wconf 88' lang='lat' dir='ltr'>sorte</span> <span class='ocrx_word' id='word_1_315' title='bbox 1469 2857 1644 2911; x_wconf 91' lang='lat' dir='ltr'>quam</span> <span class='ocrx_word' id='word_1_316' title='bbox 1668 2856 1800 2894; x_wconf 90' lang='lat' dir='ltr'>usu-</span> 
     </span>
    </p>
   </div>
   <div class='ocr_carea' id='block_1_43' title="bbox 151 2933 1795 3006">
    <p class='ocr_par' dir='ltr' id='par_1_43' title="bbox 151 2933 1795 3006">
     <span class='ocr_line' id='line_1_43' title="bbox 151 2933 1795 3006; baseline -0.002 -17"><span class='ocrx_word' id='word_1_317' title='bbox 151 2936 250 3003; x_wconf 88' lang='lat' dir='ltr'>ris,</span> <span class='ocrx_word' id='word_1_318' title='bbox 282 2951 458 3006; x_wconf 88' lang='lat' dir='ltr'>quam</span> <span class='ocrx_word' id='word_1_319' title='bbox 488 2933 657 2988; x_wconf 90' lang='lat' dir='ltr'>etiam</span> <span class='ocrx_word' id='word_1_320' title='bbox 683 2933 911 3002; x_wconf 90' lang='lat' dir='ltr'>damno,</span> <span class='ocrx_word' id='word_1_321' title='bbox 941 2933 1088 3004; x_wconf 90' lang='lat' dir='ltr'>quod</span> <span class='ocrx_word' id='word_1_322' title='bbox 1119 2938 1182 2986; x_wconf 91' lang='lat' dir='ltr'>ut</span> <span class='ocrx_word' id='word_1_323' title='bbox 1217 2936 1482 2986; x_wconf 89' lang='lat' dir='ltr'>mutuum</span> <span class='ocrx_word' id='word_1_324' title='bbox 1499 2933 1795 3003; x_wconf 90' lang='lat' dir='ltr'>acciperet,</span> 
     </span>
    </p>
   </div>
   <div class='ocr_carea' id='block_1_44' title="bbox 152 3024 1799 3096">
    <p class='ocr_par' dir='ltr' id='par_1_44' title="bbox 152 3024 1799 3096">
     <span class='ocr_line' id='line_1_44' title="bbox 152 3024 1799 3096; baseline -0.002 -13"><span class='ocrx_word' id='word_1_325' title='bbox 152 3027 444 3091; x_wconf 83' lang='lat' dir='ltr'>sustinuit,</span> <span class='ocrx_word' id='word_1_326' title='bbox 499 3026 630 3080; x_wconf 89' lang='lat' dir='ltr'>satis</span> <span class='ocrx_word' id='word_1_327' title='bbox 675 3025 765 3093; x_wconf 90' lang='lat' dir='ltr'>sit,</span> <span class='ocrx_word' id='word_1_328' title='bbox 823 3026 908 3079; x_wconf 88' lang='lat' dir='ltr'>vel</span> <span class='ocrx_word' id='word_1_329' title='bbox 970 3024 1476 3080; x_wconf 87' lang='lat' dir='ltr'>administrationis</span> <span class='ocrx_word' id='word_1_330' title='bbox 1540 3028 1799 3096; x_wconf 90' lang='lat' dir='ltr'>tempore</span> 
     </span>
    </p>
   </div>
   <div class='ocr_carea' id='block_1_45' title="bbox 151 3118 1800 3190">
    <p class='ocr_par' dir='ltr' id='par_1_45' title="bbox 151 3118 1800 3190">
     <span class='ocr_line' id='line_1_45' title="bbox 151 3118 1800 3190; baseline -0.003 -14"><span class='ocrx_word' id='word_1_331' title='bbox 151 3129 274 3176; x_wconf 82' lang='lat' dir='ltr'>tam</span> <span class='ocrx_word' id='word_1_332' title='bbox 295 3119 496 3190; x_wconf 88' lang='lat' dir='ltr'>judici,</span> <span class='ocrx_word' id='word_1_333' title='bbox 527 3135 700 3190; x_wconf 91' lang='lat' dir='ltr'>quam</span> <span class='ocrx_word' id='word_1_334' title='bbox 729 3118 876 3172; x_wconf 90' lang='lat' dir='ltr'>circa</span> <span class='ocrx_word' id='word_1_335' title='bbox 899 3119 1088 3188; x_wconf 91' lang='lat' dir='ltr'>ipsum</span> <span class='ocrx_word' id='word_1_336' title='bbox 1119 3118 1494 3185; x_wconf 87' lang='lat' dir='ltr'>versantibus,</span> <span class='ocrx_word' id='word_1_337' title='bbox 1524 3119 1800 3189; x_wconf 89' lang='lat' dir='ltr'>largiores</span> 
     </span>
    </p>
   </div>
   <div class='ocr_carea' id='block_1_46' title="bbox 154 3211 1802 3284">
    <p class='ocr_par' dir='ltr' id='par_1_46' title="bbox 154 3211 1802 3284">
     <span class='ocr_line' id='line_1_46' title="bbox 154 3211 1802 3284; baseline -0.002 -15"><span class='ocrx_word' id='word_1_338' title='bbox 154 3218 422 3284; x_wconf 90' lang='lat' dir='ltr'>sumptus</span> <span class='ocrx_word' id='word_1_339' title='bbox 459 3216 628 3283; x_wconf 90' lang='lat' dir='ltr'>atque</span> <span class='ocrx_word' id='word_1_340' title='bbox 667 3215 797 3266; x_wconf 87' lang='lat' dir='ltr'>ante</span> <span class='ocrx_word' id='word_1_341' title='bbox 844 3212 1119 3278; x_wconf 86' lang='lat' dir='ltr'>fecerunt,</span> <span class='ocrx_word' id='word_1_342' title='bbox 1167 3211 1507 3282; x_wconf 89' lang='lat' dir='ltr'>suppeditet,</span> <span class='ocrx_word' id='word_1_343' title='bbox 1548 3212 1634 3266; x_wconf 92' lang='lat' dir='ltr'>vel</span> <span class='ocrx_word' id='word_1_344' title='bbox 1673 3215 1802 3282; x_wconf 88' lang='lat' dir='ltr'>post</span> 
     </span>
    </p>
   </div>
   <div class='ocr_carea' id='block_1_47' title="bbox 154 3304 1799 3376">
    <p class='ocr_par' dir='ltr' id='par_1_47' title="bbox 154 3304 1799 3376">
     <span class='ocr_line' id='line_1_47' title="bbox 154 3304 1799 3376; baseline -0.001 -15"><span class='ocrx_word' id='word_1_345' title='bbox 154 3305 411 3362; x_wconf 87' lang='lat' dir='ltr'>ofﬁcium</span> <span class='ocrx_word' id='word_1_346' title='bbox 451 3304 795 3376; x_wconf 89' lang='lat' dir='ltr'>depositum,</span> <span class='ocrx_word' id='word_1_347' title='bbox 847 3321 961 3374; x_wconf 89' lang='lat' dir='ltr'>quo</span> <span class='ocrx_word' id='word_1_348' title='bbox 993 3304 1135 3358; x_wconf 89' lang='lat' dir='ltr'>forte</span> <span class='ocrx_word' id='word_1_349' title='bbox 1175 3308 1431 3374; x_wconf 90' lang='lat' dir='ltr'>tempore</span> <span class='ocrx_word' id='word_1_350' title='bbox 1469 3320 1602 3358; x_wconf 89' lang='lat' dir='ltr'>cum</span> <span class='ocrx_word' id='word_1_351' title='bbox 1641 3309 1799 3375; x_wconf 85' lang='lat' dir='ltr'>pote-</span> 
     </span>
    </p>
   </div>
   <div class='ocr_carea' id='block_1_48' title="bbox 155 3395 1801 3467">
    <p class='ocr_par' dir='ltr' id='par_1_48' title="bbox 155 3395 1801 3467">
     <span class='ocr_line' id='line_1_48' title="bbox 155 3395 1801 3467; baseline -0.001 -13"><span class='ocrx_word' id='word_1_352' title='bbox 155 3404 301 3455; x_wconf 86' lang='lat' dir='ltr'>state</span> <span class='ocrx_word' id='word_1_353' title='bbox 330 3415 447 3452; x_wconf 92' lang='lat' dir='ltr'>non</span> <span class='ocrx_word' id='word_1_354' title='bbox 478 3398 605 3465; x_wconf 90' lang='lat' dir='ltr'>erit,</span> <span class='ocrx_word' id='word_1_355' title='bbox 633 3398 692 3451; x_wconf 93' lang='lat' dir='ltr'>in</span> <span class='ocrx_word' id='word_1_356' title='bbox 711 3397 996 3467; x_wconf 87' lang='lat' dir='ltr'>longiores</span> <span class='ocrx_word' id='word_1_357' title='bbox 1022 3396 1129 3450; x_wconf 89' lang='lat' dir='ltr'>sibi</span> <span class='ocrx_word' id='word_1_358' title='bbox 1151 3412 1287 3450; x_wconf 90' lang='lat' dir='ltr'>usus</span> <span class='ocrx_word' id='word_1_359' title='bbox 1333 3395 1508 3451; x_wconf 88' lang='lat' dir='ltr'>veluti</span> <span class='ocrx_word' id='word_1_360' title='bbox 1553 3397 1801 3452; x_wconf 89' lang='lat' dir='ltr'>reditum</span> 
     </span>
    </p>
   </div>
   <div class='ocr_carea' id='block_1_49' title="bbox 158 3488 1802 3564">
    <p class='ocr_par' dir='ltr' id='par_1_49' title="bbox 158 3488 1802 3564">
     <span class='ocr_line' id='line_1_49' title="bbox 158 3488 1802 3564; baseline -0.002 -16"><span class='ocrx_word' id='word_1_361' title='bbox 158 3496 420 3564; x_wconf 85' lang='lat' dir='ltr'>reponat,</span> <span class='ocrx_word' id='word_1_362' title='bbox 449 3496 514 3545; x_wconf 93' lang='lat' dir='ltr'>ut</span> <span class='ocrx_word' id='word_1_363' title='bbox 539 3491 692 3562; x_wconf 92' lang='lat' dir='ltr'>quod</span> <span class='ocrx_word' id='word_1_364' title='bbox 721 3507 754 3544; x_wconf 90' lang='lat' dir='ltr'>a</span> <span class='ocrx_word' id='word_1_365' title='bbox 783 3490 1140 3544; x_wconf 89' lang='lat' dir='ltr'>collatoribus</span> <span class='ocrx_word' id='word_1_366' title='bbox 1188 3489 1394 3543; x_wconf 88' lang='lat' dir='ltr'>nostris</span> <span class='ocrx_word' id='word_1_367' title='bbox 1437 3488 1701 3559; x_wconf 85' lang='lat' dir='ltr'>exigitur,</span> <span class='ocrx_word' id='word_1_368' title='bbox 1741 3491 1802 3546; x_wconf 91' lang='lat' dir='ltr'>in</span> 
     </span>
    </p>
   </div>
   <div class='ocr_carea' id='block_1_50' title="bbox 158 3582 1802 3656">
    <p class='ocr_par' dir='ltr' id='par_1_50' title="bbox 158 3582 1802 3656">
     <span class='ocr_line' id='line_1_50' title="bbox 158 3582 1802 3656; baseline -0.003 -15"><span class='ocrx_word' id='word_1_369' title='bbox 158 3586 328 3656; x_wconf 89' lang='lat' dir='ltr'>triplo</span> <span class='ocrx_word' id='word_1_370' title='bbox 354 3587 453 3639; x_wconf 91' lang='lat' dir='ltr'>aut</span> <span class='ocrx_word' id='word_1_371' title='bbox 479 3583 665 3654; x_wconf 89' lang='lat' dir='ltr'>potius</span> <span class='ocrx_word' id='word_1_372' title='bbox 687 3582 751 3653; x_wconf 91' lang='lat' dir='ltr'>(si</span> <span class='ocrx_word' id='word_1_373' title='bbox 776 3599 907 3637; x_wconf 88' lang='lat' dir='ltr'>vera</span> <span class='ocrx_word' id='word_1_374' title='bbox 947 3583 1108 3636; x_wconf 90' lang='lat' dir='ltr'>decet</span> <span class='ocrx_word' id='word_1_375' title='bbox 1150 3582 1429 3653; x_wconf 89' lang='lat' dir='ltr'>proloqui)</span> <span class='ocrx_word' id='word_1_376' title='bbox 1465 3583 1525 3638; x_wconf 93' lang='lat' dir='ltr'>in</span> <span class='ocrx_word' id='word_1_377' title='bbox 1567 3583 1802 3653; x_wconf 91' lang='lat' dir='ltr'>decuplo</span> 
     </span>
    </p>
   </div>
   <div class='ocr_carea' id='block_1_51' title="bbox 158 3675 1803 3750">
    <p class='ocr_par' dir='ltr' id='par_1_51' title="bbox 158 3675 1803 3750">
     <span class='ocr_line' id='line_1_51' title="bbox 158 3675 1803 3750; baseline -0.002 -16"><span class='ocrx_word' id='word_1_378' title='bbox 158 3682 392 3750; x_wconf 84' lang='lat' dir='ltr'>superet</span> <span class='ocrx_word' id='word_1_379' title='bbox 418 3677 495 3745; x_wconf 88' lang='lat' dir='ltr'>id,</span> <span class='ocrx_word' id='word_1_380' title='bbox 528 3676 682 3748; x_wconf 88' lang='lat' dir='ltr'>quod</span> <span class='ocrx_word' id='word_1_381' title='bbox 718 3676 787 3730; x_wconf 91' lang='lat' dir='ltr'>ab</span> <span class='ocrx_word' id='word_1_382' title='bbox 816 3675 952 3746; x_wconf 90' lang='lat' dir='ltr'>ipsis</span> <span class='ocrx_word' id='word_1_383' title='bbox 990 3675 1247 3744; x_wconf 87' lang='lat' dir='ltr'>dabatur,</span> <span class='ocrx_word' id='word_1_384' title='bbox 1289 3692 1400 3746; x_wconf 90' lang='lat' dir='ltr'>qua</span> <span class='ocrx_word' id='word_1_385' title='bbox 1441 3692 1503 3729; x_wconf 90' lang='lat' dir='ltr'>re</span> <span class='ocrx_word' id='word_1_386' title='bbox 1547 3679 1603 3729; x_wconf 90' lang='lat' dir='ltr'>et</span> <span class='ocrx_word' id='word_1_387' title='bbox 1635 3676 1803 3730; x_wconf 89' lang='lat' dir='ltr'>ﬁscus</span> 
     </span>
    </p>
   </div>
   <div class='ocr_carea' id='block_1_52' title="bbox 158 3768 1799 3839">
    <p class='ocr_par' dir='ltr' id='par_1_52' title="bbox 158 3768 1799 3839">
     <span class='ocr_line' id='line_1_52' title="bbox 158 3768 1799 3839; baseline -0.003 -11"><span class='ocrx_word' id='word_1_388' title='bbox 158 3772 575 3828; x_wconf 86' lang='lat' dir='ltr'>detrimentum</span> <span class='ocrx_word' id='word_1_389' title='bbox 602 3769 823 3823; x_wconf 84' lang='lat' dir='ltr'>sentiet.</span> <span class='ocrx_word' id='word_1_390' title='bbox 850 3769 992 3822; x_wconf 89' lang='lat' dir='ltr'>Nam</span> <span class='ocrx_word' id='word_1_391' title='bbox 1019 3785 1147 3839; x_wconf 86' lang='lat' dir='ltr'>quae</span> <span class='ocrx_word' id='word_1_392' title='bbox 1174 3769 1234 3822; x_wconf 92' lang='lat' dir='ltr'>in</span> <span class='ocrx_word' id='word_1_393' title='bbox 1261 3768 1459 3822; x_wconf 89' lang='lat' dir='ltr'>ﬁscum</span> <span class='ocrx_word' id='word_1_394' title='bbox 1484 3768 1680 3822; x_wconf 88' lang='lat' dir='ltr'>inferri</span> <span class='ocrx_word' id='word_1_395' title='bbox 1699 3769 1799 3823; x_wconf 89' lang='lat' dir='ltr'>de-</span> 
     </span>
    </p>
   </div>
   <div class='ocr_carea' id='block_1_53' title="bbox 157 3864 1802 3938">
    <p class='ocr_par' dir='ltr' id='par_1_53' title="bbox 157 3864 1802 3938">
     <span class='ocr_line' id='line_1_53' title="bbox 157 3864 1802 3938; baseline -0.004 -12"><span class='ocrx_word' id='word_1_396' title='bbox 157 3871 390 3937; x_wconf 89' lang='lat' dir='ltr'>bebant,</span> <span class='ocrx_word' id='word_1_397' title='bbox 418 3868 463 3922; x_wconf 91' lang='lat' dir='ltr'>si</span> <span class='ocrx_word' id='word_1_398' title='bbox 490 3866 648 3938; x_wconf 90' lang='lat' dir='ltr'>puris</span> <span class='ocrx_word' id='word_1_399' title='bbox 675 3866 937 3920; x_wconf 89' lang='lat' dir='ltr'>manibus</span> <span class='ocrx_word' id='word_1_400' title='bbox 967 3869 1221 3920; x_wconf 87' lang='lat' dir='ltr'>uteretur</span> <span class='ocrx_word' id='word_1_401' title='bbox 1266 3865 1362 3919; x_wconf 88' lang='lat' dir='ltr'>ille</span> <span class='ocrx_word' id='word_1_402' title='bbox 1407 3865 1507 3936; x_wconf 88' lang='lat' dir='ltr'>qui</span> <span class='ocrx_word' id='word_1_403' title='bbox 1551 3864 1802 3920; x_wconf 87' lang='lat' dir='ltr'>ofﬁcium</span> 
     </span>
    </p>
   </div>
   <div class='ocr_carea' id='block_1_54' title="bbox 157 3957 1805 4032">
    <p class='ocr_par' dir='ltr' id='par_1_54' title="bbox 157 3957 1805 4032">
     <span class='ocr_line' id='line_1_54' title="bbox 157 3957 1805 4032; baseline -0.003 -14"><span class='ocrx_word' id='word_1_404' title='bbox 157 3965 398 4030; x_wconf 88' lang='lat' dir='ltr'>obtinet,</span> <span class='ocrx_word' id='word_1_405' title='bbox 431 3977 493 4015; x_wconf 91' lang='lat' dir='ltr'>ea</span> <span class='ocrx_word' id='word_1_406' title='bbox 523 3965 824 4032; x_wconf 89' lang='lat' dir='ltr'>postquam</span> <span class='ocrx_word' id='word_1_407' title='bbox 848 3958 947 4029; x_wconf 90' lang='lat' dir='ltr'>qui</span> <span class='ocrx_word' id='word_1_408' title='bbox 975 3957 1226 4012; x_wconf 90' lang='lat' dir='ltr'>ofﬁcium</span> <span class='ocrx_word' id='word_1_409' title='bbox 1259 3957 1406 4029; x_wconf 88' lang='lat' dir='ltr'>gerit</span> <span class='ocrx_word' id='word_1_410' title='bbox 1432 3957 1490 4012; x_wconf 91' lang='lat' dir='ltr'>in</span> <span class='ocrx_word' id='word_1_411' title='bbox 1520 3975 1650 4012; x_wconf 88' lang='lat' dir='ltr'>usus</span> <span class='ocrx_word' id='word_1_412' title='bbox 1675 3975 1805 4013; x_wconf 88' lang='lat' dir='ltr'>suos</span> 
     </span>
    </p>
   </div>
   <div class='ocr_carea' id='block_1_55' title="bbox 155 4050 1802 4123">
    <p class='ocr_par' dir='ltr' id='par_1_55' title="bbox 155 4050 1802 4123">
     <span class='ocr_line' id='line_1_55' title="bbox 155 4050 1802 4123; baseline -0.005 -12"><span class='ocrx_word' id='word_1_413' title='bbox 155 4054 456 4121; x_wconf 86' lang='lat' dir='ltr'>convertit,</span> <span class='ocrx_word' id='word_1_414' title='bbox 495 4052 720 4123; x_wconf 90' lang='lat' dir='ltr'>penitus</span> <span class='ocrx_word' id='word_1_415' title='bbox 755 4051 825 4105; x_wconf 89' lang='lat' dir='ltr'>ad</span> <span class='ocrx_word' id='word_1_416' title='bbox 851 4050 1102 4121; x_wconf 90' lang='lat' dir='ltr'>inopiam</span> <span class='ocrx_word' id='word_1_417' title='bbox 1128 4051 1354 4105; x_wconf 90' lang='lat' dir='ltr'>redacto</span> <span class='ocrx_word' id='word_1_418' title='bbox 1382 4050 1661 4119; x_wconf 88' lang='lat' dir='ltr'>collatore,</span> <span class='ocrx_word' id='word_1_419' title='bbox 1692 4051 1802 4104; x_wconf 90' lang='lat' dir='ltr'>hu-</span> 
     </span>
    </p>
   </div>
   <div class='ocr_carea' id='block_1_56' title="bbox 147 4143 1802 4221">
    <p class='ocr_par' dir='ltr' id='par_1_56' title="bbox 147 4143 1802 4221">
     <span class='ocr_line' id='line_1_56' title="bbox 147 4143 1802 4221; baseline -0.002 -19"><span class='ocrx_word' id='word_1_420' title='bbox 147 4151 245 4221; x_wconf 85' lang='lat' dir='ltr'>jus</span> <span class='ocrx_word' id='word_1_421' title='bbox 272 4145 479 4203; x_wconf 88' lang='lat' dir='ltr'>deinde</span> <span class='ocrx_word' id='word_1_422' title='bbox 518 4145 768 4215; x_wconf 88' lang='lat' dir='ltr'>inopiam</span> <span class='ocrx_word' id='word_1_423' title='bbox 796 4144 865 4197; x_wconf 90' lang='lat' dir='ltr'>ab</span> <span class='ocrx_word' id='word_1_424' title='bbox 897 4144 1018 4214; x_wconf 90' lang='lat' dir='ltr'>ipso</span> <span class='ocrx_word' id='word_1_425' title='bbox 1047 4143 1340 4198; x_wconf 88' lang='lat' dir='ltr'>inductam</span> <span class='ocrx_word' id='word_1_426' title='bbox 1363 4143 1524 4198; x_wconf 91' lang='lat' dir='ltr'>nobis</span> <span class='ocrx_word' id='word_1_427' title='bbox 1553 4146 1802 4214; x_wconf 85' lang='lat' dir='ltr'>reputat.</span> 
     </span>
    </p>
   </div>
   <div class='ocr_carea' id='block_1_57' title="bbox 155 4236 1807 4310">
    <p class='ocr_par' dir='ltr' id='par_1_57' title="bbox 155 4236 1807 4310">
     <span class='ocr_line' id='line_1_57' title="bbox 155 4236 1807 4310; baseline -0.003 -14"><span class='ocrx_word' id='word_1_428' title='bbox 155 4242 242 4296; x_wconf 67' lang='lat' dir='ltr'>Ad</span> <span class='ocrx_word' id='word_1_429' title='bbox 281 4242 411 4295; x_wconf 64' lang='lat' dir='ltr'>haec</span> <span class='ocrx_word' id='word_1_430' title='bbox 447 4253 800 4310; x_wconf 57' lang='lat' dir='ltr'>quacunque</span> <span class='ocrx_word' id='word_1_431' title='bbox 841 4236 1016 4307; x_wconf 91' lang='lat' dir='ltr'>impie</span> <span class='ocrx_word' id='word_1_432' title='bbox 1062 4241 1359 4306; x_wconf 87' lang='lat' dir='ltr'>geruntur,</span> <span class='ocrx_word' id='word_1_433' title='bbox 1411 4252 1476 4291; x_wconf 92' lang='lat' dir='ltr'>ea</span> <span class='ocrx_word' id='word_1_434' title='bbox 1517 4236 1723 4291; x_wconf 89' lang='lat' dir='ltr'>merito</span> <span class='ocrx_word' id='word_1_435' title='bbox 1745 4236 1807 4291; x_wconf 93' lang='lat' dir='ltr'>in</span> 
     </span>
    </p>
   </div>
   <div class='ocr_carea' id='block_1_58' title="bbox 157 4328 1802 4405">
    <p class='ocr_par' dir='ltr' id='par_1_58' title="bbox 157 4328 1802 4405">
     <span class='ocr_line' id='line_1_58' title="bbox 157 4328 1802 4405; baseline -0.004 -16"><span class='ocrx_word' id='word_1_436' title='bbox 157 4331 492 4405; x_wconf 86' lang='lat' dir='ltr'>hujusmodi</span> <span class='ocrx_word' id='word_1_437' title='bbox 520 4331 848 4386; x_wconf 88' lang='lat' dir='ltr'>futurorum</span> <span class='ocrx_word' id='word_1_438' title='bbox 864 4329 1214 4384; x_wconf 89' lang='lat' dir='ltr'>occasionem</span> <span class='ocrx_word' id='word_1_439' title='bbox 1243 4329 1586 4384; x_wconf 88' lang='lat' dir='ltr'>referuntur.</span> <span class='ocrx_word' id='word_1_440' title='bbox 1616 4328 1802 4400; x_wconf 85' lang='lat' dir='ltr'>Siqui-</span> 
     </span>
    </p>
   </div>
   <div class='ocr_carea' id='block_1_59' title="bbox 157 4422 1808 4496">
    <p class='ocr_par' dir='ltr' id='par_1_59' title="bbox 157 4422 1808 4496">
     <span class='ocr_line' id='line_1_59' title="bbox 157 4422 1808 4496; baseline -0.004 -13"><span class='ocrx_word' id='word_1_441' title='bbox 157 4429 296 4483; x_wconf 88' lang='lat' dir='ltr'>dem</span> <span class='ocrx_word' id='word_1_442' title='bbox 343 4424 763 4496; x_wconf 90' lang='lat' dir='ltr'>provinciarum</span> <span class='ocrx_word' id='word_1_443' title='bbox 805 4423 1193 4478; x_wconf 90' lang='lat' dir='ltr'>moderatores</span> <span class='ocrx_word' id='word_1_444' title='bbox 1231 4422 1277 4476; x_wconf 90' lang='lat' dir='ltr'>si</span> <span class='ocrx_word' id='word_1_445' title='bbox 1329 4424 1485 4478; x_wconf 92' lang='lat' dir='ltr'>lucro</span> <span class='ocrx_word' id='word_1_446' title='bbox 1515 4426 1572 4476; x_wconf 92' lang='lat' dir='ltr'>et</span> <span class='ocrx_word' id='word_1_447' title='bbox 1600 4422 1808 4493; x_wconf 66' lang='lat' dir='ltr'>praedae</span> 
     </span>
    </p>
   </div>
   <div class='ocr_carea' id='block_1_60' title="bbox 157 4515 1807 4585">
    <p class='ocr_par' dir='ltr' id='par_1_60' title="bbox 157 4515 1807 4585">
     <span class='ocr_line' id='line_1_60' title="bbox 157 4515 1807 4585; baseline -0.003 -10"><span class='ocrx_word' id='word_1_448' title='bbox 157 4519 368 4575; x_wconf 90' lang='lat' dir='ltr'>intenti</span> <span class='ocrx_word' id='word_1_449' title='bbox 399 4517 529 4585; x_wconf 91' lang='lat' dir='ltr'>sint,</span> <span class='ocrx_word' id='word_1_450' title='bbox 558 4519 767 4571; x_wconf 89' lang='lat' dir='ltr'>multos</span> <span class='ocrx_word' id='word_1_451' title='bbox 811 4531 936 4570; x_wconf 91' lang='lat' dir='ltr'>reos</span> <span class='ocrx_word' id='word_1_452' title='bbox 967 4520 1153 4569; x_wconf 90' lang='lat' dir='ltr'>sontes</span> <span class='ocrx_word' id='word_1_453' title='bbox 1191 4520 1420 4584; x_wconf 89' lang='lat' dir='ltr'>accepta</span> <span class='ocrx_word' id='word_1_454' title='bbox 1456 4531 1559 4584; x_wconf 91' lang='lat' dir='ltr'>pro</span> <span class='ocrx_word' id='word_1_455' title='bbox 1606 4515 1807 4570; x_wconf 90' lang='lat' dir='ltr'>delicto</span> 
     </span>
    </p>
   </div>
   <div class='ocr_carea' id='block_1_61' title="bbox 1893 2002 3540 2077">
    <p class='ocr_par' dir='ltr' id='par_1_61' title="bbox 1893 2002 3540 2077">
     <span class='ocr_line' id='line_1_61' title="bbox 1893 2002 3540 2077; baseline 0.005 -22"><span class='ocrx_word' id='word_1_456' title='bbox 1893 2002 2392 2058; x_wconf 84' lang='lat' dir='ltr'>administrationis</span> <span class='ocrx_word' id='word_1_457' title='bbox 2418 2005 2768 2075; x_wconf 90' lang='lat' dir='ltr'>emptionem</span> <span class='ocrx_word' id='word_1_458' title='bbox 2785 2007 3282 2077; x_wconf 60' lang='lat' dir='ltr'>praetendentibus.</span> <span class='ocrx_word' id='word_1_459' title='bbox 3305 2008 3397 2062; x_wconf 85' lang='lat' dir='ltr'>His</span> <span class='ocrx_word' id='word_1_460' title='bbox 3421 2025 3540 2063; x_wconf 90' lang='lat' dir='ltr'>om-</span> 
     </span>
    </p>
   </div>
   <div class='ocr_carea' id='block_1_62' title="bbox 1895 2095 3533 2171">
    <p class='ocr_par' dir='ltr' id='par_1_62' title="bbox 1895 2095 3533 2171">
     <span class='ocr_line' id='line_1_62' title="bbox 1895 2095 3533 2171; baseline 0.005 -23"><span class='ocrx_word' id='word_1_461' title='bbox 1895 2095 2061 2149; x_wconf 90' lang='lat' dir='ltr'>nibus</span> <span class='ocrx_word' id='word_1_462' title='bbox 2099 2097 2248 2166; x_wconf 90' lang='lat' dir='ltr'>apud</span> <span class='ocrx_word' id='word_1_463' title='bbox 2288 2113 2389 2150; x_wconf 90' lang='lat' dir='ltr'>nos</span> <span class='ocrx_word' id='word_1_464' title='bbox 2434 2097 2584 2168; x_wconf 89' lang='lat' dir='ltr'>ipsos</span> <span class='ocrx_word' id='word_1_465' title='bbox 2624 2099 2682 2152; x_wconf 92' lang='lat' dir='ltr'>in</span> <span class='ocrx_word' id='word_1_466' title='bbox 2712 2099 3184 2154; x_wconf 84' lang='lat' dir='ltr'>consultationem</span> <span class='ocrx_word' id='word_1_467' title='bbox 3214 2101 3533 2171; x_wconf 87' lang='lat' dir='ltr'>propositis,</span> 
     </span>
    </p>
   </div>
   <div class='ocr_carea' id='block_1_63' title="bbox 1894 2191 3536 2261">
    <p class='ocr_par' dir='ltr' id='par_1_63' title="bbox 1894 2191 3536 2261">
     <span class='ocr_line' id='line_1_63' title="bbox 1894 2191 3536 2261; baseline 0.004 -20"><span class='ocrx_word' id='word_1_468' title='bbox 1894 2195 2292 2260; x_wconf 86' lang='lat' dir='ltr'>assumptaque</span> <span class='ocrx_word' id='word_1_469' title='bbox 2344 2191 2713 2261; x_wconf 89' lang='lat' dir='ltr'>postmodum</span> <span class='ocrx_word' id='word_1_470' title='bbox 2747 2192 2806 2245; x_wconf 91' lang='lat' dir='ltr'>in</span> <span class='ocrx_word' id='word_1_471' title='bbox 2851 2192 3274 2247; x_wconf 88' lang='lat' dir='ltr'>consultationis</span> <span class='ocrx_word' id='word_1_472' title='bbox 3309 2194 3536 2248; x_wconf 88' lang='lat' dir='ltr'>societa-</span> 
     </span>
    </p>
   </div>
   <div class='ocr_carea' id='block_1_64' title="bbox 1895 2282 3538 2356">
    <p class='ocr_par' dir='ltr' id='par_1_64' title="bbox 1895 2282 3538 2356">
     <span class='ocr_line' id='line_1_64' title="bbox 1895 2282 3538 2356; baseline 0.003 -21"><span class='ocrx_word' id='word_1_473' title='bbox 1895 2285 2015 2335; x_wconf 91' lang='lat' dir='ltr'>tem</span> <span class='ocrx_word' id='word_1_474' title='bbox 2041 2282 2391 2352; x_wconf 85' lang='lat' dir='ltr'>pientissima</span> <span class='ocrx_word' id='word_1_475' title='bbox 2420 2301 2454 2338; x_wconf 90' lang='lat' dir='ltr'>a</span> <span class='ocrx_word' id='word_1_476' title='bbox 2482 2285 2590 2338; x_wconf 91' lang='lat' dir='ltr'>Deo</span> <span class='ocrx_word' id='word_1_477' title='bbox 2613 2285 2777 2339; x_wconf 89' lang='lat' dir='ltr'>nobis</span> <span class='ocrx_word' id='word_1_478' title='bbox 2809 2285 2938 2339; x_wconf 87' lang='lat' dir='ltr'>data</span> <span class='ocrx_word' id='word_1_479' title='bbox 2981 2286 3243 2356; x_wconf 87' lang='lat' dir='ltr'>conjuge,</span> <span class='ocrx_word' id='word_1_480' title='bbox 3285 2303 3538 2340; x_wconf 89' lang='lat' dir='ltr'>commu-</span> 
     </span>
    </p>
   </div>
   <div class='ocr_carea' id='block_1_65' title="bbox 1896 2374 3528 2450">
    <p class='ocr_par' dir='ltr' id='par_1_65' title="bbox 1896 2374 3528 2450">
     <span class='ocr_line' id='line_1_65' title="bbox 1896 2374 3528 2450; baseline 0.004 -23"><span class='ocrx_word' id='word_1_481' title='bbox 1896 2374 2080 2428; x_wconf 90' lang='lat' dir='ltr'>nicato</span> <span class='ocrx_word' id='word_1_482' title='bbox 2110 2381 2388 2445; x_wconf 71' lang='lat' dir='ltr'>praeterea</span> <span class='ocrx_word' id='word_1_483' title='bbox 2419 2393 2549 2431; x_wconf 89' lang='lat' dir='ltr'>cum</span> <span class='ocrx_word' id='word_1_484' title='bbox 2571 2379 2905 2433; x_wconf 78' lang='lat' dir='ltr'>excellentia</span> <span class='ocrx_word' id='word_1_485' title='bbox 2929 2382 3027 2432; x_wconf 91' lang='lat' dir='ltr'>tua</span> <span class='ocrx_word' id='word_1_486' title='bbox 3056 2379 3306 2450; x_wconf 89' lang='lat' dir='ltr'>negotio,</span> <span class='ocrx_word' id='word_1_487' title='bbox 3347 2395 3528 2450; x_wconf 89' lang='lat' dir='ltr'>quan-</span> 
     </span>
    </p>
   </div>
   <div class='ocr_carea' id='block_1_66' title="bbox 1897 2469 3534 2541">
    <p class='ocr_par' dir='ltr' id='par_1_66' title="bbox 1897 2469 3534 2541">
     <span class='ocr_line' id='line_1_66' title="bbox 1897 2469 3534 2541; baseline 0.004 -21"><span class='ocrx_word' id='word_1_488' title='bbox 1897 2483 2069 2538; x_wconf 84' lang='lat' dir='ltr'>quam</span> <span class='ocrx_word' id='word_1_489' title='bbox 2099 2484 2164 2522; x_wconf 85' lang='lat' dir='ltr'>ex</span> <span class='ocrx_word' id='word_1_490' title='bbox 2195 2469 2556 2540; x_wconf 85' lang='lat' dir='ltr'>suggestione</span> <span class='ocrx_word' id='word_1_491' title='bbox 2586 2471 2806 2525; x_wconf 89' lang='lat' dir='ltr'>consilii</span> <span class='ocrx_word' id='word_1_492' title='bbox 2843 2471 2924 2525; x_wconf 92' lang='lat' dir='ltr'>tui</span> <span class='ocrx_word' id='word_1_493' title='bbox 2959 2477 3234 2541; x_wconf 89' lang='lat' dir='ltr'>suscepto,</span> <span class='ocrx_word' id='word_1_494' title='bbox 3281 2473 3350 2526; x_wconf 91' lang='lat' dir='ltr'>ad</span> <span class='ocrx_word' id='word_1_495' title='bbox 3394 2472 3534 2526; x_wconf 91' lang='lat' dir='ltr'>divi-</span> 
     </span>
    </p>
   </div>
   <div class='ocr_carea' id='block_1_67' title="bbox 1898 2562 3541 2636">
    <p class='ocr_par' dir='ltr' id='par_1_67' title="bbox 1898 2562 3541 2636">
     <span class='ocr_line' id='line_1_67' title="bbox 1898 2562 3541 2636; baseline 0.003 -21"><span class='ocrx_word' id='word_1_496' title='bbox 1898 2576 2032 2615; x_wconf 87' lang='lat' dir='ltr'>nam</span> <span class='ocrx_word' id='word_1_497' title='bbox 2059 2562 2206 2616; x_wconf 89' lang='lat' dir='ltr'>hanc</span> <span class='ocrx_word' id='word_1_498' title='bbox 2223 2564 2412 2634; x_wconf 88' lang='lat' dir='ltr'>legem</span> <span class='ocrx_word' id='word_1_499' title='bbox 2427 2564 2816 2634; x_wconf 90' lang='lat' dir='ltr'>pervenimus,</span> <span class='ocrx_word' id='word_1_500' title='bbox 2844 2581 3131 2636; x_wconf 88' lang='lat' dir='ltr'>perquam</span> <span class='ocrx_word' id='word_1_501' title='bbox 3157 2565 3459 2633; x_wconf 87' lang='lat' dir='ltr'>sancimus,</span> <span class='ocrx_word' id='word_1_502' title='bbox 3474 2569 3541 2621; x_wconf 88' lang='lat' dir='ltr'>ut</span> 
     </span>
    </p>
   </div>
   <div class='ocr_carea' id='block_1_68' title="bbox 1896 2655 3541 2729">
    <p class='ocr_par' dir='ltr' id='par_1_68' title="bbox 1896 2655 3541 2729">
     <span class='ocr_line' id='line_1_68' title="bbox 1896 2655 3541 2729; baseline 0.003 -22"><span class='ocrx_word' id='word_1_503' title='bbox 1896 2669 2082 2724; x_wconf 91' lang='lat' dir='ltr'>neque</span> <span class='ocrx_word' id='word_1_504' title='bbox 2106 2655 2216 2708; x_wconf 91' lang='lat' dir='ltr'>ulla</span> <span class='ocrx_word' id='word_1_505' title='bbox 2244 2657 2683 2726; x_wconf 85' lang='lat' dir='ltr'>proconsularis,</span> <span class='ocrx_word' id='word_1_506' title='bbox 2713 2673 2904 2728; x_wconf 89' lang='lat' dir='ltr'>neque</span> <span class='ocrx_word' id='word_1_507' title='bbox 2935 2658 3020 2727; x_wconf 91' lang='lat' dir='ltr'>(ut</span> <span class='ocrx_word' id='word_1_508' title='bbox 3047 2657 3320 2711; x_wconf 88' lang='lat' dir='ltr'>hactenus</span> <span class='ocrx_word' id='word_1_509' title='bbox 3346 2658 3541 2729; x_wconf 85' lang='lat' dir='ltr'>appel-</span> 
     </span>
    </p>
   </div>
   <div class='ocr_carea' id='block_1_69' title="bbox 1898 2746 3542 2822">
    <p class='ocr_par' dir='ltr' id='par_1_69' title="bbox 1898 2746 3542 2822">
     <span class='ocr_line' id='line_1_69' title="bbox 1898 2746 3542 2822; baseline 0.004 -23"><span class='ocrx_word' id='word_1_510' title='bbox 1898 2746 2108 2817; x_wconf 90' lang='lat' dir='ltr'>larunt)</span> <span class='ocrx_word' id='word_1_511' title='bbox 2152 2749 2378 2815; x_wconf 89' lang='lat' dir='ltr'>vicaria,</span> <span class='ocrx_word' id='word_1_512' title='bbox 2426 2766 2612 2821; x_wconf 90' lang='lat' dir='ltr'>neque</span> <span class='ocrx_word' id='word_1_513' title='bbox 2651 2767 2843 2804; x_wconf 90' lang='lat' dir='ltr'>comes</span> <span class='ocrx_word' id='word_1_514' title='bbox 2883 2750 3146 2816; x_wconf 91' lang='lat' dir='ltr'>Orientis,</span> <span class='ocrx_word' id='word_1_515' title='bbox 3178 2766 3362 2821; x_wconf 90' lang='lat' dir='ltr'>neque</span> <span class='ocrx_word' id='word_1_516' title='bbox 3389 2767 3542 2822; x_wconf 76' lang='lat' dir='ltr'>quas-</span> 
     </span>
    </p>
   </div>
   <div class='ocr_carea' id='block_1_70' title="bbox 1898 2841 3542 2911">
    <p class='ocr_par' dir='ltr' id='par_1_70' title="bbox 1898 2841 3542 2911">
     <span class='ocr_line' id='line_1_70' title="bbox 1898 2841 3542 2911; baseline 0.002 -18"><span class='ocrx_word' id='word_1_517' title='bbox 1898 2856 2123 2911; x_wconf 89' lang='lat' dir='ltr'>cunque</span> <span class='ocrx_word' id='word_1_518' title='bbox 2151 2841 2260 2894; x_wconf 86' lang='lat' dir='ltr'>alia</span> <span class='ocrx_word' id='word_1_519' title='bbox 2287 2842 2724 2910; x_wconf 90' lang='lat' dir='ltr'>administratio,</span> <span class='ocrx_word' id='word_1_520' title='bbox 2755 2843 2867 2896; x_wconf 89' lang='lat' dir='ltr'>sive</span> <span class='ocrx_word' id='word_1_521' title='bbox 2895 2843 3224 2911; x_wconf 87' lang='lat' dir='ltr'>consularis,</span> <span class='ocrx_word' id='word_1_522' title='bbox 3264 2844 3378 2897; x_wconf 88' lang='lat' dir='ltr'>sive</span> <span class='ocrx_word' id='word_1_523' title='bbox 3424 2860 3542 2897; x_wconf 89' lang='lat' dir='ltr'>cor-</span> 
     </span>
    </p>
   </div>
   <div class='ocr_carea' id='block_1_71' title="bbox 1899 2934 3544 3006">
    <p class='ocr_par' dir='ltr' id='par_1_71' title="bbox 1899 2934 3544 3006">
     <span class='ocr_line' id='line_1_71' title="bbox 1899 2934 3544 3006; baseline 0.003 -20"><span class='ocrx_word' id='word_1_524' title='bbox 1899 2934 2134 2987; x_wconf 87' lang='lat' dir='ltr'>rectoria</span> <span class='ocrx_word' id='word_1_525' title='bbox 2191 2935 2451 3004; x_wconf 88' lang='lat' dir='ltr'>(quarum</span> <span class='ocrx_word' id='word_1_526' title='bbox 2483 2951 2744 3006; x_wconf 81' lang='lat' dir='ltr'>expresse</span> <span class='ocrx_word' id='word_1_527' title='bbox 2781 2935 3130 2990; x_wconf 86' lang='lat' dir='ltr'>mentionem</span> <span class='ocrx_word' id='word_1_528' title='bbox 3167 2935 3370 2990; x_wconf 70' lang='lat' dir='ltr'>divinas</span> <span class='ocrx_word' id='word_1_529' title='bbox 3410 2936 3544 2991; x_wconf 92' lang='lat' dir='ltr'>huic</span> 
     </span>
    </p>
   </div>
   <div class='ocr_carea' id='block_1_72' title="bbox 1900 3017 3542 3099">
    <p class='ocr_par' dir='ltr' id='par_1_72' title="bbox 1900 3017 3542 3099">
     <span class='ocr_line' id='line_1_72' title="bbox 1900 3017 3542 3099; baseline 0.003 -20"><span class='ocrx_word' id='word_1_530' title='bbox 1900 3031 2106 3080; x_wconf 60' lang='lat' dir='ltr'>nostrae</span> <span class='ocrx_word' id='word_1_531' title='bbox 2137 3027 2249 3097; x_wconf 86' lang='lat' dir='ltr'>legi</span> <span class='ocrx_word' id='word_1_532' title='bbox 2273 3028 2525 3098; x_wconf 85' lang='lat' dir='ltr'>subjecta</span> <span class='ocrx_word' id='word_1_533' title='bbox 2572 3029 2761 3082; x_wconf 88' lang='lat' dir='ltr'>tabula</span> <span class='ocrx_word' id='word_1_534' title='bbox 2804 3017 3146 3099; x_wconf 61' lang='lat' dir='ltr'>facit,&#39;quas</span> <span class='ocrx_word' id='word_1_535' title='bbox 3193 3029 3363 3083; x_wconf 88' lang='lat' dir='ltr'>etiam</span> <span class='ocrx_word' id='word_1_536' title='bbox 3396 3030 3542 3084; x_wconf 89' lang='lat' dir='ltr'>solas</span> 
     </span>
    </p>
   </div>
   <div class='ocr_carea' id='block_1_73' title="bbox 1901 3119 3540 3192">
    <p class='ocr_par' dir='ltr' id='par_1_73' title="bbox 1901 3119 3540 3192">
     <span class='ocr_line' id='line_1_73' title="bbox 1901 3119 3540 3192; baseline 0.004 -20"><span class='ocrx_word' id='word_1_537' title='bbox 1901 3120 2004 3172; x_wconf 89' lang='lat' dir='ltr'>sub</span> <span class='ocrx_word' id='word_1_538' title='bbox 2036 3119 2179 3174; x_wconf 87' lang='lat' dir='ltr'>hanc</span> <span class='ocrx_word' id='word_1_539' title='bbox 2209 3120 2400 3191; x_wconf 85' lang='lat' dir='ltr'>legem</span> <span class='ocrx_word' id='word_1_540' title='bbox 2425 3121 2778 3191; x_wconf 89' lang='lat' dir='ltr'>deducimus)</span> <span class='ocrx_word' id='word_1_541' title='bbox 2806 3120 3170 3192; x_wconf 75' lang='lat' dir='ltr'>suffragium,</span> <span class='ocrx_word' id='word_1_542' title='bbox 3202 3125 3301 3176; x_wconf 89' lang='lat' dir='ltr'>aut</span> <span class='ocrx_word' id='word_1_543' title='bbox 3325 3139 3430 3192; x_wconf 90' lang='lat' dir='ltr'>pro</span> <span class='ocrx_word' id='word_1_544' title='bbox 3454 3122 3540 3178; x_wconf 86' lang='lat' dir='ltr'>of-</span> 
     </span>
    </p>
   </div>
   <div class='ocr_carea' id='block_1_74' title="bbox 1900 3213 3544 3286">
    <p class='ocr_par' dir='ltr' id='par_1_74' title="bbox 1900 3213 3544 3286">
     <span class='ocr_line' id='line_1_74' title="bbox 1900 3213 3544 3286; baseline 0.003 -21"><span class='ocrx_word' id='word_1_545' title='bbox 1900 3213 2028 3266; x_wconf 87' lang='lat' dir='ltr'>ﬁcio</span> <span class='ocrx_word' id='word_1_546' title='bbox 2055 3213 2270 3284; x_wconf 87' lang='lat' dir='ltr'>aliquid</span> <span class='ocrx_word' id='word_1_547' title='bbox 2299 3214 2399 3267; x_wconf 89' lang='lat' dir='ltr'>ulli</span> <span class='ocrx_word' id='word_1_548' title='bbox 2441 3214 2818 3285; x_wconf 86' lang='lat' dir='ltr'>magistratui,</span> <span class='ocrx_word' id='word_1_549' title='bbox 2846 3215 2932 3268; x_wconf 90' lang='lat' dir='ltr'>vel</span> <span class='ocrx_word' id='word_1_550' title='bbox 2966 3214 3033 3268; x_wconf 91' lang='lat' dir='ltr'>iis</span> <span class='ocrx_word' id='word_1_551' title='bbox 3069 3214 3168 3285; x_wconf 90' lang='lat' dir='ltr'>qui</span> <span class='ocrx_word' id='word_1_552' title='bbox 3197 3215 3341 3270; x_wconf 89' lang='lat' dir='ltr'>circa</span> <span class='ocrx_word' id='word_1_553' title='bbox 3367 3216 3544 3286; x_wconf 88' lang='lat' dir='ltr'>magi-</span> 
     </span>
    </p>
   </div>
   <div class='ocr_carea' id='block_1_75' title="bbox 1903 3307 3543 3380">
    <p class='ocr_par' dir='ltr' id='par_1_75' title="bbox 1903 3307 3543 3380">
     <span class='ocr_line' id='line_1_75' title="bbox 1903 3307 3543 3380; baseline 0.002 -20"><span class='ocrx_word' id='word_1_554' title='bbox 1903 3309 2112 3360; x_wconf 89' lang='lat' dir='ltr'>stratus</span> <span class='ocrx_word' id='word_1_555' title='bbox 2152 3311 2302 3372; x_wconf 91' lang='lat' dir='ltr'>sunt,</span> <span class='ocrx_word' id='word_1_556' title='bbox 2329 3307 2492 3360; x_wconf 87' lang='lat' dir='ltr'>aliive</span> <span class='ocrx_word' id='word_1_557' title='bbox 2519 3323 2774 3378; x_wconf 73' lang='lat' dir='ltr'>personae</span> <span class='ocrx_word' id='word_1_558' title='bbox 2802 3307 3102 3378; x_wconf 89' lang='lat' dir='ltr'>patrocinii</span> <span class='ocrx_word' id='word_1_559' title='bbox 3133 3308 3363 3363; x_wconf 86' lang='lat' dir='ltr'>nomine</span> <span class='ocrx_word' id='word_1_560' title='bbox 3399 3325 3543 3380; x_wconf 64' lang='lat' dir='ltr'>prm-</span> 
     </span>
    </p>
   </div>
   <div class='ocr_carea' id='block_1_76' title="bbox 1902 3398 3544 3471">
    <p class='ocr_par' dir='ltr' id='par_1_76' title="bbox 1902 3398 3544 3471">
     <span class='ocr_line' id='line_1_76' title="bbox 1902 3398 3544 3471; baseline 0.002 -19"><span class='ocrx_word' id='word_1_561' title='bbox 1902 3404 2071 3467; x_wconf 89' lang='lat' dir='ltr'>stent,</span> <span class='ocrx_word' id='word_1_562' title='bbox 2119 3398 2218 3453; x_wconf 88' lang='lat' dir='ltr'>sed</span> <span class='ocrx_word' id='word_1_563' title='bbox 2264 3416 2390 3453; x_wconf 87' lang='lat' dir='ltr'>cum</span> <span class='ocrx_word' id='word_1_564' title='bbox 2432 3400 2604 3470; x_wconf 89' lang='lat' dir='ltr'>gratis</span> <span class='ocrx_word' id='word_1_565' title='bbox 2655 3400 2840 3454; x_wconf 87' lang='lat' dir='ltr'>ofﬁcia</span> <span class='ocrx_word' id='word_1_566' title='bbox 2883 3400 3282 3471; x_wconf 87' lang='lat' dir='ltr'>adipiscantur,</span> <span class='ocrx_word' id='word_1_567' title='bbox 3324 3401 3544 3456; x_wconf 89' lang='lat' dir='ltr'>modica</span> 
     </span>
    </p>
   </div>
   <div class='ocr_carea' id='block_1_77' title="bbox 1899 3492 3539 3564">
    <p class='ocr_par' dir='ltr' id='par_1_77' title="bbox 1899 3492 3539 3564">
     <span class='ocr_line' id='line_1_77' title="bbox 1899 3492 3539 3564; baseline 0.001 -18"><span class='ocrx_word' id='word_1_568' title='bbox 1899 3496 2122 3546; x_wconf 88' lang='lat' dir='ltr'>tantum</span> <span class='ocrx_word' id='word_1_569' title='bbox 2150 3492 2414 3563; x_wconf 78' lang='lat' dir='ltr'>quaedam</span> <span class='ocrx_word' id='word_1_570' title='bbox 2442 3493 2674 3546; x_wconf 89' lang='lat' dir='ltr'>nomine</span> <span class='ocrx_word' id='word_1_571' title='bbox 2703 3492 3087 3546; x_wconf 85' lang='lat' dir='ltr'>codicillorum</span> <span class='ocrx_word' id='word_1_572' title='bbox 3115 3493 3539 3564; x_wconf 90' lang='lat' dir='ltr'>etchartarum,</span> 
     </span>
    </p>
   </div>
   <div class='ocr_carea' id='block_1_78' title="bbox 1901 3584 3547 3656">
    <p class='ocr_par' dir='ltr' id='par_1_78' title="bbox 1901 3584 3547 3656">
     <span class='ocr_line' id='line_1_78' title="bbox 1901 3584 3547 3656; baseline 0.001 -18"><span class='ocrx_word' id='word_1_573' title='bbox 1901 3601 2030 3655; x_wconf 64' lang='lat' dir='ltr'>quae</span> <span class='ocrx_word' id='word_1_574' title='bbox 2068 3601 2241 3655; x_wconf 89' lang='lat' dir='ltr'>super</span> <span class='ocrx_word' id='word_1_575' title='bbox 2267 3601 2607 3656; x_wconf 88' lang='lat' dir='ltr'>unoquoque</span> <span class='ocrx_word' id='word_1_576' title='bbox 2633 3584 2759 3638; x_wconf 91' lang='lat' dir='ltr'>dari</span> <span class='ocrx_word' id='word_1_577' title='bbox 2788 3585 2992 3652; x_wconf 89' lang='lat' dir='ltr'>solent,</span> <span class='ocrx_word' id='word_1_578' title='bbox 3023 3585 3335 3654; x_wconf 66' lang='lat' dir='ltr'>praebeant.</span> <span class='ocrx_word' id='word_1_579' title='bbox 3365 3586 3547 3656; x_wconf 83' lang='lat' dir='ltr'>Siqui-</span> 
     </span>
    </p>
   </div>
   <div class='ocr_carea' id='block_1_79' title="bbox 1863 3675 3542 3746">
    <p class='ocr_par' dir='ltr' id='par_1_79' title="bbox 1863 3675 3542 3746">
     <span class='ocr_line' id='line_1_79' title="bbox 1863 3675 3542 3746; baseline 0.004 -21"><span class='ocrx_word' id='word_1_580' title='bbox 1863 3717 1880 3725; x_wconf 95' lang='lat'>-</span> <span class='ocrx_word' id='word_1_581' title='bbox 1902 3677 2033 3731; x_wconf 87' lang='lat' dir='ltr'>dem</span> <span class='ocrx_word' id='word_1_582' title='bbox 2063 3677 2318 3731; x_wconf 89' lang='lat' dir='ltr'>tabulam</span> <span class='ocrx_word' id='word_1_583' title='bbox 2353 3677 2484 3731; x_wconf 90' lang='lat' dir='ltr'>huic</span> <span class='ocrx_word' id='word_1_584' title='bbox 2521 3677 2724 3730; x_wconf 75' lang='lat' dir='ltr'>divinae</span> <span class='ocrx_word' id='word_1_585' title='bbox 2769 3675 2887 3746; x_wconf 90' lang='lat' dir='ltr'>legi</span> <span class='ocrx_word' id='word_1_586' title='bbox 2936 3682 3143 3730; x_wconf 65' lang='lat' dir='ltr'>nostra:</span> <span class='ocrx_word' id='word_1_587' title='bbox 3180 3677 3542 3746; x_wconf 90' lang='lat' dir='ltr'>subjecimus,</span> 
     </span>
    </p>
   </div>
   <div class='ocr_carea' id='block_1_80' title="bbox 1901 3768 3544 3841">
    <p class='ocr_par' dir='ltr' id='par_1_80' title="bbox 1901 3768 3544 3841">
     <span class='ocr_line' id='line_1_80' title="bbox 1901 3768 3544 3841; baseline 0.001 -18"><span class='ocrx_word' id='word_1_588' title='bbox 1901 3786 2032 3841; x_wconf 83' lang='lat' dir='ltr'>quae</span> <span class='ocrx_word' id='word_1_589' title='bbox 2061 3769 2307 3823; x_wconf 89' lang='lat' dir='ltr'>declaret</span> <span class='ocrx_word' id='word_1_590' title='bbox 2330 3768 2465 3840; x_wconf 90' lang='lat' dir='ltr'>quid</span> <span class='ocrx_word' id='word_1_591' title='bbox 2493 3774 2947 3840; x_wconf 91' lang='lat' dir='ltr'>unumquodque</span> <span class='ocrx_word' id='word_1_592' title='bbox 2979 3768 3232 3823; x_wconf 87' lang='lat' dir='ltr'>ofﬁcium</span> <span class='ocrx_word' id='word_1_593' title='bbox 3259 3771 3346 3823; x_wconf 79' lang='lat' dir='ltr'>vel</span> <span class='ocrx_word' id='word_1_594' title='bbox 3375 3770 3437 3823; x_wconf 92' lang='lat' dir='ltr'>in</span> <span class='ocrx_word' id='word_1_595' title='bbox 3463 3787 3544 3824; x_wconf 90' lang='lat' dir='ltr'>sa-</span> 
     </span>
    </p>
   </div>
   <div class='ocr_carea' id='block_1_81' title="bbox 1904 3861 3545 3932">
    <p class='ocr_par' dir='ltr' id='par_1_81' title="bbox 1904 3861 3545 3932">
     <span class='ocr_line' id='line_1_81' title="bbox 1904 3861 3545 3932; baseline 0.001 -15"><span class='ocrx_word' id='word_1_596' title='bbox 1904 3879 1999 3918; x_wconf 91' lang='lat' dir='ltr'>cro</span> <span class='ocrx_word' id='word_1_597' title='bbox 2031 3867 2216 3916; x_wconf 88' lang='lat' dir='ltr'>nostro</span> <span class='ocrx_word' id='word_1_598' title='bbox 2235 3862 2522 3930; x_wconf 89' lang='lat' dir='ltr'>laterculo,</span> <span class='ocrx_word' id='word_1_599' title='bbox 2565 3861 2654 3915; x_wconf 90' lang='lat' dir='ltr'>vel</span> <span class='ocrx_word' id='word_1_600' title='bbox 2685 3862 2746 3916; x_wconf 91' lang='lat' dir='ltr'>in</span> <span class='ocrx_word' id='word_1_601' title='bbox 2773 3861 2987 3932; x_wconf 88' lang='lat' dir='ltr'>judicio</span> <span class='ocrx_word' id='word_1_602' title='bbox 3033 3862 3382 3917; x_wconf 68' lang='lat' dir='ltr'>excellentia:</span> <span class='ocrx_word' id='word_1_603' title='bbox 3429 3867 3545 3918; x_wconf 67' lang='lat' dir='ltr'>tua:</span> 
     </span>
    </p>
   </div>
   <div class='ocr_carea' id='block_1_82' title="bbox 1905 3954 3545 4026">
    <p class='ocr_par' dir='ltr' id='par_1_82' title="bbox 1905 3954 3545 4026">
     <span class='ocr_line' id='line_1_82' title="bbox 1905 3954 3545 4026; baseline 0 -16"><span class='ocrx_word' id='word_1_604' title='bbox 1905 3955 2310 4022; x_wconf 89' lang='lat' dir='ltr'>codicillorum,</span> <span class='ocrx_word' id='word_1_605' title='bbox 2354 3955 2469 4008; x_wconf 90' lang='lat' dir='ltr'>sive</span> <span class='ocrx_word' id='word_1_606' title='bbox 2514 3954 3050 4020; x_wconf 88' lang='lat' dir='ltr'>instrumentorum,</span> <span class='ocrx_word' id='word_1_607' title='bbox 3101 3955 3189 4010; x_wconf 86' lang='lat' dir='ltr'>vel</span> <span class='ocrx_word' id='word_1_608' title='bbox 3221 3955 3545 4026; x_wconf 87' lang='lat' dir='ltr'>jussionum</span> 
     </span>
    </p>
   </div>
   <div class='ocr_carea' id='block_1_83' title="bbox 1907 4047 3548 4119">
    <p class='ocr_par' dir='ltr' id='par_1_83' title="bbox 1907 4047 3548 4119">
     <span class='ocr_line' id='line_1_83' title="bbox 1907 4047 3548 4119; baseline 0.001 -16"><span class='ocrx_word' id='word_1_609' title='bbox 1907 4048 2143 4103; x_wconf 91' lang='lat' dir='ltr'>nomine</span> <span class='ocrx_word' id='word_1_610' title='bbox 2172 4048 2430 4119; x_wconf 83' lang='lat' dir='ltr'>praebere</span> <span class='ocrx_word' id='word_1_611' title='bbox 2462 4047 2776 4117; x_wconf 89' lang='lat' dir='ltr'>conveniat,</span> <span class='ocrx_word' id='word_1_612' title='bbox 2804 4051 2870 4101; x_wconf 92' lang='lat' dir='ltr'>ut</span> <span class='ocrx_word' id='word_1_613' title='bbox 2895 4047 2953 4102; x_wconf 92' lang='lat' dir='ltr'>id</span> <span class='ocrx_word' id='word_1_614' title='bbox 2969 4051 3166 4102; x_wconf 90' lang='lat' dir='ltr'>tamen</span> <span class='ocrx_word' id='word_1_615' title='bbox 3191 4049 3263 4104; x_wconf 89' lang='lat' dir='ltr'>ad</span> <span class='ocrx_word' id='word_1_616' title='bbox 3289 4049 3548 4104; x_wconf 88' lang='lat' dir='ltr'>modera-</span> 
     </span>
    </p>
   </div>
   <div class='ocr_carea' id='block_1_84' title="bbox 1906 4140 3548 4213">
    <p class='ocr_par' dir='ltr' id='par_1_84' title="bbox 1906 4140 3548 4213">
     <span class='ocr_line' id='line_1_84' title="bbox 1906 4140 3548 4213; baseline 0.001 -18"><span class='ocrx_word' id='word_1_617' title='bbox 1906 4142 2121 4196; x_wconf 89' lang='lat' dir='ltr'>tionem</span> <span class='ocrx_word' id='word_1_618' title='bbox 2152 4141 2469 4208; x_wconf 90' lang='lat' dir='ltr'>redactum,</span> <span class='ocrx_word' id='word_1_619' title='bbox 2498 4157 2615 4196; x_wconf 92' lang='lat' dir='ltr'>non</span> <span class='ocrx_word' id='word_1_620' title='bbox 2642 4157 2921 4213; x_wconf 89' lang='lat' dir='ltr'>magnum</span> <span class='ocrx_word' id='word_1_621' title='bbox 2935 4140 3016 4194; x_wconf 90' lang='lat' dir='ltr'>illi</span> <span class='ocrx_word' id='word_1_622' title='bbox 3039 4157 3271 4196; x_wconf 89' lang='lat' dir='ltr'>sensum</span> <span class='ocrx_word' id='word_1_623' title='bbox 3303 4146 3358 4197; x_wconf 90' lang='lat' dir='ltr'>et</span> <span class='ocrx_word' id='word_1_624' title='bbox 3377 4143 3548 4197; x_wconf 87' lang='lat' dir='ltr'>detri-</span> 
     </span>
    </p>
   </div>
   <div class='ocr_carea' id='block_1_85' title="bbox 1907 4234 2436 4289">
    <p class='ocr_par' dir='ltr' id='par_1_85' title="bbox 1907 4234 2436 4289">
     <span class='ocr_line' id='line_1_85' title="bbox 1907 4234 2436 4289; baseline 0 -1"><span class='ocrx_word' id='word_1_625' title='bbox 1907 4238 2167 4288; x_wconf 90' lang='lat' dir='ltr'>mentum</span> <span class='ocrx_word' id='word_1_626' title='bbox 2195 4234 2436 4289; x_wconf 88' lang='lat' dir='ltr'>adferat.</span> 
     </span>
    </p>
   </div>
   <div class='ocr_carea' id='block_1_86' title="bbox 1979 4327 3542 4398">
    <p class='ocr_par' dir='ltr' id='par_1_86' title="bbox 1979 4327 3542 4398">
     <span class='ocr_line' id='line_1_86' title="bbox 1979 4327 3542 4398; baseline 0 -16"><span class='ocrx_word' id='word_1_627' title='bbox 1979 4327 2119 4382; x_wconf 92' lang='lat' dir='ltr'>lllud</span> <span class='ocrx_word' id='word_1_628' title='bbox 2152 4344 2283 4383; x_wconf 89' lang='lat' dir='ltr'>sane</span> <span class='ocrx_word' id='word_1_629' title='bbox 2309 4327 2686 4396; x_wconf 83' lang='lat' dir='ltr'>decernimus,</span> <span class='ocrx_word' id='word_1_630' title='bbox 2716 4344 2786 4382; x_wconf 92' lang='lat' dir='ltr'>ne</span> <span class='ocrx_word' id='word_1_631' title='bbox 2815 4329 3032 4383; x_wconf 72' lang='lat' dir='ltr'>Asiana:</span> <span class='ocrx_word' id='word_1_632' title='bbox 3057 4327 3362 4398; x_wconf 77' lang='lat' dir='ltr'>provinciae</span> <span class='ocrx_word' id='word_1_633' title='bbox 3392 4328 3542 4382; x_wconf 88' lang='lat' dir='ltr'>vica-</span> 
     </span>
    </p>
   </div>
   <div class='ocr_carea' id='block_1_87' title="bbox 1906 4420 3547 4492">
    <p class='ocr_par' dir='ltr' id='par_1_87' title="bbox 1906 4420 3547 4492">
     <span class='ocr_line' id='line_1_87' title="bbox 1906 4420 3547 4492; baseline -0.001 -17"><span class='ocrx_word' id='word_1_634' title='bbox 1906 4420 2044 4486; x_wconf 91' lang='lat' dir='ltr'>rius,</span> <span class='ocrx_word' id='word_1_635' title='bbox 2081 4421 2179 4490; x_wconf 90' lang='lat' dir='ltr'>qui</span> <span class='ocrx_word' id='word_1_636' title='bbox 2228 4424 2284 4475; x_wconf 90' lang='lat' dir='ltr'>et</span> <span class='ocrx_word' id='word_1_637' title='bbox 2309 4420 2573 4492; x_wconf 56' lang='lat' dir='ltr'>Phrygia</span> <span class='ocrx_word' id='word_1_638' title='bbox 2601 4421 2914 4475; x_wconf 71' lang='lat' dir='ltr'>Pacatianaa</span> <span class='ocrx_word' id='word_1_639' title='bbox 2940 4437 3149 4491; x_wconf 80' lang='lat' dir='ltr'>praeses</span> <span class='ocrx_word' id='word_1_640' title='bbox 3175 4425 3276 4489; x_wconf 89' lang='lat' dir='ltr'>est,</span> <span class='ocrx_word' id='word_1_641' title='bbox 3301 4421 3547 4490; x_wconf 87' lang='lat' dir='ltr'>amplius</span> 
     </span>
    </p>
   </div>
   <div class='ocr_carea' id='block_1_88' title="bbox 1909 4512 3549 4583">
    <p class='ocr_par' dir='ltr' id='par_1_88' title="bbox 1909 4512 3549 4583">
     <span class='ocr_line' id='line_1_88' title="bbox 1909 4512 3549 4583; baseline 0.001 -16"><span class='ocrx_word' id='word_1_642' title='bbox 1909 4529 1974 4568; x_wconf 92' lang='lat' dir='ltr'>eo</span> <span class='ocrx_word' id='word_1_643' title='bbox 1998 4513 2315 4583; x_wconf 88' lang='lat' dir='ltr'>appelletur</span> <span class='ocrx_word' id='word_1_644' title='bbox 2335 4512 2588 4579; x_wconf 91' lang='lat' dir='ltr'>nomine,</span> <span class='ocrx_word' id='word_1_645' title='bbox 2622 4513 2719 4566; x_wconf 89' lang='lat' dir='ltr'>sed</span> <span class='ocrx_word' id='word_1_646' title='bbox 2744 4513 2815 4567; x_wconf 92' lang='lat' dir='ltr'>de</span> <span class='ocrx_word' id='word_1_647' title='bbox 2845 4516 3052 4567; x_wconf 72' lang='lat' dir='ltr'>caetero</span> <span class='ocrx_word' id='word_1_648' title='bbox 3097 4528 3306 4567; x_wconf 91' lang='lat' dir='ltr'>nomen</span> <span class='ocrx_word' id='word_1_649' title='bbox 3346 4513 3549 4568; x_wconf 88' lang='lat' dir='ltr'>habeat</span> 
     </span>
    </p>
   </div>
   <div class='ocr_carea' id='block_1_89' title="bbox 156 4603 3543 4684">
    <p class='ocr_par' dir='ltr' id='par_1_89' title="bbox 156 4603 3543 4684">
     <span class='ocr_line' id='line_1_89' title="bbox 156 4603 3543 4684; baseline -0.003 -16"><span class='ocrx_word' id='word_1_650' title='bbox 156 4611 404 4684; x_wconf 89' lang='lat' dir='ltr'>pecunia</span> <span class='ocrx_word' id='word_1_651' title='bbox 431 4610 747 4676; x_wconf 88' lang='lat' dir='ltr'>absolvunt,</span> <span class='ocrx_word' id='word_1_652' title='bbox 774 4609 982 4663; x_wconf 89' lang='lat' dir='ltr'>multos</span> <span class='ocrx_word' id='word_1_653' title='bbox 1023 4623 1219 4662; x_wconf 87' lang='lat' dir='ltr'>rursus</span> <span class='ocrx_word' id='word_1_654' title='bbox 1258 4608 1530 4674; x_wconf 88' lang='lat' dir='ltr'>insontes,</span> <span class='ocrx_word' id='word_1_655' title='bbox 1565 4611 1632 4662; x_wconf 91' lang='lat' dir='ltr'>ut</span> <span class='ocrx_word' id='word_1_656' title='bbox 1671 4624 1801 4662; x_wconf 90' lang='lat' dir='ltr'>son-</span> <span class='ocrx_word' id='word_1_657' title='bbox 1823 4606 1884 4678; x_wconf 79' lang='grc' dir='ltr'>Ι)</span> <span class='ocrx_word' id='word_1_658' title='bbox 1905 4605 2138 4662; x_wconf 87' lang='lat' dir='ltr'>Comitis</span> <span class='ocrx_word' id='word_1_659' title='bbox 2161 4605 2475 4659; x_wconf 64' lang='lat' dir='ltr'>Pacatianae</span> <span class='ocrx_word' id='word_1_660' title='bbox 2502 4605 2785 4676; x_wconf 82' lang='lat' dir='ltr'>Phrygiae,</span> <span class='ocrx_word' id='word_1_661' title='bbox 2817 4605 3129 4675; x_wconf 88' lang='lat' dir='ltr'>eademque</span> <span class='ocrx_word' id='word_1_662' title='bbox 3154 4621 3223 4660; x_wconf 90' lang='lat' dir='ltr'>ex</span> <span class='ocrx_word' id='word_1_663' title='bbox 3263 4603 3395 4658; x_wconf 90' lang='lat' dir='ltr'>ﬁsco</span> <span class='ocrx_word' id='word_1_664' title='bbox 3439 4622 3543 4659; x_wconf 87' lang='lat' dir='ltr'>an-</span> 
     </span>
    </p>
   </div>
   <div class='ocr_carea' id='block_1_90' title="bbox 153 4700 1799 4775">
    <p class='ocr_par' dir='ltr' id='par_1_90' title="bbox 153 4700 1799 4775">
     <span class='ocr_line' id='line_1_90' title="bbox 153 4700 1799 4775; baseline -0.004 -14"><span class='ocrx_word' id='word_1_665' title='bbox 153 4707 309 4761; x_wconf 88' lang='lat' dir='ltr'>tibus</span> <span class='ocrx_word' id='word_1_666' title='bbox 341 4702 584 4775; x_wconf 89' lang='lat' dir='ltr'>gratiam</span> <span class='ocrx_word' id='word_1_667' title='bbox 623 4702 850 4770; x_wconf 84' lang='lat' dir='ltr'>faciant,</span> <span class='ocrx_word' id='word_1_668' title='bbox 880 4701 1286 4756; x_wconf 87' lang='lat' dir='ltr'>condemnant.</span> <span class='ocrx_word' id='word_1_669' title='bbox 1317 4701 1512 4770; x_wconf 88' lang='lat' dir='ltr'>Neque</span> <span class='ocrx_word' id='word_1_670' title='bbox 1539 4700 1601 4754; x_wconf 89' lang='lat' dir='ltr'>in</span> <span class='ocrx_word' id='word_1_671' title='bbox 1625 4716 1799 4770; x_wconf 84' lang='lat' dir='ltr'>pecu-</span> 
     </span>
    </p>
   </div>
   <div class='ocr_carea' id='block_1_91' title="bbox 153 4791 1802 4865">
    <p class='ocr_par' dir='ltr' id='par_1_91' title="bbox 153 4791 1802 4865">
     <span class='ocr_line' id='line_1_91' title="bbox 153 4791 1802 4865; baseline -0.002 -13"><span class='ocrx_word' id='word_1_672' title='bbox 153 4797 357 4854; x_wconf 88' lang='lat' dir='ltr'>niariis</span> <span class='ocrx_word' id='word_1_673' title='bbox 384 4799 615 4850; x_wconf 88' lang='lat' dir='ltr'>tantum</span> <span class='ocrx_word' id='word_1_674' title='bbox 647 4796 754 4850; x_wconf 90' lang='lat' dir='ltr'>hoc</span> <span class='ocrx_word' id='word_1_675' title='bbox 779 4795 961 4849; x_wconf 90' lang='lat' dir='ltr'>causis</span> <span class='ocrx_word' id='word_1_676' title='bbox 992 4798 1191 4865; x_wconf 88' lang='lat' dir='ltr'>agunt,</span> <span class='ocrx_word' id='word_1_677' title='bbox 1225 4792 1323 4848; x_wconf 88' lang='lat' dir='ltr'>sed</span> <span class='ocrx_word' id='word_1_678' title='bbox 1368 4791 1545 4846; x_wconf 89' lang='lat' dir='ltr'>etiam</span> <span class='ocrx_word' id='word_1_679' title='bbox 1596 4792 1656 4847; x_wconf 93' lang='lat' dir='ltr'>in</span> <span class='ocrx_word' id='word_1_680' title='bbox 1695 4794 1802 4848; x_wconf 88' lang='lat' dir='ltr'>cri-</span> 
     </span>
    </p>
   </div>
   <div class='ocr_carea' id='block_1_92' title="bbox 157 4886 1802 4960">
    <p class='ocr_par' dir='ltr' id='par_1_92' title="bbox 157 4886 1802 4960">
     <span class='ocr_line' id='line_1_92' title="bbox 157 4886 1802 4960; baseline -0.002 -14"><span class='ocrx_word' id='word_1_681' title='bbox 157 4891 414 4946; x_wconf 90' lang='lat' dir='ltr'>minibus</span> <span class='ocrx_word' id='word_1_682' title='bbox 456 4888 721 4960; x_wconf 89' lang='lat' dir='ltr'>publicis,</span> <span class='ocrx_word' id='word_1_683' title='bbox 771 4888 870 4942; x_wconf 88' lang='lat' dir='ltr'>ubi</span> <span class='ocrx_word' id='word_1_684' title='bbox 923 4887 992 4941; x_wconf 91' lang='lat' dir='ltr'>de</span> <span class='ocrx_word' id='word_1_685' title='bbox 1038 4886 1151 4941; x_wconf 91' lang='lat' dir='ltr'>vita</span> <span class='ocrx_word' id='word_1_686' title='bbox 1181 4886 1501 4956; x_wconf 90' lang='lat' dir='ltr'>periculum</span> <span class='ocrx_word' id='word_1_687' title='bbox 1527 4889 1802 4942; x_wconf 88' lang='lat' dir='ltr'>versatur.</span> 
     </span>
    </p>
   </div>
   <div class='ocr_carea' id='block_1_93' title="bbox 158 4978 1807 5053">
    <p class='ocr_par' dir='ltr' id='par_1_93' title="bbox 158 4978 1807 5053">
     <span class='ocr_line' id='line_1_93' title="bbox 158 4978 1807 5053; baseline -0.004 -13"><span class='ocrx_word' id='word_1_688' title='bbox 158 4985 301 5040; x_wconf 87' lang='lat' dir='ltr'>Hinc</span> <span class='ocrx_word' id='word_1_689' title='bbox 326 4999 398 5038; x_wconf 90' lang='lat' dir='ltr'>ex</span> <span class='ocrx_word' id='word_1_690' title='bbox 425 4981 725 5053; x_wconf 88' lang='lat' dir='ltr'>provinciis</span> <span class='ocrx_word' id='word_1_691' title='bbox 751 4981 906 5053; x_wconf 80' lang='lat' dir='ltr'>fugae</span> <span class='ocrx_word' id='word_1_692' title='bbox 937 4980 1204 5046; x_wconf 90' lang='lat' dir='ltr'>existunt,</span> <span class='ocrx_word' id='word_1_693' title='bbox 1253 4979 1389 5033; x_wconf 91' lang='lat' dir='ltr'>hinc</span> <span class='ocrx_word' id='word_1_694' title='bbox 1439 4994 1508 5033; x_wconf 90' lang='lat' dir='ltr'>ex</span> <span class='ocrx_word' id='word_1_695' title='bbox 1545 4978 1807 5034; x_wconf 89' lang='lat' dir='ltr'>omnibus</span> 
     </span>
    </p>
   </div>
   <div class='ocr_carea' id='block_1_94' title="bbox 161 5071 1805 5148">
    <p class='ocr_par' dir='ltr' id='par_1_94' title="bbox 161 5071 1805 5148">
     <span class='ocr_line' id='line_1_94' title="bbox 161 5071 1805 5148; baseline -0.003 -16"><span class='ocrx_word' id='word_1_696' title='bbox 161 5077 374 5148; x_wconf 88' lang='lat' dir='ltr'>passim</span> <span class='ocrx_word' id='word_1_697' title='bbox 400 5075 535 5130; x_wconf 91' lang='lat' dir='ltr'>locis</span> <span class='ocrx_word' id='word_1_698' title='bbox 564 5077 858 5146; x_wconf 88' lang='lat' dir='ltr'>gementes</span> <span class='ocrx_word' id='word_1_699' title='bbox 888 5074 1002 5128; x_wconf 92' lang='lat' dir='ltr'>huc</span> <span class='ocrx_word' id='word_1_700' title='bbox 1028 5071 1322 5127; x_wconf 87' lang='lat' dir='ltr'>conﬂuunt</span> <span class='ocrx_word' id='word_1_701' title='bbox 1340 5071 1674 5141; x_wconf 88' lang='lat' dir='ltr'>sacerdotes,</span> <span class='ocrx_word' id='word_1_702' title='bbox 1706 5072 1805 5127; x_wconf 90' lang='lat' dir='ltr'>de-</span> 
     </span>
    </p>
   </div>
   <div class='ocr_carea' id='block_1_95' title="bbox 160 5163 1806 5238">
    <p class='ocr_par' dir='ltr' id='par_1_95' title="bbox 160 5163 1806 5238">
     <span class='ocr_line' id='line_1_95' title="bbox 160 5163 1806 5238; baseline -0.002 -14"><span class='ocrx_word' id='word_1_703' title='bbox 160 5170 447 5237; x_wconf 90' lang='lat' dir='ltr'>curiones,</span> <span class='ocrx_word' id='word_1_704' title='bbox 479 5167 817 5234; x_wconf 85' lang='lat' dir='ltr'>cohortales,</span> <span class='ocrx_word' id='word_1_705' title='bbox 841 5171 1030 5238; x_wconf 88' lang='lat' dir='ltr'>patres</span> <span class='ocrx_word' id='word_1_706' title='bbox 1055 5165 1399 5220; x_wconf 89' lang='lat' dir='ltr'>familiarum</span> <span class='ocrx_word' id='word_1_707' title='bbox 1436 5163 1664 5235; x_wconf 88' lang='lat' dir='ltr'>plebeii,</span> <span class='ocrx_word' id='word_1_708' title='bbox 1708 5181 1806 5220; x_wconf 91' lang='lat' dir='ltr'>ru-</span> 
     </span>
    </p>
   </div>
   <div class='ocr_carea' id='block_1_96' title="bbox 162 5257 1808 5333">
    <p class='ocr_par' dir='ltr' id='par_1_96' title="bbox 162 5257 1808 5333">
     <span class='ocr_line' id='line_1_96' title="bbox 162 5257 1808 5333; baseline -0.004 -15"><span class='ocrx_word' id='word_1_709' title='bbox 162 5263 308 5332; x_wconf 89' lang='lat' dir='ltr'>stici,</span> <span class='ocrx_word' id='word_1_710' title='bbox 338 5261 554 5333; x_wconf 88' lang='lat' dir='ltr'>optimo</span> <span class='ocrx_word' id='word_1_711' title='bbox 573 5262 705 5332; x_wconf 85' lang='lat' dir='ltr'>jure</span> <span class='ocrx_word' id='word_1_712' title='bbox 722 5260 985 5331; x_wconf 89' lang='lat' dir='ltr'>judicum</span> <span class='ocrx_word' id='word_1_713' title='bbox 1011 5264 1335 5314; x_wconf 91' lang='lat' dir='ltr'>nostrorum</span> <span class='ocrx_word' id='word_1_714' title='bbox 1373 5257 1584 5328; x_wconf 89' lang='lat' dir='ltr'>rapinis</span> <span class='ocrx_word' id='word_1_715' title='bbox 1622 5262 1679 5312; x_wconf 90' lang='lat' dir='ltr'>et</span> <span class='ocrx_word' id='word_1_716' title='bbox 1719 5257 1808 5312; x_wconf 91' lang='lat' dir='ltr'>in-</span> 
     </span>
    </p>
   </div>
   <div class='ocr_carea' id='block_1_97' title="bbox 156 5349 1811 5428">
    <p class='ocr_par' dir='ltr' id='par_1_97' title="bbox 156 5349 1811 5428">
     <span class='ocr_line' id='line_1_97' title="bbox 156 5349 1811 5428; baseline -0.003 -17"><span class='ocrx_word' id='word_1_717' title='bbox 156 5356 329 5428; x_wconf 84' lang='lat' dir='ltr'>juriis</span> <span class='ocrx_word' id='word_1_718' title='bbox 381 5359 793 5410; x_wconf 89' lang='lat' dir='ltr'>succensentes.</span> <span class='ocrx_word' id='word_1_719' title='bbox 846 5354 1038 5424; x_wconf 87' lang='lat' dir='ltr'>Neque</span> <span class='ocrx_word' id='word_1_720' title='bbox 1081 5368 1147 5406; x_wconf 92' lang='lat' dir='ltr'>ea</span> <span class='ocrx_word' id='word_1_721' title='bbox 1172 5369 1309 5407; x_wconf 90' lang='lat' dir='ltr'>sane</span> <span class='ocrx_word' id='word_1_722' title='bbox 1347 5351 1462 5405; x_wconf 90' lang='lat' dir='ltr'>sola</span> <span class='ocrx_word' id='word_1_723' title='bbox 1507 5349 1674 5418; x_wconf 90' lang='lat' dir='ltr'>ﬁunt,</span> <span class='ocrx_word' id='word_1_724' title='bbox 1714 5352 1811 5406; x_wconf 89' lang='lat' dir='ltr'>sed</span> 
     </span>
    </p>
   </div>
   <div class='ocr_carea' id='block_1_98' title="bbox 165 5444 1812 5516">
    <p class='ocr_par' dir='ltr' id='par_1_98' title="bbox 165 5444 1812 5516">
     <span class='ocr_line' id='line_1_98' title="bbox 165 5444 1812 5516; baseline -0.004 -12"><span class='ocrx_word' id='word_1_725' title='bbox 165 5450 344 5505; x_wconf 91' lang='lat' dir='ltr'>etiam</span> <span class='ocrx_word' id='word_1_726' title='bbox 385 5449 444 5502; x_wconf 91' lang='lat' dir='ltr'>in</span> <span class='ocrx_word' id='word_1_727' title='bbox 483 5447 798 5503; x_wconf 89' lang='lat' dir='ltr'>civitatibus</span> <span class='ocrx_word' id='word_1_728' title='bbox 843 5447 1148 5501; x_wconf 89' lang='lat' dir='ltr'>seditiones</span> <span class='ocrx_word' id='word_1_729' title='bbox 1195 5450 1252 5499; x_wconf 90' lang='lat' dir='ltr'>et</span> <span class='ocrx_word' id='word_1_730' title='bbox 1293 5444 1598 5516; x_wconf 89' lang='lat' dir='ltr'>populares</span> <span class='ocrx_word' id='word_1_731' title='bbox 1623 5449 1812 5499; x_wconf 90' lang='lat' dir='ltr'>motus</span> 
     </span>
    </p>
   </div>
   <div class='ocr_carea' id='block_1_99' title="bbox 164 5536 1810 5613">
    <p class='ocr_par' dir='ltr' id='par_1_99' title="bbox 164 5536 1810 5613">
     <span class='ocr_line' id='line_1_99' title="bbox 164 5536 1810 5613; baseline -0.004 -16"><span class='ocrx_word' id='word_1_732' title='bbox 164 5541 423 5613; x_wconf 71' lang='lat' dir='ltr'>pecunia:</span> <span class='ocrx_word' id='word_1_733' title='bbox 453 5545 532 5610; x_wconf 88' lang='lat' dir='ltr'>(ut</span> <span class='ocrx_word' id='word_1_734' title='bbox 555 5541 886 5612; x_wconf 90' lang='lat' dir='ltr'>plurimum)</span> <span class='ocrx_word' id='word_1_735' title='bbox 920 5555 1085 5594; x_wconf 84' lang='lat' dir='ltr'>causa</span> <span class='ocrx_word' id='word_1_736' title='bbox 1105 5543 1161 5593; x_wconf 90' lang='lat' dir='ltr'>et</span> <span class='ocrx_word' id='word_1_737' title='bbox 1186 5537 1504 5593; x_wconf 84' lang='lat' dir='ltr'>excitantur</span> <span class='ocrx_word' id='word_1_738' title='bbox 1533 5541 1590 5591; x_wconf 90' lang='lat' dir='ltr'>et</span> <span class='ocrx_word' id='word_1_739' title='bbox 1629 5536 1810 5608; x_wconf 89' lang='lat' dir='ltr'>repri-</span> 
     </span>
    </p>
   </div>
   <div class='ocr_carea' id='block_1_100' title="bbox 168 5631 1816 5690">
    <p class='ocr_par' dir='ltr' id='par_1_100' title="bbox 168 5631 1816 5690">
     <span class='ocr_line' id='line_1_100' title="bbox 168 5631 1816 5690; baseline -0.003 -1"><span class='ocrx_word' id='word_1_740' title='bbox 168 5640 426 5690; x_wconf 90' lang='lat' dir='ltr'>muntur.</span> <span class='ocrx_word' id='word_1_741' title='bbox 459 5636 522 5688; x_wconf 93' lang='lat' dir='ltr'>In</span> <span class='ocrx_word' id='word_1_742' title='bbox 550 5650 780 5689; x_wconf 90' lang='lat' dir='ltr'>summa</span> <span class='ocrx_word' id='word_1_743' title='bbox 807 5634 930 5688; x_wconf 65' lang='lat' dir='ltr'>haec</span> <span class='ocrx_word' id='word_1_744' title='bbox 950 5636 1034 5687; x_wconf 90' lang='lat' dir='ltr'>est</span> <span class='ocrx_word' id='word_1_745' title='bbox 1057 5631 1314 5686; x_wconf 87' lang='lat' dir='ltr'>omnium</span> <span class='ocrx_word' id='word_1_746' title='bbox 1340 5631 1625 5685; x_wconf 90' lang='lat' dir='ltr'>malorum</span> <span class='ocrx_word' id='word_1_747' title='bbox 1653 5646 1816 5685; x_wconf 89' lang='lat' dir='ltr'>causa</span> 
     </span>
    </p>
   </div>
   <div class='ocr_carea' id='block_1_101' title="bbox 166 5723 1815 5799">
    <p class='ocr_par' dir='ltr' id='par_1_101' title="bbox 166 5723 1815 5799">
     <span class='ocr_line' id='line_1_101' title="bbox 166 5723 1815 5799; baseline -0.004 -16"><span class='ocrx_word' id='word_1_748' title='bbox 166 5731 224 5784; x_wconf 91' lang='lat' dir='ltr'>et</span> <span class='ocrx_word' id='word_1_749' title='bbox 242 5727 518 5799; x_wconf 88' lang='lat' dir='ltr'>pecunias</span> <span class='ocrx_word' id='word_1_750' title='bbox 545 5744 616 5783; x_wconf 91' lang='lat' dir='ltr'>ex</span> <span class='ocrx_word' id='word_1_751' title='bbox 627 5726 823 5784; x_wconf 83' lang='lat' dir='ltr'>ofﬁciis</span> <span class='ocrx_word' id='word_1_752' title='bbox 832 5725 1165 5797; x_wconf 90' lang='lat' dir='ltr'>conquirere</span> <span class='ocrx_word' id='word_1_753' title='bbox 1179 5723 1441 5780; x_wconf 90' lang='lat' dir='ltr'>omnium</span> <span class='ocrx_word' id='word_1_754' title='bbox 1467 5723 1815 5794; x_wconf 87' lang='lat' dir='ltr'>ﬂagitiorum</span> 
     </span>
    </p>
   </div>
   <div class='ocr_carea' id='block_1_102' title="bbox 169 5816 1818 5893">
    <p class='ocr_par' dir='ltr' id='par_1_102' title="bbox 169 5816 1818 5893">
     <span class='ocr_line' id='line_1_102' title="bbox 169 5816 1818 5893; baseline -0.004 -17"><span class='ocrx_word' id='word_1_755' title='bbox 169 5820 522 5893; x_wconf 90' lang='lat' dir='ltr'>principium</span> <span class='ocrx_word' id='word_1_756' title='bbox 553 5823 608 5875; x_wconf 91' lang='lat' dir='ltr'>et</span> <span class='ocrx_word' id='word_1_757' title='bbox 631 5819 778 5874; x_wconf 87' lang='lat' dir='ltr'>ﬁnis.</span> <span class='ocrx_word' id='word_1_758' title='bbox 808 5820 874 5874; x_wconf 90' lang='lat' dir='ltr'>Et</span> <span class='ocrx_word' id='word_1_759' title='bbox 900 5818 1170 5890; x_wconf 91' lang='lat' dir='ltr'>profecto,</span> <span class='ocrx_word' id='word_1_760' title='bbox 1219 5817 1374 5890; x_wconf 90' lang='lat' dir='ltr'>quod</span> <span class='ocrx_word' id='word_1_761' title='bbox 1415 5833 1573 5873; x_wconf 89' lang='lat' dir='ltr'>sacra</span> <span class='ocrx_word' id='word_1_762' title='bbox 1614 5816 1818 5871; x_wconf 92' lang='lat' dir='ltr'>docent</span> 
     </span>
    </p>
   </div>
   <div class='ocr_carea' id='block_1_103' title="bbox 171 5909 1817 5988">
    <p class='ocr_par' dir='ltr' id='par_1_103' title="bbox 171 5909 1817 5988">
     <span class='ocr_line' id='line_1_103' title="bbox 171 5909 1817 5988; baseline -0.005 -16"><span class='ocrx_word' id='word_1_763' title='bbox 171 5913 427 5988; x_wconf 89' lang='lat' dir='ltr'>eloquia,</span> <span class='ocrx_word' id='word_1_764' title='bbox 465 5912 833 5969; x_wconf 88' lang='lat' dir='ltr'>admiratione</span> <span class='ocrx_word' id='word_1_765' title='bbox 877 5912 1117 5984; x_wconf 89' lang='lat' dir='ltr'>dignum</span> <span class='ocrx_word' id='word_1_766' title='bbox 1168 5910 1337 5967; x_wconf 87' lang='lat' dir='ltr'>simul</span> <span class='ocrx_word' id='word_1_767' title='bbox 1371 5915 1430 5967; x_wconf 91' lang='lat' dir='ltr'>et</span> <span class='ocrx_word' id='word_1_768' title='bbox 1457 5909 1817 5966; x_wconf 88' lang='lat' dir='ltr'>verissimum</span> 
     </span>
    </p>
   </div>
   <div class='ocr_carea' id='block_1_104' title="bbox 1905 4697 3544 4769">
    <p class='ocr_par' dir='ltr' id='par_1_104' title="bbox 1905 4697 3544 4769">
     <span class='ocr_line' id='line_1_104' title="bbox 1905 4697 3544 4769; baseline -0.001 -16"><span class='ocrx_word' id='word_1_769' title='bbox 1905 4713 2183 4753; x_wconf 88' lang='lat' dir='ltr'>nonarum</span> <span class='ocrx_word' id='word_1_770' title='bbox 2199 4702 2256 4751; x_wconf 90' lang='lat' dir='ltr'>et</span> <span class='ocrx_word' id='word_1_771' title='bbox 2281 4697 2532 4767; x_wconf 90' lang='lat' dir='ltr'>capitum</span> <span class='ocrx_word' id='word_1_772' title='bbox 2570 4697 2735 4752; x_wconf 89' lang='lat' dir='ltr'>titulo</span> <span class='ocrx_word' id='word_1_773' title='bbox 2764 4697 2929 4764; x_wconf 87' lang='lat' dir='ltr'>ferat,</span> <span class='ocrx_word' id='word_1_774' title='bbox 2983 4714 3112 4768; x_wconf 70' lang='lat' dir='ltr'>quae</span> <span class='ocrx_word' id='word_1_775' title='bbox 3148 4714 3252 4768; x_wconf 90' lang='lat' dir='ltr'>pro</span> <span class='ocrx_word' id='word_1_776' title='bbox 3295 4701 3544 4769; x_wconf 90' lang='lat' dir='ltr'>utroque</span> 
     </span>
    </p>
   </div>
   <div class='ocr_carea' id='block_1_105' title="bbox 1905 4789 3538 4862">
    <p class='ocr_par' dir='ltr' id='par_1_105' title="bbox 1905 4789 3538 4862">
     <span class='ocr_line' id='line_1_105' title="bbox 1905 4789 3538 4862; baseline -0.001 -15"><span class='ocrx_word' id='word_1_777' title='bbox 1905 4790 2088 4847; x_wconf 89' lang='lat' dir='ltr'>ofﬁcio</span> <span class='ocrx_word' id='word_1_778' title='bbox 2103 4806 2277 4862; x_wconf 89' lang='lat' dir='ltr'>usque</span> <span class='ocrx_word' id='word_1_779' title='bbox 2295 4789 2479 4844; x_wconf 89' lang='lat' dir='ltr'>adhuc</span> <span class='ocrx_word' id='word_1_780' title='bbox 2503 4789 2777 4860; x_wconf 89' lang='lat' dir='ltr'>percepit,</span> <span class='ocrx_word' id='word_1_781' title='bbox 2807 4790 2961 4844; x_wconf 89' lang='lat' dir='ltr'>nullo</span> <span class='ocrx_word' id='word_1_782' title='bbox 2987 4806 3054 4844; x_wconf 87' lang='lat' dir='ltr'>ex</span> <span class='ocrx_word' id='word_1_783' title='bbox 3089 4791 3195 4844; x_wconf 93' lang='lat' dir='ltr'>hoc</span> <span class='ocrx_word' id='word_1_784' title='bbox 3223 4790 3538 4846; x_wconf 89' lang='lat' dir='ltr'>deminuto.</span> 
     </span>
    </p>
   </div>
   <div class='ocr_carea' id='block_1_106' title="bbox 1905 4882 3547 4956">
    <p class='ocr_par' dir='ltr' id='par_1_106' title="bbox 1905 4882 3547 4956">
     <span class='ocr_line' id='line_1_106' title="bbox 1905 4882 3547 4956; baseline 0 -16"><span class='ocrx_word' id='word_1_785' title='bbox 1905 4886 2098 4955; x_wconf 88' lang='lat' dir='ltr'>Neque</span> <span class='ocrx_word' id='word_1_786' title='bbox 2124 4883 2340 4939; x_wconf 88' lang='lat' dir='ltr'>duabus</span> <span class='ocrx_word' id='word_1_787' title='bbox 2360 4882 2684 4936; x_wconf 89' lang='lat' dir='ltr'>cohortibus</span> <span class='ocrx_word' id='word_1_788' title='bbox 2711 4885 2922 4952; x_wconf 86' lang='lat' dir='ltr'>utatur,</span> <span class='ocrx_word' id='word_1_789' title='bbox 2957 4883 3056 4938; x_wconf 93' lang='lat' dir='ltr'>sed</span> <span class='ocrx_word' id='word_1_790' title='bbox 3075 4900 3145 4938; x_wconf 90' lang='lat' dir='ltr'>ex</span> <span class='ocrx_word' id='word_1_791' title='bbox 3169 4887 3404 4956; x_wconf 89' lang='lat' dir='ltr'>utraque</span> <span class='ocrx_word' id='word_1_792' title='bbox 3430 4890 3547 4940; x_wconf 78' lang='lat' dir='ltr'>tam</span> 
     </span>
    </p>
   </div>
   <div class='ocr_carea' id='block_1_107' title="bbox 1907 4975 3551 5050">
    <p class='ocr_par' dir='ltr' id='par_1_107' title="bbox 1907 4975 3551 5050">
     <span class='ocr_line' id='line_1_107' title="bbox 1907 4975 3551 5050; baseline 0 -18"><span class='ocrx_word' id='word_1_793' title='bbox 1907 4977 2183 5050; x_wconf 83' lang='lat' dir='ltr'>praesidis,</span> <span class='ocrx_word' id='word_1_794' title='bbox 2211 4991 2383 5047; x_wconf 88' lang='lat' dir='ltr'>quam</span> <span class='ocrx_word' id='word_1_795' title='bbox 2395 4975 2772 5029; x_wconf 88' lang='lat' dir='ltr'>vicariisimul</span> <span class='ocrx_word' id='word_1_796' title='bbox 2800 4976 3092 5048; x_wconf 88' lang='lat' dir='ltr'>permista,</span> <span class='ocrx_word' id='word_1_797' title='bbox 3113 4978 3551 5032; x_wconf 88' lang='lat' dir='ltr'>unaComitiana</span> 
     </span>
    </p>
   </div>
   <div class='ocr_carea' id='block_1_108' title="bbox 1908 5068 3547 5141">
    <p class='ocr_par' dir='ltr' id='par_1_108' title="bbox 1908 5068 3547 5141">
     <span class='ocr_line' id='line_1_108' title="bbox 1908 5068 3547 5141; baseline 0 -16"><span class='ocrx_word' id='word_1_798' title='bbox 1908 5087 1970 5126; x_wconf 89' lang='lat' dir='ltr'>re</span> <span class='ocrx_word' id='word_1_799' title='bbox 2014 5075 2071 5124; x_wconf 92' lang='lat' dir='ltr'>et</span> <span class='ocrx_word' id='word_1_800' title='bbox 2111 5069 2338 5124; x_wconf 89' lang='lat' dir='ltr'>nomine</span> <span class='ocrx_word' id='word_1_801' title='bbox 2384 5068 2761 5123; x_wconf 89' lang='lat' dir='ltr'>constituatur</span> <span class='ocrx_word' id='word_1_802' title='bbox 2800 5070 3161 5141; x_wconf 88' lang='lat' dir='ltr'>publicorum</span> <span class='ocrx_word' id='word_1_803' title='bbox 3203 5071 3547 5126; x_wconf 89' lang='lat' dir='ltr'>tributorum</span> 
     </span>
    </p>
   </div>
   <div class='ocr_carea' id='block_1_109' title="bbox 1908 5160 3550 5234">
    <p class='ocr_par' dir='ltr' id='par_1_109' title="bbox 1908 5160 3550 5234">
     <span class='ocr_line' id='line_1_109' title="bbox 1908 5160 3550 5234; baseline 0.001 -17"><span class='ocrx_word' id='word_1_804' title='bbox 1908 5162 2158 5234; x_wconf 88' lang='lat' dir='ltr'>periculo</span> <span class='ocrx_word' id='word_1_805' title='bbox 2182 5161 2291 5233; x_wconf 89' lang='lat' dir='ltr'>ipsi</span> <span class='ocrx_word' id='word_1_806' title='bbox 2319 5160 2489 5214; x_wconf 90' lang='lat' dir='ltr'>simul</span> <span class='ocrx_word' id='word_1_807' title='bbox 2520 5165 2578 5215; x_wconf 87' lang='lat' dir='ltr'>et</span> <span class='ocrx_word' id='word_1_808' title='bbox 2606 5161 2870 5215; x_wconf 89' lang='lat' dir='ltr'>omnibus</span> <span class='ocrx_word' id='word_1_809' title='bbox 2890 5163 3246 5232; x_wconf 90' lang='lat' dir='ltr'>imminente,</span> <span class='ocrx_word' id='word_1_810' title='bbox 3277 5163 3550 5218; x_wconf 89' lang='lat' dir='ltr'>nimirum</span> 
     </span>
    </p>
   </div>
   <div class='ocr_carea' id='block_1_110' title="bbox 1909 5252 3552 5326">
    <p class='ocr_par' dir='ltr' id='par_1_110' title="bbox 1909 5252 3552 5326">
     <span class='ocr_line' id='line_1_110' title="bbox 1909 5252 3552 5326; baseline 0 -15"><span class='ocrx_word' id='word_1_811' title='bbox 1909 5271 2026 5311; x_wconf 87' lang='lat' dir='ltr'>una</span> <span class='ocrx_word' id='word_1_812' title='bbox 2051 5255 2281 5309; x_wconf 90' lang='lat' dir='ltr'>cohorte</span> <span class='ocrx_word' id='word_1_813' title='bbox 2309 5252 2625 5320; x_wconf 86' lang='lat' dir='ltr'>constituta,</span> <span class='ocrx_word' id='word_1_814' title='bbox 2648 5258 2704 5308; x_wconf 88' lang='lat' dir='ltr'>et</span> <span class='ocrx_word' id='word_1_815' title='bbox 2722 5253 2782 5308; x_wconf 91' lang='lat' dir='ltr'>in</span> <span class='ocrx_word' id='word_1_816' title='bbox 2807 5256 2966 5309; x_wconf 91' lang='lat' dir='ltr'>nullo</span> <span class='ocrx_word' id='word_1_817' title='bbox 2992 5255 3217 5326; x_wconf 87' lang='lat' dir='ltr'>penitus</span> <span class='ocrx_word' id='word_1_818' title='bbox 3237 5255 3429 5322; x_wconf 88' lang='lat' dir='ltr'>divisa,</span> <span class='ocrx_word' id='word_1_819' title='bbox 3453 5256 3552 5311; x_wconf 89' lang='lat' dir='ltr'>sed</span> 
     </span>
    </p>
   </div>
   <div class='ocr_carea' id='block_1_111' title="bbox 1913 5344 3549 5419">
    <p class='ocr_par' dir='ltr' id='par_1_111' title="bbox 1913 5344 3549 5419">
     <span class='ocr_line' id='line_1_111' title="bbox 1913 5344 3549 5419; baseline -0.001 -16"><span class='ocrx_word' id='word_1_820' title='bbox 1913 5347 2184 5403; x_wconf 88' lang='lat' dir='ltr'>universis</span> <span class='ocrx_word' id='word_1_821' title='bbox 2205 5348 2262 5402; x_wconf 92' lang='lat' dir='ltr'>in</span> <span class='ocrx_word' id='word_1_822' title='bbox 2280 5363 2394 5401; x_wconf 89' lang='lat' dir='ltr'>uno</span> <span class='ocrx_word' id='word_1_823' title='bbox 2423 5346 2600 5400; x_wconf 89' lang='lat' dir='ltr'>veluti</span> <span class='ocrx_word' id='word_1_824' title='bbox 2622 5344 2862 5419; x_wconf 90' lang='lat' dir='ltr'>collegio</span> <span class='ocrx_word' id='word_1_825' title='bbox 2882 5347 3228 5418; x_wconf 88' lang='lat' dir='ltr'>conjunctim</span> <span class='ocrx_word' id='word_1_826' title='bbox 3256 5346 3549 5403; x_wconf 86' lang='lat' dir='ltr'>militanti-</span> 
     </span>
    </p>
   </div>
   <div class='ocr_carea' id='block_1_112' title="bbox 1911 5439 3547 5512">
    <p class='ocr_par' dir='ltr' id='par_1_112' title="bbox 1911 5439 3547 5512">
     <span class='ocr_line' id='line_1_112' title="bbox 1911 5439 3547 5512; baseline 0 -16"><span class='ocrx_word' id='word_1_827' title='bbox 1911 5442 2017 5496; x_wconf 89' lang='lat' dir='ltr'>bus</span> <span class='ocrx_word' id='word_1_828' title='bbox 2044 5457 2057 5495; x_wconf 90' lang='lat'><strong>:</strong></span> <span class='ocrx_word' id='word_1_829' title='bbox 2088 5441 2275 5496; x_wconf 90' lang='lat' dir='ltr'>ferens</span> <span class='ocrx_word' id='word_1_830' title='bbox 2304 5439 2440 5494; x_wconf 89' lang='lat' dir='ltr'>item</span> <span class='ocrx_word' id='word_1_831' title='bbox 2466 5456 2536 5494; x_wconf 91' lang='lat' dir='ltr'>ex</span> <span class='ocrx_word' id='word_1_832' title='bbox 2561 5439 2784 5512; x_wconf 89' lang='lat' dir='ltr'>publico</span> <span class='ocrx_word' id='word_1_833' title='bbox 2809 5455 3062 5493; x_wconf 86' lang='lat' dir='ltr'>annonas</span> <span class='ocrx_word' id='word_1_834' title='bbox 3092 5444 3149 5493; x_wconf 88' lang='lat' dir='ltr'>et</span> <span class='ocrx_word' id='word_1_835' title='bbox 3187 5440 3369 5510; x_wconf 89' lang='lat' dir='ltr'>capita</span> <span class='ocrx_word' id='word_1_836' title='bbox 3407 5458 3547 5512; x_wconf 91' lang='lat' dir='ltr'>pro-</span> 
     </span>
    </p>
   </div>
   <div class='ocr_carea' id='block_1_113' title="bbox 1912 5532 3554 5607">
    <p class='ocr_par' dir='ltr' id='par_1_113' title="bbox 1912 5532 3554 5607">
     <span class='ocr_line' id='line_1_113' title="bbox 1912 5532 3554 5607; baseline -0.001 -17"><span class='ocrx_word' id='word_1_837' title='bbox 1912 5539 2041 5607; x_wconf 90' lang='lat' dir='ltr'>pter</span> <span class='ocrx_word' id='word_1_838' title='bbox 2067 5533 2529 5606; x_wconf 88' lang='lat' dir='ltr'>cougeminatum</span> <span class='ocrx_word' id='word_1_839' title='bbox 2558 5532 2896 5606; x_wconf 89' lang='lat' dir='ltr'>periculum,</span> <span class='ocrx_word' id='word_1_840' title='bbox 2938 5548 3065 5602; x_wconf 66' lang='lat' dir='ltr'>quae</span> <span class='ocrx_word' id='word_1_841' title='bbox 3104 5536 3346 5603; x_wconf 90' lang='lat' dir='ltr'>utraque</span> <span class='ocrx_word' id='word_1_842' title='bbox 3385 5539 3554 5589; x_wconf 88' lang='lat' dir='ltr'>antea</span> 
     </span>
    </p>
   </div>
   <div class='ocr_carea' id='block_1_114' title="bbox 1916 5622 3549 5694">
    <p class='ocr_par' dir='ltr' id='par_1_114' title="bbox 1916 5622 3549 5694">
     <span class='ocr_line' id='line_1_114' title="bbox 1916 5622 3549 5694; baseline -0.002 -12"><span class='ocrx_word' id='word_1_843' title='bbox 1916 5629 2115 5682; x_wconf 88' lang='lat' dir='ltr'>cohors</span> <span class='ocrx_word' id='word_1_844' title='bbox 2149 5627 2390 5682; x_wconf 88' lang='lat' dir='ltr'>ferebat.</span> <span class='ocrx_word' id='word_1_845' title='bbox 2419 5627 2541 5681; x_wconf 90' lang='lat' dir='ltr'>Non</span> <span class='ocrx_word' id='word_1_846' title='bbox 2567 5631 2758 5681; x_wconf 79' lang='lat' dir='ltr'>tamen</span> <span class='ocrx_word' id='word_1_847' title='bbox 2783 5631 2849 5679; x_wconf 92' lang='lat' dir='ltr'>ut</span> <span class='ocrx_word' id='word_1_848' title='bbox 2866 5627 2998 5678; x_wconf 86' lang='lat' dir='ltr'>ante</span> <span class='ocrx_word' id='word_1_849' title='bbox 3028 5622 3261 5694; x_wconf 88' lang='lat' dir='ltr'>quidem</span> <span class='ocrx_word' id='word_1_850' title='bbox 3287 5624 3549 5694; x_wconf 85' lang='lat' dir='ltr'>vicarius,</span> 
     </span>
    </p>
   </div>
   <div class='ocr_carea' id='block_1_115' title="bbox 1916 5716 3549 5792">
    <p class='ocr_par' dir='ltr' id='par_1_115' title="bbox 1916 5716 3549 5792">
     <span class='ocr_line' id='line_1_115' title="bbox 1916 5716 3549 5792; baseline -0.003 -16"><span class='ocrx_word' id='word_1_851' title='bbox 1916 5737 2069 5776; x_wconf 91' lang='lat' dir='ltr'>nunc</span> <span class='ocrx_word' id='word_1_852' title='bbox 2121 5737 2254 5776; x_wconf 90' lang='lat' dir='ltr'>vero</span> <span class='ocrx_word' id='word_1_853' title='bbox 2305 5719 2618 5792; x_wconf 90' lang='lat' dir='ltr'>spectabilis</span> <span class='ocrx_word' id='word_1_854' title='bbox 2665 5718 2975 5773; x_wconf 71' lang='lat' dir='ltr'>Pacatianaa</span> <span class='ocrx_word' id='word_1_855' title='bbox 3018 5716 3285 5789; x_wconf 80' lang='lat' dir='ltr'>Phrygiae</span> <span class='ocrx_word' id='word_1_856' title='bbox 3337 5733 3549 5784; x_wconf 89' lang='lat' dir='ltr'>comes,</span> 
     </span>
    </p>
   </div>
   <div class='ocr_carea' id='block_1_116' title="bbox 1917 5809 3555 5881">
    <p class='ocr_par' dir='ltr' id='par_1_116' title="bbox 1917 5809 3555 5881">
     <span class='ocr_line' id='line_1_116' title="bbox 1917 5809 3555 5881; baseline -0.003 -12"><span class='ocrx_word' id='word_1_857' title='bbox 1917 5815 2091 5869; x_wconf 89' lang='lat' dir='ltr'>ullam</span> <span class='ocrx_word' id='word_1_858' title='bbox 2117 5814 2348 5868; x_wconf 90' lang='lat' dir='ltr'>omnino</span> <span class='ocrx_word' id='word_1_859' title='bbox 2393 5814 2450 5867; x_wconf 90' lang='lat' dir='ltr'>in</span> <span class='ocrx_word' id='word_1_860' title='bbox 2487 5815 2716 5867; x_wconf 64' lang='lat' dir='ltr'>caeteras</span> <span class='ocrx_word' id='word_1_861' title='bbox 2758 5809 2948 5865; x_wconf 78' lang='lat' dir='ltr'>Asiani</span> <span class='ocrx_word' id='word_1_862' title='bbox 2988 5813 3198 5865; x_wconf 89' lang='lat' dir='ltr'>tractus</span> <span class='ocrx_word' id='word_1_863' title='bbox 3238 5811 3555 5881; x_wconf 89' lang='lat' dir='ltr'>provincias</span> 
     </span>
    </p>
   </div>
   <div class='ocr_carea' id='block_1_117' title="bbox 1917 5903 3559 5982">
    <p class='ocr_par' dir='ltr' id='par_1_117' title="bbox 1917 5903 3559 5982">
     <span class='ocr_line' id='line_1_117' title="bbox 1917 5903 3559 5982; baseline -0.001 -19"><span class='ocrx_word' id='word_1_864' title='bbox 1917 5911 2256 5982; x_wconf 83' lang='lat' dir='ltr'>potestatem</span> <span class='ocrx_word' id='word_1_865' title='bbox 2288 5907 2391 5964; x_wconf 89' lang='lat' dir='ltr'>sibi</span> <span class='ocrx_word' id='word_1_866' title='bbox 2430 5911 2487 5963; x_wconf 85' lang='lat' dir='ltr'>et</span> <span class='ocrx_word' id='word_1_867' title='bbox 2511 5905 2821 5979; x_wconf 87' lang='lat' dir='ltr'>imperium</span> <span class='ocrx_word' id='word_1_868' title='bbox 2855 5907 3115 5978; x_wconf 87' lang='lat' dir='ltr'>usurpet,</span> <span class='ocrx_word' id='word_1_869' title='bbox 3158 5903 3254 5960; x_wconf 88' lang='lat' dir='ltr'>sed</span> <span class='ocrx_word' id='word_1_870' title='bbox 3291 5903 3559 5977; x_wconf 86' lang='lat' dir='ltr'>quemad-</span> 
     </span>
    </p>
   </div>
  </div>
