4034 6228
471 411 573 465 951

1624 409 1878 465 ΞΑΞΟΙΠᾸ
1917 407 2109 463 SEXTI
2149 407 2704 463 SUPPLEMENTUM.

3764 419 3866 471 952

464 516 702 571 modum
719 516 1042 587 spectabilis
1060 518 1370 572 Pacatiana.l
1388 518 1650 589 Phrygiae
1670 518 1896 572 comitis
1916 516 2106 588 appel-
2127 527 2186 599 Α
2206 516 2288 570 ita
2313 515 2596 570 sancimus
2615 520 2681 571 ut
2699 517 2799 588 qui
2819 517 3042 589 integre
3063 534 3122 574 se
3146 519 3205 573 in
3222 519 3420 574 ofﬁciis
3444 525 3680 592 gerunt,
3705 524 3866 579 omni

466 609 741 665 lationem
769 610 1003 680 obtinet,
1033 611 1110 665 ita
1129 611 1302 665 etiam
1328 610 1448 665 sola
1474 610 1557 681 (ut
1584 611 1968 682 prtediximus)
1998 612 2098 664 Pa-

462 704 681 758 catiana
707 704 954 775 Phrygia
979 706 1277 759 contentus
1307 703 1399 758 sit.
1427 706 1541 759 Hoc
1569 704 1758 776 ipsum
1786 722 1917 761 vero
1962 712 2019 762 et
2043 707 2104 759 in

463 797 642 852 altero
675 797 1028 864 vicariorum,
1062 797 1161 868 qui
1197 801 1329 852 ante
1376 814 1482 868 per
1518 799 1813 854 Ponticum
1858 805 2105 856 tractum

468 895 632 947 erant
653 890 962 957 constituti,
993 890 1318 961 deﬁnimus,
1349 896 1414 946 ut
1439 908 1558 946 non
1582 893 1695 947 duo
1719 894 1779 947 in
1804 897 2098 965 posterum

464 985 727 1053 existant,
756 984 854 1039 sed
884 999 1029 1037 unus
1057 988 1283 1039 tantum
1307 986 1405 1056 qui
1437 986 1666 1056 quidem
1698 1004 1887 1042 comes
1912 988 2105 1059 appel-

464 1078 618 1131 letur
640 1077 868 1131 Galatiae
882 1077 1102 1147 primm,
1126 1077 1335 1133 habeat
1360 1083 1552 1134 autem
1582 1080 1662 1147 (ut
1686 1081 1856 1136 hodie
1876 1098 2103 1152 quoque

462 1170 621 1241 solet)
649 1170 822 1224 etiam
850 1170 908 1224 in
932 1170 1143 1226 milites
1165 1174 1523 1242 potestatem,
1553 1173 1605 1226 ei
1646 1175 1945 1245 utriusque
1977 1175 2102 1229 ofﬁ-

465 1265 536 1319 cii
572 1280 827 1318 annonas
856 1264 1020 1319 ferat.
1064 1266 1133 1319 Ut
1156 1269 1348 1319 tamen
1376 1271 1533 1320 extra
1559 1266 1830 1321 Galatiam
1862 1268 2105 1338 primam

470 1357 701 1416 (nullam
745 1357 898 1412 enim
946 1358 1179 1412 omnino
1213 1358 1382 1412 aliam
1427 1359 1479 1413 ei
1518 1360 1921 1432 permittimus)
1963 1362 2104 1417 nihil

463 1450 716 1505 obtineat
741 1451 968 1522 imperii
994 1452 1053 1506 in
1081 1452 1259 1505 ullam
1286 1452 1576 1507 Ponticam
1603 1454 1972 1524 provinciam,
2005 1455 2104 1510 sed

460 1560 566 1616 per
593 1544 769 1599 solam
809 1544 1084 1599 Galatiam
1114 1545 1358 1615 primam
1389 1546 1760 1602 consimiliter
1789 1552 1845 1601 et
1873 1549 2103 1603 cohorte

461 1637 753 1709 permista,
782 1644 838 1692 et
864 1655 968 1709 pro
995 1655 1108 1693 uno
1131 1640 1214 1710 (ut
1240 1639 1504 1710 diximus)
1536 1640 1848 1695 Comitiano
1870 1642 2103 1713 collegio

459 1746 523 1785 re
553 1736 609 1785 et
634 1731 866 1785 nomine
886 1732 1171 1787 intellecta
1198 1738 1255 1788 et
1281 1738 1596 1801 numerata,
1620 1734 1850 1790 nemine
1876 1751 1945 1790 ex
1969 1736 2105 1806 ipsis

462 1824 640 1879 ullam
667 1841 802 1895 erga
837 1826 976 1879 alios
1004 1826 1235 1880 omnino
1267 1826 1642 1882 differentiam
1670 1828 1977 1897 obtinente,
2005 1829 2103 1883 sed

461 1933 578 1972 una
609 1918 808 1972 cohors
832 1919 906 1972 sit
930 1918 998 1972 iis
1039 1920 1139 1990 qui
1173 1920 1273 1973 uni
1310 1920 1542 1991 praesidi
1588 1920 1758 1975 unius
1799 1922 2101 1992 provinciae
2122 1896 2178 1968 B

461 2011 666 2065 rectori
695 2011 932 2081 subjecti
958 2017 1108 2078 sunt,
1140 2016 1259 2067 tota
1307 2013 1476 2067 simul
1525 2013 1761 2069 cohorte
1805 2030 1925 2069 una
1970 2032 2102 2070 cum

464 2120 564 2158 suo
592 2104 832 2174 praeside
862 2106 1008 2159 circa
1032 2106 1247 2160 tributa
1267 2106 1639 2177 periclitante.

534 2197 680 2251 Nulli
708 2214 938 2268 quoque
957 2198 1138 2268 judici
1160 2199 1389 2270 penitus
1416 2199 1802 2267 concedimus,
1820 2216 2008 2271 neque
2031 2202 2104 2257 ci-

460 2290 577 2355 vili,
608 2306 796 2361 neque
822 2291 1080 2359 militari,
1110 2292 1336 2347 mittere
1361 2308 1467 2364 per
1494 2292 1745 2347 civitates
1774 2293 2099 2364 provinciae,

461 2385 666 2456 quibus
695 2384 978 2455 praesidet,
1014 2401 1111 2439 eos
1141 2386 1238 2456 qui
1268 2392 1542 2440 vocantur
1585 2387 1689 2440 loci
1744 2391 2051 2441 servatores
2081 2406 2098 2456 ;

462 2477 787 2546 scientibus,
816 2478 967 2548 quod
999 2478 1045 2532 si
1074 2479 1211 2549 quid
1240 2479 1353 2533 tale
1369 2479 1623 2548 fecerint,
1655 2479 1762 2550 ipsi
1787 2481 1986 2535 cadent
2010 2481 2105 2535 ad-

463 2570 894 2640 ministratione,
926 2576 1335 2642 praesumentes
1371 2572 1508 2627 alios
1548 2572 1609 2628 in
1650 2588 1818 2627 suum
1850 2574 2103 2629 ofﬁcium

464 2664 699 2719 elevare.

533 2757 688 2812 Idem
709 2757 815 2811 hoc
840 2756 1079 2811 dicimus
1109 2761 1165 2813 et
1190 2757 1251 2812 in
1280 2758 1591 2813 clarissimo
1619 2758 1824 2814 comite
1858 2759 2103 2815 Orientis

462 2854 517 2905 et
547 2849 861 2905 clarissimo
895 2850 1134 2921 praeside
1162 2850 1315 2921 (nam
1345 2856 1402 2906 et
1429 2852 1543 2906 illic
1568 2869 1638 2907 ex
1666 2857 1905 2924 utraque
1924 2871 2102 2909 unam

462 2942 1011 2998 administrationem
1046 2944 1299 3016 facimus)
1329 2949 1394 3000 ut
1420 2961 1627 3001 nomen
1642 2947 1876 3018 quidem
1893 2953 2103 3019 specta-

467 3037 598 3091 bilis
628 3036 850 3091 comitis
873 3037 1351 3107 Orientishabeat,
1373 3039 1473 3094 uni
1503 3055 1635 3094 vero
1680 3043 1903 3095 tantum
1936 3057 1998 3096 re
2046 3045 2103 3096 et

463 3131 696 3185 nomine
744 3130 1072 3185 Comitianaa
1104 3132 1323 3186 cohorti
1361 3133 1626 3203 imperet,
1666 3139 1721 3188 et
1746 3134 1996 3205 primam
2018 3151 2102 3188 so-

462 3223 756 3278 lummodo
788 3223 1011 3293 Syriam
1031 3228 1088 3277 et
1110 3224 1494 3294 Cyrrhesticos
1520 3231 1700 3297 regat,
1731 3232 1788 3281 et
1807 3227 2101 3297 utriusque
2121 3264 2177 3338 Ο

460 3314 673 3389 pariter
703 3316 872 3370 officii
892 3316 1132 3370 annonis
1151 3317 1496 3387 perfruatur.
1526 3319 1821 3391 Equalem
1842 3320 1997 3374 enim
2016 3321 2098 3374 vi-

462 3408 628 3465 cariis
654 3408 841 3479 ipsum
872 3425 1098 3480 quoque
1122 3409 1411 3480 ponimus,
1446 3414 1510 3466 ut
1553 3416 1611 3467 et
1649 3412 1769 3483 ipse
1810 3429 1925 3467 una
1971 3429 2102 3469 cum

463 3502 695 3557 cohorte
724 3500 807 3555 illi
826 3502 1239 3558 obsecundante
1281 3519 1384 3574 pro
1420 3503 1765 3559 tributorum
1810 3507 2101 3563 exactione

461 3601 519 3652 et
545 3595 720 3651 civilis
753 3612 818 3650 ac
858 3595 1101 3667 publicae
1142 3595 1451 3668 disciplima
1487 3598 1906 3654 conservatione
1943 3600 2097 3671 peri-

462 3690 704 3745 clitetur.

529 3784 704 3839 Porro
734 3782 998 3838 volumus
1033 3787 1100 3837 ut
1153 3798 1351 3839 omnes
1400 3785 1638 3840 omnino
1678 3785 2099 3856 provinciarum

418 3922 419 3925 η
459 3882 783 3933 nostrarum
808 3876 1143 3948 praesidibus
1186 3877 1578 3948 subjiciantur.
1618 3877 1831 3933 Plebeii
1866 3879 2099 3950 quidem

462 3970 653 4042 (prout
662 3969 1071 4040 jurisdictionis
1089 3970 1385 4042 preprium
1407 3972 1508 4041 est)
1529 3971 1588 4025 in
1604 3971 1867 4026 omnibus
1888 3971 2093 4042 causis,

461 4067 519 4118 et
538 4077 876 4134 quacunque
899 4063 1212 4130 occasione,
1234 4068 1353 4118 tam
1378 4063 1706 4135 pecuniaria
1724 4081 1896 4135 quam
1911 4065 2100 4119 crimi-

464 4154 601 4210 nali.
631 4153 737 4218 Qui
773 4170 905 4209 vero
929 4155 1130 4209 militia
1161 4155 1430 4226 decorati,
1461 4163 1517 4212 et
1540 4157 1786 4228 propriis
1812 4158 2099 4229 judicibus

464 4245 717 4319 deputati
748 4250 899 4315 sunt,
933 4246 1302 4303 nihilominus
1329 4248 1499 4304 etiam
1522 4250 1614 4304 isti
1643 4266 1746 4321 per
1773 4251 1963 4305 omnia
1987 4250 2098 4305 illis

460 4340 807 4396 tributorum
835 4343 891 4395 et
919 4339 1224 4395 criminum
1259 4342 1545 4397 occasione
1570 4342 1959 4413 subjiciantur.
1993 4343 2097 4399 Sed

460 4449 647 4506 neque
662 4449 756 4489 eos
781 4432 879 4505 qui
893 4449 963 4488 ex
991 4449 1330 4506 quocunque
1347 4435 1480 4490 hinc
1492 4435 1706 4506 judicio
1732 4453 2096 4508 quascunque

460 4527 766 4583 sententias
784 4528 1076 4583 executuri
1095 4532 1437 4597 commeant,
1465 4528 1753 4600 patiantur
1776 4530 2093 4601 provincia-

2205 609 2444 676 honore,
2477 611 2815 677 reverentia,
2841 611 3173 668 auctoritate
3205 614 3515 685 potiantur.

2274 703 2358 757 Ad
2388 720 2521 758 eum
2550 704 2739 775 itaque
2767 705 3003 759 modum
3020 706 3273 761 discretis
3300 723 3333 760 a
3358 707 3526 762 nobis
3557 708 3864 779 magistra-

2206 796 2378 865 tibus,
2411 798 2679 852 convenit
2704 802 2769 852 ut
2796 797 2887 853 hic
2910 798 3059 853 facta
3090 799 3161 857 de
3192 801 3304 855 Deo
3332 802 3629 856 mentione
3661 818 3861 858 coram

2204 890 2384 958 nobis,
2414 895 2512 945 aut
2540 891 2604 961 (si
2629 895 2854 945 tantum
2879 890 3044 946 nobis
3071 892 3170 946 otii
3200 909 3319 948 non
3347 896 3637 966 suppetat)
3660 912 3859 951 coram

2207 983 2536 1038 celsitudine
2563 989 2663 1038 tua
2682 988 2739 1038 et
2762 985 2834 1038 iis
2854 985 2951 1056 qui
2976 1002 3233 1057 unquam
3251 987 3446 1041 sedem
3464 993 3627 1043 tuam
3657 991 3865 1046 conde-

2206 1077 2542 1145 coraverint,
2583 1094 2885 1149 coramque
2916 1096 2983 1132 eo
3015 1080 3113 1149 qui
3138 1097 3393 1152 unquam
3419 1098 3721 1137 sacrarum
3754 1101 3860 1138 ηο-

2204 1174 2449 1223 strarum
2459 1170 2829 1241 largitionum
2848 1171 3290 1242 gloriosissimus
3310 1191 3496 1229 comes
3508 1176 3744 1231 futurus
3755 1184 3859 1247 est,

2204 1268 2260 1317 et
2290 1262 2690 1333 gloriosissimo
2710 1268 2993 1335 quaestore
3023 1267 3166 1320 sacri
3195 1268 3380 1322 nostri
3407 1269 3621 1339 palatii,
3646 1276 3705 1325 et
3735 1270 3861 1341 glo-

2203 1355 2512 1410 riosissimo
2531 1357 2740 1411 comite
2767 1358 3089 1430 ubicunque
3110 1361 3545 1416 constitutarum
3563 1380 3862 1419 sacrarum

2202 1454 2525 1504 nostrarum
2561 1466 2756 1504 rerum
2806 1452 3180 1522 privatarum,
3227 1460 3510 1525 praesente
3564 1456 3711 1511 item
3758 1475 3861 1529 pro

2204 1548 2459 1614 tempore
2481 1544 3044 1614 magniﬁcentissimo
3087 1546 3431 1602 chartulario
3477 1551 3625 1603 sacri
3673 1552 3862 1606 nostri

2205 1636 2469 1703 cubiculi,
2496 1637 2595 1707 qui
2623 1637 2783 1691 nobis
2811 1655 2844 1691 a
2874 1638 3144 1693 codicillis
3169 1645 3286 1706 est;
3320 1641 3367 1694 is
3403 1642 3499 1712 qui
3544 1644 3858 1715 magistra-

2203 1733 2329 1783 tum
2357 1729 2623 1800 suscepit,
2648 1730 3057 1800 jusjurandum
3084 1738 3332 1803 przestet,
3354 1735 3574 1789 nemini
3605 1752 3665 1790 se
3698 1737 3863 1808 quid-

2204 1839 2375 1894 quam
2390 1823 2627 1878 omnino
2646 1824 2733 1878 vel
2752 1824 3007 1878 muneris
3030 1826 3114 1879 vel
3141 1827 3440 1897 patrocinii
3462 1828 3588 1887 loco
3612 1830 3858 1900 dedisse,

2202 1916 2601 1988 promisissive,
2636 1920 2738 1972 aut
2762 1933 2831 1971 ex
2861 1918 3149 1988 provincia
3190 1920 3419 1976 mittere
3450 1928 3686 1992 pactum
3715 1940 3859 1991 esse,

2201 2010 2315 2064 sive
2337 2009 2721 2080 gloriosissimi
2740 2010 2989 2081 praefecti
3013 2012 3144 2080 sint,
3165 2013 3279 2068 sive
3298 2014 3396 2067 alii
3422 2031 3554 2069 cum
3575 2020 3861 2086 potestate

2202 2103 2526 2169 existentes,
2558 2104 2672 2170 sive
2693 2103 2841 2157 circa
2866 2104 2990 2159 illos
3020 2106 3228 2159 versari
3260 2106 3430 2173 soliti,
3459 2107 3573 2162 sive
3606 2109 3859 2179 quicun-

2201 2212 2332 2267 que,
2378 2196 2543 2251 titulo
2590 2196 2828 2267 inquam
2872 2197 3187 2268 patrocinii,
3226 2200 3323 2253 sed
3362 2202 3858 2271 quemadmodum

2204 2289 2515 2359 gratuitum
2544 2290 2946 2360 magistratum
2974 2291 3145 2361 capit,
3178 2292 3441 2363 percipit,
3475 2300 3757 2364 praeterea
3786 2312 3857 2350 ex

2202 2381 2428 2452 publico
2456 2398 2714 2437 annonas
2749 2382 2908 2453 (quas
2936 2383 3170 2454 quidem
3201 2388 3258 2438 et
3286 2386 3435 2440 solas
3462 2387 3651 2457 ipsum
3678 2389 3860 2458 perci-

2201 2490 2337 2546 pere
2369 2475 2650 2545 sinimus),
2676 2476 2755 2528 ita
2775 2480 2831 2529 et
2857 2475 3015 2545 puris
3040 2476 3231 2546 ipsum
3265 2479 3533 2533 manibus
3560 2497 3857 2534 conserva-

2199 2566 2302 2635 bit,
2334 2569 2442 2623 Deo
2468 2568 2638 2622 simul
2667 2572 2723 2622 et
2742 2568 2902 2622 nobis
2930 2584 2996 2623 eo
3024 2570 3257 2626 nomine
3279 2572 3564 2627 rationem
3596 2574 3854 2629 redditu-

2201 2677 2317 2715 rus.
2350 2661 2496 2715 Sciat
2524 2661 2681 2714 enim
2719 2661 2989 2715 celsitudo
3015 2667 3132 2731 tua,
3174 2668 3232 2717 et
3259 2664 3357 2734 qui
3388 2665 3658 2720 eumdem
3685 2667 3849 2721 thro-

2200 2769 2342 2807 num
2363 2757 2490 2824 post
2514 2759 2569 2807 te
2593 2754 2990 2822 conscenderit,
3022 2755 3174 2825 quod
3198 2756 3310 2810 sive
3335 2757 3463 2827 ipsi,
3497 2757 3613 2812 sive
3641 2759 3855 2830 hiquo-

2201 2863 2331 2900 rum
2351 2862 2524 2917 opera
2548 2846 2608 2900 in
2623 2847 2930 2901 commissa
2942 2848 3048 2901 sibi
3066 2854 3224 2919 parte
3240 2850 3567 2920 reipublicae
3586 2855 3849 2921 utuntur,

2202 2939 2319 2994 sive
2351 2939 2554 2993 cohors
2598 2944 2714 3006 tua,
2743 2944 2841 2993 aut
2864 2940 2935 2993 ab
2977 2940 3047 2993 iis
3100 2942 3201 3011 qui
3241 2942 3313 2996 ad
3355 2943 3625 3012 praedicta
3665 2944 3853 2999 ofﬁcia

2200 3031 2653 3103 proﬁciscuntur,
2689 3037 2788 3087 aut
2840 3033 3039 3103 quovis
3080 3034 3210 3099 alio,
3268 3035 3584 3107 quidquam
3639 3043 3854 3107 printer

2201 3125 2635 3180 consuetudines
2653 3125 2788 3196 ipsis
2815 3142 2849 3179 a
2875 3126 3039 3180 nobis
3067 3127 3327 3181 deﬁnitas
3358 3128 3519 3199 (quas
3546 3130 3723 3185 etiam
3756 3148 3845 3185 so-

2199 3219 2281 3273 las
2327 3218 2663 3273 arbitrantes
2703 3217 2982 3287 sufﬁcere,
3022 3220 3147 3274 dari
3191 3221 3562 3292 decrevimus)
3590 3225 3850 3295 accipere

2202 3311 2671 3383 praesumpserint
2694 3328 2707 3366 :
2733 3328 2898 3383 pasna
2918 3313 3363 3385 haudquaquam
3374 3315 3511 3370 levis
3525 3316 3846 3389 inﬁigetur,

2201 3404 2297 3459 sed
2325 3403 2535 3459 summi
2564 3404 2799 3475 quidem
2817 3405 3201 3476 magistratus,
3222 3407 3320 3477 qui
3332 3408 3548 3479 aliquid
3564 3409 3728 3464 abiis
3745 3410 3851 3482 qui

2199 3498 2271 3552 ad
2301 3497 2571 3568 praedicta
2599 3497 2781 3551 ofﬁcia
2820 3497 3276 3569 proﬁciscuntur,
3315 3501 3402 3555 vel
3441 3501 3549 3572 ipsi
3584 3503 3848 3574 accipere

2200 3590 2321 3644 ausi
2338 3590 2572 3659 fuerint,
2604 3591 2690 3645 vel
2716 3591 3011 3646 cohortem
3031 3608 3195 3647 suam
3213 3593 3505 3649 consimile
3518 3595 3736 3667 aliquid
3760 3596 3846 3651 fa-

2198 3699 2324 3738 cere
2353 3682 2735 3755 permiserint,
2762 3686 2850 3739 vel
2876 3685 2946 3740 ad
2976 3701 3036 3741 se
3078 3686 3326 3742 delatum
3360 3703 3477 3742 non
3508 3690 3847 3745 emendave-

2198 3776 2331 3845 rint,
2363 3792 2479 3831 non
2507 3776 2694 3831 solum
2722 3778 2873 3850 quod
2908 3783 3269 3850 acceperunt,
3308 3779 3428 3850 ejus
3454 3782 3843 3854 quadruplum

2197 3870 2516 3942 restituent,
2549 3887 2749 3927 verum
2774 3872 2946 3927 etiam
2972 3888 3204 3943 gravem
3230 3872 3689 3945 indignationem
3721 3892 3841 3931 sus-

2197 3962 2476 4033 tinebunt,
2511 3969 2568 4020 et
2603 3980 2676 4019 ne
2713 3965 2781 4020 de
2823 3968 3120 4036 potentatu
3166 3966 3586 4036 periclitentur,
3616 3970 3842 4024 solliciti

2198 4061 2384 4111 erunt.
2415 4058 2469 4113 Si
2496 4073 2627 4112 vero
2656 4057 2754 4129 qui
2785 4057 2932 4112 circa
2957 4058 3111 4129 ipsos
3147 4062 3301 4127 sunt,
3347 4060 3663 4132 cohorsque
3710 4062 3842 4134 ipsis

2197 4148 2595 4222 obtemperans
2626 4150 2771 4206 ultra
2798 4167 2864 4206 ea
2897 4167 3026 4222 quze
3056 4168 3091 4204 a
3112 4151 3275 4205 nobis
3299 4168 3559 4208 concessa
3583 4158 3718 4209 sunt
3760 4172 3843 4210 ac-

2197 4241 2384 4313 cipere
2399 4242 2611 4315 aliquid
2630 4243 3094 4314 pertentaverint,
3117 4243 3485 4312 tenebuntur,
3508 4251 3567 4301 et
3581 4246 3692 4317 ipsi
3712 4264 3844 4318 qua-

2197 4334 2387 4406 drupli
2410 4335 2765 4391 restitutione
2797 4336 2865 4389 iis
2882 4336 2983 4407 qui
3009 4336 3222 4391 damno
3236 4336 3421 4392 affecti
3436 4343 3589 4407 sunt,
3617 4344 3676 4394 et
3698 4341 3838 4395 ultra

2195 4427 2303 4482 hoc
2327 4428 2479 4499 quod
2502 4428 2683 4499 poenis
2707 4427 3098 4499 subjicientur,
3147 4445 3277 4499 quia
3326 4430 3589 4500 ipsorum
3641 4433 3837 4488 delicta

2192 4520 2634 4593 promeruerint,
2684 4521 3078 4592 spoliabuntur
3096 4521 3268 4576 etiam
3290 4522 3453 4577 bonis
3476 4527 3536 4578 et
3586 4524 3833 4598 cingulo.

460 4638 592 4677 rum
621 4621 893 4691 praesides
905 4622 1383 4677 consuetudinum
1399 4638 1500 4677 seu
1519 4623 1902 4694 sportularum
1915 4623 2095 4678 nomi-

2265 4614 2506 4670 Proinde
2531 4630 2661 4668 cum
2690 4614 2769 4668 ita
2800 4613 2975 4685 gratis
3000 4614 3183 4669 ofﬁcia
3209 4615 3539 4687 suscipiant,
3572 4623 3707 4673 ante
3726 4634 3838 4673 om-

456 4730 530 4770 ne
558 4714 802 4785 amplius
827 4715 1062 4786 aliquid,
1090 4731 1263 4786 quam
1291 4731 1449 4770 sacra
1476 4718 1670 4770 nostra
1695 4716 2098 4773 constitutione

457 4807 884 4879 promulgatum
917 4813 1019 4878 est,
1055 4809 1309 4880 accipere
1334 4809 1573 4864 scientes
1614 4810 1765 4880 quod
1787 4809 1832 4863 si
1860 4810 1967 4865 hoc
1991 4826 2095 4866 ne-

460 4899 762 4972 glexerint,
791 4917 958 4955 omne
983 4901 1277 4971 damnum,
1312 4902 1469 4973 quod
1493 4902 1696 4957 exinde
1722 4902 1959 4958 subditis
1987 4920 2094 4959 no-

456 4992 588 5048 stris
607 4992 911 5065 irrogatur,
942 4993 1049 5064 ipsi
1078 4994 1417 5066 dependent.
1446 4997 1652 5050 Damus
1681 4999 1873 5050 autem
1916 4996 1996 5051 eis
2036 4996 2099 5051 li-

455 5086 724 5155 centiam,
752 5102 870 5142 non
898 5090 1123 5141 tantum
1150 5093 1213 5142 ut
1235 5088 1306 5142 ad
1325 5104 1419 5143 eos
1444 5088 1547 5142 ista
1577 5088 1801 5158 judices
1825 5088 2093 5160 referant,

454 5199 488 5236 a
511 5181 719 5253 quibus
743 5180 1004 5235 destinati
1029 5183 1181 5248 sunt,
1214 5180 1311 5235 sed
1335 5181 1507 5236 etiam
1536 5183 1607 5238 ad
1626 5199 1748 5252 nos,
1796 5185 1858 5237 ut
1898 5189 1954 5238 et
1993 5199 2096 5239 nos

452 5273 525 5328 iis
553 5273 794 5345 cognitis
807 5274 1018 5329 factum
1044 5273 1231 5345 ipsum
1253 5274 1597 5345 competenti
1613 5275 2095 5332 animadversione

452 5383 884 5439 persequamur.
907 5369 1191 5422 Praeterea
1218 5367 1264 5421 si
1284 5383 1425 5438 quos
1449 5367 1741 5439 dignitatis
1768 5386 1867 5424 seu
1882 5369 2096 5441 cinguli

452 5460 601 5515 fastu
624 5462 871 5517 tumidos
900 5460 1282 5532 compererint
1304 5461 1668 5516 collatoribus
1698 5463 1903 5517 nostris
1940 5463 2092 5534 inju-

453 5548 567 5602 rios
598 5563 733 5618 esse,
766 5551 966 5605 damus
983 5550 1097 5606 illis
1120 5550 1408 5606 licentiam
1435 5554 1502 5606 ut
1526 5554 1583 5605 et
1603 5550 1673 5605 de
1701 5550 1975 5606 maleﬁcio
2005 5567 2095 5606 co-

453 5647 742 5710 gnoscant,
773 5647 831 5697 et
853 5643 922 5697 iis
935 5644 1037 5715 qui
1052 5646 1243 5699 sontes
1268 5643 1784 5716 deprehenduntur
1794 5644 2092 5715 cingulum

452 5732 722 5801 adimant,
766 5738 1096 5808 nostrasque
1147 5736 1295 5791 vices
1342 5737 1404 5791 in
1453 5736 1756 5809 provinciis
1785 5737 2009 5804 obeant,
2035 5737 2094 5793 id

456 5819 607 5887 quod
616 5823 865 5894 antiquis
883 5827 1058 5882 etiam
1072 5827 1294 5899 legibus
1318 5828 1749 5901 promulgatum
1767 5828 1895 5886 fuit.
1910 5829 2092 5893 Quem

458 5906 761 5965 admodum
797 5913 951 5969 enim
1005 5918 1162 5974 omni
1207 5935 1302 5975 eos
1350 5920 1559 5991 injuste
1604 5937 1859 5977 arcemus
1908 5921 2088 5992 lucro,

2196 4707 2291 4763 nia
2316 4707 2501 4763 studio
2527 4722 2620 4762 eos
2639 4707 2846 4762 habere
2871 4712 3111 4778 oportet,
3145 4711 3209 4762 ut
3237 4708 3544 4780 diligenter
3560 4711 3635 4765 ad
3660 4712 3833 4767 tribu-

2196 4809 2254 4856 ta
2283 4800 2611 4873 advigilant,
2652 4802 2710 4855 et
2738 4799 3032 4855 indevotos
3062 4800 3294 4871 quidem
3337 4818 3400 4856 ac
3432 4802 3831 4875 intractabiles,

2197 4899 2254 4950 et
2276 4895 2373 4967 qui
2400 4893 2785 4966 compulsione
2800 4893 3062 4965 indigent
3081 4909 3214 4948 cum
3235 4910 3459 4949 summa
3482 4896 3838 4954 vehementia

2197 4989 2450 5060 exigant,
2480 4988 2540 5042 in
2583 4988 2740 5042 nullo
2773 4987 3060 5042 cedentes.
3094 4987 3286 5059 Neque
3321 5003 3388 5042 eo
3427 4990 3667 5045 nomine
3698 4992 3837 5047 lucri

2196 5081 2408 5153 aliquid
2446 5084 2754 5153 captantes,
2799 5096 2937 5152 erga
2974 5080 3202 5136 devotos
3239 5097 3371 5137 vero
3395 5086 3635 5154 paterno
3662 5101 3723 5141 se
3751 5103 3837 5158 ge-

2194 5180 2323 5230 rant
2350 5174 2573 5230 aﬁ‘ectu.

2267 5268 2478 5323 Deinde
2508 5271 2569 5322 ut
2598 5266 2850 5323 subditos
2883 5271 3103 5323 nostros
3129 5283 3201 5323 ex
3240 5269 3397 5324 omni
3429 5274 3595 5341 parte
3629 5272 3833 5328 illaasos

2194 5366 2541 5430 conservent,
2572 5361 2715 5415 nihil
2732 5361 3046 5433 quidquam
3071 5361 3142 5417 ab
3168 5362 3283 5417 ullo
3319 5378 3520 5418 eorum
3550 5366 3827 5438 accipien~

2193 5460 2296 5526 tes,
2321 5455 2418 5511 sed
2436 5470 2628 5526 aequos
2645 5470 2705 5510 se
2732 5454 2791 5508 in
2809 5455 3186 5526 disceptandis
3216 5458 3632 5525 controversiis,
3646 5476 3829 5531 aequos

2193 5550 2255 5604 in
2281 5548 2659 5605 conservanda
2688 5547 2984 5619 disciplina
2996 5549 3224 5620 publica
3247 5550 3561 5621 prtebeant,
3574 5551 3635 5606 in
3653 5568 3828 5624 perse-

2192 5643 2433 5716 quendis
2461 5641 2694 5714 quidem
2709 5640 3048 5697 criminibus
3066 5643 3317 5698 insontes
3335 5660 3369 5698 a
3387 5643 3693 5700 calumniis
3712 5647 3824 5702 red-

2194 5736 2387 5792 dentes
2404 5735 2630 5804 liberos,
2654 5734 2765 5791 reis
2784 5751 2917 5790 vero
2942 5734 3196 5791 sontibus
3210 5752 3406 5807 poenas
3423 5736 3711 5809 legitimas
3726 5740 3824 5794 im-

2190 5832 2483 5901 ponentes,
2497 5844 2685 5901 neque
2705 5828 2870 5885 aliter
2893 5828 3044 5885 inter
3070 5829 3323 5884 subditos
3344 5829 3656 5902 imperium
3667 5848 3820 5890 exer-

2191 5926 2400 5988 centes,
2418 5936 2591 5993 quam
2612 5923 2803 5994 patres
2822 5922 3002 5979 solent
3015 5922 3163 5979 inter
3173 5921 3420 5992 ﬁlios,.ut
3431 5923 3682 5996 diligant
3699 5926 3818 5999 qui-
