4034 6228
131 411 237 462 953

1027 408 1392 462 JUSTlNIANl
1426 407 1753 463 NOVELLAS
1802 406 2133 462 8ΕιΕΕΤιΕ.
2176 408 2483 464 NOVELLA
2522 407 2654 463 Vlll.

3403 411 3504 468 954

131 515 270 570 dem
321 531 441 582 eos,
471 514 517 568 si
547 514 788 568 crimine
819 515 978 569 vacui
1021 515 1153 582 sint,
1201 520 1505 571 coerceant
1529 532 1664 571 vero
1710 532 1774 570 ac
1796 516 2135 598 Avidelicet
2164 516 2263 571 Dei
2290 517 2678 571 amantissimo
2705 517 2990 588 episcopo,
3029 521 3087 573 et
3111 535 3339 574 causam
3380 520 3503 574 sine

129 609 407 680 puniant,
437 608 483 662 si
511 608 846 662 criminibus
873 608 1174 663 videantur
1195 626 1317 662 esse
1343 610 1592 676 obnoxii,
1606 610 1769 680 justi-

128 705 276 756 tiam
303 703 558 773 denique
581 703 690 756 illis
713 702 1049 756 exhibentes
1070 705 1190 755 tam
1219 702 1276 755 in
1299 703 1486 757 causis
1513 703 1772 774 publicis,

133 813 316 866 quam
362 796 596 866 privatis
624 795 1026 850 contractibus.
1073 798 1267 866 Neque
1297 803 1358 850 ut
1400 797 1507 866 ipsi
1546 800 1774 850 tantum

133 890 245 943 hoc
275 895 476 959 agant,
511 889 608 942 sed
638 888 813 943 etiam
842 893 905 942 ut
934 905 1280 943 assessorem
1305 893 1362 942 et
1387 906 1588 943 omnes
1625 890 1775 943 circa

137 984 289 1053 ipsos
310 982 525 1036 versari
557 982 752 1036 solitos
780 982 885 1036 sibi
918 982 1130 1036 similes
1151 986 1464 1050 assumant,
1491 1000 1562 1035 ne
1590 999 1773 1052 quan-

137 1077 209 1129 do
232 1092 368 1129 cum
402 1076 509 1145 ipsi
536 1077 700 1145 culpa
727 1080 982 1141 careant,
1017 1092 1118 1145 per
1149 1075 1289 1129 alios
1328 1075 1684 1145 delinquere,
1719 1080 1776 1128 et

135 1169 343 1235 furari,
379 1174 431 1222 et
465 1169 640 1239 (quod
662 1171 841 1222 multo
865 1169 1067 1223 fuedius
1094 1168 1197 1237 est)
1224 1169 1638 1222 maleﬁciorum
1669 1169 1774 1222 sibi

136 1263 327 1316 socios
354 1263 629 1316 asciscere
672 1262 996 1316 videantur.
1033 1263 1393 1333 Quapropter
1427 1262 1776 1316 celsitudinis

137 1361 250 1410 tuae
280 1357 570 1420 intererit,
604 1359 668 1408 ut
700 1372 797 1408 eos
824 1355 896 1408 ad
935 1356 1118 1408 officia
1145 1356 1354 1421 mittat,
1390 1355 1485 1426 qui
1518 1359 1574 1408 et
1596 1355 1775 1424 gravi-

130 1455 251 1504 tate
277 1466 510 1503 morum
532 1453 764 1503 caeteros
788 1451 1132 1519 praecellant,
1153 1453 1209 1501 et
1231 1449 1498 1519 peritiam
1524 1449 1777 1502 habeant

133 1539 433 1593 rationum
465 1538 841 1608 publicarum,
879 1539 1075 1608 quales
1121 1554 1242 1592 esse
1284 1538 1465 1592 solent
1511 1538 1770 1591 decurio-

133 1649 258 1699 nes,
285 1637 342 1684 et
364 1632 480 1696 alii,
510 1631 606 1702 qui
630 1632 900 1685 bonitatis
939 1631 1008 1684 de
1039 1646 1095 1683 se
1121 1631 1576 1700 experimentum
1600 1630 1772 1684 dede-

134 1729 292 1790 runt,
319 1725 666 1794 etgercndis
703 1724 1130 1793 magistratibus
1151 1728 1284 1777 sunt
1312 1724 1525 1778 idonei.
1555 1725 1623 1776 Et
1650 1723 1778 1793 quis

135 1835 272 1872 eum
324 1835 441 1871 non
489 1817 706 1887 diligat,
744 1822 912 1887 atque
943 1817 1209 1870 omnibus
1258 1816 1514 1870 honestis
1559 1815 1776 1869 artibus

131 1911 434 1965 abundare
464 1928 580 1963 non
603 1910 906 1976 existimet,
941 1910 1040 1980 qui
1071 1910 1144 1963 ad
1178 1909 1430 1962 officium
1458 1908 1778 1978 proﬁcisca-
1797 1888 1853 1959 B

136 2011 231 2058 tur
265 2022 384 2059 non
409 2006 593 2058 solum
623 2008 818 2057 nostro
849 2003 1070 2056 decreto
1102 2003 1389 2072 etjudicio
1412 2002 1778 2055 tuiculminis

139 2098 569 2168 comprobatus,
585 2096 718 2166 quia
735 2097 885 2164 frugi
905 2097 1157 2149 etbonus
1173 2095 1256 2148 vir
1277 2095 1366 2159 sit,
1385 2111 1584 2148 verum
1602 2095 1777 2147 etiam

143 2191 321 2262 gratis
350 2191 475 2260 ipsa
495 2189 996 2243 administratione
1026 2191 1308 2258 suscepta,
1329 2203 1517 2257 neque
1541 2186 1636 2240 ulli
1660 2204 1779 2240 om-

143 2286 282 2338 nino
308 2301 413 2354 per
440 2283 798 2352 provinciam.
815 2282 1026 2335 vitiosae
1052 2281 1134 2334 rei
1163 2280 1409 2345 deditus,
1433 2281 1517 2334 vel
1541 2296 1780 2350 quomo-

142 2379 214 2431 do
243 2393 353 2448 pro
390 2376 577 2430 officio
623 2380 983 2429 numeratam
1031 2374 1335 2444 pecuniam
1376 2373 1660 2440 corrodat,
1695 2373 1778 2426 vel

142 2472 298 2524 unde
319 2486 526 2523 aurum
545 2469 602 2522 in
633 2485 764 2521 usus
786 2485 915 2521 suos
940 2467 1191 2536 colligat,
1216 2466 1317 2520 sed
1343 2466 1400 2519 in
1422 2466 1531 2519 hoc
1555 2469 1778 2519 tantum

139 2564 336 2618 studia
349 2579 449 2616 sua
460 2562 740 2625 conferat,
755 2562 945 2614 utDeo
962 2577 1020 2614 se
1045 2563 1103 2612 et
1127 2560 1288 2614 nobis
1307 2558 1779 2614 commendatum

140 2657 367 2722 reddat,
411 2656 746 2724 bonumque
786 2658 844 2707 et
887 2653 1266 2707 memorabile
1309 2669 1523 2706 nomen
1578 2667 1777 2705 conse-

144 2754 377 2821 quatur,
412 2765 476 2802 ac
521 2749 726 2802 futurae
761 2763 794 2799 a
837 2746 996 2799 nobis
1045 2746 1249 2816 amplae
1301 2745 1780 2800 remunerationis

147 2860 308 2914 spem
341 2842 450 2894 sibi
481 2840 825 2911 comparet?

217 2937 506 2990 Caeterum
550 2934 594 2986 si
628 2933 754 3003 quis
798 2932 920 2986 haec
959 2937 1156 2986 contra
1191 2931 1328 3002 quid
1371 2931 1590 2997 fecerit,
1641 2931 1783 2984 sciat

148 3028 303 3100 quod
333 3027 510 3080 etiam
528 3025 1039 3080 administrationis
1061 3027 1337 3094 tempore,
1353 3040 1466 3094 quo
1480 3023 1658 3093 judex
1675 3027 1779 3091 est,

149 3122 284 3176 furti
313 3137 446 3174 reus
486 3119 882 3189 postulabitur.
929 3119 997 3171 Et
1026 3117 1263 3187 quidem
1291 3116 1336 3169 si
1367 3120 1428 3169 ut
1458 3117 1544 3169 vel
1577 3116 1784 3185 magis-

147 3219 362 3269 tratum
419 3213 774 3283 perciperet,
831 3211 916 3264 vel
968 3226 1036 3264 ex
1089 3211 1428 3280 magistratu
1507 3209 1785 3280 reciperet

154 3310 484 3376 (utrumque
513 3305 668 3358 enim
691 3320 854 3374 aeque
885 3304 1069 3357 haeret
1088 3303 1146 3356 in
1179 3301 1436 3371 crimine)
1459 3318 1662 3355 aurum
1686 3301 1779 3355 de-

152 3402 300 3456 disse
330 3399 641 3466 videbitur,
657 3414 770 3451 non
793 3398 975 3451 solum
1005 3397 1290 3450 honorum
1312 3395 1780 3465 publicationem,

151 3499 206 3548 et
221 3493 510 3558 exsilium,
529 3495 586 3544 et
605 3489 831 3561 corpori
850 3488 1105 3543 adhibita
1127 3491 1411 3542 tormenta
1431 3504 1493 3540 ac
1511 3487 1786 3558 supplicia

153 3585 476 3650 sustinebit,
517 3584 616 3637 sed
646 3584 820 3637 etiam
847 3599 980 3636 eum
1007 3582 1106 3652 qui
1145 3581 1216 3634 ab
1248 3581 1369 3651 ipso
1399 3580 1483 3650 (ut
1521 3579 1781 3650 przedixi-

153 3682 297 3751 mus)
343 3677 680 3747 susceperit,
727 3675 1057 3745 ingentibus
1094 3673 1260 3727 malis
1299 3673 1563 3727 involvet.
1612 3675 1788 3726 Puras

155 3775 310 3828 enim
345 3789 378 3825 a
402 3769 826 3842 provinciarum
868 3766 1330 3822 moderatoribus
1367 3782 1571 3818 manus
1597 3764 1784 3835 requi-

155 3868 439 3931 rimus,ut
459 3863 715 3932 undique
735 3860 988 3914 subditos
1008 3860 1214 3914 illaesos
1236 3863 1294 3912 et
1315 3858 1575 3912 omnium
1595 3874 1788 3911 rerum

156 3961 318 4031 copia
354 3957 659 4011 afﬂuentes
706 3969 1131 4009 conservemus.
1173 3955 1372 4022 Atquze
1417 3951 1504 4005 ha)
1555 3950 1792 4021 quidem

155 4069 343 4126 paenae
373 4055 494 4104 tam
519 4066 584 4102 ex
605 4048 824 4118 legibus
844 4062 1014 4117 quam
1035 4063 1068 4099 a
1089 4043 1520 4115 magistratibus
1546 4043 1791 4097 inferen-

158 4153 250 4200 tur
271 4144 384 4199 illis
405 4143 505 4214 qui
521 4143 634 4196 tale
653 4139 866 4210 aliquid
893 4137 1365 4210 perpetraverint,
1386 4135 1558 4190 etiam
1578 4135 1716 4190 dum
1731 4134 1790 4189 in

158 4237 446 4310 praedictis
471 4239 608 4288 sunt
633 4232 852 4288 ofﬁciis.
878 4233 1088 4286 Damus
1103 4233 1297 4284 autem
1318 4233 1374 4284 et
1392 4230 1544 4284 inter
1565 4227 1792 4300 provin-

161 4332 330 4386 ciales
343 4327 632 4382 licentiam
643 4369 655 4392 ,
670 4326 715 4380 si
733 4324 870 4396 quid
882 4340 986 4394 per
1001 4323 1353 4394 provinciam
1367 4339 1580 4394 praeses
1592 4324 1793 4376 contra

160 4425 240 4479 fas
260 4421 462 4493 egerit,
490 4424 588 4474 aut
608 4419 780 4472 etiam
802 4418 1104 4472 collatores
1121 4417 1272 4487 ipsos
1287 4415 1508 4470 damnis
1531 4416 1676 4470 forte
1694 4417 1794 4468 aut

162 4514 478 4587 dispendiis
497 4511 788 4583 objecerit,
823 4513 884 4564 ut
911 4511 1008 4564 Dei
1037 4508 1464 4564 amantissimus
1497 4509 1791 4580 episcopus

1874 609 2094 679 scriptis
2119 615 2516 681 cognoscente,
2536 611 2716 665 donec
2740 610 3090 678 universum,
3117 612 3270 683 quod
3289 614 3507 683 rapuis-

1873 719 1932 756 se
1956 702 2258 769 videbitur,
2290 704 2568 758 restituat.
2595 703 2870 774 Adeoque
2902 704 3036 776 ipsis
3061 705 3235 760 etiam
3269 706 3498 776 provin-

1873 795 2130 864 cialibus,
2157 796 2204 849 si
2221 797 2528 867 praesidum
2551 797 2814 867 rapinam
2834 799 3100 865 sentiant,
3125 799 3418 852 referendi
3439 815 3507 853 ea

1875 889 1948 942 ad
1964 905 2066 943 nos
2077 889 2493 955 licentiam,aut
2508 890 2694 960 potius
2710 891 3102 944 necessitatem
3117 891 3506 962 permittimus

1874 984 1939 1035 ut
1958 997 2064 1035 nos
2103 982 2293 1036 edocti
2317 983 2471 1053 quod
2496 984 2730 1038 omnino
2746 984 2840 1053 jus
2879 1000 3020 1038 auro
3047 985 3246 1038 venale
3273 985 3500 1054 habeat,

1875 1075 2023 1128 ultra
2049 1075 2300 1130 ccelcstia
2330 1077 2624 1147 supplicia,
2657 1077 2862 1146 quibus
2889 1082 2951 1131 ut
2973 1077 3369 1148 jurisjurandi,
3399 1078 3502 1132 sub

1875 1184 1988 1238 quo
2040 1169 2441 1238 magistratum
2489 1170 2754 1239 suscepit,
2803 1170 3040 1224 violator
3083 1175 3164 1224 est
3203 1170 3500 1238 obnoxius,

1877 1261 2052 1314 etiam
2085 1261 2369 1331 praedictis
2401 1263 2559 1316 illum
2592 1262 2770 1332 pcenis
2797 1263 3176 1333 subjiciamus.

1946 1354 2002 1408 Si
2030 1359 2222 1409 autem
2245 1355 2488 1409 voluerit
2517 1372 2580 1408 ex
2607 1372 2949 1426 quacunque
2980 1373 3166 1422 causa,
3199 1372 3316 1410 non
3350 1373 3500 1410 com-

1875 1447 2039 1517 pletis
2055 1449 2467 1519 quinquaginta
2485 1449 2703 1516 diebus,
2728 1465 2795 1503 ex
2815 1449 3106 1519 provincia
3129 1449 3346 1520 fugere,
3368 1455 3502 1504 tunc

1876 1541 2341 1610 comprehensus,
2359 1542 2682 1612 ubicunque
2709 1542 2920 1612 degere
2947 1542 3190 1607 videtur,
3221 1543 3509 1596 revocabi-

1877 1637 1971 1687 tur
2001 1634 2234 1703 quidem
2267 1634 2323 1687 in
2372 1635 2746 1705 provinciam,
2781 1636 2838 1688 in
2880 1652 2991 1705 qua
3029 1635 3503 1701 administrabat;

1876 1743 2045 1779 omne
2069 1743 2201 1780 vero
2254 1727 2407 1797 quod
2451 1727 2715 1780 inventus
2754 1727 2924 1782 fuerit
2954 1727 3259 1798 accepisse,
3290 1727 3510 1780 restitu-

1878 1822 1937 1871 at
1955 1819 2014 1872 in
2045 1819 2455 1890 quadruplum.

1950 1912 2046 1965 Illo
2075 1911 2288 1964 scilicet
2315 1912 2692 1980 observando,
2724 1913 2782 1966 in
2823 1914 2979 1967 nullo
3011 1913 3121 1966 alio
3144 1913 3379 1966 subditis
3408 1929 3507 1966 no-

1881 2004 2009 2058 stris
2021 2010 2218 2058 contra
2232 2005 2502 2074 praesides
2515 2005 2620 2058 ista
2635 2007 2823 2060 facere
2842 2005 3182 2075 permissum
3196 2023 3316 2059 esse
3332 2023 3509 2076 quam

1879 2097 1949 2150 ob
1975 2097 2223 2166 rapinas.
2253 2098 2376 2151 Non
2407 2098 2560 2150 enim
2583 2099 2628 2150 si
2660 2099 2716 2151 in
2747 2098 3038 2167 exigendis
3062 2099 3288 2151 tributis
3315 2104 3511 2153 contra

1881 2190 2185 2258 indevotos,
2210 2194 2310 2242 aut
2335 2191 2392 2243 in
2415 2191 2814 2260 persecutione
2835 2191 3140 2245 criminum
3164 2191 3331 2260 paulo
3349 2193 3512 2244 vehe-

1879 2283 2129 2336 mentior
2173 2283 2320 2336 visus
2368 2289 2470 2348 est,
2523 2284 2738 2354 aliquid
2775 2285 3042 2338 adversus
3089 2285 3276 2354 ipsum
3321 2286 3512 2338 conari

1880 2375 2132 2428 subditos
2165 2375 2584 2445 permittemus.
2635 2377 2781 2440 Quin
2810 2382 3004 2430 contra
3035 2377 3220 2447 potius
3247 2377 3509 2430 omnium

1882 2485 1977 2521 eos
2005 2468 2380 2522 acerbissimis
2422 2469 2604 2539 poenis
2638 2469 2968 2536 subdemus,
3000 2469 3045 2522 si
3078 2470 3201 2523 illos
3233 2469 3331 2539 qui
3357 2469 3512 2540 puris

1879 2561 1968 2615 usi
1996 2564 2127 2614 sunt
2159 2562 2446 2630 manibus,
2476 2566 2532 2616 et
2557 2563 2618 2615 in
2645 2562 2999 2616 exactionem
3025 2562 3364 2616 tributorum
3396 2578 3515 2616 om-

1880 2655 2096 2707 nicura
2123 2670 2187 2707 ac
2214 2654 2513 2724 diligentia
2542 2655 2942 2723 incubucrunt,
2978 2655 3238 2724 deposito
3265 2660 3510 2725 postmo-

1883 2747 2021 2800 dum
2049 2746 2386 2816 magistratu
2417 2747 2641 2817 injuriis
2667 2749 2896 2801 afficere
2926 2748 3413 2817 praesumpserint,
3446 2765 3511 2801 ac

1883 2856 2001 2894 non
2025 2840 2170 2893 lzetis
2195 2839 2701 2894 acclamationibus
2749 2846 2878 2910 post
2914 2840 3252 2911 deputatum
3285 2851 3515 2910 tempus

1881 2932 2202 3003 provincias
2215 2932 2550 2986 excedentes
2570 2933 2856 3003 prosecuti
2870 2933 3512 3003 fuerint.0portetenim

1882 3025 2220 3079 clarissimos
2254 3025 2674 3095 provinciarum
2714 3031 2922 3079 nostrae
2953 3025 3186 3079 ditionis
3214 3025 3506 3095 praesides,

1884 3119 1980 3189 qui
2007 3123 2133 3189 post
2164 3119 2311 3172 hanc
2339 3119 2526 3188 legem
2568 3118 2745 3171 futuri
2774 3122 2922 3182 sunt,
2955 3135 3073 3172 non
3103 3119 3287 3172 solum
3319 3118 3516 3172 animo

1884 3212 2190 3276 revolvere,
2211 3213 2426 3280 quanta
2447 3211 2576 3264 illos
2592 3217 2821 3265 maneat
2837 3212 3034 3280 gloria,
3055 3211 3103 3264 si
3129 3211 3269 3264 tales
3297 3227 3356 3264 se
3379 3228 3521 3281 pras-

1884 3305 2077 3369 bcant,
2111 3304 2208 3358 sed
2234 3304 2407 3358 etiam
2439 3303 2497 3356 in
2523 3307 2766 3374 quantas
2792 3303 3159 3358 difficultates
3179 3303 3450 3371 incident,
3474 3304 3520 3357 si

1886 3396 2186 3467 (quantum
2216 3397 2273 3450 in
2304 3396 2438 3466 ipsis
2467 3398 2568 3467 est)
2602 3398 2750 3450 hanc
2771 3397 2964 3465 legem
2986 3397 3314 3462 dissolvere,
3341 3400 3396 3450 et
3417 3412 3518 3467 pro

1886 3489 2162 3558 abrogata
2193 3489 2406 3542 habere
2431 3489 3250 3559 prmsumpserint.Absurdum
3270 3503 3521 3559 namque

1887 3581 2074 3646 fuerit,
2105 3581 2149 3634 si
2176 3581 2234 3633 in
2261 3580 2479 3633 levibus
2521 3582 2755 3651 quidem
2801 3581 2966 3634 furtis
2994 3581 3384 3650 deprehensos
3411 3581 3517 3650 ipsi

1888 3676 2201 3739 coerceant,
2230 3673 2641 3742 tormentisque
2656 3672 2976 3741 subjiciant,
2996 3689 3099 3726 nec
3119 3673 3274 3742 prius
3291 3672 3519 3726 veniam

1891 3765 2028 3818 deut
2060 3781 2230 3836 quam
2261 3781 2353 3817 res
2380 3764 2598 3818 ablatas
2625 3765 2992 3830 restituerint,
3025 3764 3130 3834 ipsi
3163 3781 3295 3817 vero
3337 3765 3517 3817 maxi-

1889 3874 2116 3912 morum
2165 3858 2451 3912 furtorum
2497 3857 2577 3910 rei
2615 3857 2828 3926 absque
2867 3872 3050 3910 causa:
3085 3856 3332 3910 dictione
3377 3873 3524 3911 noxa

1889 3952 2194 4017 solvantur,
2224 3966 2411 4021 neque
2442 3947 2685 4019 exempli
2713 3965 2808 4004 eos
2834 3949 3064 4020 pudeat,
3101 3949 3256 4018 quod
3282 3948 3520 4003 subditis

1889 4043 1949 4097 in
1962 4043 2067 4097 hoc
2084 4043 2369 4108 exhibent,
2389 4059 2521 4096 cum
2553 4043 2789 4096 interim
2817 4042 2864 4096 si
2890 4041 3010 4095 istis
3038 4041 3376 4108 abstineant,
3407 4058 3524 4096 non

1890 4140 2117 4191 tantum
2148 4137 2298 4191 inter
2328 4137 2616 4203 honestos,
2659 4136 2913 4207 ingenue
2963 4135 3236 4204 viventes,
3271 4138 3328 4190 et
3366 4135 3524 4189 omni

1890 4230 2058 4284 laude
2083 4230 2404 4284 cumulatos
2447 4229 2682 4296 censeri,
2717 4230 2816 4284 sed
2856 4229 3029 4285 etiam
3056 4229 3272 4284 bonum
3303 4245 3337 4283 a
3363 4227 3525 4282 nobis

1892 4323 2291 4378 testimonium
2321 4322 2579 4377 obtinere
2610 4322 2846 4393 possint.

1964 4417 2272 4470 Enimvero
2311 4419 2374 4469 ut
2403 4420 2460 4469 et
2486 4433 2588 4470 nos
2613 4415 2722 4469 illis
2750 4416 3030 4468 honorem
3056 4429 3120 4466 ac
3147 4412 3527 4466 reverentiam

1892 4514 2179 4575 tueamur,
2208 4512 2265 4562 et
2294 4508 2372 4561 illi
2403 4509 2568 4562 nobis
2594 4508 2836 4562 vicissim
2866 4505 3256 4575 integritatem
3283 4503 3529 4558 reddant

162 4615 213 4664 et
256 4608 541 4680 primores
587 4606 709 4675 ejus
738 4605 866 4671 loci,
911 4603 1170 4675 praisidis
1214 4604 1416 4658 delicta
1451 4618 1789 4658 enumeran-
1812 4611 1872 4684 D
1897 4606 1954 4656 et
1982 4599 2462 4667 benevolentiam,
2497 4616 2683 4670 neque
2712 4597 3112 4670 spectabilibus
3135 4595 3390 4663 ducibus,
3422 4613 3525 4649 ne-

161 4708 266 4768 tes,
288 4717 488 4773 preces
517 4699 591 4754 ad
619 4715 723 4753 nos
762 4697 1034 4768 dirigant.
1075 4698 1188 4751 Nos
1219 4696 1374 4750 enim
1403 4711 1463 4749 re
1500 4699 1795 4766 comperta

164 4793 582 4850 destinabimus
624 4792 685 4846 in
711 4790 1065 4862 provinciam
1098 4789 1368 4860 aliquem,
1413 4788 1509 4859 qui
1537 4788 1644 4841 ista
1674 4804 1796 4842 exa-

164 4889 363 4955 minet,
397 4891 459 4940 ut
487 4885 567 4940 ibi
598 4883 936 4940 delictorum
963 4899 1155 4954 pinnas
1172 4882 1426 4948 sufferat,
1460 4882 1557 4935 ubi
1580 4881 1793 4935 etdeli-

167 4982 310 5054 quit,
344 4984 402 5036 et
425 4983 488 5034 ut
512 4978 656 5033 alius
676 4978 749 5032 ad
772 4978 880 5032 hoc
910 4976 1233 5047 exemplum
1263 4974 1594 5046 respiciens,
1622 4973 1798 5028 consi-

166 5076 326 5131 milia
353 5075 540 5128 facere
569 5088 690 5126 non
717 5073 1046 5142 prmsumat.

231 5166 558 5223 Secundum
579 5169 799 5220 veteres
818 5163 1249 5219 constitutiones
1268 5162 1671 5217 necessitatem
1701 5161 1797 5214 ba-

163 5262 333 5317 bente
356 5277 424 5315 eo
445 5260 544 5330 qui
561 5258 900 5329 magistratu
919 5256 1274 5327 defungitur,
1298 5259 1363 5310 ut
1379 5255 1606 5326 cingulo
1629 5255 1798 5324 depo-

164 5355 290 5423 sito,
319 5370 427 5424 per
447 5351 866 5424 quinquaginta
890 5351 1008 5404 dies
1034 5349 1093 5402 in
1115 5348 1407 5420 provincia
1434 5348 1536 5402 sub
1566 5347 1794 5418 publico

164 5451 395 5518 aspectu
423 5448 835 5512 commoretur,
866 5446 922 5499 et
951 5442 1210 5497 omnium
1229 5441 1500 5496 adversus
1525 5457 1586 5494 se
1616 5439 1797 5493 inten-

165 5544 310 5596 tatas
325 5539 578 5593 actiones
599 5538 859 5609 excipiat.
889 5537 1052 5600 Quod
1071 5535 1118 5590 si
1137 5535 1296 5607 prius
1321 5550 1494 5605 quam
1515 5533 1795 5605 quinqua-

168 5637 323 5707 ginta
343 5635 464 5690 dies
485 5635 791 5706 compleat,
822 5632 1129 5704 diffugiens
1151 5634 1425 5702 tanquam
1442 5630 1550 5684 vile
1570 5628 1798 5699 aliquod

165 5727 518 5799 mancipium
547 5726 1084 5798 comprehendatur,
1109 5724 1416 5779 tribuimus
1436 5720 1798 5778 collatoribus

165 5822 454 5878 licentiam
485 5824 547 5877 ut
584 5826 641 5876 et
669 5820 746 5875 ibi
765 5836 898 5875 eum
926 5819 1186 5874 locorum
1215 5817 1530 5882 detineant,
1555 5818 1613 5868 et
1641 5813 1800 5884 quid-

169 5915 303 5988 quid
319 5914 400 5971 illi
418 5914 700 5983 dederint,
717 5917 898 5969 totum
910 5911 1049 5968 furti
1066 5910 1228 5966 titulo
1245 5909 1494 5980 exigant,
1516 5909 1796 5980 praesente

1895 4712 2005 4766 que
2023 4693 2288 4763 cuiquam
2305 4691 2399 4745 alii
2420 4695 2761 4762 potestatem
2787 4691 3045 4757 facimus,
3069 4689 3246 4744 ullam
3270 4688 3376 4742 sibi
3397 4705 3528 4743 con-

1894 4792 1985 4842 tra
2000 4804 2094 4841 eos
2110 4785 2551 4857 przerogativam
2565 4801 2859 4855 usurpare,
2890 4785 2988 4836 aut
3004 4783 3216 4837 inferre
3234 4781 3312 4852 inj
3322 4783 3524 4850 ariam,

1897 4885 1996 4934 aut
2023 4881 2135 4934 ullo
2165 4896 2223 4932 se
2252 4880 2420 4950 pacto
2449 4877 2706 4931 civilibus
2744 4876 3073 4931 immiscere
3108 4875 3370 4947 negotiis.
3411 4877 3523 4930 No-

1895 4973 2079 5026 verint
2106 4972 2262 5026 enim
2284 4971 2536 5025 universi
2568 4969 2798 5039 subditi,
2824 4969 2976 5041 quod
3007 4974 3238 5042 propter
3267 4969 3527 5040 ipsorum

1898 5065 2214 5134 commoda,
2249 5081 2458 5136 nempe
2491 5081 2563 5118 ne
2590 5063 2729 5134 quid
2757 5064 2950 5118 damni
2980 5064 3095 5118 ulla
3120 5080 3187 5117 ex
3206 5066 3367 5132 parte
3395 5077 3522 5114 sen-

1897 5163 2061 5228 tiant,
2080 5167 2145 5216 ut
2165 5162 2267 5216 sub
2294 5161 2605 5232 tranquillo
2625 5165 2680 5217 et
2706 5161 2855 5216 felici
2878 5161 3137 5216 omnium
3162 5173 3356 5212 rerum
3377 5160 3528 5210 statu

1899 5259 2088 5325 agant,
2120 5271 2263 5308 neve
2288 5254 2451 5308 sedes
2478 5271 2608 5309 suas
2634 5254 2985 5325 relinquere,
3030 5257 3086 5306 et
3123 5251 3182 5304 in
3221 5249 3528 5320 peregrino

1897 5348 2014 5402 solo
2041 5347 2298 5402 miserias
2341 5348 2562 5418 perpeti
2595 5352 2895 5416 cogantur,
2929 5349 3231 5416 prepterea
3274 5358 3526 5412 praesen-

1898 5445 2012 5495 tem
2042 5441 2236 5512 legem
2267 5441 2724 5512 conscripsimus,
2758 5441 2875 5494 Deo
2903 5437 3070 5492 simul
3099 5437 3286 5507 ipsam
3327 5439 3385 5490 et
3411 5436 3525 5489 ins-

1903 5534 2155 5590 tantibus
2175 5535 2514 5590 venerandis
2541 5533 2769 5605 magnis
2792 5533 2915 5603 ejus
2944 5533 3002 5584 et
3019 5527 3234 5601 publici
3258 5529 3389 5583 festi
3415 5528 3532 5583 die-

1897 5627 2003 5682 bus
2025 5627 2375 5695 dedicantes,
2399 5631 2459 5682 ut
2476 5644 2672 5683 omnes
2689 5626 3033 5696 intelligant,
3051 5622 3233 5693 magis
3254 5639 3313 5676 se
3335 5625 3531 5706 patres.

1897 5721 1955 5774 in
1980 5721 2252 5791 praesides
2267 5738 2436 5792 quam
2459 5721 2612 5775 fures
2631 5719 2982 5775 etvilissimis
2999 5715 3298 5786 mancipiis
3315 5714 3528 5769 similes

1899 5813 2210 5868 habituros.
2243 5816 2318 5868 Ex
2363 5831 2478 5885 quo
2505 5819 2719 5883 autem,
2747 5830 2779 5867 ο
2809 5813 3105 5868 collatores
3134 5809 3334 5875 nostri,
3375 5806 3526 5861 scitis

1899 5911 2174 5978 quantam
2224 5925 2328 5979 pro
2368 5908 2528 5963 vobis
2565 5909 2622 5965 in
2669 5907 2861 5964 animo
2910 5922 3109 5962 curam
3150 5900 3525 5974 reposuimus,
