4034 6228
487 378 588 432 953

1625 379 1878 436 S£CULI
1921 382 2108 435 SEXTl
2148 381 2698 439 SUPPLEMENTUM.

3755 390 3857 441 956

488 502 720 555 aequum
743 491 830 541 est
859 490 918 540 ut
937 492 996 541 et
1016 504 1112 542 vos
1132 505 1263 543 cum
1290 505 1514 544 summa
1538 491 1712 545 animi
1743 490 2032 548 alacritate
2057 494 2116 546 et
2136 496 2195 572 Α
2214 488 2320 544 bus
2341 489 2585 561 eripere,
2609 507 2798 562 neque
2817 492 2888 545 ob
2906 491 3245 561 praedictam
3281 506 3518 546 causam
3535 491 3696 562 ipsos
3717 509 3863 563 prae-

491 579 705 649 absque
725 580 842 634 ullo
863 581 1208 637 detrimento
1222 583 1446 653 publica
1465 584 1674 640 tributa
1693 585 1976 653 inferatis,
1998 602 2116 641 non

491 676 810 743 exspectata
840 675 1228 746 compulsione
1257 678 1586 747 praesidum,
1622 679 1736 733 imo
1765 680 1844 733 ita
1876 696 1971 732 vos
1993 681 2113 734 ala-

490 782 632 832 cres,
667 771 726 821 et
768 768 998 822 devotos
1034 771 1180 824 ultro
1222 771 1544 840 praebeatis,
1587 776 1649 826 ut
1695 773 1854 827 nobis
1884 791 1949 827 ex
1980 773 2118 844 ipsis

492 859 653 914 factis
683 861 954 915 indicium
978 862 1075 916 ﬁat
1096 864 1249 933 quod
1275 881 1379 934 pro
1404 869 1518 919 tam
1545 867 1738 937 ampla
1766 883 1904 937 erga
1936 883 2118 937 genus

492 952 810 1006 humanum
856 954 1209 1024 benignitate
1255 961 1500 1014 vestram
1545 960 1708 1014 nobis
1753 960 2117 1016 devotionem

493 1048 931 1116 reprzesentetis,
952 1053 1010 1102 et
1037 1051 1242 1105 merito
1265 1053 1414 1122 apud
1433 1054 1699 1122 praesides
1716 1054 2012 1108 occasione
2029 1054 2121 1109 de-

493 1139 728 1194 votionis
759 1158 1046 1198 summum
1087 1144 1342 1199 favorem
1373 1146 1673 1200 obtineatis
1704 1150 1760 1201 et
1810 1147 2116 1216 providen-

493 1232 652 1288 tiam.
688 1236 765 1288 Ac
795 1253 927 1290 cum
957 1238 1191 1292 omnino
1229 1239 1566 1310 praesidibus
1596 1240 1942 1296 tributorum
1967 1241 2116 1311 peri-

496 1327 684 1381 culum
707 1328 1021 1397 immineat,
1043 1334 1101 1385 et
1116 1332 1174 1386 in
1194 1334 1451 1388 confesso
1469 1337 1552 1388 est
1574 1334 1730 1404 quod
1746 1352 1848 1389 suo
1866 1335 2119 1405 periculo

496 1419 569 1473 ad
601 1421 787 1475 ofﬁcia
819 1423 1270 1494 proﬁciscuntur,
1307 1427 1478 1497 idque
1508 1427 1680 1482 etiam
1704 1443 1798 1481 vos
1825 1428 2118 1497 cognosci-

495 1513 584 1579 tis,
617 1515 882 1570 convenit
919 1520 979 1570 ut
1023 1521 1080 1572 et
1121 1535 1219 1573 vos
1259 1519 1368 1574 ista
1395 1520 1659 1589 scientes,
1693 1521 2122 1576 indevotionem

496 1608 762 1661 omnibus
781 1609 963 1664 modis
981 1611 1218 1679 evitetis,
1234 1629 1421 1683 neque
1440 1613 1515 1667 ita
1535 1614 1788 1670 rationes
1805 1631 1869 1668 ac
1888 1615 2126 1670 consilia

500 1703 688 1753 vestra
701 1702 770 1755 ad
791 1702 1241 1758 inobedientiam
1262 1706 1591 1774 traducatis,
1611 1710 1672 1761 ut
1691 1709 1942 1778 ipsorum
1963 1710 2126 1764 vehe-

500 1792 710 1846 mentia
740 1810 880 1863 opus
899 1795 988 1860 sit,
1020 1812 1192 1866 quam
1211 1814 1438 1852 necesse
1457 1803 1542 1853 est
1561 1817 1656 1854 eos
1681 1817 1968 1857 assumere
1991 1819 2122 1873 pro-

2217 585 2368 640 sides
2388 601 2653 640 coercere
2678 585 2992 656 potuerint.
3021 586 3132 639 Nos
3165 588 3360 638 autem
3387 584 3524 639 satis
3546 601 3674 639 esse
3706 585 3857 640 redi-

2216 682 2380 732 tuum
2398 677 2642 748 imperio
2670 679 3041 744 arbitramur,
3073 677 3120 732 si
3138 679 3225 732 vel
3243 678 3366 732 sola
3383 677 3619 748 publica
3641 677 3859 735 tributa

2217 771 2518 825 collatores
2551 771 2823 838 inferant,
2848 788 3038 842 neque
3063 788 3205 842 opus
3236 787 3379 837 esse,
3414 775 3476 826 ut
3506 775 3671 826 extra
3703 771 3856 826 ordi-

2220 881 2355 918 nem
2379 864 2436 918 in
2469 865 2590 918 dies
2617 865 2730 919 alia
2759 869 2930 935 atque
2962 865 3076 919 alia
3109 864 3547 935 conquirantur,
3572 882 3709 936 qua:
3733 865 3858 919 uni-

2219 975 2445 1012 versam
2467 958 2595 1012 vitze
2629 959 2915 1012 rationem
2939 957 3180 1012 subditis
3203 958 3556 1013 concutiant.

2290 1051 2451 1115 Quod
2477 1068 2611 1106 vero
2640 1068 2673 1106 a
2703 1051 2868 1106 nobis
2893 1052 3067 1121 paulo
3097 1055 3229 1106 ante
3258 1051 3475 1105 dictum
3504 1053 3614 1115 est,
3648 1050 3708 1105 id
3736 1067 3860 1105 ma-

2212 1145 2341 1214 jore
2363 1144 2562 1211 etiam,
2587 1148 2646 1198 et
2665 1143 3034 1214 exquisitiore
3075 1144 3434 1214 legislatione
3465 1144 3863 1198 muniendum

2221 1238 2568 1304 censuimus,
2593 1240 2656 1291 ut
2671 1237 2851 1291 animi
2873 1237 3053 1292 nostri
3071 1237 3430 1308 prOpositum
3452 1238 3732 1291 omnibus
3752 1239 3868 1291 elu-

2221 1335 2428 1385 cescat.
2453 1330 2756 1386 Sancimus
2772 1330 2931 1384 enim
2956 1334 3019 1383 ut
3033 1330 3332 1384 clarissimi
3350 1331 3750 1401 subjectarum
3768 1347 3868 1385 no-

2221 1425 2308 1479 bis
2339 1424 2761 1494 provinciarum
2787 1423 3078 1495 praesides,
3099 1424 3314 1494 absque
3337 1425 3453 1478 ulla
3472 1424 3864 1495 pecuniarum

2225 1514 2457 1568 datione
2484 1513 2678 1579 creati,
2712 1518 2768 1567 et
2793 1513 3030 1584 praestiti
3058 1530 3092 1568 a
3118 1529 3176 1567 se
3202 1512 3582 1587 jurisjurandi
3635 1529 3862 1568 memo-

2224 1625 2336 1675 res,
2362 1608 2471 1663 hoc
2493 1607 2667 1661 etiam
2682 1607 2776 1676 jus
2795 1623 2830 1660 a
2852 1606 3016 1661 nobis
3037 1607 3356 1671 obtineant,
3382 1622 3454 1658 ne
3487 1623 3604 1676 qua
3635 1605 3710 1659 sit
3739 1623 3861 1660 om-

2227 1703 2364 1756 nino
2386 1701 2538 1772 apud
2565 1699 2716 1771 ipsos
2737 1699 2844 1754 fori
2863 1699 3237 1770 praescriptio,
3263 1699 3378 1753 sive
3409 1699 3479 1753 de
3498 1699 3554 1752 vi
3574 1699 3867 1769 aliquibus

2225 1795 2403 1861 illata,
2432 1795 2547 1848 sive
2579 1793 2650 1848 de
2678 1792 3032 1859 criminibus,
3056 1796 3112 1847 et
3140 1793 3272 1847 inde
3293 1792 3442 1847 natis
3470 1792 3723 1862 injuriis,
3754 1794 3867 1848 sive

501 1888 631 1953 pter
659 1861 1056 1942 inevitabilem
1069 1889 1413 1946 tributorum
1432 1893 1800 1949 exactionem.
1825 1861 2124 1965 Siquidem
2145 1861 2202 1932 B
2227 1889 2297 1943 de
2319 1887 2608 1942 instantiis
2625 1903 2691 1940 ac
2705 1886 2938 1957 judiCiiS
2961 1885 3220 1956 PlihliCiS,
3251 1885 3366 1938 Sive
3396 1885 3467 1939 de
3496 1861 3867 1956 PillbliCOI'um

503 1983 559 2031 et
584 1978 743 2034 vobis
774 1985 972 2037 notum
999 1985 1102 2049 est,
1125 1999 1158 2035 o
1184 1983 1395 2038 subditi
1423 1986 1618 2053 nostri,
1649 1988 1802 2058 quod
1848 1988 2128 2043 militares

506 2088 784 2142 expensae,
815 2078 872 2128 et
889 2077 1311 2144 persecutiones
1333 2078 1603 2146 hostium,
1617 2084 1741 2135 tum
1760 2097 1969 2152 magna
1984 2082 2131 2136 indi-

503 2169 640 2234 gent
669 2166 1014 2236 assiduitate,
1047 2172 1172 2224 tum
1207 2171 1332 2225 sine
1367 2172 1622 2242 pecuniis
1659 2175 1892 2229 omnino
1931 2174 2128 2229 conﬁci

504 2263 812 2328 nequeunt,
836 2277 966 2314 cum
992 2278 1180 2333 neque
1208 2265 1379 2319 ullam
1404 2282 1468 2319 ea
1496 2283 1588 2320 res
1619 2266 1954 2321 dilationem
1982 2267 2126 2322 reci-

503 2350 640 2421 piat,
670 2368 855 2424 neque
881 2371 987 2408 nos
1009 2355 1186 2425 (equis
1213 2357 1387 2411 oculis
1423 2359 1814 2414 Romanorum
1853 2360 2130 2416 ditionem

506 2444 862 2500 deminutam
889 2448 1140 2518 aspicere
1159 2451 1554 2518 sustineamus,
1574 2453 1675 2505 sed
1704 2453 1890 2522 potius
1916 2453 2133 2508 univer-

507 2553 567 2590 sa
604 2537 728 2606 jam
759 2539 932 2610 Libya
961 2547 1310 2611 rccuperata,
1348 2547 1405 2598 et
1436 2543 1493 2598 in
1534 2545 1861 2600 servitutem
1891 2547 2134 2601 redactis

505 2631 786 2698 Vandalis,
816 2633 995 2688 multo
1026 2636 1278 2705 quotidie
1312 2636 1396 2690 his
1423 2639 1646 2708 majora
1674 2655 1777 2692 nos
1797 2656 1830 2694 a
1861 2641 1971 2694 Deo
1997 2657 2131 2710 per-

509 2727 774 2794 cepturos
794 2729 852 2779 et
877 2730 1206 2796 peracturos
1223 2746 1538 2800 speremus,
1559 2732 1632 2785 ad
1651 2748 1776 2802 qua:
1795 2733 2135 2787 conveniens

511 2821 595 2871 est
615 2817 830 2872 tributa
843 2820 1069 2890 publica
1089 2822 1210 2877 sine
1233 2823 1590 2892 detrimento,
1606 2829 1812 2880 etcum
1828 2827 2131 2894 alacritate,

509 2912 568 2963 et
608 2910 890 2981 deputatis
926 2913 1072 2984 exigi
1103 2917 1477 2986 temporibus.
1529 2919 1666 2973 Inde
1697 2919 1841 2972 adeo
1884 2919 1930 2973 si
1957 2923 2014 2973 et
2036 2937 2136 2974 vos

509 3004 843 3072 praesidibus
871 3006 1070 3061 devote
1114 3010 1184 3063 ad
1229 3011 1570 3066 solutionem
1617 3013 1944 3081 occurratis,
1973 3016 2032 3066 et
2054 3013 2135 3067 illi

509 3096 759 3152 libenter
784 3100 1162 3171 expediteque
1183 3102 1389 3157 tributa
1421 3105 1491 3158 ad
1510 3121 1615 3158 nos
1639 3105 1881 3175 perferri
1909 3122 2137 3161 curave-

511 3189 644 3255 rint,
664 3195 780 3245 tam
803 3193 1072 3262 praesides
1088 3195 1160 3248 ob
1181 3195 1536 3266 diligentiam
1566 3197 1941 3266 laudabimus,
1966 3215 2135 3269 quam

513 3282 686 3337 etiam
705 3301 802 3338 vos
831 3285 901 3338 ob
931 3290 1257 3356 promptam
1283 3289 1630 3343 voluntatem
1657 3291 2136 3360 amplexabimur,

515 3375 736 3445 eritque
763 3377 912 3430 bella
932 3379 1209 3448 quaedam,
1231 3385 1287 3434 et
1305 3381 1559 3452 undique
1585 3399 1835 3436 consona
1865 3383 2017 3437 inter
2042 3401 2141 3439 eos

515 3468 611 3538 qui
635 3469 956 3539 praesident,
977 3472 1294 3544 quibusque
1315 3474 1672 3544 praesidetur,
1697 3475 2016 3530 harmonia.
2033 3477 2142 3531 Ma-

513 3577 628 3630 gno
652 3561 826 3630 igitur
839 3563 950 3618 Deo
970 3567 1027 3617 et
1047 3565 1332 3620 Servatori
1349 3571 1543 3622 nostro
1563 3569 1590 3623 J
1596 3584 1696 3622 esu
1711 3568 1930 3624 Christo
1946 3569 2142 3624 laudes

515 3671 618 3725 pro
636 3655 743 3709 hac
761 3656 890 3726 lege
921 3657 1088 3712 simul
1104 3675 1302 3714 omnes
1319 3660 1577 3728 offerant,
1597 3678 1727 3732 quae
1748 3661 1886 3732 ipsis
1905 3666 2138 3733 praesta-

513 3748 598 3802 bit
619 3747 752 3802 utin
777 3765 876 3804 sua
898 3751 1137 3823 quisque
1154 3754 1339 3823 patria
1361 3770 1557 3808 secure
1575 3754 1857 3822 habitent,
1879 3771 1978 3809 sua
1995 3755 2144 3826 quis-

513 3858 625 3914 que
647 3842 796 3897 bona
819 3844 1168 3913 possideant,
1193 3849 1250 3899 et
1271 3848 1520 3901 fructum
1544 3851 1822 3918 praeterea
1848 3864 1918 3902 ex
1945 3849 2139 3919 praesi-

516 3933 654 3988 dum
671 3935 892 4004 justitia
917 3937 1254 4008 percipiant.
1283 3941 1350 3993 Et
1374 3956 1511 3993 sane
1541 3956 1646 3995 nos
1682 3957 1912 4012 quoque
1930 3941 2040 3995 hac
2071 3941 2142 3995 de

515 4042 686 4080 causa
715 4027 896 4097 ipsam
923 4029 1237 4098 posuimus,
1258 4036 1323 4085 ut
1352 4048 1457 4101 per
1475 4032 1620 4086 hanc
1645 4033 1791 4103 legis
1813 4033 2140 4103 aequitatem

519 4135 587 4173 eo
612 4119 832 4173 facilius
853 4137 958 4174 nos
984 4122 1095 4175 Deo
1112 4123 1431 4191 conciliare,
1455 4129 1837 4196 nostrumque
1861 4126 1944 4180 illi
1967 4126 2145 4197 impe-

517 4211 670 4266 rium
692 4213 1158 4268 commendatum
1186 4215 1430 4269 reddere
1453 4233 1764 4286 possemus,
1783 4235 1926 4272 neve
1955 4219 2140 4273 homi-

520 4321 641 4371 nes,
672 4321 812 4375 quos
841 4307 992 4360 Deus
1018 4307 1181 4361 nobis
1206 4307 1266 4362 in
1293 4308 1398 4361 hoc
1422 4310 1676 4376 tradidit,
1701 4314 1764 4364 ut
1790 4311 1964 4365 secuti
1995 4311 2145 4364 illius

520 4398 857 4468 bonitatem,
897 4416 1004 4470 per
1033 4401 1227 4454 omnia
1261 4401 1543 4456 rationem
1575 4403 1800 4457 illorum
1829 4405 2147 4458 clementer

519 4492 881 4560 haberemus,
907 4509 1208 4565 oppressos
1246 4494 1456 4564 injuria
1483 4495 1774 4566 despicere
1795 4496 2142 4552 videremur.

2225 1982 2573 2036 tributorum
2599 1978 2995 2034 exactionibus
3017 1978 3226 2049 agitur,
3248 1978 3348 2033 sed
3369 1995 3436 2032 ex
3465 1995 3635 2050 aequo
3660 1995 3870 2033 omnes

2227 2076 2436 2129 horum
2455 2072 2845 2144 jurisdictioni
2873 2072 3226 2143 subjaceant,
3258 2088 3373 2126 non
3396 2073 3870 2143 exspectantibus

2229 2169 2364 2239 ipsis
2390 2167 2574 2221 donec
2603 2183 2635 2220 a
2663 2165 3113 2237 magistratibus,
3157 2165 3363 2236 quibus
3396 2170 3530 2220 sunt
3561 2166 3868 2236 suppositi,

2223 2262 2382 2332 jussa
2397 2259 2697 2330 accipiant,
2719 2263 2818 2313 aut
2843 2259 3024 2313 donec
3051 2258 3122 2312 ad
3151 2258 3276 2314 illos
3309 2259 3592 2326 referant,
3612 2259 3713 2314 sed
3730 2276 3869 2314 con-

2231 2355 2373 2409 tenti
2399 2354 2513 2407 sint
2535 2353 2642 2406 hac
2667 2354 2864 2406 nostra
2889 2351 3036 2422 lege,
3069 2369 3168 2422 per
3193 2369 3367 2422 quam
3401 2352 3640 2422 plenam
3672 2353 3754 2406 eis
3773 2369 3874 2424 po-

2232 2449 2494 2502 testatem
2525 2445 2826 2510 tradimus,
2871 2443 3106 2498 nemine
3136 2445 3375 2499 omnino
3426 2445 3724 2499 licentiam
3765 2448 3868 2500 ha-

2231 2541 2402 2595 bente
2452 2540 2509 2593 in
2559 2538 2847 2609 praedictis
2887 2537 3070 2591 causis
3114 2538 3197 2591 uti
3246 2538 3361 2592 ullo
3402 2538 3727 2608 privilegio,
3772 2544 3875 2592 aut

2234 2633 2441 2688 exinde
2457 2632 2566 2686 sibi
2586 2632 2824 2703 impune
2847 2630 3224 2701 delinquendi
3245 2631 3652 2685 auctoritatem
3676 2648 3869 2686 sume-

2233 2729 2518 2796 re.Neque
2538 2725 2694 2779 enim
2709 2724 3004 2795 praesides,
3024 2724 3071 2777 si
3085 2723 3243 2778 omni
3257 2741 3499 2778 munere
3515 2724 3870 2790 abstineant,

2236 2819 2550 2891 quidquam
2567 2817 2766 2872 timori
2786 2817 2906 2884 Dei,
2923 2817 3086 2888 legis,
3113 2821 3170 2870 et
3191 2817 3372 2870 nostri
3393 2821 3756 2886 praponent,
3772 2818 3874 2871 sed

2237 2930 2305 2967 eo
2324 2912 2714 2983 respicientes,
2737 2910 2978 2964 subditis
2995 2911 3417 2964 conservabunt
3431 2909 3737 2979 justitiam,
3756 2928 3875 2965 om-

2236 3006 2332 3060 nia
2344 3005 2660 3059 secundum
2672 3004 2828 3074 leges
2841 3006 3084 3084 nostras,
3100 3006 3160 3056 et
3167 3002 3516 3072 judicantes,
3533 3008 3592 3057 et
3607 3008 3873 3074 agentes.

2238 3102 2299 3153 1n
2319 3099 2526 3152 talibus
2564 3097 2721 3150 enim
2747 3097 2921 3151 etiam
2946 3095 3154 3150 milites
3177 3095 3274 3166 qui
3303 3095 3361 3150 in
3391 3096 3704 3166 provinciis
3733 3097 3873 3150 resi-

2240 3192 2398 3258 dent,
2437 3191 2572 3261 ipsis
2597 3189 3008 3256 submittimus,
3052 3205 3169 3242 non
3202 3205 3338 3242 sane
3369 3188 3772 3258 indigentibus
3804 3189 3877 3243 ad

2241 3286 2349 3339 hoc
2369 3284 2597 3354 speciali
2621 3284 2805 3353 jussu,
2832 3283 2920 3336 vel
2951 3285 3148 3336 nostro
3180 3282 3264 3336 vel
3310 3285 3646 3336 nostrorum
3677 3298 3874 3353 proce-

2241 3394 2367 3430 rum
2378 3420 2390 3442 ,
2404 3377 2503 3430 sed
2521 3379 2744 3430 tantum
2759 3375 3025 3446 praesenti
3045 3376 3171 3445 lege
3188 3374 3500 3441 utentibus,
3519 3379 3576 3428 et
3591 3375 3876 3429 militibus

2243 3488 2374 3525 eam
2395 3469 2849 3534 ostendentibus,
2879 3471 2944 3522 ut
2967 3470 3252 3539 potestate
3287 3467 3462 3521 ofﬁcii
3501 3467 3637 3538 ipsis
3659 3467 3872 3522 utenti-

2239 3564 2346 3619 bus
2371 3563 2577 3618 auxilio
2609 3563 2758 3616 sint:
2797 3561 3039 3615 scientes
3068 3560 3223 3631 quod
3255 3560 3302 3614 si
3329 3561 3436 3614 hoc
3468 3576 3585 3614 non
3617 3562 3866 3631 egerint,

2243 3675 2360 3712 non
2380 3658 2565 3711 solum
2585 3671 2952 3710 annonarum
2975 3658 3032 3708 et
3060 3653 3282 3707 militiae
3310 3653 3687 3708 amissionem
3712 3655 3871 3708 susti-

2244 3751 2481 3817 nebunt,
2497 3749 2599 3804 sed
2625 3748 2800 3802 etiam
2828 3747 2899 3801 de
2921 3763 3158 3817 corpore
3184 3745 3421 3801 venient
3445 3746 3503 3800 in
3525 3746 3872 3816 periculum.

2244 3845 2316 3898 Ut
2337 3843 2780 3914 nullopraeterea
2805 3840 2971 3894 nobis
2997 3840 3108 3894 alio
3133 3839 3473 3910 magistratu
3493 3855 3637 3909 opus
3656 3840 3750 3906 sit,
3777 3842 3871 3893 aut

2245 3936 2420 3991 etiam
2445 3937 2531 3990 vel
2561 3934 3052 3998 latrunculatores,
3074 3933 3162 3986 vel
3191 3948 3336 4003 quos
3360 3936 3570 3986 vocant
3588 3931 3875 3986 violentiis

2244 4028 2580 4084 cohibendis
2608 4027 2750 4097 (imo
2785 4025 3234 4097 grassationibus
3274 4023 3625 4088 exercendis)
3658 4041 3874 4095 praepo-

2245 4122 2400 4188 sitos,
2433 4122 2521 4176 vel
2547 4123 2935 4175 exarmatores
2957 4118 3244 4184 emittere,
3266 4117 3402 4170 satis
3422 4117 3660 4186 quidem
3696 4117 3870 4172 hone-

2245 4221 2357 4270 stos
2388 4231 2504 4285 prae
2535 4230 2594 4267 se
2625 4214 2872 4267 ferentes
2911 4211 3126 4278 titulos,
3164 4227 3227 4264 re
3276 4213 3472 4264 autem
3504 4209 3627 4280 ipsa
3675 4226 3871 4280 perpe-

2245 4310 2463 4363 trantes
2493 4306 2756 4361 omnium
2802 4303 3273 4376 ﬂagitiosissima.
3307 4303 3452 4357 Nam
3482 4302 3525 4355 si
3559 4302 3874 4372 provincia-

2248 4418 2376 4455 rum
2408 4399 2679 4472 przesides
2704 4396 3170 4467 uniuscujusque,
3203 4396 3288 4448 vel
3315 4396 3707 4450 maximorum
3755 4413 3868 4449 ma-

2251 4495 2593 4566 gistratuum
2622 4493 2813 4546 locum
2844 4491 3108 4561 implent,
3147 4489 3582 4558 multorumque
3628 4488 3869 4542 aliorum

517 4585 679 4639 Unde
713 4586 1016 4656 (quantum
1035 4587 1106 4641 ad
1129 4587 1253 4658 nos)
1273 4592 1604 4643 consecrata
1623 4590 1693 4643 sit
1706 4592 1818 4645 Deo
1841 4595 2147 4661 prepterea
2164 4585 2224 4657 Ι)
2240 4587 2502 4659 judicum
2532 4586 2714 4640 instar
2742 4587 2874 4638 sunt
2915 4581 3244 4654 provinciis,
3272 4586 3328 4634 et
3353 4585 3638 4652 quantum
3661 4581 3721 4634 in
3747 4581 3872 4651 ipsis

519 4678 669 4747 quod
687 4678 829 4732 nihil
851 4696 1049 4734 eorum
1065 4681 1370 4747 bonorum,
1397 4697 1525 4751 quae
1552 4699 1658 4754 pro
1676 4682 1919 4738 tuitione
1943 4683 2140 4737 subdi-

519 4775 709 4825 torum
732 4772 970 4827 nobisin
989 4779 1243 4829 mentem
1261 4774 1515 4844 veniunt,
1531 4776 1866 4831 omittimus.
1881 4777 2146 4831 Volentes

521 4863 676 4917 enim
701 4864 994 4921 illiberalia
1021 4867 1133 4934 illa,
1161 4870 1216 4921 et
1236 4867 1461 4922 servilia
1483 4869 1632 4922 furta
1649 4871 1867 4936 tollere,
1897 4874 1954 4924 et
1973 4870 2143 4924 colla-

518 4962 674 5012 tores
693 4960 918 5011 nostros
938 4961 1107 5029 tueri,
1126 4977 1197 5014 ne
1221 4961 1356 5032 quid
1383 4977 1651 5031 asperum
1672 4979 1706 5016 a
1725 4962 2146 5033 provinciarum

520 5051 981 5106 moderatoribus
1005 5052 1316 5122 patiantur,
1350 5059 1656 5126 propterea
1682 5057 1860 5127 gratis
1888 5056 1996 5110 illis
2022 5055 2143 5110 ofﬁ-

519 5144 604 5199 cia
641 5145 900 5199 conferre
927 5145 1268 5214 studuimus,
1291 5163 1362 5202 ne
1386 5164 1561 5218 quam
1589 5148 1662 5202 ad
1693 5149 2147 5220 delinquendum

520 5237 1022 5309 diripiendumque
1067 5239 1340 5309 subditos,
1371 5257 1618 5311 quorum
1643 5243 1826 5312 gratia
1860 5243 2001 5297 nihil
2033 5258 2150 5297 non

521 5331 727 5386 laboris
746 5332 1476 5400 sustinemus,occasionem
1491 5335 2152 5406 habeant,dedignantes

521 5423 734 5478 imitari
757 5441 855 5479 eos
881 5425 977 5496 qui
1001 5429 1132 5480 ante
1149 5443 1255 5481 nos
1277 5426 1524 5498 imperio
1542 5428 1910 5498 praefuerant,
1927 5428 2023 5499 qui
2045 5444 2149 5498 pro

522 5517 781 5586 pecuniis
801 5519 1161 5574 conferentes
1180 5519 1391 5587 ofﬁcia,
1410 5519 1516 5574 sibi
1537 5519 1674 5591 ipsis
1689 5521 1840 5590 juste
1855 5520 2153 5592 increpan-

525 5609 580 5662 di
604 5625 702 5663 eos
725 5611 824 5679 qui
845 5611 1054 5680 injuste
1075 5628 1134 5666 se
1161 5612 1220 5666 in
1240 5613 1442 5668 ofﬁciis
1469 5613 1748 5683 gerebant
1768 5613 1990 5684 copiam
2013 5613 2149 5668 ade-

526 5703 943 5771 merunt,digni
958 5705 1214 5772 profecto
1233 5706 1438 5775 quibus
1453 5710 1690 5776 propter
1701 5705 1946 5776 turpiter
1958 5723 2154 5778 accep-

527 5796 640 5844 tam
665 5809 766 5860 pro
779 5793 980 5846 ofﬁciis
996 5797 1299 5863 pecuniam
1319 5799 1506 5868 capita
1528 5799 1967 5853 obvolverentur
1982 5799 2152 5869 pallio

533 5896 659 5932 cum
686 5898 872 5951 neque
897 5900 1026 5938 suos
1043 5902 1107 5939 ea
1124 5903 1182 5940 re
1214 5891 1507 5946 collatores
1526 5891 1595 5946 ab
1619 5889 1889 5961 improbis
1902 5891 2155 5962 praesidi-

2248 4687 2351 4747 est,
2397 4678 2709 4734 secundum
2754 4677 2912 4748 leges
2939 4679 3166 4730 nostras
3197 4674 3508 4728 sententias
3551 4674 3871 4744 proferunt,

2247 4773 2373 4845 quis
2393 4777 2492 4827 aut
2516 4770 2945 4842 praescriptione
2978 4768 3106 4835 fori,
3133 4770 3230 4821 aut
3260 4766 3370 4821 alio
3401 4766 3524 4837 ejus
3550 4767 3783 4837 generis
3800 4767 3876 4820 uti

2247 4866 2401 4938 apud
2433 4867 2587 4936 ipsos
2615 4863 2873 4919 audeat?

2319 4958 2718 5015 lnterdicimus
2739 4961 2934 5010 autem
2955 4958 3013 5009 et
3035 4952 3450 5024 gloriosissimo
3467 4967 3574 5021 per
3584 4951 3875 5007 Orientem

2248 5052 2523 5123 magistro
2546 5050 2816 5115 militum,
2830 5052 2888 5102 et
2904 5046 3170 5102 omnibus
3189 5044 3424 5100 omnino
3446 5043 3878 5115 magistratibus

2251 5146 2478 5211 nostris,
2505 5161 2576 5198 ne
2592 5144 2680 5197 vel
2699 5140 3194 5205 latrunculatores,
3206 5139 3295 5193 vel
3316 5137 3600 5192 violentiis
3613 5138 3878 5192 cohiben-

2251 5239 2338 5294 dis
2366 5235 2722 5308 praepositos,
2748 5235 2835 5289 vel
2875 5236 3280 5298 exarmatores,
3302 5231 3392 5285 vel
3417 5230 3708 5301 ejusmodi
3744 5231 3879 5286 alios

2253 5333 2310 5387 in
2333 5329 2654 5403 provincias
2671 5328 2956 5383 emittant.
2978 5327 3166 5383 Sciant
3188 5324 3365 5391 enim,
3385 5324 3484 5394 qui
3505 5323 3575 5378 ad
3599 5324 3711 5378 hoc
3730 5324 3878 5378 insti-

2250 5425 2333 5481 tui
2367 5427 2496 5496 post
2524 5424 2674 5477 hanc
2700 5425 2959 5477 nostram
2994 5420 3188 5490 legem
3221 5417 3716 5488 praesumpserint,
3749 5434 3878 5488 quo-

2253 5520 2411 5573 niam
2447 5516 2597 5588 capti
2627 5533 2661 5570 a
2690 5515 2898 5570 nostris
2929 5512 3222 5584 judicibus
3260 5509 3712 5581 provinciarum,
3744 5513 3800 5564 et
3822 5511 3876 5564 in

2253 5611 2476 5666 vincula
2487 5609 2845 5680 redigentur,
2860 5611 2916 5662 et
2931 5622 3102 5661 causa
3114 5604 3187 5660 ad
3200 5619 3302 5658 nos
3316 5602 3579 5657 nuntiata
3597 5618 3876 5657 summum

2253 5723 2287 5760 a
2309 5703 2474 5759 nobis
2499 5702 2814 5775 periculum
2837 5699 3229 5765 sustinebunt;
3253 5701 3311 5751 et
3330 5695 3426 5767 qui
3450 5695 3787 5766 hujusmodi
3806 5696 3878 5749 eis

2254 5801 2537 5870 precepta
2559 5794 2924 5860 tradiderint,
2951 5792 3193 5863 triginta
3210 5789 3484 5844 librarum
3513 5788 3638 5844 auri
3660 5804 3878 5859 pinnam

2253 5890 2698 5961 sustinebunt,et
2719 5887 2998 5961 majorem
3033 5885 3285 5959 insuper,
3310 5899 3375 5938 ac
3388 5881 3877 5939 vehementiorem
