4034 6228
165 418 276 472 937

548 416 914 473 JUSTINIANI
954 420 1244 476 EDICTUM
1282 421 1370 475 AD
1410 421 1651 488 UBIQUE
1689 421 2136 477 CONSTITUTOS
2173 420 2528 476 EPISCOPOS
2564 418 2648 476 ET
2684 418 3165 475 PATRIARCIIAS.

3433 421 3540 476 95S

166 528 441 580 nostram
470 525 932 597 indignationem
960 529 1345 600 experientur.
1381 528 1621 599 Oportet
1638 528 1815 600 igitur
1834 542 1894 616 Α
1912 529 2378 601 pensitationem,
2398 527 2727 599 ingentibus
2755 530 3037 599 praeterea
3058 526 3286 597 injuriis
3303 530 3541 599 propter

164 619 605 691 provinciarum
625 621 896 692 praesides
911 625 1071 678 tanta
1088 640 1123 677 a
1141 622 1302 677 nobis
1316 625 1598 694 potestate
1615 622 1814 695 digna-

165 716 283 778 tos,
313 713 394 768 ita
424 731 484 767 se
516 714 577 768 in
616 715 855 786 agendis
898 715 1071 770 rebus
1118 732 1341 785 gerere,
1383 720 1446 772 ut
1486 716 1692 788 (quoad
1725 720 1809 771 ta-

166 822 318 860 men
341 806 661 877 justitia,et
679 810 834 879 leges
858 809 1214 879 permittunt)
1235 811 1308 865 ab
1327 810 1597 865 omnibus
1613 810 1810 864 formi-

165 899 389 954 dentur
413 917 426 954 :
448 901 694 956 scientes
715 902 871 972 quod
897 902 942 957 si
969 904 1118 958 male
1148 908 1206 959 et
1234 907 1445 974 praeter
1469 902 1813 973 dignitatem

166 1008 199 1045 a
228 992 401 1048 nobis
429 995 753 1049 commissa:
781 996 861 1050 eis
883 996 1186 1067 potestatis
1206 996 1421 1051 tradita
1451 996 1813 1051 administra-

166 1085 336 1140 tione
356 1090 614 1153 utantur,
632 1088 936 1144 antedictis
954 1090 1330 1161 subjacebunt
1349 1089 1638 1161 suppliciis
1662 1107 1675 1144 :
1701 1106 1814 1143 sus-

166 1179 430 1235 tinentes
451 1182 667 1236 scilicet
688 1198 757 1236 ea
784 1183 922 1237 dum
952 1183 1140 1238 adhuc
1166 1183 1223 1237 in
1247 1182 1437 1237 ofﬁcio
1464 1186 1614 1252 sunt,
1638 1182 1816 1253 majo-

168 1273 335 1327 ribus
367 1275 546 1329 etiam
575 1276 836 1330 tentandi
867 1277 1133 1347 periculis
1159 1293 1228 1331 eo
1257 1276 1535 1347 deposito.
1560 1278 1817 1347 Denega-

168 1383 304 1419 mus
332 1367 492 1421 enim
522 1368 630 1422 illis
654 1386 796 1439 quas
818 1374 1087 1425 rexerunt
1117 1370 1455 1441 provincias,
1482 1370 1638 1442 prius
1658 1386 1815 1424 exce-

169 1459 356 1513 dendi
385 1461 699 1528 licentiam,
720 1479 895 1533 quam
916 1464 1241 1535 legitimum
1255 1463 1673 1534 quinquaginta
1693 1463 1810 1517 die-

168 1570 304 1607 rum
318 1554 569 1625 spatium
583 1557 960 1626 compleatur,
978 1558 1092 1611 sive
1106 1557 1402 1611 occasione
1425 1557 1812 1626 revocatoriaa,

169 1646 291 1700 sive
334 1648 576 1702 obtentu
614 1649 786 1719 fugin,
816 1649 930 1704 sive
969 1651 1082 1704 alia
1116 1666 1458 1722 quacunque
1494 1651 1564 1704 de
1597 1666 1769 1703 causa
1798 1667 1811 1704 :

168 1740 508 1807 scientibus,
539 1742 694 1812 quod
725 1743 838 1795 sive
871 1746 949 1812 (ut
979 1748 1112 1797 ante
1146 1742 1409 1813 diximus)
1435 1743 1492 1796 in
1524 1742 1631 1797 hac
1662 1744 1816 1797 alma

171 1834 337 1900 urbe,
368 1834 484 1888 sive
524 1835 659 1889 alibi
698 1836 956 1890 locorum
998 1839 1315 1903 versentur,
1351 1835 1424 1890 ad
1460 1835 1813 1907 provinciam

174 1926 375 1981 denuo
420 1927 662 1995 reducti,
702 1945 877 1999 quam
924 1934 1213 1996 rexerunt,
1260 1945 1455 2000 poenas
1511 1912 1891 1999 excipient,B

172 2036 323 2090 quas
342 2020 731 2091 praediximus.
749 2022 1158 2091 Jusjurandum
1176 2038 1309 2076 vero
1332 2022 1570 2088 dabunt,
1586 2021 1677 2075 hic
1698 2022 1818 2092 qui-

174 2112 314 2168 dem
344 2114 661 2168 secundum
682 2115 930 2169 formam
953 2114 1213 2185 superius
1244 2130 1594 2185 expressam.
1619 2114 1675 2169 Si
1699 2114 1821 2185 qui-

171 2206 284 2261 bus
309 2223 466 2273 vero,
495 2206 649 2278 quod
672 2207 730 2261 in
752 2207 1061 2278 provinciis
1080 2208 1345 2275 existant,
1362 2206 1812 2261 administratio-

172 2300 266 2354 nis
317 2299 608 2353 codicillos
650 2300 806 2354 mitti
847 2300 1148 2371 placuerit,
1172 2299 1581 2370 jusjurandum
1620 2316 1816 2354 coram

172 2393 278 2447 Dei
310 2392 703 2447 amantissimo
735 2393 1003 2464 episcopo
1042 2393 1375 2465 metropolis
1405 2392 1644 2463 ejusque
1682 2392 1817 2447 civi-

177 2485 314 2539 tatis
343 2485 694 2557 primoribus
714 2486 1005 2553 subibunt,
1038 2490 1096 2540 et
1119 2486 1199 2539 ita
1230 2502 1427 2540 rerum
1458 2484 1821 2540 administra-

177 2579 408 2633 tionem
455 2578 785 2650 suscipicnt,
820 2578 1160 2633 celsitudine
1201 2578 1465 2633 videlicet
1500 2581 1600 2634 tua
1628 2578 1816 2649 provi-

178 2672 376 2741 dente,
409 2674 473 2725 ut
496 2671 610 2725 sive
647 2672 706 2725 in
744 2672 939 2741 ampla
966 2672 1073 2725 hac
1101 2671 1236 2725 urbe
1262 2671 1664 2742 magistratum
1695 2670 1823 2742 quis

177 2764 473 2835 suscipiat,
500 2764 616 2819 sive
645 2782 679 2818 a
710 2764 1049 2819 celsitudine
1072 2768 1170 2818 tua
1197 2764 1317 2834 ejus
1346 2764 1593 2818 codicilli
1614 2764 1673 2818 in
1696 2777 1823 2835 pro-

178 2858 430 2912 vinciam
456 2858 761 2913 mittantur
791 2875 803 2912 :
835 2858 904 2925 is,
938 2857 1034 2928 qui
1061 2857 1312 2928 suscipit,
1333 2856 1662 2911 cautionem
1688 2858 1822 2912 ﬁsco

180 2951 252 3005 de
282 2950 511 3005 tributis
532 2951 655 3005 sine
674 2950 911 3022 querela
924 2949 1219 3021 exigendis
1236 2953 1491 3021 praestet,
1514 2953 1686 3021 prout
1700 2951 1821 3022 ipse

180 3060 419 3115 prorsus
446 3043 735 3097 statueris.
768 3044 1007 3097 Feratur
1035 3046 1230 3097 autem
1265 3043 1431 3097 nobis
1468 3043 1590 3096 haec
1624 3044 1711 3096 lex
1751 3042 1822 3097 de

182 3137 456 3192 omnibus
484 3137 584 3208 qui
605 3137 728 3207 jam
759 3136 895 3190 inde
921 3152 1184 3207 expresse
1213 3153 1246 3190 a
1275 3135 1439 3190 nobis
1465 3136 1823 3190 nominanda

183 3229 379 3285 ofﬁcia
405 3228 656 3300 gratuita
680 3228 1018 3301 percipient.
1048 3228 1342 3283 Praeterita
1367 3228 1659 3298 enimjam
1688 3231 1822 3282 ante

179 3322 388 3394 positis
405 3278 753 3392 :imjaceaht
775 3278 1018 3391 legibus,
1050 3278 1821 3375 ..‘.‘.;;.‘.;g.;.1.;;.'.:;.’g..;
1843 3278 1897 3351 C

182 3420 383 3470 nostra
398 3415 527 3485 lege
548 3430 849 3485 pcenarum
868 3414 1211 3468 imminente
1232 3412 1298 3467 iis
1320 3413 1417 3483 qui
1438 3429 1616 3483 usque
1634 3413 1823 3467 adhuc

183 3507 377 3563 ofﬁcia
398 3507 822 3574 administrant,
843 3506 951 3560 nisi
977 3507 1123 3561 forte
1144 3508 1201 3559 et
1222 3505 1326 3576 ipsi
1347 3508 1479 3576 post
1496 3505 1824 3576 hujuslegis

180 3600 640 3655 insinuationem
656 3599 909 3670 rapuisse
924 3598 1138 3669 aliquid
1156 3597 1679 3669 deprehendantur.
1696 3599 1825 3653 Ηωο

180 3693 363 3766 igitur
379 3692 582 3748 omnia
600 3692 930 3764 perdiscens
949 3690 1225 3745 celsitudo
1244 3694 1358 3758 tua,
1373 3694 1435 3744 ut
1450 3690 1601 3762 apud
1622 3707 1824 3746 omnes

181 3788 285 3841 sub
305 3803 368 3841 se
390 3787 728 3840 constitutas
745 3788 947 3855 gentes
963 3783 1271 3838 manifesta
1297 3783 1458 3847 ﬁant,
1474 3788 1744 3854 procuret
1758 3801 1825 3839 ex

180 3896 344 3935 more
359 3878 659 3933 destinatis
675 3877 749 3932 ad
763 3893 963 3931 omnes
984 3876 1407 3947 provinciarum
1421 3879 1673 3931 rectores
1686 3893 1826 3947 prae-

182 3972 382 4044 ceptis,
431 3975 493 4026 ut
540 3973 802 4025 nostrum
849 3969 998 4024 circa
1049 3968 1307 4024 subditos
1353 3968 1605 4023 studium
1638 3969 1822 4040 deque

184 4063 457 4121 creandis
487 4063 819 4135 praesidibus
863 4062 1212 4117 sententiam
1249 4064 1650 4133 agnoscentes,
1691 4062 1820 4133 ipsi,

182 4159 373 4214 sciant
401 4159 620 4229 quanta
642 4156 703 4211 in
724 4156 853 4211 illos
882 4155 1162 4210 beneﬁcia
1189 4154 1618 4225 contulerimus,
1642 4154 1743 4227 qui
1762 4158 1825 4209 ut

183 4252 432 4308 meliore
463 4251 693 4304 fortuna
712 4252 969 4317 utantur,
993 4266 1066 4305 ne
1087 4249 1250 4320 regio
1279 4248 1511 4320 quidem
1534 4248 1824 4304 famulicio

184 4343 637 4417 pepercerimus.
660 4344 782 4398 Dat.
798 4360 911 4399 xvu
928 4343 1168 4399 Kalend.
1188 4342 1363 4415 April.
1381 4341 1818 4415 Constantinop.

185 4437 462 4494 Belisario
488 4453 541 4491 v.
575 4453 623 4492 c.
654 4452 772 4492 cos.

865 4605 1163 4660 EDICTUM

193 4747 402 4816 Ubique
430 4746 662 4800 locorum
689 4746 993 4800 constitutis
1018 4745 1115 4799 Dei
1142 4745 1532 4816 amantissimis
1553 4743 1824 4813 archiepi-

258 4814 456 4887 scopis,
480 4816 1007 4886 religbsissimisque
1019 4814 1355 4886 patriarchis
1376 4816 1753 4885 conscriptum.

256 5002 472 5056 Curam
510 5000 779 5069 gerentes
816 4996 1044 5053 traditae
1072 4995 1238 5052 nobis
1266 5011 1301 5050 a
1331 4994 1447 5050 Deo
1473 4994 1824 5066 reipublicae,

187 5093 478 5162 simulque
504 5094 566 5145 ut
592 5089 805 5145 subditi
832 5088 1013 5145 nostri
1043 5104 1110 5143 ex
1139 5087 1303 5143 omni
1332 5091 1493 5159 parte
1522 5103 1653 5142 cum
1666 5088 1829 5159 justi-

186 5187 265 5241 tia
285 5185 467 5241 vitam
488 5183 721 5255 degant,
740 5182 1056 5249 studentes,
1076 5180 1392 5251 subjectam
1412 5181 1605 5252 legem
1625 5181 1828 5237 deseri-

184 5279 426 5351 psimus.
457 5276 642 5342 Quam
667 5276 905 5348 quidem
937 5278 994 5330 et
1015 5273 1303 5329 sanctitati
1331 5277 1465 5341 tuae,
1490 5277 1548 5328 et
1573 5290 1678 5344 per
1697 5291 1826 5329 eam

187 5370 480 5439 omnibus,
494 5370 593 5442 qui
606 5370 664 5424 in
676 5368 972 5441 provincia
981 5370 1081 5422 tua
1092 5369 1244 5435 sunt,
1259 5365 1629 5421 manifestam
1639 5368 1827 5423 facere

188 5465 493 5536 pulchrum
520 5462 801 5518 duximus.
823 5463 955 5517 Tuae
986 5460 1163 5533 igitur
1183 5458 1478 5531 religionis
1510 5464 1567 5513 et
1585 5459 1829 5531 reliquo.

187 5573 319 5613 rum
357 5556 757 5628 episcoporum
794 5555 972 5612 fuerit
1007 5553 1119 5609 ista
1154 5552 1480 5619 observare,
1509 5554 1568 5606 et
1604 5552 1651 5606 si
1686 5552 1827 5624 quid

187 5650 468 5723 praesides
504 5649 1026 5722 transgrediantur,
1058 5646 1132 5702 ad
1175 5662 1280 5701 nos
1310 5645 1549 5713 referre,
1585 5660 1656 5699 ne
1687 5645 1829 5716 quid

191 5760 399 5801 eorum
434 5759 564 5815 quas
590 5743 856 5816 religiose
886 5740 1057 5797 simul
1081 5744 1137 5795 et
1157 5739 1315 5810 juste
1348 5755 1382 5793 a
1420 5737 1583 5794 nobis
1612 5738 1828 5793 sancita

190 5840 344 5906 sunt,
375 5836 741 5909 despiciatur.
774 5838 919 5892 Nam
957 5834 1003 5889 si
1036 5850 1142 5889 nos
1168 5831 1405 5903 quidem
1437 5830 1694 5886 subditos
1723 5847 1825 5886 no-

190 5936 340 5987 stros
382 5930 658 5999 miserati,
705 5929 862 6003 quod
901 5928 1049 5983 ultra
1087 5923 1449 5998 publicorum
1478 5924 1826 5981 tributorum

1912 622 2266 679 venditiones
2294 621 2718 694 provinciarum
2750 638 2817 677 ex
2842 620 3150 692 praesidum
3174 620 3379 692 rapina
3404 637 3536 692 sup-

1912 717 2335 789 primebantur,
2364 732 2462 771 eas
2492 732 2596 787 per
2620 715 2935 787 subjectam
2964 716 3153 786 legem
3180 715 3382 771 tollere
3412 731 3539 787 pro-

1913 809 2254 882 peravimus,
2307 826 2405 864 vos
2470 814 2665 864 autem
2714 810 2773 862 in
2819 811 3129 879 utramque
3187 808 3540 863 dormientes

1913 920 2134 971 aurem,
2190 902 2332 959 nihil
2384 903 2549 959 nobis
2599 902 2961 959 renuntietis.
3018 902 3104 957 Sit
3156 902 3394 973 quidem
3444 902 3542 957 do-

1911 997 2072 1053 mino
2111 998 2226 1053 Deo
2266 1000 2616 1063 consecrata,
2642 1013 2742 1052 vos
2771 998 2965 1051 autem
2996 995 3283 1051 rationem
3329 995 3383 1050 ei
3410 995 3541 1050 red-

1915 1090 2060 1146 detis
2086 1091 2157 1145 de
2183 1091 2395 1163 injuria
2423 1091 2549 1147 aliis
2576 1090 2753 1159 illata,
2783 1090 2829 1146 si
2854 1107 2957 1163 per
2986 1090 3134 1145 hanc
3157 1088 3537 1157 occasionem,

1915 1186 2069 1256 quod
2097 1185 2167 1239 de
2198 1185 2285 1239 his
2311 1201 2426 1239 non
2456 1185 2826 1250 instruamur,
2858 1183 3183 1239 nocumenti
3215 1181 3432 1253 aliquid
3450 1197 3542 1235 ve-

1913 1278 2042 1334 stris
2072 1279 2192 1332 istis
2219 1278 2548 1332 hominibus
2577 1278 2879 1348 irrogetur.
2912 1279 3034 1332 Imo
3066 1294 3184 1344 vos,
3214 1275 3312 1346 qui
3335 1275 3393 1330 in
3416 1276 3541 1330 loco

1914 1377 2226 1443 praesentes
2251 1372 2404 1439 estis,
2433 1376 2490 1426 et
2526 1377 2646 1427 tam
2676 1387 2777 1443 pro
2806 1370 2965 1425 vobis
2987 1386 3160 1441 quam
3187 1386 3295 1442 pro
3321 1368 3541 1423 caeteris

1916 1466 2240 1535 deeertatis,
2260 1467 2489 1537 oportet
2500 1465 2772 1520 certiores
2786 1482 2888 1519 nos
2900 1464 3162 1531 reddere,
3182 1466 3241 1517 et
3262 1463 3333 1517 de
3352 1461 3421 1517 iis
3442 1460 3539 1534 qui

1913 1564 2066 1613 recte
2093 1574 2151 1612 se
2180 1558 2239 1612 in
2267 1558 2766 1613 administratione
2797 1564 3023 1628 gerunt,
3052 1561 3110 1611 et
3133 1557 3231 1628 qui
3260 1552 3407 1610 hanc
3436 1572 3539 1610 no-

1916 1655 2093 1706 stram
2112 1651 2304 1721 legem
2326 1652 2845 1722 transgrediuntur,
2866 1655 2928 1704 ut
2946 1654 3191 1720 utroque
3208 1649 3460 1719 cognito,
3483 1648 3543 1703 in

1917 1745 2022 1799 hos
2051 1744 2286 1815 quidem
2307 1745 2849 1810 animadvertamus,
2878 1744 2987 1797 illis
3016 1759 3151 1796 vero
3174 1742 3427 1812 aliquam
3449 1757 3537 1793 re-

1916 1837 2169 1892 feramus
2193 1837 2462 1908 gratiam.
2490 1837 2669 1892 Simul
2695 1854 2760 1891 ac
2786 1854 2918 1891 vero
2947 1837 3035 1890 lex
3079 1835 3306 1906 publico
3333 1850 3543 1905 propo-

1916 1931 2043 1997 sita,
2078 1934 2137 1985 et
2168 1930 2434 1985 omnibus
2459 1930 2763 1984 manifesta
2794 1930 2945 1984 facta
2979 1933 3083 1995 est,
3112 1932 3250 1983 tunc
3285 1929 3545 1997 suscepta

1917 2024 2068 2079 intra
2098 2027 2515 2078 sacrosanctam
2551 2023 2899 2078 recondatur
2933 2022 3234 2077 ecclesiam
3262 2037 3377 2075 una
3410 2036 3543 2074 cum

1918 2116 2091 2172 sacris
2121 2116 2285 2183 vasis,
2318 2115 2595 2170 nimirum
2622 2132 2751 2170 cum
2787 2119 2845 2170 et
2873 2115 2995 2185 ipsa
3037 2115 3153 2169 Deo
3181 2113 3463 2178 dedicata,
3488 2115 3547 2167 et

1918 2211 1989 2265 ad
2015 2211 2259 2264 salutem
2280 2209 2382 2263 sub
2405 2209 2527 2280 ipso
2550 2208 2989 2263 constitutorum
3011 2207 3312 2262 hominum
3334 2205 3545 2275 scripta

1919 2303 2009 2357 sit.
2037 2303 2209 2358 Multo
2237 2305 2431 2356 autem
2461 2302 2791 2373 speciosius,
2823 2305 2881 2356 et
2909 2300 3092 2371 magis
3125 2317 3191 2354 ex
3220 2315 3325 2353 usu
3354 2298 3540 2353 homi-

1920 2412 2080 2465 nu_m,
2115 2395 2211 2466 qui
2243 2412 2346 2467 per
2375 2412 2444 2449 ea
2473 2395 2596 2449 loca
2625 2397 2777 2462 sunt,
2807 2393 3047 2462 facietis,
3080 2393 3124 2447 si
3156 2408 3287 2447 eam
3313 2390 3542 2457 tabulis,

1918 2492 2017 2543 aut
2041 2489 2323 2560 lapidibus
2350 2488 2713 2559 insculptam,
2742 2488 2803 2542 in
2834 2487 3144 2558 porticibus
3173 2488 3548 2541 sacrosanctis

1922 2582 2173 2637 ecclesiae
2194 2581 2593 2652 praescribatis,
2612 2584 2941 2653 promptam
2957 2580 3225 2636 omnibus
3242 2577 3475 2650 legendi
3491 2580 3550 2632 et

1921 2675 2161 2746 parandi
2182 2692 2249 2729 ea
2271 2691 2398 2745 quae
2424 2675 2642 2729 sancita
2670 2678 2822 2741 sunt,
2846 2674 3179 2729 facultatem
3203 2672 3544 2744 praebentes.

1922 2768 2066 2824 Cum
2091 2784 2226 2822 vero
2250 2768 2319 2823 de
2342 2766 2653 2839 praesidum
2678 2766 2999 2822 sinceritate
3025 2769 3247 2820 tantam
3268 2765 3329 2819 in
3350 2764 3547 2819 animo

1923 2860 2364 2916 sollicitudinem
2404 2860 2781 2931 reposuimus,
2816 2858 3187 2914 manifestum
3234 2862 3320 2912 est
3362 2858 3547 2911 multo

1923 2971 2027 3009 nos
2043 2953 2233 3009 minus
2250 2953 2628 3025 permissuros
2643 2952 2935 3007 civitatum
2953 2950 3373 3017 defensoribus,
3388 2952 3451 3003 ut
3462 2949 3549 3003 vel

1922 3047 2139 3118 aliquid
2165 3046 2466 3117 accipiant,
2488 3046 2575 3100 vel
2603 3045 2761 3099 dent.
2790 3044 3016 3101 Dabunt
3045 3043 3202 3099 enim
3222 3059 3328 3114 pro
3348 3040 3549 3113 praebi-

1924 3140 1994 3194 tis
2016 3140 2119 3194 sibi
2141 3140 2201 3194 in
2218 3140 2344 3194 foro
2366 3138 2909 3210 gloriosissimorum
2928 3138 3334 3210 praefectorum
3347 3134 3554 3206 jussio-

1924 3234 2089 3287 nibus
2102 3232 2387 3303 siquidem
2404 3232 2658 3303 majores
2674 3233 2788 3286 sint
2806 3231 3080 3299 civitates,
3095 3234 3321 3285 tantum
3340 3228 3551 3283 solidos

1924 3329 2199 3398 quatuor;
2223 3326 2269 3379 si
2288 3326 2563 3394 minores,
2580 3325 2793 3381 solidos
2806 3329 2943 3391 tres,
2957 3328 3015 3379 et
3030 3326 3309 3395 praeterea
3329 3320 3491 3377 nihil.
3504 3322 3552 3374 Α

1924 3420 2157 3474 nemine
2190 3422 2385 3474 autem
2412 3419 2731 3491 quidpiam,
2761 3418 2807 3473 si
2833 3418 3052 3473 reditus
3080 3417 3190 3471 illis
3227 3433 3293 3471 ex
3323 3414 3550 3487 publico

1922 3512 2261 3566 constitutus
2290 3513 2418 3581 erit,
2447 3516 2548 3566 aut
2576 3512 2621 3566 si
2650 3511 2791 3565 nihil
2838 3528 2905 3565 ex
2946 3510 3172 3581 publico
3212 3507 3550 3580 percipiant,

1923 3606 2073 3659 ultra
2102 3621 2172 3659 ea
2206 3621 2333 3675 qua:
2371 3621 2535 3659 sacra
2564 3607 2759 3659 nostra
2789 3602 3194 3658 constitutione
3223 3602 3377 3672 ipsos
3407 3601 3556 3655 ferre

1925 3698 2135 3751 debere
2165 3714 2498 3768 expressum
2538 3701 2623 3752 est
2648 3696 2947 3766 accipient.
2973 3694 3200 3764 Alioqui
3228 3693 3274 3747 si
3300 3692 3439 3763 quid
3463 3692 3552 3745 vel

1922 3790 2052 3861 ipsi,
2078 3791 2166 3844 vel
2201 3790 2455 3860 ipsorum
2500 3791 2582 3858 (ut
2622 3791 2845 3857 vocant)
2897 3786 3249 3852 chartularii,
3276 3786 3363 3838 vel
3395 3783 3548 3854 quis-

1922 3883 2080 3953 piam
2108 3898 2307 3937 eorum
2340 3883 2437 3953 qui
2475 3882 2625 3937 circa
2665 3882 2818 3952 ipsos
2849 3884 2982 3935 sunt
3024 3879 3308 3949 accepisse
3343 3877 3547 3948 depre-

1922 3975 2253 4030 hendentur
2279 3975 2338 4029 in
2372 3975 2760 4046 quadruplum
2792 3974 2846 4028 ei
2877 3973 3032 4045 quod
3060 3972 3407 4043 acceperunt
3432 3986 3550 4024 res-

1921 4068 2153 4139 tituent,
2182 4084 2366 4140 neque
2393 4085 2511 4124 non
2543 4084 2613 4122 ea
2647 4066 3030 4123 sollicitudine
3066 4065 3456 4137 depellentur;
3497 4065 3556 4119 et

1923 4164 2203 4234 praeterea
2231 4165 2511 4234 perpetuo
2542 4161 2737 4216 exsilio
2758 4160 3003 4228 multati,
3038 4162 3097 4214 et
3124 4174 3363 4231 corpore
3387 4157 3554 4214 casti-

1924 4255 2064 4327 gati,
2099 4256 2292 4311 locum
2323 4255 2543 4311 dabunt
2571 4254 2907 4311 melioribus
2932 4253 3085 4321 viris,
3116 4253 3213 4325 qui
3248 4268 3354 4324 pro
3392 4252 3559 4308 malis

1924 4365 2055 4404 eam
2075 4348 2522 4405 sollicitudinem
2551 4348 2782 4403 obeant.

1993 4442 2161 4497 Eritis
2182 4445 2378 4498 autem
2404 4459 2504 4497 vos
2529 4458 2759 4513 quoque
2780 4441 2950 4512 hujus
2974 4439 3059 4493 rei
3079 4436 3365 4504 custodes,
3387 4436 3559 4491 simul

1922 4534 2252 4590 inhibentes
2294 4551 2364 4590 ea
2404 4550 2531 4605 quae
2563 4539 2766 4589 contra
2791 4534 2914 4587 haec
2942 4532 3108 4598 ﬁunt,
3140 4529 3308 4583 simul
3340 4528 3415 4583 ad
3451 4528 3558 4583 hos

1841 4643 1903 4715 D
1924 4628 2259 4695 referentes,
2288 4630 2353 4681 ut
2379 4641 2570 4697 neque
2603 4624 2820 4696 aliquid
2859 4622 3141 4694 ejusmodi
3170 4620 3556 4677 admissorum

1923 4722 2119 4788 lateat,
2132 4736 2319 4791 neque
2335 4718 2570 4775 latendo
2589 4717 2948 4789 relinquatur
2958 4716 3327 4789 impunitum,
3341 4715 3442 4771 sed
3459 4731 3560 4770 un-

1927 4814 2099 4884 dique
2119 4812 2361 4869 subditis
2382 4811 2594 4867 nostris
2616 4810 2875 4883 aequitas,
2896 4814 2956 4865 et
2970 4810 3194 4883 justitia
3208 4809 3557 4866 reﬂorescat.

1927 4907 2043 4963 Sed
2086 4910 2144 4962 et
2176 4906 2276 4978 qui
2306 4906 2624 4961 etiamnum
2656 4904 2715 4959 in
2746 4903 2947 4960 ofﬁciis
2973 4908 3124 4973 sunt,
3156 4904 3203 4959 si
3230 4907 3362 4976 post
3387 4904 3560 4976 hujus

1924 5000 2071 5072 legis
2112 4999 2564 5056 insinuationem
2590 5014 2708 5055 non
2739 4998 2899 5054 omni
2926 4998 3131 5071 rapina
3157 4997 3558 5067 abstinuerint,

1928 5094 2112 5149 sciant
2130 5093 2305 5149 etiam
2329 5092 2434 5165 ipsi
2457 5109 2516 5147 se
2533 5091 2854 5148 constitutis
2873 5091 2934 5147 in
2954 5092 3063 5148 hac
3077 5093 3208 5163 lege
3225 5091 3407 5163 poenis
3427 5091 3559 5145 sub-

1920 5186 2224 5258 jicieudos.
2252 5186 2541 5258 Scriptum
2570 5189 2657 5241 est
2685 5185 2857 5241 edicti
2882 5186 3211 5258 exemplum
3237 5182 3557 5238 Constanti-

1928 5278 2278 5351 nopolitanis
2293 5279 2353 5335 in
2375 5280 2497 5336 haec
2517 5279 2722 5334 verba:
2748 5279 3036 5345 Quantam
3056 5277 3116 5332 in
3138 5275 3332 5331 animo
3353 5274 3558 5329 sollici-

1927 5372 2191 5428 tudinem
2212 5373 2284 5428 de
2307 5372 2585 5429 universis
2604 5371 2846 5429 subditis
2860 5370 3243 5443 reposuimus,
3266 5366 3401 5421 satis
3417 5366 3564 5422 indi-

1928 5469 2020 5521 cat
2037 5467 2128 5521 lex
2146 5483 2333 5537 nuper
2351 5483 2386 5522 a
2404 5466 2569 5521 nobis
2598 5464 2803 5538 posita,
2828 5480 3005 5535 quam
3027 5463 3101 5517 ad
3122 5460 3563 5534 gloriosissimos

1929 5557 2156 5610 nostros
2181 5555 2483 5626 praefectos
2502 5551 2962 5623 conscripsimus.
2978 5551 3093 5607 Sed
3112 5549 3462 5606 conveniens
3476 5551 3564 5603 est

1926 5650 1993 5702 ut
2021 5650 2080 5703 et
2104 5662 2205 5703 vos
2227 5646 2651 5721 providentiam
2679 5647 2958 5712 nostram,
2980 5660 3151 5716 quam
3176 5642 3328 5699 circa
3357 5658 3564 5699 omnes

1929 5740 2196 5795 homines
2212 5742 2485 5812 gerimus,
2503 5738 2792 5811 cognitam
2813 5743 2872 5794 et
2894 5741 3259 5811 perspectam
3281 5735 3558 5791 habeatis.

1928 5834 2118 5903 anue
2147 5832 2217 5887 de
2244 5849 2307 5888 re
2337 5835 2528 5904 legem
2559 5833 2744 5904 ipsam
2771 5832 2830 5886 in
2868 5832 3057 5888 forma
3083 5830 3397 5886 edictorum
3426 5845 3558 5900 pro-

1928 5925 2244 5999 posuimus,
2268 5928 2331 5982 ut
2350 5942 2450 5982 vos
2468 5926 2714 5984 Domino
2730 5927 2843 5983 Deo
2866 5928 2923 5981 et
2941 5924 3229 5983 Servatori
3247 5925 3444 5981 nostro
3470 5922 3558 5980 Je-
