4034 6228
480 256 601 343 ’963

1645 282 1898 338 SECULI
1939 283 2127 339 SEXTI
2169 285 2721 342 SUPPLEMENTUM.

3783 290 3891 341 964

497 396 775 450 simorum
805 391 1167 448 tribunorum
1195 389 1569 460 notariorum,
1603 389 1703 444 sol.
1730 405 1831 459 xv;
1862 390 1985 460 ejus
2025 391 2124 445 ad-
2149 392 2437 476 Ablicum
2465 392 2746 462 solatium,
2776 396 3054 464 quantum
3081 392 3434 466 inculpabilis
3450 395 3774 467 antiquitas
3798 395 3919 453 de-,

490 487 688 559 jutori,
715 486 820 541 sol.
854 502 947 554 IIl;
975 484 1193 540 cohorti
1251 482 1791 555 gloriosissimorum
1834 484 2127 554 praafecto-

498 597 630 636 rum
654 596 757 652 pro
779 579 1055 651 jussione,
1088 577 1250 632 solid.
1281 592 1462 632 xxxvi.

569 712 616 764 A
640 709 878 782 praeside
904 707 1144 779 Scythia:
1172 706 1251 760 sic
1274 724 1287 760 :
1318 704 1716 777 spectabilibus
1745 705 1925 761 tribus
1962 705 2127 760 char-

498 804 716 859 tulariis
741 802 885 857 sacri
914 800 1176 866 cubiculi,
1208 800 1309 854 sol.
1334 816 1386 854 1X
1408 817 1421 866 ;
1440 799 1768 871 primicerio
1800 799 2132 854 clarissimo.

498 914 631 953 rum
656 896 1016 952 tribunorum
1047 893 1420 960 notariorum,
1451 894 1531 947 sol
1558 910 1623 947 xv
1646 910 1664 962 ;
1694 893 1815 963 ejus
1862 892 2127 963 adjutori,

500 991 607 1046 sol.
634 1007 725 1058 in;
769 988 989 1043 cohorti
1024 986 1558 1058 gloriosissimorum
1592 986 1987 1058 praefectorum
2026 1002 2129 1057 pro

491 1084 766 1154 jussione,
795 1082 1003 1136 solidos
1032 1096 1211 1136 XXXVI.

569 1212 612 1263 A
637 1208 929 1263 defensore
950 1206 1226 1276 cujusque
1255 1204 1513 1271 civitatis,
1541 1203 1824 1275 siquidem
1850 1207 2133 1275 metropo-

497 1301 565 1358 lis
594 1302 684 1370 sit,
713 1317 819 1373 pro
852 1298 1109 1370 jussione
1146 1298 1360 1352 cohorti
1411 1296 1949 1367 gloriosissimorum
1989 1312 2131 1367 prae-

496 1396 776 1451 fectorum
800 1394 1007 1447 dentur
1035 1390 1195 1446 solidi
1240 1394 1515 1462 quatuor;
1549 1391 1597 1444 si
1634 1391 1742 1445 alia
1786 1390 1997 1459 civitas,
2037 1406 2126 1443 so-

496 1490 598 1545 lidi
635 1493 771 1559 tres,
799 1490 855 1541 et
898 1491 1176 1557 praeterea
1203 1484 1366 1538 nihil.
1396 1485 1536 1537 Nam
1581 1500 1765 1555 neque
1808 1483 2131 1538 defensores

499 1584 778 1650 volumus,
806 1581 891 1635 vel
941 1578 1181 1633 summis
1209 1577 1657 1649 magistratibus,
1689 1582 1788 1631 aut
1830 1576 1999 1630 alicui
2032 1576 2132 1629 alii

500 1676 797 1748 quidpiam
836 1674 989 1740 dare,
1032 1672 1121 1726 vel
1166 1671 1440 1742 accipere,
1471 1670 1584 1724 nisi
1632 1686 1703 1724 ex
1748 1670 1974 1741 publico
2020 1669 2131 1723 illis

2229 486 2430 553 ﬁnivit,
2463 491 2587 540 uta
2610 487 2931 557 spontaneis
2963 487 3099 560 ipsis
3124 489 3311 560 magis
3352 505 3530 560 quam
3576 488 3653 542 ab
3689 489 3896 543 invitis

2228 580 2532 650 accipiant,
2564 584 2621 634 et
2650 580 2760 635 hoc
2787 597 3012 651 parum,
3046 586 3103 637 et
3129 587 3405 653 quantum
3428 583 3508 637 eis
3557 583 3631 637 ad
3661 582 3891 638 medio-

2228 693 2385 732 crem
2414 677 2623 732 sufﬁcit
2646 678 2776 733 vitae
2804 678 3295 750 gubernationem.
3330 680 3523 736 Sciant
3555 681 3717 736 enim
3746 680 3895 752 quia

2231 772 2278 825 si
2303 771 2442 825 citra
2468 772 2587 825 haec
2610 772 2826 844 pliquid
2844 773 3183 843 acceperint,
3213 791 3327 828 non
3351 774 3537 829 solum
3566 775 3893 846 quadrupli

2230 864 2603 936 subjacebunt
2636 882 2840 936 poenae,
2884 866 2980 921 sed
3018 867 3191 921 etiam
3232 868 3501 923 exsilium
3530 868 3893 922 habitabth

2232 955 2569 1009 continuum
2594 954 2754 1026 prius
2780 955 2860 1009 eis
2888 955 3070 1027 plagis
3099 956 3352 1027 corporis
3386 955 3811 1029 inﬂigendis'.]

2835 1143 3148 1199 NOVELLA
3179 1145 3259 1199 IX.

2227 1263 2646 1332 Jusjurandum,
2683 1263 2829 1333 quod
2861 1266 3122 1334 praestari
3151 1265 3283 1320 solet
3335 1264 3403 1319 ab
3445 1267 3516 1319 iis
3560 1267 3659 1334 qui
3706 1268 3891 1334 ofﬁcia

2880 1359 3205 1429 suscipiunt.

2301 1520 2495 1574 Testor
2521 1535 2629 1590 ego
2649 1518 2899 1589 jurando
2923 1520 3374 1591 omnipotentem
3417 1522 3627 1589 Deum,
3656 1525 3713 1576 et
3740 1522 3883 1576 uni-

2232 1613 2492 1685 genitum
2511 1612 2711 1667 Filium
2732 1613 2855 1683 ejus
2875 1614 3057 1667 Deum
3074 1619 3330 1669 nostrum
3347 1616 3375 1670 .I
3381 1631 3543 1670 esum
3557 1615 3858 1672 Christum
3870 1658 3883 1681 ,

2231 1709 2289 1761 et
2314 1705 2587 1777 Spiritum
2612 1710 2888 1774 sanctum,
2924 1722 3147 1762 necnon
3173 1712 3446 1777 sanctam,
3473 1725 3537 1763 ac
3566 1708 3887 1780 gloriosam

500 1767 935 1824 consuetudines
964 1765 1227 1837 quaedam
1257 1764 1639 1834 praebeantur,
1670 1762 1979 1817 scientibus
2018 1762 2209 1843 illisB
2235 1762 2728 1871 Dei‘genitricem’
2761 1806 2819 1855 et
2862 1762 3138 1871 ﬁerpemo
3181 1762 3466 1873 virginerh
3510 1762 3773 1871 mgﬁam,
3824 1807 3884 1856 et

502 1863 654 1935 quod
691 1862 736 1916 si
776 1862 846 1916 de
893 1860 1086 1930 aliquo
1127 1857 1383 1928 ipsorum
1419 1857 1489 1910 ad
1534 1873 1634 1910 nos
1676 1857 1953 1910 referatur
1980 1856 2132 1927 quod

502 1957 715 2011 sancita
752 1957 964 2020 nostra,
1007 1950 1476 2021 transgrediatur,
1520 1956 1577 2004 et
1614 1949 1764 2020 quod
1813 1949 2027 2020 accepit
2073 1948 2133 2003 in

503 2048 888 2122 quadruplum
918 2045 1197 2110 restituet,
1228 2047 1285 2097 et
1301 2044 1575 2113 abrogato
1593 2043 1775 2097 ofticio
1795 2048 2133 2113 perpetuum

500 2144 711 2199 incolet
732 2140 1017 2196 exsilium.
1039 2138 1180 2192 Cum
1200 2153 1387 2207 neque
1410 2136 1521 2206 ipsi
1550 2136 1968 2207 provinciarum
1985 2153 2129 2207 prae-

499 2237 648 2293 sides
693 2234 975 2290 minorem
1030 2247 1255 2303 poenam
1296 2230 1586 2300 excepturi
1627 2230 1759 2298 sint,
1804 2230 1849 2283 si
1888 2230 1995 2285 hoc
2041 2246 2135 2285 ne-

504 2329 805 2403 glexerint,
833 2332 890 2383 et
908 2326 1011 2381 sub
1040 2342 1139 2380 suo
1169 2324 1343 2379 veluti
1370 2326 1601 2394 aspectu
1628 2323 1951 2378 defensores
1974 2338 2135 2393 rape-

500 2441 564 2479 re
589 2422 897 2495 patiantur.

581 2542 887 2615 [Scriptum
912 2538 1084 2609 hujus
1108 2536 1251 2607 legis
1275 2536 1601 2607 exemplum
1623 2536 1913 2591 Dominico
1935 2537 2136 2607 glorio-

504 2632 726 2689 sissimo
736 2628 1135 2701 praetoriorum
1153 2641 1255 2696 per
1267 2625 1554 2695 Illyricum
1573 2626 1863 2695 praefecto,
1892 2626 1982 2680 his
1997 2642 2136 2697 quo-

502 2743 614 2800 que
623 2720 963 2791 additisJusj
973 2719 1253 2773 urandum
1266 2735 1328 2771 su
1335 2718 1504 2773 beant
1513 2719 1826 2773 secundum
1838 2720 2135 2790 proprium

504 2823 574 2877 de
601 2820 707 2874 hec
735 2818 969 2883 factum,
990 2821 1046 2869 et
1073 2813 1217 2867 infra
1242 2812 1488 2884 positum
1509 2818 1944 2883 sacramentum,
1977 2814 2137 2884 cujus

504 2913 835 2985 exemplum
865 2909 1036 2964 etiam
1079 2906 1359 2961 directum
1397 2912 1481 2961 est
1519 2912 1633 2961 tuae
1664 2907 2003 2962 celsitudini.
2030 2908 2137 2971 Qui

505 3025 639 3064 vero
676 3001 1194 3060 administrationes
1227 3000 1541 3071 suscipiunt
1567 3017 1601 3054 a
1642 3005 1740 3055 tua
1780 3000 2132 3069 celsitudine,

505 3103 717 3159 directo
747 3098 879 3152 hinc
916 3096 994 3151 eis
1034 3112 1065 3149 a
1104 3093 1270 3149 nobis
1299 3093 1581 3149 codicillos
1627 3093 1950 3165 suscipiant,
1984 3109 2130 3164 prae-

506 3201 664 3252 sente
695 3195 805 3247 Deo
832 3188 1057 3245 amabili
1085 3187 1325 3241 civitatis
1361 3187 1418 3240 in
1456 3204 1569 3257 qua
1605 3188 1823 3257 degunt
1848 3187 2131 3258 episcopo,

508 3294 565 3345 et
591 3286 713 3341 aliis
739 3284 915 3355 quiin
939 3281 1161 3335 civitate
1189 3279 1399 3333 suntin
1417 3280 1634 3350 judicio
1662 3285 1772 3334 tua:
1790 3281 2137 3335 celsitudinis

506 3378 887 3451 congregatis,
918 3379 975 3430 et
999 3374 1159 3427 omni
1177 3378 1276 3427 tuo
1300 3372 1504 3439 officio,
1531 3389 1720 3427 coram
1736 3373 1941 3444 quibus
1961 3374 2137 3428 etiam

505 3474 784 3531 codicillos
820 3469 1115 3540 accipiant,
1148 3470 1207 3521 et
1228 3467 1428 3537 jurent
1466 3466 1806 3538 praedictum
1852 3467 2136 3539 jusjuran-

509 3571 667 3626 dum.
700 3568 767 3622 Et
791 3564 1039 3619 maxime
1065 3562 1172 3615 hoc
1203 3560 1563 3633 praecipimus
1585 3560 1733 3615 circa
1757 3561 1996 3615 curiales
2020 3562 2133 3632 agi,

506 3679 647 3737 quos
666 3662 993 3731 competens
1008 3658 1093 3710 est
1106 3670 1313 3727 magna
1325 3654 1458 3723 frui,
1475 3659 1574 3709 eta
1592 3660 1691 3709 tua
1703 3655 2036 3710 celsitudine
2051 3672 2065 3710 :
2082 3661 2138 3710 et

505 3756 606 3830 qui
633 3754 902 3811 eumdem
935 3749 1253 3821 cingulum,
1284 3747 1499 3819 optima
1542 3747 1651 3802 erit
1676 3748 2048 3819 providentia,
2080 3752 2138 3805 et

506 3850 785 3917 studium,
814 3850 879 3901 ut
908 3845 1049 3900 nihil
1064 3844 1133 3898 ab
1155 3843 1235 3897 eis
1261 3842 1499 3897 lucreris
1522 3842 1775 3911 omnino,
1799 3859 1984 3914 neque
2012 3859 2137 3914 per-

505 3946 699 4001 mittas
726 3959 819 3997 eos
846 3940 916 3994 ab
942 3939 1055 3993 ullo
1085 3936 1237 3991 laedi.
1268 3938 1371 3990 Eos
1398 3936 1550 3991 enim
1580 3935 1675 4007 qui
1707 3936 1852 3990 hanc
1878 3937 2138 3992 nituntur

502 4034 885 4109 iniquitatem,
916 4037 1196 4104 quatenus
1220 4035 1277 4084 et
1310 4030 1631 4084 felicissimo
1667 4032 1860 4084 nostro
1900 4036 2138 4086 utantur

508 4130 782 4195 exercitu,
810 4131 866 4181 et
884 4125 1127 4196 reliquas
1148 4123 1386 4178 curiales
1404 4123 1754 4195 adimpleant
1778 4124 2095 4180 functiones
2119 4142 2132 4179 :

506 4226 641 4301 quia
658 4240 774 4279 non
804 4223 1024 4291 oportet
1048 4217 1182 4272 talia
1210 4215 1476 4271 attentari
1506 4216 1719 4286 solatia,
1751 4221 1817 4271 ut
1841 4219 2020 4289 possit
2043 4236 2135 4273 re-

503 4320 644 4379 ferri
671 4318 743 4374 ad
768 4319 989 4372 tantam
1027 4310 1372 4365 tarditatem.
1403 4309 1549 4363 Nihil
1588 4310 1740 4364 enim
1790 4311 1951 4365 nobis
1989 4328 2136 4367 com-

503 4414 737 4473 mendat
763 4415 923 4466 tuam
951 4404 1364 4470 celsitudinem,
1394 4403 1678 4474 quomodo
1711 4403 1859 4459 circa
1901 4406 2137 4462 curiales

2155 3137 2210 3212 C

2234 1898 2478 1963 quatuor
2501 1893 2822 1964 Evangelia,
2841 1909 2968 1965 quae.
2993 1893 3145 1948 hisce
3167 1894 3431 1949 manibus
3451 1899 3639 1963 teneo,
3670 1902 3729 1951 et
3747 1912 3887 1949 san-

2234 1990 2350 2040 ctos
2380 1986 2746 2058 archangelos
2771 1987 3097 2042 Michaelem
3125 1992 3181 2042 et
3216 1988 3558 2067 Qabrielem,
3587 1989 3745 2059 quod
3790 2006 3885 2043 sa-

2234 2079 2557 2134 cratissimis
2576 2085 2633 2133 et
2650 2078 3016 2151 pientissimis
3036 2081 3283 2135 dominis
3308 2082 3515 2136 nostris
3534 2082 3884 2151 Iustiniano,

2235 2177 2291 2227 et
2314 2173 2619 2227 Theodorus
2649 2172 2879 2244 conjugi
2907 2174 3174 2244 potentim
3215 2174 3366 2228 illius
3392 2175 3680 2242 existenti,
3714 2192 3884 2230 occa-

2236 2265 2391 2319 sione
2421 2266 2667 2320 concessi
2689 2265 2833 2319 mihi
2863 2265 2933 2320 ab
2959 2266 3188 2321 illorum
3220 2267 3428 2337 pietate
3458 2267 3652 2335 officii,
3676 2284 3883 2339 puram

2234 2359 2633 2414 conscientiam
2645 2364 2702 2414 et
2712 2358 3027 2430 genuinum
3039 2361 3412 2431 praestaturus
3420 2376 3549 2416 sum
3561 2379 3619 2417 se
3628 2362 3756 2415 rviti
3763 2378 3859 2415 um
3869 2404 3883 2415 .

2233 2452 2505 2524 Quodque
2540 2469 2642 2524 pro
2671 2452 2926 2523 ipsorum
2954 2452 3195 2524 imperio
3224 2458 3281 2508 et
3305 2454 3619 2524 republica,
3652 2455 3715 2509 in
3745 2470 3883 2509 con-

2234 2562 2388 2599 cesso
2417 2544 2559 2599 mihi
2587 2544 2657 2598 ab
2686 2544 2821 2616 ipsis
2848 2544 3056 2615 officio,
3075 2563 3299 2601 summa
3323 2563 3454 2601 cum
3479 2547 3662 2602 animi
3694 2565 3890 2618 prom-

2234 2638 2534 2710 ptitudine,
2561 2638 2680 2692 sine
2696 2638 2825 2692 dolo
2847 2643 2902 2693 et
2915 2639 3126 2711 absque
3146 2639 3369 2707 fraude,
3393 2657 3624 2695 omnem
3648 2657 3881 2712 operam

2234 2748 2297 2785 ac
2325 2731 2583 2785 laborem
2614 2731 2905 2786 subiturus
2936 2747 3087 2786 sum.
3109 2733 3177 2787 Et
3200 2733 3351 2804 quod
3376 2750 3506 2788 cum
3527 2734 3886 2787 sanctissima

2235 2824 2331 2878 Dei
2362 2825 2656 2889 catholica,
2701 2830 2757 2879 et
2786 2825 3091 2895 apostolica
3130 2825 3372 2881 Ecclesia
3409 2827 3883 2881 communionem

2234 2916 2434 2983 habeo,
2467 2933 2652 2989 neque
2681 2917 2731 2973 ei
2756 2918 2871 2971 ulla
2897 2919 3226 2989 unquamin
3255 2936 3336 2988 re,
3360 2922 3459 2973 aut
3480 2920 3657 2974 modo
3684 2920 3880 2975 adver-

2235 3010 2418 3079 sabor,
2454 3027 2639 3081 neque
2672 3012 2964 3081 (quantum
3004 3011 3062 3065 in
3104 3029 3195 3066 me
3241 3013 3365 3082 erit)
3408 3012 3577 3067 alicui
3609 3013 3708 3067 alii
3749 3029 3883 3085 per-

2235 3104 2476 3158 mittam.
2504 3103 2715 3158 Eodem
2735 3103 3061 3174 juramento
3097 3109 3292 3172 testor,
3324 3106 3475 3177 quod
3502 3122 3695 3177 neque
3724 3122 3883 3161 occa-

2237 3198 2394 3252 sione
2408 3197 2597 3252 traditi
2621 3197 2764 3251 mihi
2778 3197 2971 3267 officii,
2988 3214 3173 3269 neque
3192 3215 3292 3269 per
3307 3216 3533 3253 causam
3556 3199 3883 3269 patrocinii,

2235 3296 2335 3345 aut
2360 3290 2595 3362 praestiti
2621 3290 2773 3362 apud
2817 3291 3121 3346 Dominum
3162 3291 3435 3363 suffragii,
3484 3292 3581 3345 ulli
3623 3293 3885 3347 omnimo

2236 3384 2573 3456 quidquam,
2602 3384 2689 3438 vel
2719 3384 2869 3452 dedi,
2893 3385 2980 3439 vel
3000 3384 3165 3453 dabo,
3185 3385 3272 3439 vel
3295 3385 3549 3455 promisi,
3574 3386 3662 3439 vel
3683 3393 3884 3458 pactus

2237 3494 2362 3533 sum
2389 3495 2457 3533 ex
2500 3478 2786 3549 provincia
2824 3478 3070 3547 mittere,
3109 3478 3201 3532 vel
3233 3477 3479 3546 mittam,
3509 3479 3626 3533 sive
3671 3479 3882 3550 glorio-

2236 3572 2443 3626 sissimi
2473 3572 2721 3643 praefecti
2749 3576 2901 3640 sunt,
2937 3570 3049 3626 sive
3078 3571 3174 3626 alii
3207 3572 3571 3626 celeberrimi
3600 3573 3712 3627 viri
3753 3590 3885 3627 cum

2236 3668 2512 3737 potestate
2560 3664 2879 3734 existentes,
2926 3664 3038 3719 sive
3091 3664 3239 3718 circa
3288 3665 3413 3719 illos
3453 3665 3665 3719 versari
3713 3666 3881 3735 soliti,

2237 3760 2350 3813 sive
2380 3758 2679 3829 quisquam
2712 3757 2970 3811 omnium
2994 3773 3007 3809 :
3029 3758 3127 3813 sed
3147 3758 3635 3829 quamadmodum
3665 3758 3882 3831 gratui-

2236 3857 2357 3907 tum
2389 3851 2637 3905 officium
2660 3852 2897 3922 suscepi,
2931 3851 3009 3906 ita
3029 3856 3085 3905 et
3110 3867 3248 3922 erga
3269 3851 3762 3922 pientissimorum
3788 3870 3884 3907 no.

2235 3949 2483 4000 strorum
2508 3944 2870 3999 dominorum
2908 3944 3203 3999 collatores
3243 3944 3535 4016 integrum
3565 3962 3661 4000 me
3689 3952 3745 4000 et
3774 3946 3884 4001 sin-

2237 4055 2431 4094 cerum
2458 4038 2757 4107 exhibebo,
2787 4038 3105 4092 constitutis
3127 4037 3267 4092 mihi
3288 4054 3359 4092 ex
3377 4037 3605 4109 publico
3634 4040 3879 4094 annonis

2236 4136 2552 4187 contentus.
2595 4133 2673 4184 Ac
2712 4147 2831 4201 pra:
2873 4130 3135 4185 omnibus
3187 4146 3321 4185 sane
3358 4146 3590 4201 operam
3631 4132 3781 4187 dabo
3822 4140 3884 4187 ut

2236 4224 2461 4280 tributis
2491 4224 2794 4295 diligenter
2828 4223 3178 4293 incumbam,
3224 4229 3281 4279 et
3317 4224 3611 4280 indevotos
3649 4226 3882 4297 quidem

2236 4335 2299 4373 ac
2346 4318 2733 4390 compulsione
2779 4317 3097 4389 indigentes
3135 4333 3270 4372 cum
3321 4318 3478 4372 omni
3522 4319 3883 4374 vehementia

2236 4412 2485 4484 exigam,
2518 4412 2578 4466 in
2606 4411 2762 4466 nullo
2787 4410 2867 4465 eis
2893 4410 3117 4480 cedens,
3147 4427 3332 4483 neque
3357 4411 3592 4466 omnino
3616 4412 3766 4467 lucri
3787 4429 3875 4468 ca-

505 4506 952 4578 uniuscujusque
976 4499 1213 4556 civitatis
1242 4497 1571 4570 provinciae,
1597 4514 1768 4569 quam
1786 4500 2033 4570 praeberi
2047 4517 2138 4555 νο⁴
2156 4510 2215 4583 D
2239 4506 2435 4579 ptandi
2464 4504 2669 4574 studio,
2687 4505 2773 4560 vel
2794 4521 2895 4576 per
2910 4505 3170 4576 gratiam,
3192 4504 3278 4559 vel
3296 4505 3511 4575 odium,
3538 4504 3690 4560 ultra
3711 4522 3878 4577 quam

503 4605 699 4662 lumus
729 4600 868 4667 istis,
900 4603 957 4653 et
979 4613 1012 4650 a
1041 4602 1136 4651 tua
1164 4591 1514 4659 celsitudine,
1548 4608 1613 4647 ac
1654 4592 1870 4664 cinguli
1910 4610 2137 4665 semper

505 4693 943 4755 successoribus.
973 4690 1327 4760 Quapropter
1345 4686 1485 4741 dum
1504 4686 1783 4765 codicillos
1804 4686 2027 4743 dederis
2044 4688 2138 4743 ad-

504 4788 951 4849 ministrationes
978 4781 1386 4854 accipientibus
1415 4798 1450 4835 a
1476 4784 1550 4847 te,
1573 4787 1671 4835 aut
1700 4786 2001 4852 praesente,
2030 4782 2137 4836 hoc

506 4887 588 4943 eis
619 4891 780 4939 tuam
816 4878 1155 4935 denuntiare
1189 4875 1454 4931 volumus
1483 4874 1697 4944 sedem,
1733 4879 1799 4929 ut
1834 4875 2137 4930 curialibus

504 4994 740 5037 omnem
764 4976 909 5031 ferat
927 4973 1197 5037 favorem,
1225 4969 1369 5025 nihil
1394 4968 1622 5041 penitus
1643 4968 1714 5023 ab
1729 4968 1810 5023 eis
1833 4969 2132 5041 accipiens.

502 5073 919 5133 Prohibeantur
945 5071 1137 5121 autem
1162 5069 1220 5119 et
1246 5064 1317 5118 ab
1345 5063 1468 5118 aliis
1494 5063 1575 5118 eis
1598 5062 1786 5119 afferri
1821 5064 2051 5132 damna,
2080 5070 2137 5120 et

502 5169 816 5243 agnoscant
838 5179 941 5235 per
963 5166 1019 5216 te
1049 5159 1182 5231 quia
1201 5158 1248 5212 si
1273 5163 1500 5229 praeter,
1522 5158 1629 5212 hoc
1646 5157 1864 5229 aliquid
1890 5158 2133 5229 egerint,

497 5264 684 5338 pomis
701 5256 1072 5330 subjacebunt
1090 5252 1453 5325 pravissimis.
1477 5252 1567 5307 Sic
1575 5256 1635 5306 ut
1654 5252 1808 5307 enim
1831 5252 2136 5308 curialibus

501 5373 732 5431 parcere
761 5358 818 5409 te
844 5351 1128 5417 volumus,
1157 5346 1234 5401 ita
1264 5350 1323 5401 et
1347 5346 1709 5401 defensorum
1752 5346 2049 5417 castigare,
2078 5350 2137 5401 et

499 5451 745 5507 retinere
767 5445 1057 5502 avaritiam
1084 5442 1385 5507 sancimus,
1407 5446 1463 5495 et
1484 5440 1556 5495 ab
1575 5440 1657 5495 eis
1682 5456 2028 5511 praesumere
2049 5456 2136 5495 ac-

500 5547 689 5617 cipere
729 5560 762 5595 a
799 5538 1005 5596 nostris
1041 5535 1326 5607 subjectis,
1358 5534 1470 5589 nisi
1515 5535 1828 5589 secundum
1862 5535 2014 5606 quod
2058 5536 2136 5590 eis

497 5636 855 5695 administrat
880 5631 1194 5704 respublica
1222 5634 1322 5685 aut
1340 5628 1387 5683 si
1416 5644 1532 5683 non
1561 5632 1642 5683 est
1667 5628 1897 5699 aliquod
1924 5627 2005 5683 eis
2034 5645 2137 5700 pu-

574 5825 598 5854 "
626 5824 739 5878 Hoc
764 5837 881 5876 non
903 5817 1193 5874 invenitur
1214 5818 1273 5872 in
1293 5816 1498 5873 Graecis
1524 5814 1960 5888 exemplaribus.

2236 4599 2518 4668 convenit,
2542 4598 2653 4654 sive
2679 4602 2871 4670 petam
2898 4598 2969 4652 ab
2994 4598 3206 4669 aliquo,
3224 4598 3341 4652 sive
3366 4596 3533 4653 alicui
3561 4598 3872 4666 remittam,

2236 4694 2463 4750 devotos
2490 4709 2622 4748 vero
2643 4697 2881 4764 paterno
2907 4691 3155 4763 quodam
3184 4691 3390 4747 affectu
3419 4692 3788 4763 complectar.
3816 4693 3881 4748 Et

2235 4788 2489 4843 subditos
2539 4785 3029 4858 pientissimorum
3095 4790 3425 4841 nostrorum
3508 4785 3877 4841 dominorum

2236 4882 2531 4955 (quantum
2558 4879 2617 4934 in
2645 4896 2736 4935 me
2755 4878 2880 4951 erit)
2899 4879 3154 4952 undique
3174 4895 3342 4949 noxa,
3365 4884 3423 4935 et
3443 4879 3657 4935 damno
3672 4879 3878 4935 liberos

2236 4975 2597 5032 conservabo.
2625 4975 2806 5045 Atque
2831 4988 3065 5044 aequum
3091 4989 3184 5028 me
3217 4974 3441 5045 utrique
3470 4974 3643 5045 parti,
3675 4978 3794 5029 tam
3820 4973 3875 5029 in

2235 5067 2608 5141 disceptandis
2653 5067 3066 5136 controversiis,
3103 5082 3277 5139 quam
3325 5066 3536 5121 tuenda
3582 5066 3877 5138 disciplina

2234 5163 2460 5236 publica
2487 5162 2767 5234 praebens,
2788 5160 2978 5216 neutri
3004 5161 3152 5232 parti
3177 5163 3387 5232 printer
3401 5160 3498 5231 jus
3521 5164 3581 5215 et
3604 5160 3697 5215 fas
3714 5161 3870 5217 addi-

2234 5263 2356 5314 ctus
2368 5272 2485 5325 ero,
2509 5256 2607 5311 sed
2634 5271 2833 5310 omnes
2853 5254 3246 5326 delinquentes
3270 5269 3600 5326 persequar,
3623 5259 3685 5309 et
3704 5256 3874 5327 equi-

2235 5356 2407 5407 tatem
2436 5349 2593 5405 omni
2621 5366 2687 5404 ex
2724 5353 2885 5421 parte
2913 5347 3277 5416 conservabo,
3324 5350 3381 5402 et
3420 5351 3600 5418 prout
3625 5347 3772 5403 mihi
3789 5349 3875 5418 ju-

2235 5450 2387 5501 stum
2412 5443 2714 5499 videbitur.
2743 5442 2926 5498 Simul
2951 5441 3227 5510 insontes,
3253 5457 3326 5496 ne
3351 5441 3489 5512 quid
3518 5441 3773 5497 sentiant
3796 5439 3870 5495 di-

2233 5538 2473 5610 spendii,
2499 5536 2722 5606 tuebor,
2754 5535 2923 5591 simul
2950 5534 3063 5591 reis
3093 5534 3349 5590 sontibus
3370 5535 3693 5590 secundum
3724 5535 3871 5607 leges

2234 5632 2502 5705 irrogabo
2527 5631 2892 5704 supplicium.
2916 5632 2983 5685 Et
3029 5630 3112 5702 (ut
3155 5628 3370 5684 dictum
3399 5629 3503 5697 est)
3543 5632 3664 5684 tam
3690 5628 3753 5684 in
3776 5645 3869 5701 pu-

2232 5726 2393 5782 blicis
2418 5741 2594 5798 quam
2619 5725 2848 5799 privatis
2873 5722 3252 5780 contractibus
3279 5740 3294 5778 :
3326 5725 3614 5795 praeterea
3640 5728 3700 5779 et
3727 5723 3870 5778 sitis-

2233 5836 2299 5877 co
2328 5820 2615 5877 adferatur
2643 5819 2871 5892 injuria,
2898 5818 3177 5891 justitiam
3192 5815 3523 5873 observabo.
3555 5816 3749 5890 Neque
3769 5833 3866 5891 ego
