4034 6228
27 292 173 343 965

982 290 1347 350 IUSTINIANI
1395 293 1723 350 NOVELLE
1759 294 2091 352 SELECTA-Z.
2134 298 2441 355 NOVELLA
2478 298 2583 355 XV.

3368 308 3469 362 966

29 399 327 451 tantum
349 396 459 452 ista
490 395 814 468 perficiam,
847 399 948 454 sed
975 399 1151 456 etiam
1179 402 1278 473 qui
1308 418 1567 474 unquam
1597 402 1739 458 mihi
1763 415 1821 489 Α
1843 419 2152 462 numerum
2184 406 2336 462 intra
2357 422 2690 462 mensuram
2705 407 3099 478 cohibeantur,
3125 426 3469 485 semperque

32 489 383 557 assident,
409 490 622 562 quique
650 492 804 546 circa
832 508 926 547 me
958 497 1112 562 sunt,
1144 496 1290 550 tales
1318 496 1559 552 studebo
1588 512 1743 552 assu-

38 599 274 651 mere,
313 587 385 638 ut
412 599 531 639 non
561 585 717 640 solus
746 601 856 657 ego
888 586 1231 643 innocenter
1257 589 1466 659 vivere,
1491 590 1589 661 qui
1608 605 1741 645 vero

42 676 237 731 circa
274 693 385 731 me
424 684 575 745 sunt,
608 694 839 750 rapere,
872 682 931 734 et
962 680 1297 753 delinquere
1330 682 1655 738 videantur.
1686 683 1743 739 Si

46 771 209 841 quis
240 775 456 825 autem
475 772 622 827 circa
636 788 733 826 me
753 772 883 827 talis
904 772 1246 843 invenietur,
1270 776 1571 847 prtestabo,
1587 777 1744 847 quod

48 863 200 934 ipse
241 864 515 935 admisit,
546 881 796 937 eumque
830 867 1082 938 abigam.
1124 868 1287 932 Quod
1321 869 1368 923 si
1396 886 1513 925 non
1545 869 1743 924 omnia

52 956 228 1025 haec,
257 961 336 1012 ut
358 958 493 1025 dixi,
516 959 910 1027 observavero,
939 961 1208 1017 omnibus
1231 962 1622 1017 incommodis
1641 979 1740 1017 ero

54 1051 415 1122 expositus,
449 1056 567 1107 tam
594 1052 685 1107 hic
707 1069 906 1124 quam,
941 1053 1000 1109 in
1034 1055 1229 1110 futuro
1257 1056 1486 1123 saeculo,
1518 1056 1578 1110 in
1611 1056 1743 1111 hor-

53 1144 279 1199 rendo
302 1145 529 1216 judicio
550 1147 996 1218 magniDomini
1013 1148 1136 1218 Dei,
1161 1151 1220 1203 et
1236 1148 1541 1204 servatoris
1561 1149 1741 1204 nostri

55 1238 84 1291 J
90 1255 215 1293 esu
243 1239 489 1306 Christi,
510 1239 845 1312 habeboque
870 1245 1095 1312 partem
1111 1258 1244 1298 cum
1268 1242 1433 1310 Juda,
1448 1246 1503 1297 et
1519 1243 1739 1315 lepram

58 1330 265 1398 Giezi,
293 1335 361 1386 et
382 1335 698 1388 tremorem
729 1334 890 1402 Cain,
924 1336 1074 1390 ultra
1103 1335 1231 1406 hoc,
1252 1336 1405 1408 quod
1426 1335 1602 1391 etiam
1620 1353 1736 1409 po:-

59 1425 167 1480 nis
186 1427 339 1498 lege
369 1442 572 1481 eorum
598 1426 829 1498 pietatis
863 1430 1292 1500 comprehensis
1310 1446 1407 1485 ero
1437 1410 1735 1485 obnoxius.

142 1522 449 1590 Scriptum
484 1521 786 1591 exemplum
838 1522 1004 1590 hujus
1040 1525 1315 1578 Dominico
1356 1524 1739 1593 gloriosissimo

59 1628 179 1683 per
204 1614 506 1682 Illyricum
523 1616 907 1685 prmtonbrum
925 1617 1205 1685 praefecto.

708 1803 1023 1859 NOVELLA
1048 1805 1133 1859 XI.

440 1942 516 1994 De
541 1938 933 2005 referendarius
960 1940 1107 1994 sacri
1125 1938 1332 2008 palatii
1344 1950 1386 1993 ι.

164 2088 503 2159 Imperator
530 2086 885 2142 Justinianus
922 2089 1212 2160 Augustus
1238 2085 1584 2159 Hermogeni
1611 2088 1737 2159 glo-

82 2181 555 2237 riosissimorum
589 2197 886 2236 sacrorum
930 2181 1254 2237 ofﬁciorum
1303 2181 1603 2252 magistro,
1638 2198 1738 2236 ex-

85 2276 338 2330 consule
371 2280 427 2330 et
451 2275 712 2347 patricio.

166 2371 333 2423 Inter
370 2371 581 2424 caetera
610 2386 738 2440 qua:
769 2368 828 2424 in
866 2368 1169 2424 decentem
1213 2366 1476 2425 ordinem
1505 2368 1737 2424 reduxi-

90 2479 251 2531 mus,
273 2478 467 2533 neque
489 2479 558 2517 ea
569 2479 698 2534 quae
714 2462 1047 2533 spectabiles
1064 2465 1292 2518 nostros
1313 2462 1741 2517 referendarios

95 2561 484 2623 concernunt,
521 2559 684 2611 extra
709 2556 1087 2628 providentia:
1105 2562 1317 2613 nostrae
1337 2556 1619 2612 terminos
1648 2572 1736 2611 re-

94 2649 425 2721 linquenda
443 2649 787 2721 putavimus,
807 2649 982 2721 idque
1014 2667 1081 2705 eo
1116 2651 1304 2721 magis
1329 2667 1443 2722 quo
1482 2648 1741 2721 pluribus

98 2743 161 2797 in
182 2743 364 2798 rebus
379 2759 596 2815 magno
615 2744 783 2798 nobis
803 2760 926 2798 esse
948 2744 1133 2799 solent
1146 2744 1295 2799 usui.
1317 2744 1462 2798 Nam
1484 2759 1617 2797 cum
1637 2741 1739 2798 ini-

97 2836 181 2891 tio
200 2853 323 2891 non
340 2837 538 2908 amplo
559 2836 875 2892 admodum
897 2852 1143 2893 numero
1158 2836 1359 2892 inclusi
1379 2839 1588 2906 essent,
1614 2852 1739 2902 nos,

104 2946 220 3001 quo
243 2930 435 3002 magis
465 2932 675 2985 multos
702 2930 934 2986 illorum
959 2931 1290 2986 interventu
1316 2928 1740 3000 adiuvaremus,

105 3024 325 3078 facilius
341 3024 704 3096 singulorum
726 3024 1014 3080 desideria
1039 3024 1450 3096 perdiscentes,
1469 3027 1533 3077 ut
1550 3024 1745 3095 plures

108 3120 300 3172 essent
312 3134 492 3189 quam
518 3118 739 3173 dudum
758 3118 1071 3174 effecimus.
1097 3118 1379 3174 Caeterum
1407 3117 1744 3173 exstiterunt

111 3211 369 3283 quidam,
410 3212 509 3283 qui
543 3212 951 3266 liberalitatem
981 3214 1239 3267 nostram
1284 3210 1360 3265 ad
1392 3211 1744 3266 immensum

109 3310 511 3376 provocantes,
535 3304 745 3376 partim
771 3306 984 3361 multos
1002 3305 1446 3372 introducendo,
1464 3304 1560 3375 qui
1581 3304 1746 3359 nobis

109 3398 519 3470 supplicarent,
542 3399 753 3470 partim
783 3399 979 3457 multis
1016 3400 1231 3455 utendo
1258 3398 1541 3470 precibus,
1564 3396 1746 3468 digni-

109 3492 243 3547 tatis
256 3492 653 3563 plenissimam
666 3509 789 3547 rem
804 3492 1154 3564 quotidianis
1169 3490 1584 3547 additamentis
1598 3507 1746 3562 pene

112 3584 181 3639 ad
203 3584 501 3639 infinitum
533 3584 914 3641 deduxerunt.
947 3587 1140 3659 Neque
1171 3585 1326 3641 enim
1354 3588 1487 3640 ante
1508 3583 1747 3657 petendi

112 3679 290 3733 tinem
318 3676 600 3747 fecerunt,
625 3695 803 3750 quam
829 3680 888 3733 in
910 3679 1468 3751 quatuordenarium
1487 3696 1664 3752 usque
1685 3679 1747 3733 il-

113 3772 303 3827 lorum
316 3788 596 3826 numerus
618 3773 905 3828 evaderet.
928 3774 1006 3828 Ne
1026 3772 1205 3844 igitur
1217 3774 1371 3845 quod
1379 3774 1510 3845 jure
1527 3791 1561 3828 a
1579 3773 1748 3828 nobis

116 3864 173 3919 in
194 3864 380 3937 pretio
392 3865 655 3920 habiturn
674 3869 779 3934 est,
795 3867 842 3921 si
853 3867 927 3921 ad
942 3866 1376 3922 multitudinem
1397 3866 1744 3933 effundatur,

118 3975 278 4013 suam
309 3958 538 4013 amittat
576 3959 936 4031 dignitatem,
974 3960 1193 4031 placuit
1232 3960 1395 4015 nobis
1422 3960 1493 4016 ad
1532 3963 1747 4015 certam

117 4051 343 4107 illorum
371 4069 682 4107 numerum
699 4066 1035 4109 mensuram
1061 4055 1424 4121 contrahere,
1446 4071 1564 4109 non
1586 4056 1651 4107 ut
1682 4053 1749 4107 iis

123 4152 219 4223 qui
248 4152 353 4206 hoc
384 4155 643 4223 tempore
670 4156 821 4221 sunt,
852 4169 1119 4208 concessa
1156 4153 1506 4225 derogemus
1538 4152 1747 4224 (neque

126 4245 280 4299 enim
310 4244 483 4316 regiae
513 4246 622 4301 hoc
660 4247 1108 4318 magniﬁcentiae
1133 4248 1435 4319 proprium
1468 4246 1572 4317 est)
1602 4263 1746 4317 prte-

128 4339 318 4392 sertim
336 4354 465 4393 cum
484 4339 781 4395 neminem
809 4357 1008 4396 eorum
1027 4340 1302 4413 quinobis
1323 4342 1610 4412 placeant,
1632 4337 1751 4411 qui-

134 4447 237 4503 que
258 4432 418 4487 nobis
448 4433 689 4489 honeste
717 4435 1100 4502 subserviunt,
1118 4439 1314 4490 nostro
1335 4434 1618 4506 expellere
1639 4433 1747 4487 mi-

1835 498 2057 569 justitia
2086 503 2143 553 et
2170 500 2296 555 aliis
2333 504 2673 572 augeantur,
2700 503 2999 575 magisque
3028 520 3093 559 ac
3120 506 3305 577 magis
3335 506 3468 562 illu-

1842 595 2097 648 strentur
2108 592 2429 649 virtutibus.
2452 595 2678 649 Nullam
2700 596 2857 650 enim
2872 597 3217 669 dignitatem
3246 600 3470 656 obtinet

1840 686 2131 741 multituto
2175 703 2303 757 quae
2334 689 2455 742 solo
2487 691 2778 759 spectatur
2811 706 3078 759 numero,
3112 694 3470 766 quandoqui-

1843 777 1979 832 dem
2003 795 2069 832 ex
2091 782 2212 833 tam
2233 780 2429 834 multis
2449 781 2536 835 vix
2557 797 2771 852 paucos
2791 784 3066 854 reperias,
3092 785 3149 839 in
3174 786 3379 857 quibus
3396 788 3473 841 vi-

1841 874 1899 926 ta
1916 872 2233 927 secundum
2251 873 2519 928 virtutem
2540 875 2693 929 salva
2712 875 2802 930 sit.
2822 875 3185 949 Quapropter
3197 885 3471 935 maneant

1842 965 2077 1036 quidem
2113 967 2198 1037 (ut
2236 966 2504 1037 diximus)
2539 984 2690 1021 nunc
2724 968 2827 1023 sub
2861 970 2969 1023 hac
3003 970 3210 1026 forma.
3250 973 3472 1045 Cogno-

1841 1075 2005 1113 seens
2024 1075 2160 1114 vero
2193 1076 2263 1114 ea
2284 1060 2624 1115 excellentia
2653 1065 2771 1128 tua,
2790 1063 2870 1116 ita
2896 1064 3196 1133 custodiat,
3222 1070 3287 1120 ut
3309 1069 3467 1122 nullo

1842 1169 2100 1224 unquam
2127 1157 2389 1224 tempore
2412 1154 2685 1209 transiliri
2711 1172 2909 1210 eorum
2925 1157 3140 1229 aliquid
3158 1175 3285 1229 quae
3309 1176 3342 1213 a
3363 1178 3465 1217 no-

1838 1246 1928 1300 bis
1958 1246 2177 1301 sancita
2194 1250 2328 1301 sunt
2341 1248 2658 1318 permittat,
2674 1249 2813 1319 quin
2836 1250 3026 1320 potius
3047 1251 3118 1305 ab
3138 1251 3207 1305 iis
3228 1254 3326 1324 qui
3345 1253 3468 1309 haze

1840 1343 2041 1394 contra
2057 1340 2195 1411 quid
2207 1340 2427 1395 faciunt
2438 1340 2773 1412 praedictam
2790 1359 3023 1413 poenam
3042 1344 3251 1416 exigat,
3267 1350 3465 1418 utpote

1838 1436 1937 1508 qui
1981 1453 2049 1491 ea
2079 1439 2352 1507 expetant
2389 1453 2517 1507 quae
2554 1454 2740 1509 neque
2768 1443 2964 1508 petere
2995 1440 3237 1507 licitum,
3274 1459 3463 1514 neque

1840 1529 1961 1584 dari
1992 1530 2262 1601 possibile
2298 1533 2402 1583 est.
2438 1533 2626 1601 Atque
2656 1532 2737 1585 ita
2764 1548 2996 1603 prorsus
3015 1538 3212 1588 nostra
3236 1535 3359 1590 haec
3373 1538 3461 1590 lex

1839 1623 2205 1679 multitudine
2236 1624 2469 1694 expulsa
2492 1623 2763 1678 virtutem
2794 1623 3046 1693 inducat,
3071 1643 3199 1697 quae
3232 1646 3348 1683 non
3366 1630 3466 1683 ad-

1839 1719 2082 1774 modum
2110 1717 2168 1771 in
2188 1716 2381 1771 multis
2394 1716 2681 1784 elucescit,
2710 1719 3029 1789 praesertim
3049 1719 3109 1773 in
3124 1720 3194 1773 iis
3215 1721 3350 1776 viris
3368 1724 3468 1794 qui

1758 1783 1816 1856 B
1841 1812 2071 1868 tametsi
2096 1810 2262 1866 bonis
2283 1810 2554 1882 prognati
2576 1783 3087 1881 sunt—parentibus,
3109 1814 3370 1869 fortunas
3383 1783 3471 1871 ta-

1840 1923 1977 1961 men
1993 1922 2059 1960 ac
2077 1905 2377 1959 facultates
2398 1920 2529 1958 suas
2550 1903 2608 1957 in
2628 1905 2984 1975 exponendis
3001 1907 3323 1978 supplicum
3343 1927 3473 1981 pre-

1840 2000 2017 2066 cibus,
2051 2002 2109 2052 et
2141 1997 2507 2069 impetrando
2537 1997 2647 2051 illis
2671 2014 2706 2051 a
2738 1998 2904 2052 nobis
2949 2000 3159 2055 auxilio
3188 2003 3471 2073 repositas

1839 2093 2076 2148 habent.
2119 2091 2255 2155 Quae
2288 2091 2463 2161 igitur
2503 2090 2669 2145 nobis
2694 2092 3054 2161 placuerunt,
3101 2097 3159 2147 et
3190 2111 3295 2165 per
3320 2096 3469 2151 hanc

1840 2201 2065 2241 sacram
2099 2184 2497 2255 exprimuntur
2534 2185 2747 2255 legem,
2777 2201 2846 2239 ea
2877 2185 3104 2240 studeat
3134 2186 3468 2244 excellentia

1838 2282 1939 2334 tua
1977 2278 2051 2333 ad
2095 2277 2360 2333 effectum
2407 2276 2715 2345 deducere,
2763 2282 3033 2350 certoque
3078 2279 3181 2333 fini
3215 2280 3465 2336 tradere.

1841 2368 1968 2423 Dat.
1994 2366 2134 2421 ldib.
2167 2367 2316 2434 Maii,
2343 2366 2777 2437 Constantinop.
2804 2366 3075 2423 Belisario
3098 2385 3148 2423 v.
3177 2386 3225 2424 c.
3254 2386 3368 2425 eos.

2421 2518 2740 2573 NOVELLA
2767 2520 2872 2573 XV.

2253 2625 2328 2678 De
2354 2622 2726 2689 defensoﬁbus
2754 2625 3053 2678 civitatum.

1918 2745 2237 2815 Imperator
2262 2741 2616 2798 Justinianus
2640 2745 2930 2814 Augustus
2952 2743 3160 2798 Joanni
3189 2744 3475 2815 gloriosis.

1844 2837 1989 2892 simo
2034 2837 2306 2909 praefecto
2350 2835 2775 2907 praetoriorum,
2810 2836 3019 2891 iterum
3064 2840 3369 2894 exconsule
3417 2845 3474 2894 et

1844 2930 2105 3003 patricio.

1915 3024 2030 3079 Nisi
2051 3023 2241 3097 primo
2267 3039 2496 3095 quoque
2514 3027 2775 3095 tempore
2810 3023 3183 3080 defensorum
3214 3026 3474 3083 sollicitu-

1846 3119 2045 3175 dinem
2074 3119 2133 3173 in
2157 3120 2583 3189 competentem
2603 3116 2949 3172 reducamus
2970 3118 3255 3188 ordinem,
3284 3138 3472 3193 neque

1845 3213 1967 3285 ipsa
1990 3212 2360 3283 antiquorum
2380 3210 2791 3265 vocabulorum
2821 3211 3032 3265 veritas
3071 3212 3262 3267 denuo
3310 3215 3475 3269 nobis

1846 3304 2250 3378 suppeditabit.
2272 3305 2419 3359 Nam
2440 3321 2570 3358 cum
2593 3308 2921 3359 avetustate
2943 3306 3069 3360 aliis
3095 3307 3209 3361 alia
3238 3307 3352 3362 sint
3370 3308 3476 3363 im-

1844 3400 2031 3473 posita
2062 3399 2322 3465 nomina,
2350 3415 2478 3469 quae
2505 3403 2702 3470 aperte
2721 3416 2921 3453 earum
2942 3416 3139 3454 rerum
3162 3400 3277 3455 vim
3304 3402 3479 3474 signi-

1846 3494 2107 3561 ficarent,
2134 3496 2257 3547 tum
2285 3508 2419 3547 vero
2465 3492 2575 3547 hoc
2602 3492 2792 3564 ipsum
2835 3492 3208 3549 defensorum
3262 3513 3476 3551 nomen

1847 3588 1999 3641 clare
2030 3585 2300 3653 ostendit,
2351 3588 2695 3640 vetustatem
2730 3587 3013 3657 quosdam
3068 3588 3239 3641 rebus
3268 3591 3473 3660 praefe-

1847 3679 2008 3747 cisse,
2042 3678 2140 3750 qui
2183 3679 2255 3732 ab
2304 3678 2467 3733 omni
2498 3695 2595 3732 eas
2642 3678 2852 3749 injuria
2892 3679 3101 3733 liberas
3132 3683 3475 3752 tuerentur;

1846 3773 2071 3845 hacque
2102 3771 2248 3827 adeo
2275 3772 2346 3826 de
2377 3788 2550 3825 causa
2592 3771 2779 3842 patria
2811 3772 3128 3826 etiamnum
3156 3773 3355 3845 lingua
3379 3776 3475 3831 de-

1848 3869 2108 3923 fensores
2132 3882 2231 3920 eos
2252 3881 2544 3934 vocamus,
2574 3864 2729 3936 quod
2756 3864 2967 3935 injuria
2984 3882 3286 3938 oppressos
3305 3886 3338 3923 a
3361 3886 3482 3925 ma-

1849 3962 1915 4017 lis
1946 3961 2252 4034 eriperent.
2284 3961 2443 4014 Nunc
2463 3975 2599 4014 vero
2630 3976 2698 4013 ea
2723 3958 2845 4030 ipsa
2874 3959 3248 4015 defensorum
3278 3963 3481 4018 sollici-

1849 4050 1988 4105 tudo
2020 4050 2101 4104 ita
2147 4049 2205 4103 in
2242 4048 2533 4121 plerisque
2577 4046 2911 4118 reipublicaa
2964 4053 3176 4105 nostra:
3222 4052 3481 4122 partibus

1847 4141 2180 4213 proculcata
2209 4143 2314 4207 est,
2337 4143 2396 4194 et
2422 4138 2798 4193 vehementer
2822 4139 3148 4212 despicatui
3181 4142 3398 4212 habita,
3420 4148 3483 4199 ut

1851 4232 2217 4287 contumeliae
2248 4229 2438 4302 potius
2466 4244 2641 4300 quam
2672 4228 2880 4283 honori
2925 4233 2984 4283 et
3016 4230 3284 4302 dignitati
3315 4233 3482 4288 alicui

1851 4326 2110 4397 exposita
2137 4342 2258 4379 esse
2290 4323 2570 4379 videatur.
2598 4322 2737 4377 Inde
2768 4323 2994 4377 obscuri
3022 4324 3096 4378 ad
3121 4325 3270 4380 hanc
3291 4327 3477 4381 homia

1852 4436 1955 4474 nes
1980 4422 2369 4487 assumuntur,
2400 4422 2458 4472 et
2482 4417 2712 4474 decreta
2737 4433 2910 4488 super
2935 4417 3071 4488 ipsis
3100 4434 3165 4472 ex
3184 4420 3482 4475 commise-

132 4525 356 4581 nisterio
368 4527 759 4600 ullounquam
775 4530 949 4585 modo
972 4529 1411 4585 soleamus.Sed
1432 4545 1672 4583 manere
1693 4527 1754 4583 il-
1771 4525 1831 4598 D
1856 4514 2074 4569 ratione
2123 4513 2309 4584 magis
2354 4529 2528 4584 quam
2558 4528 2693 4567 vera
2740 4511 3019 4567 θίθοιίοηθ
3051 4512 3215 4567 multo
3266 4514 3480 4578 QUibus

132 4619 210 4675 los
224 4620 325 4675 sub
340 4621 543 4676 eadem
563 4639 678 4694 qua
694 4623 869 4679 modo
882 4628 1016 4678 sunt
1034 4625 1223 4679 forma
1240 4622 1547 4692 sancimus,
1562 4639 1750 4695 neque

135 4714 359 4771 omnino
386 4715 690 4787 quisquam
712 4721 1056 4789 apponatur,
1084 4717 1266 4772 donec
1284 4716 1432 4771 intra
1458 4720 1584 4772 octo
1602 4716 1753 4771 viros

132 4808 351 4865 illorum
364 4825 638 4866 mensura
654 4812 947 4879 consistat,
964 4816 1025 4866 ut
1042 4814 1319 4883 perpetuo
1343 4813 1469 4866 octo
1489 4810 1750 4879 existant,

134 4904 284 4958 nullo
308 4902 567 4975 quidem,
588 4921 775 4977 neque
806 4905 1002 4973 modo,
1026 4921 1217 4976 neque
1248 4908 1512 4976 tempore
1542 4921 1611 4959 eo
1642 4921 1751 4959 nu-

137 5012 292 5052 mero
315 4998 603 5068 augendo,
644 5014 871 5070 semper
895 5003 1089 5054 autem
1116 4997 1601 5053 contendentibus
1623 4997 1750 5065 illis,

138 5090 277 5146 circa
294 5106 393 5146 nos
406 5091 770 5162 obsequio,et
781 5108 920 5164 erga
934 5092 1371 5163 imperatoriam
1388 5091 1754 5163 maiestatem

138 5184 525 5240 benevolentia
547 5186 694 5240 alter
715 5186 961 5240 alterum
982 5185 1230 5240 vicissim
1252 5190 1545 5257 superent.
1560 5184 1753 5240 Nemi-

141 5294 207 5334 ne
230 5278 513 5334 licentiam
534 5279 787 5334 habente
820 5283 880 5334 ut
906 5279 1029 5351 ejus
1056 5279 1285 5352 generis
1312 5278 1530 5351 aliquid
1551 5279 1623 5333 de
1644 5296 1751 5334 cm-

139 5377 254 5428 tero
288 5377 459 5444 petat,
488 5371 701 5429 sciente
734 5374 891 5445 quod
935 5390 1121 5445 neque
1162 5390 1232 5429 ea
1264 5390 1393 5446 quae
1440 5373 1583 5444 petit
1611 5390 1757 5429 asse-

146 5472 353 5538 quetur,
385 5471 443 5521 et
471 5468 607 5539 quia
642 5471 841 5539 petere
867 5485 1035 5523 ausus
1055 5471 1159 5535 est,
1192 5484 1311 5522 non
1340 5467 1527 5522 solum
1556 5466 1758 5521 decem

144 5559 403 5615 librarum
421 5560 546 5615 auri
562 5577 747 5633 poenae
770 5560 879 5615 erit
896 5561 1193 5628 obnoxius,
1208 5560 1308 5616 sed
1329 5560 1505 5615 etiam
1523 5560 1759 5632 propria

147 5654 347 5710 excidet
358 5654 862 5711 militia.Volumus
877 5656 1034 5711 enim
1055 5660 1119 5710 ut
1135 5654 1208 5710 ad
1219 5654 1561 5727 praedictum
1576 5670 1757 5725 usque

213 5853 237 5884 ι
260 5845 378 5902 Haec
394 5845 569 5901 verba
593 5861 714 5902 non
739 5844 1029 5901 habentur
1056 5843 1116 5901 in
1145 5844 1361 5902 Graeco.

1853 4609 2012 4665 enim
2045 4607 2320 4663 alimonia
2347 4610 2405 4661 et
2427 4607 2606 4661 victus
2637 4605 2869 4661 aliunde
2906 4605 3193 4661 sufficiens
3225 4624 3342 4663 non
3371 4612 3475 4678 est,

1853 4706 1913 4762 hi
1943 4702 2315 4760 emendicatis
2346 4695 2719 4756 defensorum
2744 4699 3049 4772 suffragiis,
3070 4700 3144 4756 ad
3160 4701 3311 4757 hanc
3336 4702 3483 4759 solli«

1854 4798 2170 4855 citudinem
2202 4795 2501 4863 accedunt,
2532 4799 2591 4849 et
2615 4811 2719 4866 pro
2753 4795 3003 4867 quodam
3030 4795 3221 4851 vaeluti
3263 4797 3482 4854 ludicro

1853 4891 2163 4966 praesidum
2186 4888 2396 4944 animis
2418 4892 2550 4941 sunt
2579 4890 2880 4960 propositi,
2898 4889 3188 4962 siquidem
3215 4894 3271 4946 et
3291 4909 3481 4949 remo-

1853 4991 1989 5042 vent
2043 5001 2141 5040 eos
2186 4982 2645 5055 quandocumque
2687 4984 2904 5049 volunt,
2952 4985 3196 5041 minima
3241 5003 3483 5061 quaeque

1855 5084 2141 5137 vertentes
2171 5077 2325 5145 vitio,
2356 5080 2413 5130 et
2452 5074 2595 5131 alios
2626 5074 2685 5129 in
2717 5075 2947 5130 illorum
2974 5080 3165 5135 locum
3192 5081 3482 5153 ingerunt,

1854 5177 2093 5233 vicarios
2120 5187 2349 5245 quoque
2376 5167 2773 5224 defensoribus
2802 5170 3235 5242 constituentes,
3269 5193 3483 5249 perque

1859 5287 2039 5327 unum
2081 5282 2504 5337 nonnunquam
2531 5280 2753 5319 annum
2780 5263 2838 5317 in
2868 5264 3124 5334 pluribus
3148 5267 3206 5321 id
3232 5270 3482 5326 homini-

1854 5366 1963 5422 bus
1983 5358 2543 5419 admittentes.Unde
2560 5363 2617 5413 et
2636 5358 3045 5425 cohortales,et
3055 5359 3348 5419 civitatum
3361 5382 3483 5420 ma-

1859 5461 2149 5533 gistratus,
2172 5460 2229 5510 et
2248 5456 2343 5528 qui
2366 5456 2469 5510 has
2492 5453 2769 5519 incolunt,
2793 5467 2999 5505 omnes
3025 5452 3084 5506 in
3105 5469 3334 5511 summo
3358 5476 3487 5513 con-

1859 5556 2084 5625 temptu
2129 5550 2497 5606 defensorem
2542 5546 2779 5602 habent.
2827 5544 2964 5610 Quae
2995 5562 3127 5601 vero
3153 5548 3307 5617 apud
3336 5551 3489 5622 ipsos

1861 5649 2160 5719 geruntur,
2187 5643 2429 5717 perinde
2461 5658 2526 5696 ac
2566 5640 2615 5694 si
2639 5655 2826 5710 neque
2858 5642 3024 5711 gesta
3044 5642 3254 5706 essent,
3284 5640 3488 5697 haberi

1860 5742 2064 5796 solent.
2096 5739 2214 5795 Nisi
2258 5738 2414 5793 enim
2457 5736 2877 5808 provinciarum
2928 5732 3200 5805 praesides
3214 5732 3483 5804 jubeant,

1861 5853 1934 5892 ne
1966 5847 2314 5908 praesumere
2336 5829 2573 5901 quidem
2593 5830 2810 5886 audent
2832 5828 3025 5900 aliqua
3055 5830 3349 5900 gestorum
3370 5844 3490 5884 mo-
