4034 6228
570 258 671 315 967

1719 244 1971 312 SECULI
2010 254 2201 312 SEXTI
2241 252 2796 311 SUPPLEMENTUM.

3865 253 3957 303 968

563 370 844 422 numenta
877 366 1162 421 conficere
1194 363 1345 437 apud
1388 364 1732 435 semetipsos
1758 381 1863 435 per
1894 365 2092 419 omnia
2120 364 2202 418 eis
2223 375 2283 448 Î‘
2303 363 2457 434 apud
2492 363 2825 417 defensores
2869 360 3234 415 insinuentur
3262 362 3638 427 testamenta,
3672 356 3957 412 donatio-

563 460 881 516 servientes
902 460 1253 525 defensores,
1287 461 1343 512 et
1368 457 1597 511 illorum
1626 458 1858 511 nutibus
1885 458 2195 512 intenden-

566 557 653 607 tes
676 554 828 610 solis.
860 553 917 608 Si
949 570 1083 608 vero
1114 552 1377 623 quaedam
1408 550 1740 618 conficiunt,
1784 551 2038 622 primum
2071 551 2195 621 qui-

569 646 703 702 dem
725 651 783 702 et
811 647 906 701 illa
926 647 1200 701 vendunt.
1229 644 1447 698 Deinde
1475 662 1608 699 cum
1640 645 1863 699 nullum
1884 644 1957 699 ad
1978 645 2086 698 hoc
2106 660 2201 715 pa-

568 745 758 795 ratum
783 740 1074 794 archivum
1106 738 1380 804 habeant,
1406 738 1464 791 in
1499 754 1613 808 quo
1641 741 1930 808 reponant
1955 737 2108 808 apud
2139 754 2197 790 se

569 836 749 903 gesta,
768 831 991 902 deperit
1010 830 1164 901 quod
1188 834 1414 901 gestum
1437 834 1541 896 est,
1558 847 1747 900 neque
1770 831 1925 901 apud
1948 830 2101 901 ipsos
2122 830 2202 883 ul-

566 926 686 980 lum
708 924 873 978 facile
895 924 1132 977 omnino
1160 922 1320 992 longi
1344 923 1619 993 temporis
1640 927 2088 978 monumentum
2107 940 2197 977 re-

566 1019 775 1088 perias,
796 1016 895 1070 sed
919 1017 1019 1086 qui
1036 1015 1175 1069 actis
1193 1015 1479 1086 indigent,
1508 1016 1630 1087 ipsa
1655 1016 1807 1087 apud
1831 1016 2091 1070 haeredes
2112 1032 2202 1070 eo-

570 1125 700 1162 rum
722 1112 779 1161 et
804 1107 940 1162 alias
967 1108 1354 1163 successiones
1380 1113 1663 1180 quaerunt,
1693 1108 1787 1162 ubi
1807 1110 2019 1180 partim
2049 1108 2199 1162 indi-

569 1218 684 1272 gna
701 1201 1091 1269 inveniuntur,
1109 1202 1315 1273 quibus
1331 1202 1612 1257 habeatur
1625 1202 2006 1274 fides,partim
2027 1202 2203 1256 etiam

564 1293 880 1366 depereunt
901 1299 959 1352 et
980 1296 1351 1363 intercidunt,
1372 1312 1549 1366 usque
1568 1296 1735 1361 adeo,
1762 1300 1823 1349 ut
1838 1296 2079 1366 perinde
2101 1314 2205 1367 pu-

566 1392 782 1455 tentur,
819 1405 884 1443 ac
912 1388 956 1443 si
978 1389 1131 1443 facta
1171 1406 1287 1443 non
1332 1393 1542 1443 essent.
1580 1390 1692 1443 Nos
1720 1388 1895 1459 igitur
1925 1389 2202 1459 quoniam

568 1480 879 1553 praesidum
907 1486 1100 1554 partes
1142 1482 1293 1536 bene
1341 1482 1743 1553 disposuimus,
1792 1482 2096 1553 majorque
2143 1485 2206 1536 ut

570 1577 705 1649 ipsis
725 1577 878 1631 inter
895 1580 1097 1646 gentes
1118 1580 1267 1629 esset
1294 1575 1553 1645 potentia
1575 1575 1888 1642 effecimus,
1905 1575 2204 1646 etlongius

572 1670 782 1725 absunt
808 1685 983 1740 quam
1003 1672 1069 1723 ut
1088 1668 1384 1723 civitatum
1408 1668 1718 1722 commoda
1745 1684 1974 1739 semper
1994 1668 2052 1722 in
2074 1685 2206 1723 eon-

2302 474 2424 526 nes,
2450 459 2507 511 et
2538 472 2710 511 omne
2741 454 2991 525 denique
3039 454 3194 525 quod
3238 454 3471 525 pr0prie
3508 453 3584 506 ad
3599 452 3696 522 jus
3733 466 3957 505 monu-

2298 553 2628 604 mentorum
2670 548 2939 619 pertinet,
2971 552 3305 618 nequeunte
3333 546 3657 602 clarissimo
3697 544 3961 617 praeside

2298 642 2605 713 provinciae
2626 642 2713 696 vel
2729 640 2885 712 quod
2903 642 3105 695 confici
3129 641 3323 707 debet,
3350 639 3665 711 impedire,
3691 639 3789 691 vel
3812 653 3960 707 prae-

2300 735 2565 805 scribere,
2595 734 2888 806 quomodo
2918 734 3120 789 confici
3146 735 3298 801 velit,
3339 735 3425 788 vel
3455 733 3813 787 confectum
3846 746 3959 782 non

2300 828 2491 883 edere.
2513 830 2709 898 Neque
2740 827 2897 882 enim
2924 826 3164 881 omnino
3191 826 3242 880 ei
3263 826 3561 880 licentiam
3587 825 3662 879 ad
3690 826 3963 895 ejusmo-

2302 920 2360 974 di
2385 921 2727 991 przebemus,
2759 919 3237 974 absurdissimum
3278 922 3554 989 putantes
3584 922 3647 971 ut
3680 932 3962 971 necessa-

2301 1013 2387 1067 ria
2412 1020 2535 1067 aeta
2566 1013 2895 1067 hominibus
2912 1016 3150 1084 propter
3170 1012 3484 1083 praesidum
3516 1012 3670 1065 forte
3698 1010 3970 1064 affectio-

2302 1122 2404 1159 nes
2430 1106 2956 1178 praaeeptionesque
2992 1106 3149 1159 nulla
3182 1106 3406 1159 ratione
3457 1104 3733 1159 subnixas
3770 1103 3966 1155 inter-

2303 1198 2515 1253 cidant.
2545 1200 2657 1255 Sed
2684 1203 2742 1253 et
2772 1200 2831 1253 in
2859 1202 2987 1253 aeta
3014 1199 3273 1254 referant
3298 1213 3665 1269 quaecunque
3688 1197 3829 1267 quis
3861 1211 3967 1248 vo-

2304 1292 2493 1359 luerit,
2513 1292 2823 1363 edantque,
2842 1292 3070 1347 tametsi
3101 1292 3256 1363 quod
3281 1292 3340 1345 in
3359 1297 3491 1345 acta
3518 1292 3800 1357 refertur,
3824 1305 3965 1359 per-

2304 1385 2551 1457 stringat
2572 1386 2765 1457 ipsum
2792 1385 3095 1457 provinciae
3116 1385 3446 1456 praesidem,
3465 1384 3834 1455 velaliquem
3868 1398 3971 1452 po-

2304 1479 2640 1547 tentiorum,
2658 1496 2844 1551 neque
2866 1480 2975 1534 hoe
3006 1479 3312 1550 quisquam
3339 1477 3674 1549 prohibeat.
3710 1477 3967 1547 Oportet

2305 1571 2459 1626 enim
2478 1589 2575 1627 eos
2606 1573 2703 1644 qui
2729 1574 2815 1626 vel
2839 1572 2898 1626 in
2922 1571 3147 1639 officiis,
3163 1572 3249 1625 vel
3277 1588 3412 1625 cum
3430 1574 3724 1641 potestate
3750 1570 3965 1639 aliqua

2305 1670 2457 1733 sunt,
2486 1666 2564 1720 ita
2587 1683 2646 1721 se
2681 1683 2904 1737 gerere,
2938 1668 3001 1719 ut
3042 1665 3244 1719 confici
3276 1665 3549 1719 adversus
3579 1680 3641 1717 se
3669 1668 3803 1717 aeta
3840 1679 3965 1715 non

571 1763 767 1834 spectu
818 1762 1032 1815 habere
1085 1761 1336 1832 possint,
1394 1766 1702 1832 propterea
1757 1762 2206 1816 existimavimus
2226 1751 2283 1823 B
2307 1758 2672 1829 prohibeant,
2702 1759 2919 1814 imoita
2944 1776 3003 1813 se
3037 1758 3294 1813 moribus
3320 1758 3644 1828 inculpatos
3663 1756 3963 1827 praebere,

569 1857 755 1928 ipsam
786 1871 1011 1925 quoque
1036 1854 1408 1908 defensorum
1450 1854 1892 1909 sollicitudinem
1922 1855 1995 1909 ad
2015 1855 2205 1926 pristi-

575 1965 716 2003 num
748 1947 1084 2018 erigendam
1136 1964 1257 2001 esse
1309 1951 1545 2001 statum.
1592 1948 1803 2002 Existet
1850 1948 2006 2001 enim
2055 1949 2207 2003 bella

574 2046 837 2117 qumdam
868 2047 975 2099 hoc
1004 2045 1177 2099 modo
1205 2044 1584 2099 consonantia
1616 2048 1673 2097 et
1697 2045 2020 2112 harmonia,
2053 2046 2099 2099 si
2128 2046 2203 2099 ei-

569 2138 813 2193 vitatum
847 2138 1181 2193 defensores
1204 2138 1465 2208 judicum
1514 2137 1780 2192 ordinem
1813 2142 2113 2208 occupent,
2153 2143 2210 2193 et

568 2231 879 2305 provinciae
910 2232 1247 2286 moderator
1277 2232 1466 2301 potius
1488 2230 1752 2301 judicum
1778 2231 1975 2301 judex,
2010 2234 2068 2285 et
2106 2248 2209 2303 per

568 2327 675 2380 boe
729 2325 1128 2379 decessoribus
1186 2325 1299 2378 suis
1353 2324 1695 2378 honoratior
1748 2341 1868 2377 esse
1926 2323 2205 2379 videatur.

572 2422 795 2483 Quanto
815 2418 971 2472 enim
993 2418 1231 2489 quisque
1259 2417 1752 2488 praestantioribus
1773 2417 2033 2488 imperat,
2048 2421 2208 2472 tanto

571 2511 693 2584 ipse
725 2517 781 2567 et
806 2513 993 2582 major
1018 2515 1076 2565 et
1102 2511 1437 2564 honoratior
1468 2514 1571 2565 est.
1606 2512 1829 2565 Interea
1860 2510 2035 2581 igitur
2067 2511 2210 2565 illud

571 2605 760 2677 primo
792 2604 1166 2659 sanciendum
1204 2607 1309 2670 est,
1344 2607 1404 2657 ut
1435 2619 1505 2657 ne
1537 2604 1807 2674 cuiquam
1835 2604 2095 2658 omnium
2124 2604 2205 2658 fa-

575 2699 757 2753 cultas
786 2698 859 2752 sit
873 2697 943 2752 ad
974 2696 1291 2751 defensoris
1311 2696 1737 2751 ordinationem
1765 2696 2207 2768 repudiandam,

575 2792 673 2846 sed
714 2809 818 2863 per
841 2792 991 2845 vices
1019 2790 1231 2862 quique
1263 2790 1693 2844 honoratissimi
1728 2790 1929 2844 incolae
1958 2791 2073 2844 suis
2102 2791 2211 2844 hoc

575 2901 787 2939 munus
844 2883 1163 2938 civitatibus
1213 2884 1496 2954 impleant
1545 2884 1672 2954 (hoc
1710 2883 1865 2939 enim
1906 2887 1963 2937 et
2008 2884 2212 2955 elapsis

573 2974 930 3044 temporibus
975 2973 1285 3027 obtinuisse
1331 2972 1504 3043 inque
1550 2990 1653 3026 usu
1684 2973 1859 3027 fuisse
1888 2972 2209 3042 didicimus)

574 3067 793 3121 nemini
848 3066 1135 3137 patefacta
1180 3066 1344 3136 copia
1392 3065 1501 3120 hoc
1546 3065 1911 3137 repudiandi,
1946 3083 2133 3138 neque
2166 3066 2210 3120 si

575 3159 1283 3231 magniï¬centissimorum
1332 3159 1635 3213 illustrium
1664 3160 1945 3231 dignitate
1974 3160 2207 3215 decora-
2232 3119 2286 3194 ÎŸ

572 3255 667 3307 tus
688 3251 776 3319 sit,
811 3270 997 3323 neque
1029 3254 1075 3306 si
1105 3252 1396 3322 insignem
1409 3253 1663 3323 aliquam
1696 3253 1964 3307 militiam
1986 3253 2211 3320 habeat,

575 3363 766 3416 neque
798 3345 844 3397 si
895 3345 1049 3415 quod
1090 3344 1453 3415 privilegium
1495 3363 1564 3400 ex
1610 3346 1746 3416 ipsis
1780 3346 1958 3400 sacris
2012 3346 2213 3400 formis

576 3424 917 3512 praetendat,
947 3442 1004 3491 et
1039 3438 1085 3491 si
1112 3454 1397 3492 concessae
1438 3439 1642 3493 forma:
1668 3439 2046 3511 pragmaticae
2076 3440 2209 3507 sint,

577 3533 678 3587 sed
726 3520 971 3587 omnibus
1002 3530 1243 3585 civitatis
1291 3530 1513 3599 incolis,
1544 3531 1641 3603 qui
1688 3533 1901 3587 scilicet
1932 3533 1987 3587 in
2018 3534 2214 3604 aliqua

579 3629 713 3681 sunt
742 3626 1125 3696 reputatione,
1172 3624 1320 3678 hanc
1361 3626 1806 3680 sollicitudinem
1849 3628 1909 3681 in
1939 3627 2212 3681 circulum

576 3718 971 3790 implentibus,
1001 3722 1059 3771 et
1088 3734 1221 3773 cum
1244 3717 1488 3772 circulus
1509 3718 1736 3787 desinit,
1761 3720 1969 3774 iterum
1990 3720 2063 3774 ad
2080 3736 2211 3774 eam

575 3812 1014 3878 revertentibus,
1050 3815 1107 3865 et
1131 3811 1470 3883 praedictum
1502 3829 1712 3866 munus
1749 3813 2113 3880 obeuntibus,
2150 3816 2213 3867 ut

578 3905 847 3962 defensor
869 3905 1045 3977 judex
1077 3905 1283 3976 potius,
1324 3922 1503 3976 quam
1546 3905 1819 3961 defensor
1863 3924 1983 3961 esse
2017 3906 2207 3961 videa-

575 4000 689 4053 tur.
718 3997 957 4052 Decreto
988 3997 1181 4068 utique
1204 4015 1333 4052 cum
1360 3999 1618 4053 omnium
1645 4000 2028 4054 communiter
2050 4001 2209 4071 jure-

570 4090 824 4162 jurando
853 4091 1027 4158 facto,
1061 4088 1156 4161 qui
1200 4091 1353 4145 illius
1385 4092 1629 4147 civitatis
1660 4093 1862 4147 incolae
1894 4099 2046 4161 sunt,
2095 4110 2210 4148 non

579 4188 774 4238 autem
808 4201 1008 4238 eorum
1038 4181 1133 4254 qui
1163 4184 1239 4237 ibi
1267 4188 1496 4240 tantum
1527 4192 1977 4241 commorantur.

646 4277 1058 4348 Jusjurandum
1102 4294 1237 4331 vero
1283 4282 1536 4349 praestet,
1584 4280 1783 4334 omnia
1810 4296 1867 4333 sc
1896 4280 2211 4335 secundum

575 4373 737 4444 leges
768 4374 826 4425 et
853 4370 949 4441 jus
991 4375 1272 4437 acturum,
1316 4374 1371 4425 et
1401 4372 1775 4426 confirmetur
1804 4372 2208 4444 (quemadmo-

573 4464 714 4520 dum
762 4460 937 4518 modo
979 4463 1238 4533 dicimus)
1262 4463 1524 4534 jussione
1550 4464 2093 4535 gloriosissimorum
2115 4483 2211 4521 no-

574 4563 826 4614 strorum
853 4557 1281 4629 praefectorum,
1307 4561 1363 4612 et
1382 4574 1481 4628 per
1496 4556 1796 4612 biennium
1814 4559 2091 4614 duntaxat
2116 4560 2211 4613 ad-

574 4652 881 4720 ministret,
906 4656 1222 4723 posteaque
1240 4669 1272 4707 a
1285 4649 1670 4706 sollicitudine
1691 4656 2076 4721 removeatur,
2093 4670 2209 4708 non

575 4746 826 4800 habente
858 4745 1145 4800 licentiam
1171 4729 1488 4800 clarissimo
1518 4746 1763 4817 prmside
1796 4746 2102 4818 provincia:
2130 4764 2213 4801 re-

577 4837 853 4894 movendi
911 4856 1065 4906 eum,
1114 4839 1215 4893 sed
1270 4842 1497 4894 tantum
1541 4840 1589 4893 si
1619 4840 1759 4911 quid
1798 4857 2005 4911 parum
2059 4844 2210 4896 recte

577 4948 752 5004 agere
781 4930 1057 4999 videatur,
1090 4932 1379 4987 referendi
1402 4932 1476 4988 ad
1497 4933 1943 5004 gloriosissimos
1972 4935 2208 5005 praefec-

576 5028 686 5093 tos,
710 5028 773 5080 ut
796 5025 867 5080 ab
890 5041 957 5080 eo
976 5026 1275 5097 contingat
1298 5026 1697 5081 sellicitudinis
1716 5028 2019 5095 absolutio,
2044 5045 2078 5082 a
2098 5044 2211 5099 quo

576 5119 754 5176 etiam
784 5117 973 5174 datur.
1019 5119 1182 5174 Nulla
1214 5120 1483 5174 facultate
1512 5109 1792 5175 existente
1822 5122 1910 5175 vel
1942 5121 2209 5176 modera-

575 5214 800 5271 tionem
830 5213 1135 5285 provincize
1153 5213 1513 5280 habenti,vel
1540 5213 1676 5285 ipsis
1698 5214 2119 5283 defensoribus,
2151 5219 2216 5269 ut

578 5309 951 5364 defensorum
978 5307 1218 5361 viearios
1244 5307 1615 5375 constituant,
1650 5307 1751 5362 sed
1795 5308 1917 5362 haec
1949 5309 2056 5363 illis
2085 5290 2223 5364 om-i

580 5402 747 5457 nibus
774 5399 1149 5473 prohibemus
1168 5399 1375 5456 modis.
1402 5400 1551 5465 Quin
1580 5402 1767 5471 potius
1802 5419 1989 5473 neque
2018 5403 2211 5457 claris-

580 5494 758 5551 simos
787 5492 1059 5566 praesides
1084 5512 1187 5566 pro
1206 5512 1263 5549 se
1279 5493 1518 5549 vicarios
1544 5494 1603 5548 in
1625 5495 1881 5565 civitates,
1902 5495 2212 5564 dimittent,

581 5588 831 5659 exceptis
880 5587 1013 5659 ipsis
1050 5586 1469 5655 defensoribus,
1504 5605 1648 5659 quos
1683 5586 1993 5660 przesidum
2025 5591 2214 5645 locum

581 5682 643 5734 in
682 5680 1002 5735 civitatibus
1032 5682 1298 5752 supplere
1324 5681 1607 5749 volumus,
1638 5681 1906 5753 ipsosque
1936 5682 1997 5735 in
2028 5680 2212 5737 omni-

581 5771 687 5828 bus
717 5772 1005 5826 civitatum
1032 5773 1092 5828 in
1125 5772 1332 5844 quibus
1357 5778 1491 5828 sunt
1517 5790 1714 5829 curam
1738 5790 1960 5848 gerere.
1982 5775 2123 5830 Item
2156 5780 2217 5831 ut

2305 1855 2372 1905 ut
2388 1852 2601 1906 nemini
2624 1852 2794 1906 detur
2821 1852 3215 1924 opportunitas
3237 1851 3537 1905 movendae
3558 1850 3805 1920 alicujus
3825 1866 3967 1903 con-

2308 1948 2397 1998 tra
2422 1945 2575 2016 ipsos
2600 1946 2869 2017 querelze.
2909 1947 3085 2000 Nemo
3117 1945 3353 2016 insuper
3381 1944 3764 2015 prohibeatur
3797 1941 3964 2013 apud

2310 2038 2641 2093 defensores
2659 2039 2721 2093 in
2741 2042 2866 2094 acta
2889 2039 3126 2106 referre,
3152 2038 3357 2109 quibus
3384 2038 3455 2091 de
3477 2038 3651 2091 rebus
3676 2038 3821 2103 vult,
3845 2036 3961 2090 sive

2307 2148 2520 2202 praises
2550 2133 2609 2186 in
2638 2132 2957 2187 civitatibus
2982 2136 3191 2203 praesto
3222 2132 3310 2199 sit,
3342 2131 3459 2185 sive
3481 2148 3601 2185 non
3625 2132 3715 2198 sit,
3744 2130 3845 2183 his
3879 2146 3966 2183 so-

2309 2224 2377 2278 lis
2426 2226 2679 2296 exceptis
2716 2242 2843 2296 quae
2884 2225 3347 2301 jurisdictionem
3399 2224 3727 2295 requirunt,
3774 2230 3837 2277 et
3896 2239 3963 2275 ex

2310 2317 2433 2389 ipsa
2459 2318 2767 2389 praesidum
2796 2320 3133 2373 auctoritate
3167 2318 3442 2389 pendent.

2383 2411 2597 2465 Deinde
2628 2415 2688 2464 ut
2705 2411 2999 2465 civitatum
3026 2411 3359 2465 defensores
3375 2410 3444 2464 iis
3468 2410 3567 2481 qui
3591 2409 3961 2480 publicarum

2312 2504 2673 2558 exactionum
2697 2505 2997 2575 negotium
3018 2504 3234 2558 habent
3260 2504 3450 2558 modis
3483 2503 3761 2557 omnibus
3790 2502 3955 2555 auxi-

2310 2597 2386 2651 lio
2405 2597 2538 2666 sint,
2563 2600 2620 2651 et
2634 2597 2747 2651 sive
2770 2604 3007 2669 propter
3032 2597 3437 2652 indevotorum
3456 2598 3806 2651 eollatorum
3826 2612 3961 2648 con-

2310 2690 2622 2745 tumaciam
2648 2694 3048 2745 momumenta
3073 2691 3373 2757 coniicere,
3408 2691 3526 2744 sive
3570 2690 3857 2743 interesse
3902 2692 3961 2741 et

2310 2782 2627 2854 ï¬‚agitiosos
2654 2785 3030 2854 prmsentibus
3061 2785 3239 2838 oculis
3263 2784 3517 2855 aspicere
3541 2802 3560 2853 ;
3591 2784 3709 2837 sive
3758 2782 3954 2854 publi-

2311 2892 2442 2930 cum
2466 2877 2665 2931 sedare
2684 2877 2998 2932 tumultum
3017 2894 3159 2949 opus
3175 2877 3266 2945 sit,
3292 2877 3559 2931 alacriter
3578 2876 3691 2930 hoc
3714 2876 3956 2939 faciant,

2314 2987 2427 3024 uno
2458 2970 2709 3041 denique
2736 2971 2934 3039 verbo,
2958 2987 3062 3042 per
3089 2971 3287 3025 omnia
3316 2970 3578 3042 praesidis
3597 2970 3796 3025 locum
3820 2969 3962 3022 obti-

2313 3068 2509 3130 neant,
2540 3069 2597 3119 et
2618 3064 2870 3120 maxime
2896 3081 3027 3118 eum
3045 3064 3272 3119 absunt.
3302 3065 3370 3118 Et
3392 3067 3454 3118 ut
3473 3064 3811 3118 cohortales
3823 3078 3960 3133 quoâ€”

2312 3173 2423 3228 que
2455 3158 2504 3211 ei
2531 3158 2757 3228 regioni
2788 3158 3022 3225 addicti,
3066 3159 3163 3230 qui
3191 3175 3294 3229 per
3320 3158 3475 3212 illam
3518 3157 3853 3211 consistunt
3882 3156 3955 3209 ci-

2312 3250 2566 3320 vitatem,
2596 3251 2653 3305 in
2684 3269 2798 3323 qua
2828 3252 3102 3306 defensor
3130 3256 3235 3319 est,
3282 3251 3363 3305 illi
3388 3250 3673 3306 obediant
3699 3254 3761 3303 et
3787 3266 3954 3321 Opem

2313 3344 2522 3413 ferant,
2556 3348 2618 3398 ut
2643 3345 2977 3400 absentibus
3005 3345 3429 3416 provinciarum
3476 3344 3957 3398 moderatoribus

2315 3436 2455 3490 nihil
2486 3438 2804 3494 civitatibus
2833 3438 3027 3493 deesse
3065 3456 3171 3510 per
3205 3438 3435 3493 illorum
3473 3437 3862 3509 praesentiam
3888 3436 3957 3489 vi-

2314 3530 2535 3585 deatur.
2574 3532 2831 3587 Habeant
2864 3537 3059 3586 autem
3088 3536 3145 3586 et
3169 3550 3232 3587 ex
3260 3533 3496 3587 cohorte
3524 3530 3958 3603 illi-provinciae

2314 3623 2599 3679 destinata
2630 3629 2996 3697 exceptorem
3023 3626 3281 3680 futurum
3310 3626 3419 3679 illis
3440 3624 3500 3677 in
3530 3624 3886 3690 ministerio,
3908 3629 3959 3678 et

2313 3716 2459 3772 duos
2486 3718 2825 3787 cohortales,
2859 3720 2960 3791 qui
2982 3720 3052 3774 ab
3081 3720 3217 3791 ipsis
3237 3719 3496 3790 judicata
3539 3722 3953 3788 exsequantur.

2385 3810 2695 3883 Dieantque
2701 3813 2799 3883 jus
2820 3813 2879 3867 in
2902 3814 3171 3868 omnibus
3203 3812 3530 3885 pecuniaris
3562 3813 3754 3867 causis
3779 3827 3953 3883 usque

2313 3904 2384 3958 ad
2415 3908 2698 3960 trecentos
2727 3924 2953 3975 aureos,
2984 3906 3409 3978 nequeuntibus
3439 3906 3821 3961 collatoribus
3850 3922 3952 3959 no-

2312 3997 2414 4051 tris
2446 4014 2544 4053 eos
2584 4015 2724 4070 quos
2769 4000 2874 4054 sibi
2905 4000 3188 4071 obligatos
3229 4002 3456 4071 putant,
3487 3999 3837 4070 protrahere
3883 3998 3955 4052 ad

2312 4091 2657 4147 clarissimos
2688 4094 3113 4163 provinciarum
3140 4092 3436 4165 praesides,
3471 4092 3515 4146 si
3548 4093 3706 4147 intra
3734 4093 3952 4147 dictam

2312 4187 2699 4239 trecentorum
2727 4187 3043 4241 solidorum
3064 4187 3448 4259 quantitatem
3462 4203 3634 4240 causa
3651 4186 3951 4241 consistat.

2314 4277 2428 4331 Sed
2457 4296 2643 4350 neque
2677 4284 2896 4335 actores
2941 4298 3009 4335 ea
3043 4281 3166 4353 ipsa
3194 4281 3263 4335 de
3298 4296 3357 4334 re
3384 4279 3549 4334 litem
3596 4280 3780 4351 pluris
3825 4280 3953 4333 esti-

2312 4375 2493 4439 ment,
2526 4376 2586 4426 ut
2608 4390 2734 4427 reos
2754 4377 3074 4441 conterant,
3108 4391 3223 4429 non
3251 4373 3324 4427 ad
3355 4372 3729 4427 defensorem
3760 4372 3952 4426 civita-

2312 4463 2403 4530 tis,
2436 4465 2535 4519 sed
2561 4466 2631 4519 ad
2664 4466 2768 4521 loci
2798 4466 3102 4537 praesidem
3134 4466 3432 4521 deductos.
3458 4468 3580 4521 lmo
3605 4467 3652 4520 si
3676 4465 3816 4537 quid
3840 4466 3947 4519 tale

2311 4558 2572 4627 fecerint,
2624 4564 2679 4614 et
2723 4561 3009 4616 sententia
3051 4560 3318 4616 ostendat
3370 4577 3604 4615 causam
3660 4561 3949 4615 minorem

2312 4668 2436 4707 esse
2458 4654 2727 4709 trecentis
2752 4654 2969 4723 solidis,
2984 4654 3290 4727 deditaque
3310 4672 3486 4728 Opera
3501 4654 3948 4709 aestimationem

2313 4746 2669 4819 ampliatam,
2701 4752 2763 4803 ut
2788 4749 2940 4821 apud
2965 4748 3275 4821 prmsidem
3300 4749 3632 4821 provincize,
3647 4765 3766 4802 non
3795 4746 3949 4819 apud

2314 4840 2553 4897 civitatis
2589 4841 2955 4898 defensorem
2982 4844 3425 4910 examinaretur,
3478 4844 3631 4898 solus
3661 4845 3823 4896 actor
3861 4845 3945 4895 to-

2313 4933 2427 4989 tius
2475 4936 2586 4990 litis
2617 4936 2949 5007 subjiciatur
2979 4936 3302 5008 dispendio.
3342 4936 3649 4991 Enimvero
3694 4936 3943 5007 appella-

2312 5028 2499 5084 tiones
2530 5046 2565 5084 a
2593 5030 2994 5085 defensoribus
3016 5030 3091 5085 ad
3116 5031 3271 5102 ipsos
3290 5029 3629 5085 deferantur
3652 5028 3942 5101 praesides.

2316 5123 2373 5178 Si
2405 5123 2544 5194 quid
2564 5140 2699 5179 vero
2716 5124 3039 5180 cohortales
3066 5128 3267 5179 contra
3294 5124 3627 5179 defensores
3648 5128 3940 5179 contume-

2312 5215 2451 5270 liose
2478 5217 2838 5287 admiserint,
2872 5222 3008 5274 tunc
3038 5218 3469 5291 provinciarum
3489 5221 3745 5273 rectores
3770 5218 3939 5272 vindi-

2315 5313 2466 5363 ctam
2486 5314 2772 5381 repetant,
2797 5313 3230 5384 cohortalesque
3250 5312 3553 5383 castigent.
3567 5313 3785 5367 Damus
3797 5312 3937 5366 enim

2316 5400 2709 5459 defensoribus
2739 5405 3053 5474 licentiam,
3079 5406 3121 5461 si
3142 5407 3251 5462 hoc
3272 5406 3535 5478 gentium
3558 5403 3833 5478 praesides
3855 5421 3940 5459 ne-

2316 5496 2557 5569 gligant,
2590 5515 2659 5553 ea
2688 5500 2905 5555 referre
2934 5500 3006 5555 ad
3038 5502 3311 5556 thronum
3353 5500 3704 5556 excellentiae
3728 5504 3856 5565 tum,
3884 5502 3939 5551 ut

2316 5590 2423 5645 illis
2454 5591 2588 5647 inde
2614 5594 2894 5649 auxilium
2934 5594 3301 5667 impertiatur
3337 5600 3395 5650 et
3442 5599 3780 5668 competens
3824 5596 3931 5648 vin~

2317 5682 2487 5753 dicta,
2517 5692 2573 5740 et
2617 5686 2951 5743 defensores
2996 5705 3195 5743 revera
3231 5687 3483 5742 habeant
3529 5694 3738 5744 contra
3771 5690 3930 5746 delin-

2318 5782 2561 5851 quentes
2586 5781 3230 5855 quamdamjudiciarite
3252 5781 3547 5859 gravitatis
3569 5781 3933 5841 imitationem
