4034 6228
152 286 275 340 969

1048 295 1412 354 JUSTlNlANl
1450 301 1779 360 NUVELL'E
1817 306 2150 366 SELECTAS.
2192 312 2501 372 NOVELLA
2541 316 2669 373 XVI.

3442 330 3544 382 .70

154 394 227 445 et
248 390 518 463 ﬁguram.
534 399 611 450 Ac
632 396 678 449 si
699 397 936 455 civitatis
953 402 1309 461 defensorem
1331 410 1622 483 contingat
1640 412 1812 469 inter-
1832 431 1892 505 Α
1913 436 2142 491 cperam
2184 423 2341 493 dent,
2379 443 2493 497 quo
2520 428 2702 499 magis
2726 429 2787 483 hi
2818 427 3146 486 defensores
3175 433 3545 488 nominentur

162 485 212 505 ,ε
232 486 252 505 μ
274 502 281 505 .
524 488 558 505 ..
757 493 768 505 .
836 495 867 505 ..
1112 499 1121 505 .
1340 502 1373 505 __

152 485 380 553 cidere,
411 488 673 559 protinus
701 493 771 547 ad
800 495 995 566 alium,
1027 499 1125 569 qui
1154 517 1222 555 ex
1253 502 1454 558 ordine
1487 506 1683 560 circuli
1714 526 1808 563 vo-

156 586 351 648 catur,
406 601 539 640 cum
580 590 853 658 pradicto
888 592 1219 663 jurainento
1246 598 1510 656 decurrat
1545 601 1808 670 calculus,

154 677 547 749 protinusque
592 680 636 734 is
683 700 812 737 eam
857 702 1053 743 curam
1094 691 1309 747 subeat.
1359 694 1654 751 Decretum
1678 715 1811 752 vero

155 769 457 826 referatur
487 778 541 827 et
566 775 871 833 roboretur
904 797 937 833 a
963 783 1296 840 celsitudine
1324 792 1441 841 tua.
1476 789 1668 860 Neque
1698 792 1811 844 ullo

154 877 426 935 unquam
452 870 714 939 tempore
748 874 1160 931 constituantur
1187 880 1286 946 (uti
1318 880 1582 953 diximus)
1615 883 1809 938 defen-

156 958 392 1013 soribus
430 961 644 1029 vicarii,
705 981 777 1019 ne
829 984 1023 1022 rursus
1071 970 1283 1042 absque
1330 975 1550 1029 ratione
1614 993 1811 1032 ansam

156 1050 344 1121 priori
370 1056 790 1123 perturbationi
812 1062 1188 1130 przebeamus.
1212 1068 1484 1121 Conticiat
1503 1069 1671 1124 etiam
1694 1072 1813 1142 jus-

161 1145 357 1199 siones
382 1149 717 1205 exCellentia
738 1157 837 1206 tua
860 1172 962 1224 per
982 1174 1443 1232 unamquamque
1457 1164 1813 1232 provinciam

158 1242 228 1290 ut
255 1237 318 1291 in
348 1240 674 1297 civitatibus
698 1245 900 1299 domus
920 1249 1107 1319 aliqua
1134 1252 1360 1321 publica
1387 1263 1737 1326 secernatur,
1755 1258 1812 1312 in

161 1347 338 1401 quam
355 1333 686 1391 defensores
700 1340 895 1393 deceat
909 1349 1164 1397 actorum
1181 1362 1415 1402 suorum
1440 1358 1813 1406 monumenta

159 1440 466 1497 reponere,
510 1435 706 1486 creato
748 1435 939 1505 aliquo
979 1436 1055 1490 ibi
1099 1438 1373 1509 locorum,
1417 1460 1592 1514 penes
1639 1462 1811 1515 quem

157 1517 337 1589 hujus
363 1521 436 1575 sit
461 1525 737 1592 custodia,
773 1544 885 1597 quo
920 1530 1100 1600 magis
1134 1538 1189 1586 et
1223 1533 1553 1606 incorrupta
1584 1555 1651 1591 ea
1696 1556 1812 1593 ma-

156 1618 359 1681 neant,
391 1618 447 1667 et
478 1617 716 1672 celerius
742 1622 979 1690 quaesita
1009 1624 1393 1682 inveniantur.
1429 1630 1629 1701 Sitque
1660 1632 1814 1702 apud

156 1704 318 1776 ipsos
345 1708 574 1780 aliquod
619 1713 936 1781 archivum,
965 1723 1020 1771 et
1051 1720 1202 1788 quod
1232 1721 1503 1776 hactenus
1534 1723 1590 1777 in
1618 1725 1809 1779 civita-

1916 513 1991 578 (in
2021 514 2295 572 circulum
2322 520 2551 586 scilicet,
2576 528 2636 575 ut
2665 522 2879 576 dictum
2920 524 3021 590 est)
3062 524 3130 579 de
3162 525 3368 595 quibus
3398 527 3547 581 bona

1913 613 1997 661 est
2028 609 2086 662 in
2118 627 2346 682 quaque
2375 613 2593 668 civitate
2625 616 2837 685 opinio,
2871 622 2927 669 et
2953 621 3015 670 ut
3043 617 3267 672 decreta
3297 618 3355 672 in
3381 636 3539 674 com-

1911 718 2084 755 mune
2112 705 2255 758 liant
2278 722 2392 759 una
2423 723 2550 761 cum
2570 708 2913 779 jusjurando
2935 710 3006 764 ab
3033 711 3167 781 ipsis
3195 713 3540 783 praestando,

1912 810 2097 866 neque
2124 814 2238 851 non
2263 799 2444 853 dictus
2480 801 2720 856 circulus
2749 803 3120 872 describatur,
3144 808 3203 859 et
3230 806 3312 859 ita
3337 806 3545 877 singuli

1912 905 2013 959 per
2041 890 2335 946 biennium
2363 893 2564 948 ordine
2590 912 2713 949 eam
2741 897 3182 952 sollicitudinem
3210 899 3439 953 obeant.
3466 902 3543 953 Ac

1913 983 1958 1036 si
1984 983 2110 1054 quis
2138 1002 2206 1039 ex
2246 985 2364 1040 istis
2404 987 2724 1058 intercidat,
2763 990 2820 1043 in
2861 992 3142 1046 demortui
3185 992 3373 1046 locum
3402 992 3545 1047 alius

1913 1078 2245 1145 sufiiciatnr,
2276 1096 2503 1151 semper
2529 1082 2764 1153 quidem
2796 1084 3023 1139 decreto
3051 1102 3180 1139 cum
3209 1086 3544 1156 jusjurando

1913 1172 2281 1227 conﬁciendo.
2313 1175 2437 1244 Ipso
2461 1192 2709 1247 quoque,
2741 1194 2869 1231 cum
2898 1178 3342 1233 sollicitudinem
3371 1197 3550 1236 susce-

1913 1270 2112 1335 pturus
2127 1268 2583 1336 est,przrlinitum
2599 1270 3005 1340 jusjurandum
3028 1272 3385 1339 subeunte,et
3401 1290 3551 1329 crea-

1912 1358 2068 1411 tione
2096 1360 2219 1429 ejus
2249 1377 2282 1413 a
2312 1361 2409 1414 Dei
2430 1364 2817 1417 amantissimo
2843 1365 3128 1435 episcopo,
3157 1369 3215 1419 et
3240 1366 3550 1421 venerabili

1913 1452 2083 1517 clero,
2126 1459 2294 1523 atque
2330 1454 2473 1523 aliis,
2506 1457 2602 1526 qui
2630 1456 2845 1510 bonam
2876 1458 2935 1511 in
2967 1458 3190 1513 civitate
3221 1459 3548 1530 opinionem

1912 1544 2187 1614 obtinent,
2216 1548 2580 1616 perficienda.
2600 1550 2762 1613 Quod
2782 1551 3017 1621 quidem
3040 1557 3259 1606 etnunc
3273 1553 3546 1609 continuo

1912 1638 2036 1693 fieri
2080 1642 2360 1707 convenit,
2402 1642 2666 1696 omnibus
2703 1646 2785 1711 (ut
2828 1644 3042 1697 dictum
3082 1652 3180 1711 est)
3236 1647 3548 1702 secundum

1913 1732 2059 1786 hanc
2090 1739 2338 1788 nostram
2364 1736 2692 1805 generalem
2713 1738 2901 1807 legem
2923 1738 3378 1808 procedentibus.
3403 1740 3550 1794 Prae-

155 1799 319 1853 tibus
349 1807 642 1872 peccatum
670 1812 775 1875 est,
808 1809 975 1863 modo
1008 1812 1081 1864 ad
1111 1814 1415 1882 pristinum
1466 1823 1675 1871 statum
1719 1836 1808 1873 rc-
1833 1806 1889 1877 Β
1911 1831 2068 1880 terea
2090 1834 2149 1880 ut
2170 1828 2469 1899 iiquoque,
2488 1830 2587 1900 qui
2609 1830 2715 1884 hoc
2737 1832 3055 1885 etiamnum
3082 1834 3339 1903 tempore
3360 1833 3551 1888 defen-

157 1891 427 1951 ducatur.
462 1897 620 1952 Fient
647 1906 835 1955 autem
868 1909 925 1957 et
954 1904 1284 1962 defensores
1335 1910 1573 1965 omnino
1614 1913 1807 1982 gratis.

156 1986 230 2041 Et
257 2004 365 2058 pro
405 1989 541 2061 ipsis
576 1992 948 2066 jussionibus,
995 1999 1042 2052 si
1088 2002 1332 2071 majores
1379 2003 1494 2058 sint
1541 2005 1807 2077 civitates,

159 2085 418 2151 quatuor
444 2089 842 2142 tantummodo
864 2092 1023 2145 aurei
1048 2093 1341 2150 dabantur
1368 2096 1425 2150 in
1448 2098 1666 2167 judicio
1697 2106 1810 2154 tuae

158 2174 549 2245 celsitudinis;
582 2180 628 2233 si
669 2182 940 2253 minores,
996 2188 1129 2256 tres,
1180 2191 1669 2259 quemadmodum
1703 2210 1807 2248 no-

158 2268 296 2321 stris
333 2269 456 2340 jam
498 2273 718 2344 legibus
756 2278 1126 2334 constitutum
1166 2288 1269 2336 est.
1321 2284 1378 2339 Si
1407 2302 1549 2355 quas
1578 2302 1710 2341 vero
1739 2304 1810 2341 ex

156 2360 397 2431 publico
456 2381 713 2423 annonas
758 2371 993 2440 habent,
1036 2374 1355 2447 percipient
1379 2384 1435 2433 et
1466 2378 1618 2449 ipsas
1646 2396 1809 2435 more

159 2455 357 2511 solito.

235 2550 596 2621 Cognosccnt
620 2555 816 2627 utique
844 2562 901 2612 et
934 2560 1003 2615 de
1040 2562 1344 2618 levioribus
1371 2565 1723 2630 criminibus.
1752 2572 1811 2622 et

162 2651 589 2714 competentem
606 2652 1035 2722 castigationem
1056 2657 1430 2713 adhibebunt.
1452 2660 1559 2714 Sed
1574 2678 1690 2730 eos,
1709 2663 1807 2733 qui

159 2733 222 2789 in
254 2738 571 2808 majoribus
604 2742 821 2798 delictis
862 2748 1163 2817 capiuntur
1190 2753 1499 2823 conjicicnt
1529 2754 1586 2808 in
1618 2761 1806 2809 custo-

161 2827 342 2900 diam,
368 2837 425 2886 et
445 2833 515 2887 ad
550 2837 854 2904 provinciae
882 2842 1297 2899 moderatorem
1320 2848 1809 2903 transmittentJta

160 2924 320 2978 enim
348 2942 594 2997 quaeque
623 2948 723 2999 pro
746 2949 803 2985 se
831 2934 1292 3006 civitasjudiciali
1316 2957 1452 2994 cura
1477 2942 1718 3011 fruetur,
1754 2948 1810 2997 et

161 3018 429 3073 universa
446 3038 589 3091 gens
616 3025 719 3078 sub
731 3028 944 3096 majore
967 3031 1276 3086 constituta
1294 3034 1513 3107 judice,
1530 3036 1807 3106 majorem

161 3113 374 3167 sentiet
403 3116 835 3187 providentiam,
876 3126 931 3175 et
956 3123 1103 3178 bona
1134 3143 1260 3196 pars
1292 3130 1676 3199 przesidalium
1706 3148 1804 3184 cu-

158 3220 365 3260 rarum
406 3211 840 3281 praescindetur,
884 3216 930 3269 si
966 3218 1255 3274 civitatum
1282 3222 1601 3279 defensores
1626 3241 1719 3279 eas
1746 3225 1807 3279 in

156 3314 216 3353 se
244 3304 643 3373 transponant,
689 3309 1053 3382 releventque
1094 3330 1257 3368 curas
1283 3315 1636 3387 praesidibus,
1666 3335 1806 3390 quas

154 3408 265 3463 pro
287 3397 521 3465 populis
553 3405 779 3470 gerunt,
812 3401 917 3473 ipsi
944 3422 1047 3475 per
1074 3412 1264 3477 partes
1304 3410 1392 3464 vel
1422 3428 1487 3465 ea
1530 3428 1657 3482 quae
1704 3430 1808 3483 per

153 3486 437 3558 injuriam
469 3492 868 3564 admittuntur,
911 3507 1336 3571 componentes,
1371 3506 1454 3559 vel
1483 3504 1803 3577 disceptan-

152 3580 309 3635 tibus
336 3583 670 3641 dirimentes
683 3593 1095 3647 controversias
1126 3598 1202 3665 (et
1230 3603 1397 3668 prout
1422 3614 1571 3669 saepe
1591 3601 1806 3654 dictum

155 3678 285 3746 est),
314 3693 421 3747 per
449 3679 557 3734 hoc
582 3698 676 3735 eos
704 3685 801 3754 qui
831 3686 1032 3741 officiis
1072 3690 1381 3759 praesident
1418 3694 1804 3749 honoratiores

152 3770 490 3827 efficientes.
520 3774 577 3829 Si
605 3776 703 3846 qui
734 3779 903 3833 etiam
924 3798 1029 3852 per
1065 3782 1491 3841 indevotionem
1519 3788 1667 3842 circa
1697 3806 1802 3860 pu-

150 3860 306 3918 blica
363 3865 581 3921 tributa
632 3872 899 3927 solvenda
954 3876 1245 3947 segniores
1289 3881 1550 3951 existant,
1603 3899 1805 3939 eorum

152 3958 489 4014 exactiones
532 3962 631 4033 qui
680 3964 758 4019 ita
807 3983 865 4021 se
911 3968 1209 4026 indevotos
1232 3974 1510 4044 praebent,
1545 3978 1803 4047 gentium

149 4053 431 4122 praesides
454 4055 800 4114 demandent
824 4061 1235 4134 defensoribus,
1267 4074 1332 4123 ut
1361 4075 1419 4123 et
1443 4070 1504 4123 in
1534 4071 1641 4125 hoc
1667 4071 1804 4141 ipsis

150 4147 373 4201 auxilio
384 4148 516 4203 sint.
538 4150 820 4209 Caeterum
837 4158 879 4209 si
896 4174 1011 4229 qua
1031 4159 1345 4216 defensoris
1358 4164 1641 4218 ordinatio
1663 4182 1804 4236 prae-

153 4243 244 4295 ter
264 4242 390 4296 haec
410 4243 556 4297 facta
583 4246 673 4316 sit,
697 4254 796 4303 aut
813 4250 859 4303 is
882 4252 953 4305 ad
973 4269 1145 4324 quem
1167 4273 1236 4311 ex
1265 4258 1463 4312 ordine
1491 4259 1803 4314 defensoris

158 4335 371 4388 creatio
402 4339 679 4408 pervenit,
711 4348 990 4412 prmtextu
1015 4347 1324 4419 dignitatis,
1343 4351 1429 4407 vel
1459 4352 1696 4423 militias,
1719 4354 1803 4409 vel

158 4427 471 4498 privilegii,
506 4434 591 4485 vel
621 4435 852 4490 alterius
867 4440 970 4507 rei,
998 4457 1123 4497 eam
1142 4444 1581 4501 sollicitudinem
1607 4447 1803 4518 depre-

1911 1936 2065 1975 sores
2092 1926 2242 1989 sunt,
2272 1922 2330 1976 in
2357 1923 2634 1977 circulum
2656 1924 3067 1989 describantur,
3097 1926 3143 1979 si
3170 1926 3449 1996 ejusmodi
3472 1927 3549 1981 vi-

1912 2014 2173 2083 deantur,
2206 2016 2305 2086 qui
2324 2020 2547 2087 placere
2571 2017 2803 2087 possint,
2834 2024 2888 2072 et
2913 2019 3353 2074 sollicitudinem
3370 2036 3547 2092 usque

1909 2108 1979 2162 ad
2022 2108 2322 2163 biennium
2350 2110 2706 2165 continuent.
2748 2111 2908 2175 Quod
2934 2112 2980 2165 si
3008 2112 3132 2182 jam
3160 2112 3458 2168 biennium
3488 2113 3548 2168 in

1910 2218 1977 2256 ea
2004 2219 2138 2256 cura
2161 2205 2660 2274 comsumpserint,
2679 2222 2711 2257 a
2737 2205 3049 2260 defensoris
3070 2206 3452 2261 sollicitudine
3470 2207 3550 2262 di-

1908 2302 2262 2364 moveantur,
2311 2297 2419 2351 nisi
2461 2298 2753 2352 communi
2798 2298 2985 2369 ipsum
3027 2299 3257 2354 decreto
3289 2302 3465 2355 velint
3490 2301 3549 2355 in

1909 2391 2150 2444 alterum
2181 2407 2405 2461 quoque
2434 2390 2729 2445 biennium
2752 2392 2809 2445 in
2833 2393 3034 2447 eodem
3056 2394 3314 2448 detinere
3339 2395 3541 2449 ofﬁcio.

1908 2484 1965 2539 Si
1990 2500 2125 2538 vero
2152 2485 2408 2538 nondum
2436 2484 2735 2539 biennium
2762 2487 3151 2556 expleverunt,
3168 2487 3442 2558 dignique
3460 2487 3543 2543 vi-

1908 2578 2137 2646 dentur,
2172 2579 2272 2649 qui
2311 2578 2369 2632 in
2411 2579 2737 2633 societatem
2763 2580 2958 2634 circuli
3001 2580 3368 2651 recipiantur,
3410 2581 3544 2636 reli-

1909 2688 2089 2743 quum
2118 2676 2345 2743 tempus
2371 2672 2715 2743 compleant,
2748 2678 2815 2727 ut
2846 2676 3042 2728 tamen
3098 2691 3267 2728 nemo
3310 2676 3453 2729 ultra
3491 2675 3549 2731 id

1908 2766 2194 2821 civitatem
2223 2766 2506 2833 defendat,
2530 2767 2627 2820 sed
2660 2767 2731 2821 ad
2762 2768 2868 2820 hoc
2901 2767 3179 2821 duntaxat
3204 2774 3426 2839 tempus
3456 2785 3549 2823 us-

1908 2876 2017 2930 que
2038 2859 2322 2925 subsistat,
2352 2860 2464 2913 nisi
2485 2860 2804 2914 communis
2825 2876 2956 2914 eum
2978 2860 3216 2915 civitatis
3236 2878 3547 2916 consensus

1906 2954 2063 3006 nullo
2091 2954 2433 3007 reclamante
2454 2953 2808 3023 comprobet.
2833 2953 2993 3017 Quod
3021 2953 3067 3008 si
3092 2955 3175 3020 lit,
3206 2954 3387 3008 altero
3409 2970 3546 3026 quo-

1907 3063 2018 3118 que
2053 3045 2282 3101 biennio
2312 3063 2443 3101 eam
2475 3046 2912 3101 sollicitudinem
2943 3047 3195 3118 recipiet,
3233 3054 3290 3102 et
3331 3054 3457 3119 post
3486 3049 3546 3104 id

1828 3174 1883 3248 Ο
1908 3140 2135 3194 ﬁnitum
2166 3140 2400 3196 omnino
2430 3157 2495 3195 ea
2525 3140 2776 3208 desistat,
2800 3145 2937 3194 tunc
2967 3140 3200 3196 demum
3223 3158 3420 3197 rursus
3450 3141 3546 3197 de-

1907 3235 2101 3289 fensor
2124 3234 2370 3301 futurus,
2400 3250 2532 3289 cum
2561 3234 2678 3305 ipse
2704 3250 2834 3288 eum
2864 3233 3109 3288 circulus
3154 3234 3215 3288 in
3264 3235 3417 3290 hunc
3451 3252 3542 3290 re-

1906 3328 2133 3383 duxerit
2160 3328 2439 3393 ordinem,
2459 3345 2531 3382 ne
2549 3331 2822 3399 perpetua
2843 3328 2964 3399 ejus
2989 3328 3385 3384 sollicitudinis
3404 3345 3543 3384 con-

1905 3424 2242 3491 tinuatione,
2274 3428 2332 3477 et
2354 3422 2710 3476 fraudulenta
2742 3439 2842 3493 per
2868 3423 3092 3493 singula
3114 3423 3344 3478 biennia
3387 3440 3549 3479 reno-

1904 3516 2150 3583 vatione,
2182 3516 2465 3586 aliquibus
2494 3516 2765 3586 praadicta
2811 3516 3228 3570 administratio
3262 3533 3442 3588 usque
3484 3519 3547 3574 in

1904 3609 2195 3664 infinitum
2227 3608 2588 3663 extendatur.
2619 3609 2713 3663 His
2740 3608 3005 3663 omnibus
3033 3608 3093 3663 in
3137 3625 3307 3665 omne
3358 3626 3544 3667 avum

1905 3703 2293 3759 obtinentibus
2327 3702 2791 3774 quandoquidem
2819 3719 3044 3757 summo
3072 3719 3203 3758 cum
3228 3701 3416 3759 studio
3456 3720 3541 3774 ea,

1906 3801 1965 3852 et
1989 3796 2296 3869 vigilantia,
2330 3800 2389 3851 et
2419 3796 2643 3851 Domini
2689 3796 2783 3850 Dei
2823 3813 2959 3868 erga
3000 3813 3103 3851 nos
3145 3797 3544 3853 benevolentia

1903 3892 2318 3958 adinvenimus,
2332 3890 2653 3961 nostrisque
2675 3889 2910 3945 subditis
2933 3890 3394 3947 condonavimus.
3411 3890 3539 3948 Dat.

1904 4002 1995 4043 xvi
2022 3986 2144 4041 Kal.
2174 3988 2320 4058 Aug.
2348 3984 2638 4039 Constant.
2675 3983 2825 4038 Bilis.
2854 4000 2909 4040 v.
2942 4001 2992 4040 c.
3026 4000 3180 4040 cons.

2476 4097 2787 4153 NOVELLA
2826 4098 2958 4153 XVI.

1908 4192 1977 4246 Ut
2003 4184 2185 4246 clerici
2212 4205 2279 4244 cm
2310 4204 2420 4243 una
2450 4189 2670 4242 ecclesia
2714 4190 2773 4241 in
2810 4189 2981 4242 aliam
3018 4190 3432 4257 transferantur
3464 4190 3539 4246 ad

2029 4261 2390 4333 supplendum
2418 4260 2776 4329 deﬁcientium
2806 4265 3074 4314 statutum
3100 4277 3401 4317 numerum.

1974 4360 2128 4415 Idem
2158 4360 2468 4431 imperator
2493 4358 2796 4413 Anthemio
2834 4359 3204 4413 sacratissimo
3246 4364 3303 4415 et
3330 4361 3539 4415 beatis-

1902 4454 2045 4509 simo
2075 4453 2501 4525 archiepiscopo
2537 4452 3165 4523 ConstantinOpolitano
3200 4457 3258 4507 et
3293 4453 3541 4509 universi

158 4528 345 4587 cetur,
378 4523 517 4579 sciat
538 4527 633 4582 ille
650 4530 903 4603 quinque
931 4550 989 4589 se
1020 4536 1297 4592 librarum
1325 4540 1449 4594 auri
1471 4557 1698 4610 poenam
1719 4558 1808 4596 su—
1825 4558 1885 4631 D
1908 4549 2030 4620 ejus
2060 4551 2270 4602 tractus
2297 4547 2655 4617 patriarchae.

158 4613 442 4687 biturum,
470 4625 525 4674 et
544 4622 917 4680 nihilominus
930 4630 1115 4700 postej
1125 4648 1188 4685 us
1210 4633 1468 4702 pecunia:
1488 4635 1546 4688 in
1560 4635 1799 4690 civitatis

160 4725 335 4779 opera
366 4728 604 4768 cessurae
629 4720 1006 4791 exactionem,
1031 4726 1348 4794 cogendum
1372 4727 1686 4784 defensoris
1712 4747 1805 4785 ex-

160 4804 361 4874 pedire
384 4807 845 4868 sollicitudinem.
866 4818 1143 4873 Convenit
1160 4819 1334 4889 enim,
1357 4828 1422 4876 ut
1452 4823 1803 4879 honestiores

162 4899 377 4970 quique
406 4901 742 4976 civitatibus,
772 4926 915 4980 quas
951 4911 1228 4984 incolunt,
1261 4932 1497 4986 operam
1537 4923 1592 4972 et
1624 4918 1799 4972 mini-

161 4994 401 5048 sterium
429 5014 597 5059 suum
628 5002 952 5074 exhibeant,
984 5009 1203 5063 ethunc
1224 5011 1642 5080 quodammodo
1669 5014 1804 5084 ipsis

160 5101 264 5155 pro
295 5088 550 5145 incolatu
580 5096 826 5163 gratiam
854 5100 1194 5169 rependant.
1236 5105 1371 5167 Quae
1414 5105 1593 5176 igitur
1640 5108 1804 5162 nobis

159 5180 519 5251 placuerunt,
547 5192 605 5241 et
628 5205 732 5259 per
760 5191 907 5246 hanc
936 5210 1152 5249 sacram
1177 5197 1578 5268 exprimuntur
1596 5191 1826 5272 legem,-

163 5290 226 5328 ea
277 5278 503 5333 studeat
548 5283 882 5339 excellentia
928 5293 1025 5343 tua
1068 5306 1173 5360 per
1220 5293 1537 5362 provincias
1598 5296 1805 5366 quibus

160 5376 392 5439 pricest,
422 5376 668 5446 propriis
694 5379 988 5436 destinatis
1001 5384 1374 5455 jussionibus,
1400 5389 1703 5445 manifesta
1728 5391 1807 5445 fa.

162 5478 313 5533 cere,
346 5469 412 5521 ut
439 5484 637 5525 omnes
666 5484 1014 5545 cognoscant
1039 5479 1193 5550 quod
1225 5477 1282 5534 et
1309 5484 1581 5553 maxima,
1606 5491 1662 5538 et
1683 5502 1802 5540 me-

163 5555 398 5631 diocria,
434 5570 491 5618 et
521 5564 761 5622 minima
789 5585 956 5642 aeque
988 5574 1150 5628 nobis
1175 5590 1327 5630 cura:
1364 5576 1497 5645 sint,
1550 5578 1807 5652 nihilque

162 5651 283 5725 ejus
319 5657 545 5727 generis
572 5676 605 5713 a
626 5661 1006 5720 sollicitudine
1035 5676 1227 5723 nostra
1253 5685 1667 5727 removeamus.

229 5752 496 5806 Assumet
521 5767 655 5809 vero
675 5758 1011 5816 excellentia
1032 5766 1128 5817 tua
1150 5768 1207 5818 et
1225 5763 1332 5819 hoc
1348 5765 1409 5819 in
1438 5769 1666 5837 partem
1687 5769 1809 5822 tua-

162 5856 293 5902 rum
304 5844 653 5918 jussionum,
674 5851 865 5923 utjam
880 5856 1017 5910 inde
1035 5855 1249 5914 scilicet
1266 5858 1524 5931 gentium
1535 5860 1811 5935 preside:

491 5944 767 6016 Puncta
814 5950 1052 6020 LXXII.

1974 4643 2179 4712 Legem
2204 4656 2387 4711 nuper
2401 4639 2471 4694 de
2493 4655 2757 4693 mensura
2772 4638 3196 4694 ordinationum
3213 4641 3544 4712 conscripsi-

1902 4752 2053 4801 mus,
2082 4734 2347 4806 quodque
2369 4750 2476 4787 nec
2517 4732 2575 4786 in
2618 4735 2973 4787 sacrosancta
3024 4734 3241 4803 majore
3285 4735 3537 4809 ecclesia,

1904 4845 2088 4901 neque
2110 4828 2170 4882 in
2202 4827 2327 4883 aliis
2356 4827 2557 4881 effusas
2576 4843 2669 4881 eas
2703 4842 2823 4880 esse
2854 4827 3171 4882 conveniat.
3198 4829 3388 4892 .Quam
3405 4848 3540 4888 sane

1903 4930 2084 4980 ratam
2109 4938 2359 4991 manere,
2385 4925 2443 4975 et
2466 4938 2565 4991 pro
2587 4920 2851 4975 universo
2867 4937 2969 4976 suo
2994 4927 3189 4977 tenore
3206 4924 3539 4981 ﬁrmitatem

1904 5018 2159 5073 obtinere
2189 5016 2502 5071 etiamnum
2528 5015 2807 5069 volumus.
2840 5016 3117 5079 Quoniam
3138 5034 3270 5072 vero
3297 5018 3542 5077 intendi-

1904 5129 2033 5167 mus
2061 5111 2448 5166 ordinationes
2468 5110 2527 5163 in
2546 5114 2766 5164 arctum
2792 5111 3145 5178 contrahere,
3177 5112 3422 5183 indeque
3449 5130 3543 5168 ex-

1905 5222 2213 5279 pensarum
2239 5203 2670 5275 exuperantiam
2697 5204 2767 5258 ad
2798 5204 3144 5259 mediocrem
3176 5212 3233 5260 et
3271 5205 3537 5261 tolerabi-

1906 5301 2021 5355 lem
2059 5299 2437 5371 quantilatem
2465 5303 2828 5353 sacrosanctae
2856 5297 3057 5368 majori
3094 5298 3342 5352 ecclesiae.
3369 5299 3539 5354 redu-

1907 5412 2054 5462 cere,
2086 5410 2199 5465 quo
2231 5392 2413 5464 magis
2435 5399 2763 5463 sumptuum
2788 5391 2869 5446 illi
2897 5391 3202 5445 multitudo
3226 5392 3538 5462 minuatur,

1906 5494 2212 5562 propterea
2241 5505 2345 5561 per
2380 5503 2578 5542 omnes
2603 5485 2855 5556 undique
2883 5484 3001 5539 vias
3031 5485 3379 5555 aberrantes,
3410 5493 3539 5543 tan-

1908 5584 2040 5640 dem
2064 5583 2135 5639 ad
2164 5584 2313 5638 hanc
2333 5582 2505 5636 etiam
2533 5581 2875 5651 praesentem
2927 5579 3114 5651 legem
3157 5580 3541 5652 pervenimus,

1910 5694 2024 5735 non
2066 5678 2297 5749 quidem
2350 5676 2515 5747 plane
2550 5673 2828 5727 diversam
2871 5690 2906 5728 a
2936 5674 3148 5744 priore,
3192 5674 3291 5729 sed
3319 5690 3449 5746 quin
3475 5691 3545 5731 ex

1909 5771 2115 5827 eodem
2142 5770 2390 5843 profecta
2414 5770 2700 5841 proposto,
2746 5766 3053 5841 aliquando
3081 5766 3329 5840 amplius
3354 5783 3545 5825 sacro-

1911 5869 2120 5924 sanctae
2139 5864 2347 5940 majori
2365 5864 2631 5942 prodesse
2653 5862 2831 5947 possit
2855 5862 3124 5923 sceleste.

3145 5967 3218 6033 31
