4034 6228
492 328 587 380 971

560 434 855 490 Sancimus
885 432 1060 504 enim,
1089 434 1133 487 si
1178 432 1239 486 in
1265 448 1379 485 una
1406 431 1597 501 aliqua
1642 434 2124 483 sacrosanctarum

493 527 878 594 ecclesiarum,
908 542 1154 597 quarum
1173 522 1720 579 administrationem
1747 522 1917 576 simul
1947 524 2005 575 et
2023 538 2123 577 ex-

484 638 687 693 pensas
719 620 922 675 eadem
952 624 1302 674 sacrosancta
1351 617 1537 687 major
1589 616 1818 671 ecclesia
1862 615 2122 681 sustinet,

484 700 904 786 presbyterum,
934 716 1034 767 aut
1064 714 1385 777 diaconum,
1417 714 1517 765 aut
1542 712 1833 779 lectorem,
1864 714 1964 763 aut
1987 726 2122 764 can-

486 811 671 862 torem
698 807 845 862 mori
859 805 1005 861 conti
1014 805 1179 875 gerit,
1202 822 1274 859 ne
1293 804 1481 859 statim
1507 805 1650 858 alius
1671 804 2023 858 extrinsecus
2043 803 2126 857 in-

485 902 835 966 troducatur,
865 900 961 953 sed
989 899 1148 969 prius
1182 898 1470 953 beatitudo
1498 901 1597 952 tua
1625 897 1914 968 despiciat,
1949 913 2124 967 quam

490 1010 731 1064 magnus
751 992 938 1046 adhuc
952 992 1364 1047 venerabilium
1382 991 1721 1045 clericorum
1740 991 1810 1044 sit
1826 1006 2121 1059 numerus,

487 1087 586 1158 qui
633 1086 746 1140 illic
784 1086 1132 1140 ministrant.
1163 1088 1239 1140 Ae
1266 1086 1311 1139 si
1335 1085 1591 1140 nondum
1620 1085 1852 1156 quidem
1886 1083 2123 1138 clerico-

486 1196 618 1234 rum
636 1195 910 1234 numerus
927 1179 1252 1233 deminutus
1265 1182 1370 1246 est,
1385 1179 1481 1233 sed
1509 1195 1623 1249 quo
1637 1178 1708 1232 ad
1725 1194 2032 1232 numerum
2054 1178 2123 1231 ab

486 1272 649 1328 initio
697 1273 996 1327 definitum
1050 1278 1106 1326 et
1162 1273 1242 1343 (ut
1276 1275 1495 1341 vocant)
1545 1275 1843 1340 statutum,
1894 1270 2122 1341 quidam

486 1366 802 1422 etiamnum
816 1368 1197 1437 superﬂuunt,
1215 1382 1286 1420 ne
1303 1383 1413 1437 qua
1432 1366 1489 1419 in
1515 1366 1637 1437 ejus
1658 1366 1843 1419 locum
1870 1365 2126 1419 institua-

486 1465 581 1516 tur
604 1461 904 1529 ordinatio,
934 1460 1110 1515 donec
1138 1476 1414 1514 numerus
1442 1458 1548 1514 sibi
1575 1459 1681 1530 ipsi
1700 1458 2045 1513 restituatur.
2070 1456 2123 1513 Si

486 1569 619 1609 vero
636 1552 941 1607 multitudo
959 1553 1038 1606 ita
1053 1552 1344 1607 deminuta
1370 1555 1474 1620 est,
1497 1552 1638 1606 utin
1665 1550 1913 1605 defuncti
1934 1552 2123 1605 locum

486 1647 663 1701 alium
683 1646 951 1700 clericum
977 1645 1258 1700 introduci
1282 1662 1509 1700 necesse
1538 1646 1629 1711 sit,
1661 1662 1736 1699 ne
1759 1644 1894 1715 quid
1915 1647 2124 1698 statuto

488 1739 652 1808 desit,
688 1739 980 1794 beatitudo
1010 1744 1107 1793 tua
1140 1739 1419 1809 dispiciat,
1450 1756 1522 1792 an
1549 1738 1687 1792 citra
1714 1742 2123 1792 sacrosanctam

1638 319 1891 377 SECULI
1929 318 2120 376 SEXTI
2160 319 2716 376 SUPPLEMENTUM.

3769 321 3872 373 972

2232 430 2525 496 naturam,
2541 444 2855 498 saxumque
2876 425 3196 482 femineum
3208 427 3560 482 contumelia
3574 426 3874 481 afﬁcienti~

2224 522 2350 589 bus,
2370 521 2533 593 quasi
2546 538 2663 577 non
2678 521 2866 593 etipse
2884 539 2916 576 a
2936 522 3058 577 Deo
3076 525 3298 576 creatus
3314 522 3405 589 sit,
3421 524 3523 575 aut
3547 520 3873 592 generatio-

2226 616 2283 669 ni
2307 598 2522 687 aliquid
2542 616 2819 683 conferat,
2842 615 2941 669 sed
2961 616 3124 687 quasi
3157 616 3412 686 abjcctus
3433 619 3493 669 et
3510 614 3869 686 ignominio—

2225 726 2319 762 sus
2349 713 2507 763 extra
2530 692 2767 764 omnem
2802 709 3202 780 dignationem
3241 725 3305 763 ac
3337 710 3625 764 honorem
3676 707 3869 762 haberi

2224 803 2450 857 debeat.
2484 803 2782 858 Sancimus
2812 802 2991 873 igitur
3016 819 3117 874 per
3136 803 3285 857 hanc
3308 820 3527 858 sacram
3560 804 3777 873 legem,
3814 806 3871 855 ut

2224 899 2281 950 et
2298 895 2449 967 apud
2471 896 2772 950 Armenios
2803 896 3104 951 occasione
3125 896 3495 951 successionis
3515 896 3868 950 feminarum

2226 990 2430 1044 eadem
2449 990 2760 1057 obtineant,
2781 1006 2909 1061 quae
2927 990 3146 1061 etapud
3160 1007 3280 1058 nos,
3295 1006 3486 1061 neque
3502 990 3614 1043 ulla
3636 989 3709 1043 sit
3727 989 3874 1044 inter

2225 1100 2446 1138 marem
2458 1086 2515 1138 et
2526 1083 2804 1138 feminam
2818 1083 3161 1151 differentia,
3190 1085 3288 1139 sed
3301 1100 3415 1155 qua
3431 1084 3669 1155 quidem
3683 1084 3871 1138 forma

2224 1176 2375 1231 inter
2395 1182 2620 1232 nostros
2641 1177 3016 1231 constitutum
3043 1179 3148 1245 est,
3171 1183 3234 1232 ut
3257 1177 3624 1249 parentibus,
3649 1178 3757 1231 hoc
3787 1183 3873 1231 est

2224 1270 2395 1341 patri,
2415 1272 2583 1338 mari,
2600 1288 2725 1338 avo,
2750 1270 2910 1339 aviae,
2944 1271 3490 1342 remotioribusque,
3515 1271 3660 1325 item
3686 1274 3872 1342 poste-

2223 1365 2323 1431 ris,
2346 1364 2453 1419 hoc
2471 1369 2558 1418 est
2576 1364 2717 1430 filio,
2732 1364 2865 1418 ﬁliae
2879 1365 3210 1433 succedant,
3227 1368 3285 1419 et
3296 1365 3545 1418 vicissim
3563 1365 3701 1435 ipsis
3725 1381 3866 1435 quo-

2225 1474 2336 1528 que
2359 1458 2713 1525 succedatur,
2738 1457 2817 1512 ita
2838 1461 2896 1512 et
2925 1457 3079 1529 apud
3110 1458 3262 1530 ipsos
3283 1458 3374 1526 sit,
3394 1475 3588 1530 neque
3612 1459 3873 1512 Armeni-

2223 1568 2304 1605 caa
2323 1552 2478 1623 leges
2497 1568 2530 1605 a
2551 1551 2823 1605 Romanis
2842 1551 3128 1606 differant.
3162 1553 3305 1606 Nam
3340 1552 3386 1605 si
3416 1553 3487 1606 de
3516 1556 3717 1607 nostra
3742 1556 3871 1606 sunt

2223 1644 2535 1716 republica,
2554 1645 2599 1698 si
2622 1645 2876 1699 serviunt
2892 1661 2959 1699 ex
2979 1640 3145 1716 az'quo
3166 1645 3331 1700 nobis
3344 1662 3475 1700 cum
3490 1646 3719 1700 cmteris
3730 1662 3869 1716 gen-

2222 1738 2392 1805 tibus,
2423 1738 2471 1792 si
2495 1738 2765 1793 omnibus
2800 1737 3010 1793 nostris
3033 1738 3424 1809 perfruuntur,
3446 1755 3565 1792 nun
3575 1737 3718 1810 quid
3738 1739 3871 1793 sola).

486 1833 770 1904 majorem
795 1832 1091 1905 ecclesiam
1112 1832 1374 1902 ejusdem
1407 1832 1620 1887 ordinis
1651 1831 1887 1887 clericus
1916 1830 1972 1884 in
2000 1830 2124 1884 aliis
2144 1826 2205 1898 B
2224 1832 2377 1902 apud
2398 1831 2549 1903 ipsos
2570 1832 2805 1886 feminea
2827 1849 2860 1886 a
2878 1832 3044 1886 nobis
3071 1831 3403 1887 introducta
3422 1833 3784 1903 expellentur
3804 1850 3872 1886 az-

490 1925 736 1981 ecclesiis
756 1925 1078 1982 inveniatur
1098 1925 1441 1996 superﬂuus,
1466 1930 1522 1980 et
1540 1926 1744 1981 exinde
1766 1925 1825 1979 in
1841 1924 2128 1979 demortui

487 2020 676 2074 locum
701 2019 878 2073 alium
907 2019 1183 2091 sublegat,
1210 2035 1326 2074 non
1351 2022 1543 2073 autem
1584 2034 1791 2073 novam
1828 2017 2128 2072 ordinatio-

486 2129 618 2168 nem
645 2113 907 2167 celebret.
943 2114 1021 2168 Eo
1047 2113 1203 2168 enim
1232 2117 1398 2184 pacto
1435 2112 1483 2166 si
1514 2112 1592 2181 id,
1625 2112 1716 2166 cui
1753 2111 1934 2180 deest,
1962 2128 2032 2166 ex
2061 2127 2127 2166 eo

487 2207 838 2278 suppleatur,
871 2206 963 2261 cui
991 2206 1309 2279 superﬂuit,
1339 2207 1485 2261 bella
1516 2207 1778 2279 quaedam
1804 2221 1989 2277 neque
2013 2207 2127 2260 Deo

486 2300 713 2371 ingrata
736 2300 1209 2354 commensuratio
1225 2300 1555 2371 imponetur
1580 2299 1830 2370 negotio,
1855 2304 1909 2353 et
1936 2315 2125 2353 saero-

489 2398 678 2448 sancta
694 2395 877 2464 major
888 2394 1123 2448 ecclesia
1144 2394 1416 2465 paulatim
1438 2406 1553 2451 aere
1568 2393 1756 2447 alieno
1770 2392 2125 2448 liberabitur.

488 2487 715 2559 Alioqui
740 2487 785 2540 si
805 2487 881 2554 id,
907 2488 996 2541 cui
1009 2488 1182 2555 deest,
1198 2486 1517 2543 forensibus
1530 2486 2129 2557 super-inductionibus

489 2582 839 2652 suppleatur,
863 2581 919 2635 id
934 2596 1063 2635 vero
1088 2581 1177 2635 cui
1200 2579 1497 2652 superﬂuit
1522 2596 1638 2635 non
1658 2580 1969 2648 minuatur,
2000 2580 2125 2634 lon-

491 2690 630 2744 gum
664 2680 720 2729 et
746 2674 1031 2728 inﬁnitum
1053 2674 1331 2745 temporis
1363 2674 1608 2746 spatium
1637 2675 1917 2743 decurret,
1950 2674 2129 2728 donec

490 2784 657 2822 omne
683 2768 760 2836 id,
784 2767 937 2839 quod
962 2768 1232 2834 abundat,
1262 2768 1647 2823 deminuatur.
1667 2769 1784 2822 Tua
1806 2767 2124 2839 igiturbea-

488 2860 671 2916 titudo
699 2878 764 2915 ea
791 2877 920 2932 quae
939 2861 1205 2916 decenter
1217 2861 1381 2915 nobis
1396 2865 1635 2934 propter
1647 2865 2127 2916 sacrosanctarum

489 2955 855 3013 ecclesiarum
872 2955 1170 3009 utilitatem
1192 2956 1548 3026 placuerunt,
1569 2955 1794 3009 effectui
1814 2961 1873 3010 et
1893 2955 1992 3008 lini
2014 2959 2128 3009 tra-

488 3050 623 3105 dere
639 3049 877 3104 studeat.
898 3049 1027 3103 Etsi
1053 3050 1186 3121 quid
1216 3050 1337 3103 haec
1364 3054 1562 3103 contra
1586 3050 1702 3116 tiat,
1724 3049 1867 3103 scire
1896 3063 2125 3103 necesse

487 3148 589 3211 est,
622 3158 753 3198 eum
778 3141 879 3212 qui
906 3148 1098 3196 contra
1126 3143 1272 3196 hanc
1304 3146 1557 3197 nostram
1583 3144 1769 3214 legem
1811 3142 2121 3197 ordinatio-

2226 1924 2561 1996 quabilitate
2573 1924 2601 1979 ?
2613 1925 2720 1981 Sed
2734 1926 2791 1979 in
2814 1925 2937 1996 pari
2957 1925 3110 1997 apud
3126 1942 3327 1980 omnes
3339 1925 3745 1980 observatione
3761 1926 3874 1980 sint

2224 2020 2382 2090 leges
2403 2023 2633 2086 nostraa,
2650 2018 2765 2074 sive
2794 2034 2933 2090 quas
2954 2036 3021 2074 ex
3036 2024 3295 2074 veterum
3322 2019 3484 2073 libris
3509 2020 3869 2090 collegimus,

2227 2115 2285 2167 et
2328 2111 2389 2166 in
2429 2112 2640 2168 nostris
2676 2113 3131 2168 lnstitutionibus
3180 2118 3238 2167 et
3290 2112 3534 2184 Digestis
3578 2113 3870 2167 ordinavi-

2227 2222 2376 2274 mus,
2403 2205 2517 2262 sive
2545 2223 2675 2278 qua:
2707 2223 2773 2260 ex
2804 2206 3175 2277 imperatoria
3203 2207 3520 2274 sanctione,
3554 2211 3677 2261 tam
3714 2207 3870 2279 prio-

2226 2315 2357 2354 rum
2384 2299 2719 2371 principum
2753 2315 2928 2371 quam
2967 2302 3181 2367 nostra,
3215 2299 3547 2370 subscripta:
3574 2304 3727 2355 sunt.

2297 2395 2655 2465 Quapropter
2680 2393 2877 2448 omnia
2899 2394 3041 2461 haec,
3068 2410 3135 2447 ex
3163 2393 3341 2448 initiis
3367 2395 3672 2465 praesentis
3704 2410 3869 2465 quar-

2228 2487 2545 2542 taadecimaa
2565 2487 2914 2555 indictionis,
2938 2492 2995 2541 et
3025 2487 3202 2558 ipsius
3235 2504 3347 2558 qua
3372 2488 3522 2542 hanc
3557 2488 3864 2543 conscribi-

2228 2597 2353 2635 mus
2377 2581 2592 2652 legem,
2627 2584 2853 2652 sumpto
2874 2580 3176 2652 principio,
3200 2580 3260 2635 in
3281 2597 3449 2635 omne
3469 2597 3658 2636 aevum
3679 2582 3866 2636 valere

2227 2674 2535 2729 sancimus.
2558 2676 2765 2729 Vetera
2795 2674 2951 2728 enim
2982 2674 3255 2729 curiosius
3291 2673 3651 2745 perquirere,
3701 2679 3758 2729 et
3793 2673 3864 2728 ad

2225 2767 2520 2840 praeterita
2532 2768 2656 2838 jam
2675 2770 2940 2839 tempora
2964 2784 3280 2834 recurrere,
3308 2768 3666 2823 confusionis
3678 2768 3865 2840 potius

2226 2878 2402 2933 quam
2435 2860 2807 2932 legislationis
2839 2864 2943 2917 est.
2978 2861 3089 2917 Sed
3124 2864 3203 2931 (ut
3224 2860 3494 2933 diximus)
3520 2861 3642 2932 jam
3677 2861 3809 2915 inde
3835 2878 3865 2915 a

2224 2954 2583 3026 temporibus
2618 2955 2920 3026 praesentis
2948 2954 3411 3026 quartadecima:
3434 2954 3787 3011 indictionis
3815 2961 3867 3010 et

2224 3048 2419 3120 ipsius,
2449 3049 2507 3102 in
2536 3064 2709 3104 omne
2734 3049 3024 3120 reliquum
3048 3052 3295 3121 tempus,
3324 3050 3463 3121 ipsa:
3485 3049 3727 3120 quidem
3749 3067 3868 3104 suc-

2225 3144 2511 3212 cessiones
2540 3142 2754 3197 similes
2777 3146 2945 3198 sunto
2974 3142 3045 3197 iis
3077 3160 3205 3214 quae
3234 3159 3576 3215 quacunque
3599 3160 3671 3198 ex
3697 3160 3868 3197 causa

490 3252 625 3290 nem
654 3235 935 3305 suscipere
963 3252 1137 3288 ausus
1154 3236 1347 3305 fuerit,
1374 3236 1528 3307 quod
1557 3237 1771 3290 nullam
1800 3236 2126 3291 exindeuti—
2143 3203 2205 3277 C’
2223 3236 2296 3292 ad
2316 3236 2735 3292 successionem
2761 3238 3074 3308 pertinent,
3104 3238 3404 3309 aequaliter
3421 3243 3541 3292 tam
3573 3237 3726 3292 inter
3747 3254 3868 3291 mu—

486 3329 703 3384 litatem
723 3328 972 3397 habebit,
1005 3344 1189 3399 neque
1203 3330 1548 3385 venerabiles
1564 3331 1845 3384 oeconomi
1874 3346 1998 3384 eam
2018 3330 2125 3384 im-

484 3439 743 3495 pensam,
772 3437 901 3493 quae
930 3420 990 3475 in
1021 3421 1166 3475 hanc
1210 3427 1427 3493 partem
1460 3422 1542 3490 fit,
1584 3423 1642 3477 in
1673 3423 1918 3477 rationes
1943 3440 2124 3478 sacro-

488 3522 694 3571 sanctae
726 3514 960 3585 majoris
987 3514 1236 3569 ecclesiae
1263 3514 1533 3584 referent,
1569 3516 1667 3570 sed
1693 3516 1966 3570 damnum
1991 3516 2121 3572 inde

488 3622 787 3679 emergens
806 3607 913 3677 ipsi
940 3612 1271 3678 agnoscent,
1294 3624 1399 3678 per
1418 3609 1746 3680 semetipsos
1773 3609 1925 3663 hunc
1938 3625 2124 3664 socor-

486 3702 599 3759 ὀίω
621 3701 1016 3757 suae-furatum
1043 3699 1417 3771 'recipientes.
1472 3703 1595 3757 Dat.
1636 3701 1827 3757 Idibus
1857 3703 2119 3774 Augusti,

486 3795 919 3866 Constantinop.
948 3801 1076 3866 post.
1110 3796 1491 3850 consulatum.
1518 3795 1770 3850 Belisarii
1805 3812 1859 3852 v.
1896 3814 1948 3852 e.
1996 3797 2118 3852 Dat.

485 3906 600 3947 xvn
628 3891 746 3945 Kal.
770 3892 918 3961 Aug.
944 3890 1239 3945 Constant.
1267 3889 1333 3944 d.=
1352 3905 1414 3944 n.
1445 3889 1678 3945 Bilisrv.
1706 3906 1756 3945 c.
1791 3906 1946 3947 cons.

1073 4005 1382 4062 NOVELLA
1413 4007 1539 4061 XXI.

483 4103 561 4158 De
584 4100 882 4163 Armeniis,
910 4103 972 4153 ut
998 4104 1050 4153 et
1074 4100 1185 4168 ipsi
1201 4103 1511 4224 pler-munia
1528 4103 1800 4157 Romanas
1821 4106 2123 4173 sequantur

1251 4185 1386 4224 eoas.

1251 4185 1386 4239 eges.

425 4336 429 4339 _
555 4267 875 4336 Imperator
896 4262 1256 4317 Justinianus
1304 4268 1588 4333 Augustus
1629 4263 1828 4319 Aoaeio
1860 4265 2120 4338 magniﬁ-

484 4357 807 4416 centissimo
829 4356 1154 4428 proconsuli
1182 4355 1485 4411 Armenim.

555 4455 633 4509 Cu
640 4452 861 4526 pientes
883 4456 945 4505 ut
963 4450 1358 4507 Armeniorum
1378 4449 1667 4521 provincia
1694 4452 1940 4522 perfecte
1955 4453 2119 4508 bonis

2222 3331 2387 3386 lieres
2400 3346 2573 3402 quam
2596 3332 2774 3385 etiam
2797 3332 2947 3387 viros
2972 3331 3041 3386 de
3060 3335 3265 3386 caetero
3283 3331 3675 3386 observandis.
3703 3332 3864 3395 Quod

2220 3440 2355 3479 vero
2378 3424 2507 3495 jam
2536 3428 2670 3479 ante
2693 3425 2923 3493 exstitit,
2954 3424 3013 3478 id
3028 3425 3357 3480 universum
3379 3425 3438 3479 in
3466 3424 3663 3496 priore
3681 3426 3868 3479 forma

2220 3534 2459 3573 manere
2492 3518 2752 3588 sinimus,
2783 3518 2899 3573 sive
2932 3518 2993 3573 in
3024 3518 3092 3572 iis
3124 3519 3337 3573 factum
3366 3522 3453 3573 est
3478 3519 3712 3589 praediis
3738 3534 3869 3590 quae

2221 3612 2488 3684 princeps
2520 3612 2655 3667 olim
2690 3612 2923 3683 generis
2951 3612 3184 3667 familiae
3219 3628 3334 3667 suae
3385 3612 3711 3683 adscripsit,
3754 3613 3867 3666 sive

2220 3704 2280 3759 in
2311 3705 2435 3760 aliis
2464 3706 2683 3761 nullam
2710 3705 3054 3762 habentibus
3093 3706 3571 3761 communionem
3600 3706 3870 3760 femineis

2219 3799 2480 3871 personis
2506 3799 2566 3854 in
2594 3800 2684 3855 his
2709 3799 2939 3871 praediis
2970 3815 3098 3870 quae
3120 3800 3330 3854 insulse
3360 3798 3734 3870 genearchia,
3766 3800 3869 3854 hoc

2220 3897 2364 3948 este
2390 3893 2651 3965 principe
2688 3893 2831 3947 olim
2886 3893 3116 3965 generis
3164 3892 3401 3947 familiae
3445 3908 3565 3947 sua:
3614 3893 3865 3964 ascripta

2218 3986 2476 4055 laudant,
2506 3989 2608 4041 aut
2635 3986 3091 4042 successionibns
3117 4002 3245 4058 quae
3263 4002 3441 4057 usque
3463 3986 3534 4041 ad
3556 3986 3868 4041 decimam-

2217 4081 2447 4137 tertiam
2489 4080 2865 4136 indictionem
2916 4084 2975 4135 et
3016 4080 3201 4153 ipsam
3250 4080 3631 4135 obvenerunt.
3685 4080 3797 4136 Sed
3839 4098 3869 4134 a

2218 4175 2491 4247 praedicto
2504 4178 2784 4247 tempore,
2802 4176 2911 4230 hoc
2925 4181 3010 4229 est
3022 4192 3055 4228 a
3076 4174 3507 4246 decimaquarta
3523 4173 3862 4237 indictione,

2218 4270 2413 4324 valere
2450 4285 2521 4323 ea
2559 4285 2688 4340 quas
2732 4286 2765 4323 a
2809 4268 2973 4323 nobis
3003 4269 3314 4323 constituta
3354 4271 3507 4337 sunt,
3552 4269 3862 4323 sancimus.

2220 4362 2359 4427 Quae
2386 4361 2563 4433 igitur
2590 4363 2756 4417 nobis
2781 4363 3135 4434 placuerunt,
3160 4367 3215 4416 et
3239 4376 3346 4433 per
3365 4362 3515 4415 hanc
3539 4362 3863 4432 exprimun-

2217 4462 2315 4512 tur
2336 4457 2550 4528 legem,
2581 4473 2647 4510 ea
2672 4461 2792 4512 tam
2818 4455 3250 4527 magniﬁcentia
3272 4458 3386 4521 tua,
3419 4470 3597 4525 quam
3617 4456 3719 4527 qui
3744 4460 3866 4527 post

482 4555 718 4621 regatur
744 4545 984 4618 legibus,
1011 4562 1194 4616 neque
1210 4544 1269 4599 in
1296 4545 1411 4599 ullo
1428 4561 1462 4597 a
1486 4544 1706 4616 reliqua
1719 4546 2121 4619 diﬂ'aratrcpu-
2140 4551 2405 4652 Djpsam
2432 4550 2705 4605 eumdem
2720 4552 3121 4622 magistratum
3138 4549 3453 4620 suscepturi
3482 4553 3640 4618 sunt,
3670 4551 3730 4603 in
3750 4565 3864 4621 per-

484 4643 649 4710 blica,
700 4639 984 4712 prioribus
1018 4640 1257 4693 sublatis
1300 4639 1647 4703 nominibus,
1691 4641 1958 4696 Romanis
1995 4639 2193 4697 eam"
2223 4649 2464 4718 petunm
2508 4645 2812 4723 obServare
2861 4645 3147 4699 studente.
3213 4645 3333 4700 Dat.
3382 4658 3455 4697 xv
3507 4643 3637 4697 Kal.
3691 4643 3859 4715 April.

483 4734 910 4808 magistratibus
944 4734 1373 4804 adornavimus,
1415 4739 1479 4788 ut
1528 4734 1786 4789 Romano
1825 4739 2127 4791 uterentur

481 4830 681 4887 habitu
702 4827 1131 4894 assuefecimus,
1151 4832 1216 4882 ut
1234 4827 1480 4899 denique
1500 4828 1625 4882 alia;
1638 4829 1795 4900 apud
1808 4829 1958 4901 ipsos
1968 4831 2127 4902 leges

481 4941 599 4981 non
628 4927 1009 4993 essentquam
1029 4938 1172 4993 quas
1194 4922 1477 4977 Romanas
1497 4923 1814 4991 nominant,
1834 4925 2124 4979 constitui-

483 5036 632 5075 mus.
659 5015 900 5072 Proinde
921 5015 1126 5086 scripta
1147 5015 1325 5070 etiam
1343 5016 1469 5087 lege
1494 5016 1634 5071 illud
1656 5018 1806 5089 quod
1822 5035 2122 5090 perperam

483 5112 637 5187 apud
650 5127 746 5167 eos
768 5109 1141 5181 delinquitur,
1159 5110 1560 5181 corrigendum
1580 5111 1998 5181 putavimus,ne
2022 5113 2126 5167 sci-

480 5209 612 5265 licet
636 5220 799 5262 mere
822 5202 1119 5259 barbarico
1134 5207 1453 5274 parentum
1488 5210 1545 5259 et
1562 5205 1826 5277 fratrum,
1849 5212 1906 5262 et.
1921 5207 2121 5279 reliqui

482 5301 707 5375 generis
732 5297 1114 5355 successiones
1134 5296 1207 5351 ad
1234 5297 1384 5351 viros
1397 5298 1743 5369 pertineant,
1757 5300 1830 5355 ad
1852 5301 2122 5356 mulieres

480 5412 596 5451 non
622 5396 781 5463 item,
802 5409 947 5448 neve
965 5392 1054 5446 hae
1066 5391 1277 5463 absque
1292 5390 1422 5447 dote
1443 5392 1502 5445 in
1522 5393 1757 5449 domum
1768 5395 1957 5450 mariti
1973 5412 2122 5450 com—

479 5491 753 5561 migrent,
785 5492 885 5541 aut
910 5486 981 5540 ab
1012 5484 1306 5556 iis-quibus
1319 5502 1454 5539 eum
1481 5489 1949 5543 consuetudinem
1967 5490 2122 5544 habi-

478 5588 624 5638 turre
652 5587 787 5635 sunt
811 5580 1184 5645 redimantur,
1215 5579 1271 5634 id
1304 5580 1461 5651 quod
1500 5582 1684 5635 multo
1731 5583 1902 5637 etiam
1937 5584 2143 5655 magis.

479 5674 775 5731 barbarica
806 5673 866 5728 in
903 5674 1069 5728 hunc
1095 5688 1276 5744 usque
1292 5674 1460 5729 «diem
1491 5675 1938 5747 moribusapud
1968 5676 2121 5748 ipsos

480 5769 1051 5843 comprobatum'est,
1074 5769 1352 5840 non‘ipsis
1376 5773 1750 5831 tantum'istw
1759 5773 2120 5831 ferinomore

484 5862 870 5936 Opinantibus,
883 5863 997 5919 sed:
1007 5863 1210 5918 etaliis
1228 5863 2120 5935 gentibuocitaddionoetantibus

2222 4739 2658 4811 Constantinop.
2688 4744 2818 4810 post
2845 4740 2998 4795 Bilis.
3030 4755 3085 4794 νε
3118 4756 3167 4794 c.
3197 4755 3353 4793 cons.

2746 4838 3059 4893 NOVELLA
3096 4837 3333 4892 XXXVII.

2533 4933 2607 4985 De
2624 4930 2887 4985 -~Eeclesiis
2904 4929 3221 4983 constitutis
3244 4929 3303 4981 in
3325 4926 3548 4993 A/Hce.

2292 5023 2691 5077 Venerabilem
2715 5022 3036 5092 ecclesiam,
3065 5024 3174 5075 etc.
3205 5020 3285 5076 Ab
3312 5018 3767 5075 Arianis‘ablata
3783 5035 3861 5074 ca‘

2220 5116 2443 5189 piunto,
2480 5117 2700 5188 sibique
2738 5116 2985 5171 habento
3023 5115 3282 5170 Ecclesia:
3314 5113 3534 5179 Africae,
3577 5117 3640 5167 ut
3672 5117 3860 5168 tamen

2219 5210 2477 5283 publicas
2498 5227 2607 5283 pro
2642 5212 2752 5266 illis
2776 5211 3081 5283 pensiones
3100 5210 3420 5275 conferant,
3439 5208 3509 5261 ab
3530 5208 3744 5262 iisdem
3776 5224 3856 5261 ac-

2221 5306 2398 5377 ceptis
2442 5306 2832 5361 immobilibus
2872 5324 2905 5359 a
2951 5305 3182 5360 nemine
3213 5301 3514 5357 laedendis.
3557 5301 3856 5357 Haereticus

2222 5417 2335 5454 non
2364 5400 2671 5472 baptizato,
2701 5400 2772 5455 ad
2806 5400 3219 5471 rempublicam
3241 5414 3360 5452 non
3393 5395 3678 5463 accedito,
3708 5400 3852 5450 cate-

2221 5495 2573 5550 chumenum
2602 5511 2718 5549 non
2741 5494 3153 5549 circumcidito.
3170 5492 3335 5547 Nulla
3363 5489 3605 5545 omnino
3630 5487 3853 5543 haeresis

2222 5589 2594 5645 domumxaut
2625 5591 2812 5643 locum
2842 5586 3119 5643 orationis
3148 5586 3383 5640 habeto.
3417 5583 3850 5654 Carthaginien-

2221 5682 2297 5736 sis
2326 5683 2573 5738 Ecclesia
2598 5682 2895 5754 privilegia
2922 5681 3199 5746 obtineto,
3244 5694 3374 5751 qua
3426 5677 3483 5732 in
3533 5677 3851 5732 universum

2220 5775 2297 5831 de
2323 5777 2590 5832 omnibus
2618 5776 2770 5832 dicta
2794 5779 2929 5831 sunt
2953 5774 3206 5831 ecclesiis
3230 5773 3288 5828 in
3320 5771 3548 5829 Codice.

2291 5869 2402 5936 Qui
2434 5870 2513 5927 ad
2530 5869 3071 5943 Carthaginiensem
3104 5866 3403 5925 ecclesiam
3429 5864 3784 5942 confugerit,
3811 5861 3849 5917 si
