4034 6228
151 358 256 409 973

1009 359 1373 414 JUSTINIANI
1416 360 1741 414 NUVELLzE
1779 361 2114 416 δΕιΕΟΤΑΞ.
2158 361 2464 416 NOVELLA
2511 364 2662 418 XLII.

3426 371 3528 423 974

145 462 556 533 impunitatem
591 463 817 532 habeto,
856 465 965 520 nisi
1007 466 1411 535 homicidium,
1442 472 1542 522 aut
1563 470 1791 539 raptum
1814 468 2143 554 Ainducat.
2190 468 2489 525 Enimvero
2538 456 2723 542 neque
2771 472 3111 526 sententiam
3139 472 3291 542 juste
3331 480 3528 530 contra

145 556 412 628 virginis,
445 562 545 612 aut
568 557 683 613 vim
708 558 769 613 in
793 558 1178 616 Christianum
1196 560 1505 617 admiserit.
1537 561 1793 617 Ecclesiis
1893 562 2165 618 Severum
2191 564 2631 634 promulgatam,
2670 570 2727 619 et
2756 581 2825 619 ex
2854 564 3116 619 omnibus
3147 566 3525 638 archiepisco-

146 650 356 705 Africa
383 651 455 705 ab
485 651 676 723 aliquo
703 669 806 724 pro
832 670 933 708 sua
964 653 1141 726 ipsius
1175 654 1355 711 salute
1401 656 1606 726 oblata,
1631 673 1663 710 a
1688 670 1791 711 ne-

145 744 307 798 mine
338 762 569 817 prorsus
598 747 954 803 auferuntur.
1256 752 1260 759 ’

221 839 339 893 Hoc
366 839 485 911 ipse
516 841 860 912 generaliter
880 842 949 897 de
976 842 1239 898 omnibus
1258 841 1507 898 ecclesiis
1533 842 1790 915 accipito.

732 958 1039 1013 NOVELLA
1065 960 1220 1014 XLII.

156 1051 223 1105 Ut
249 1051 567 1113 Anthimus,
605 1053 852 1114 Severus,
881 1054 1093 1115 Petrus,
1123 1054 1338 1114 Zooras,
1367 1056 1420 1106 et
1452 1052 1656 1122 reliqui
1679 1054 1790 1109 ha-

394 1126 549 1177 retici
575 1124 925 1177 ecclesiastico
961 1124 1139 1193 gradu
1170 1124 1555 1179 detrahantur.

224 1217 383 1271 Idem
411 1219 699 1287 Augustus
728 1218 944 1271 Menna
974 1217 1327 1272 sanctissimo
1375 1222 1432 1272 et
1467 1217 1793 1273 beatissimo

146 1309 573 1381 archiepiscopo
611 1310 1250 1382 Constantinopolitano,
1284 1310 1643 1383 universique
1672 1311 1794 1381 ejus

148 1409 368 1460 tractus
397 1406 756 1477 patriarcha.

223 1501 350 1554 Non
376 1500 663 1555 insolitam
680 1500 1059 1571 imperatoria
1087 1500 1366 1571 majestati
1390 1516 1512 1554 rem
1538 1503 1791 1572 agentes,

152 1593 222 1648 ad
267 1597 614 1665 praesentem
666 1594 853 1665 legem
903 1593 1289 1666 pervenimus.
1341 1594 1794 1665 Quotiescunque

151 1688 315 1742 enim
349 1687 705 1742 sacerdotum
748 1687 1040 1742 sententia
1080 1688 1297 1759 aliquos
1332 1688 1431 1759 qui
1490 1687 1795 1743 sacerdotio

150 1781 380 1852 indigni
430 1784 619 1836 essent
670 1781 1105 1836 sacerdotalibus
1147 1781 1521 1837 deturbarunt
1568 1782 1794 1836 sedibus

1891 656 2111 727 palibus
2136 661 2192 711 et
2215 657 2688 727 patriarchalibus
2702 658 2928 713 sedibus
2948 676 3064 713 una
3084 676 3214 713 cum
3232 662 3532 731 prudentia

1894 750 2222 803 monachali
2246 751 2666 821 procedentem,
2701 758 2956 807 exortem
2980 754 3424 809 confirmationis
3447 772 3532 810 re-

1895 843 2004 914 gia
2029 843 2326 913 efficimus,
2355 845 2452 916 qui
2493 845 2650 916 prius
2693 850 3059 901 sacrosancta
3097 848 3528 918 Theopolitano-

1894 954 2024 991 rum
2052 938 2310 992 Ecclesia
2339 939 2469 992 sede
2507 924 2704 994 contra
2732 956 2921 995 sacros
2962 940 3104 995 ritus
3131 948 3425 1012 occupata,
3454 943 3533 998 ita

1892 1031 2090 1087 omnia
2117 1033 2489 1100 conturbavit,
2521 1032 2597 1089 ita
2633 1034 2968 1089 conturbata
3020 1036 3437 1105 transmutavit,
3470 1043 3536 1093 ut

1896 1126 2156 1197 generale
2211 1126 2496 1197 quoddam
2532 1133 2587 1181 et
2630 1128 2840 1199 absque
2882 1128 3169 1183 fecialium
3209 1129 3533 1186 interventu

1894 1225 2222 1292 susceptum
2250 1220 2614 1275 sacrosanctis
2649 1221 2799 1275 inter
2828 1237 2887 1275 se
2918 1222 3163 1276 ecclesiis
3187 1222 3407 1278 bellum
3440 1224 3528 1279 in-

1892 1314 2041 1368 ferre
2069 1314 2341 1369 videatur.
2369 1318 2553 1385 Atque
2581 1314 2688 1368 hoc
2714 1314 2883 1369 etiam
2910 1316 2980 1369 ab
3005 1316 3095 1369 his
3140 1317 3237 1387 qui
3264 1323 3392 1372 ante
3418 1335 3534 1389 ,nos

1895 1411 2113 1478 sceptra
2150 1407 2375 1479 imperii
2402 1412 2727 1477 tenuerunt,
2756 1409 2827 1463 ad
2856 1409 3047 1479 ipsum
3074 1410 3347 1481 scriptum
3389 1427 3529 1481 esse,

1893 1506 2011 1556 tam
2036 1501 2202 1555 variis
2235 1507 2405 1574 atque
2422 1505 2575 1557 recto
2594 1502 2792 1557 alienis
2808 1503 3138 1574 dogmatum
3157 1504 3451 1559 fraudibus
3469 1523 3533 1560 ac

1893 1595 2263 1666 blasphemiis
2290 1600 2568 1665 utentem,
2590 1612 2763 1667 quam
2784 1597 2979 1651 omnia
2999 1596 3121 1667 jam
3140 1614 3292 1651 nunc
3312 1603 3536 1669 pertur—

1893 1689 2024 1743 bata
2046 1689 2398 1757 reddentem,
2429 1694 2486 1744 et
2509 1690 2578 1744 de
2605 1706 2798 1745 errore
2830 1691 3012 1745 solum
3041 1690 3336 1762 utriusque
3357 1692 3535 1747 haere-

1895 1782 2130 1839 siarcha
2157 1786 2173 1851 (
2197 1782 2436 1837 Nestorii
2460 1783 2670 1838 scilicet
2694 1786 2751 1837 et
2781 1784 3122 1855 Eutychetis)
3154 1784 3367 1839 haustis
3394 1784 3531 1839 abo-

158 1876 344 1947 (quale
370 1876 463 1943 sit,
492 1874 831 1945 Nestorium,
860 1876 1250 1946 Eutychetem,
1279 1876 1502 1945 Arium,
1538 1875 1792 1931 Macedo-
1814 1862 1873 1934 B
1895 1876 2180 1931 minandis
2208 1882 2266 1931 et
2296 1893 2429 1932 cum
2455 1876 2731 1948 religione
2760 1878 3147 1949 pugnantibus
3176 1878 3535 1950 dogmatibus

151 1968 339 2038 nium,
384 1970 749 2038 Eunomium,
785 1973 841 2023 et
883 1969 1027 2024 alius
1052 1986 1168 2023 non
1204 1968 1470 2025 inferiore
1499 1985 1675 2040 quam
1716 1968 1797 2023 illi

153 2062 418 2134 malitia),
436 2064 605 2119 toties
622 2063 791 2118 etiam
815 2063 885 2117 ad
904 2063 1259 2118 sacerdotum
1282 2078 1385 2117 auc
1394 2062 1676 2117 toritatem
1693 2063 1797 2117 im-

150 2158 435 2228 peratoris
460 2173 766 2211 consensus
786 2156 1039 2227 accessit,
1070 2161 1131 2210 ut
1157 2156 1346 2211 divina
1369 2172 1501 2210 cum
1530 2157 1796 2211 humanis

152 2250 438 2321 coeuntia,
468 2251 636 2305 rectis
659 2250 952 2306 sententiis
976 2250 1377 2321 symphoniam
1405 2250 1714 2322 quamdam
1739 2253 1798 2305 et

152 2361 331 2399 unam
362 2345 791 2399 consonantiam
813 2345 1166 2399 inducerent.
1191 2343 1381 2399 Simile
1406 2344 1680 2415 quiddam
1694 2360 1799 2398 nu-

152 2455 257 2510 per
282 2439 434 2493 circa
476 2437 819 2493 Anthimum
849 2438 1101 2502 evenisse
1120 2437 1363 2507 scimus,
1394 2443 1512 2492 tam
1534 2438 1619 2509 ,ab
1646 2442 1795 2509 Aga-

153 2536 285 2604 peto
312 2533 592 2603 religiosa
621 2538 678 2588 et
716 2533 1066 2588 celebrandae
1096 2532 1405 2600 memoria,
1437 2533 1678 2602 praesule
1709 2548 1795 2585 sa-

156 2632 466 2681 crosancta
480 2628 543 2681 in
564 2633 749 2682 vetere
775 2628 953 2682 Roma
982 2626 1225 2682 ecclesia
1251 2626 1575 2696 constituto,
1607 2642 1638 2680 e
1667 2625 1798 2680 sede

155 2720 331 2791 hujus
358 2722 533 2792 regia
564 2721 718 2775 urbis
737 2721 1059 2792 depulsum,
1090 2724 1153 2775 ut
1176 2722 1275 2792 qui
1304 2721 1362 2774 in
1391 2720 1583 2775 sedem
1614 2734 1799 2791 neque

156 2815 274 2869 ulla
301 2815 410 2869 sibi
438 2815 654 2870 ratione
681 2821 1121 2886 competentem,
1147 2820 1203 2870 et
1237 2820 1442 2886 prater
1478 2830 1675 2869 omnes
1704 2829 1795 2867 ca-

156 2925 337 2964 nones
366 2909 670 2979 insiliisset,
698 2925 871 2980 quam
901 2910 1196 2964 communi
1223 2909 1529 2979 sententia;
1565 2909 1800 2980 ejusque

155 3003 265 3057 viri
303 3006 514 3057 sancta
552 3003 846 3058 memoria
888 3003 1081 3057 multis
1123 3002 1448 3057 nominibus
1488 3000 1801 3056 exosculari

154 3096 448 3153 videretur
476 3097 551 3167 (id
580 3097 733 3168 quod
759 3096 927 3152 variis
953 3097 1317 3168 postmodum
1345 3095 1682 3150 commentis
1716 3111 1800 3149 re-

155 3191 350 3262 fugit),
376 3191 650 3246 simulans
688 3191 923 3262 quidem
961 3194 1150 3246 sancta
1188 3207 1248 3246 se
1287 3196 1535 3262 quatuor
1566 3188 1800 3243 concilia

156 3286 339 3356 sequi,
371 3302 579 3356 nempe
608 3288 991 3340 trecentorum
1019 3286 1215 3341 decem
1247 3289 1306 3339 et
1329 3289 1453 3339 octo
1481 3288 1802 3339 sanctorum

158 3381 397 3434 Patrum
425 3380 628 3446 Nicea,
651 3385 883 3436 centum
910 3386 967 3434 et
992 3379 1411 3451 quinquaginta
1435 3379 1495 3432 in
1521 3379 1626 3433 hac
1655 3377 1805 3432 alma

158 3474 325 3543 urbe,
350 3474 725 3528 ducentorum
750 3478 1021 3545 praterea
1044 3473 1251 3544 Ephesi
1280 3473 1532 3544 primum
1560 3487 1800 3543 congre-

162 3573 447 3640 gatorum,
486 3584 672 3638 neque
700 3585 818 3622 non
846 3568 945 3623 Dei
968 3568 1489 3622 amantissimorum
1517 3570 1805 3621 sexcento-

159 3678 292 3716 rum
340 3667 397 3716 et
439 3661 676 3732 triginta
714 3664 948 3716 Patrum
992 3663 1351 3732 Chalcedoni,
1400 3678 1516 3716 non
1554 3677 1689 3716 vero
1740 3676 1801 3715 re

157 3755 281 3827 ipsa
339 3755 563 3810 illorum
614 3756 886 3826 dogmata
931 3771 1296 3828 consequens,
1318 3771 1503 3826 neque
1544 3759 1803 3810 nostram

157 3849 576 3921 benignitatem
602 3852 660 3904 et
682 3850 1137 3922 submissionem,
1160 3866 1334 3921 quam
1352 3866 1457 3921 pro
1477 3849 1599 3919 ejus
1624 3848 1802 3903 salute

162 3944 512 4016 suscepimus
539 3945 829 4016 amplecti,
860 3961 1046 4017 neque
1080 3944 1412 4001 renuntiare
1448 3946 1565 3998 tam
1590 3942 1800 4013 impio—

155 4055 287 4094 rum
315 4038 654 4110 dogmatum
678 4039 1003 4096 auctoribus
1039 4057 1073 4094 a
1100 4039 1307 4095 sanctis
1334 4037 1593 4093 Pati-ibus
1619 4037 1680 4091 in
1706 4052 1798 4108 sy-

155 4134 323 4189 nodis
348 4134 574 4205 rejectis
600 4135 814 4203 volens,
849 4135 947 4191 sed
972 4140 1128 4190 ratus
1155 4134 1215 4190 in
1241 4149 1424 4189 unum
1453 4138 1510 4187 et
1534 4131 1802 4187 eumdem

155 4228 507 4283 auctoritatis
522 4230 760 4301 gradum
781 4234 1052 4302 utrosque
1070 4235 1187 4284 tam
1205 4226 1613 4283 condemnatos
1627 4241 1801 4297 quam

157 4324 256 4396 qui
277 4323 731 4395 condemnarint,
759 4325 1131 4379 collocandos.
1161 4322 1344 4378 Semel
1362 4321 1518 4376 enim
1544 4318 1797 4391 peregri-

157 4420 246 4474 nis
263 4436 299 4473 a
323 4423 677 4473 sacrosancta
696 4419 941 4473 Ecclesia
959 4417 1397 4489 cogitationibus
1420 4415 1798 4486 mancipatus,

158 4518 216 4568 et
242 4530 277 4567 a
298 4513 468 4567 rectis
492 4513 852 4584 dogmatibus
878 4513 1095 4568 alienus
1118 4513 1320 4579 factus,
1352 4511 1557 4566 merito
1604 4509 1676 4563 ad
1700 4524 1797 4564 eo-

1822 3240 1876 3313 C

1895 1970 2254 2039 innitentem,
2300 1976 2355 2025 et
2378 1970 2677 2041 utriusque
2715 1971 2938 2040 .horum
2978 1972 3534 2043 perversissimorum

1896 2064 2126 2133 ducum,
2161 2064 2259 2133 qui
2300 2064 2526 2118 tametsi
2574 2064 2835 2119 nonnihil
2865 2065 3014 2119 inter
3049 2082 3107 2119 se
3151 2066 3422 2121 dissidere
3448 2068 3532 2120 vi-

1895 2158 2152 2224 deantur,
2180 2157 2250 2211 ad
2275 2174 2459 2212 unum
2486 2162 2676 2212 tamen
2717 2157 3021 2229 impietatis
3058 2159 3233 2214 finem
3269 2160 3531 2230 tendunt,

1895 2251 2141 2306 notorias
2166 2251 2577 2322 disputationes
2602 2251 2987 2322 efﬁngentem.
3012 2253 3151 2307 Nam
3167 2269 3297 2307 cum
3317 2254 3430 2308 duo
3452 2253 3536 2308 in—

1896 2349 1984 2399 ter
2011 2361 2069 2400 se
2095 2345 2380 2399 contraria
2420 2345 2533 2399 sint
2576 2346 2867 2416 dogmata,
2906 2350 3025 2400 tam
3064 2346 3319 2414 Nestorii,
3362 2364 3535 2419 quam

1896 2439 2222 2510 Eutychetis
2246 2439 2333 2509 (ut
2359 2439 2618 2509 diximus)
2647 2455 2893 2510 quorum
2936 2444 3239 2511 utrumque
3276 2457 3343 2495 ex
3372 2457 3536 2513 aequo

1898 2537 2143 2587 mortem
2167 2533 2373 2587 anima
2394 2533 2682 2604 importat,
2714 2550 2844 2603 qua
2872 2549 2941 2588 ex
2971 2533 3110 2604 ipsis
3128 2534 3464 2589 Arianorum
3480 2539 3538 2589 et
3586 2574 3593 2585 .

1897 2627 2233 2697 Apollinaris
2262 2626 2644 2697 impigmentis
2671 2632 2945 2696 constant,
2974 2628 3308 2682 mirabiliter
3348 2631 3537 2683 tamen

1898 2724 1955 2774 et
1972 2729 2181 2792 prater
2195 2720 2523 2792 opinionem
2543 2722 2663 2791 ipse
2682 2720 2933 2788 allectus,
2963 2720 3222 2774 similiter
3242 2721 3301 2775 in
3322 2728 3538 2777 utrum-

1898 2830 2008 2885 que
2033 2814 2253 2883 incidit,
2294 2820 2352 2869 et
2396 2831 2547 2868 nunc
2587 2814 2741 2884 huic,
2770 2830 2924 2868 nunc
2961 2814 3044 2867 illi
3086 2813 3303 2884 primas
3350 2804 3538 2885 partes

1898 2908 2178 2979 deferens,
2212 2925 2513 2963 commune
2539 2924 2598 2963 se
2638 2924 2883 2978 suosque
2918 2923 3207 2962 sermones
3250 2914 3537 2964 tantorum

1896 3003 2249 3074 piaculorum
2288 3003 2711 3073 receptaculum
2749 3001 3110 3074 constituisse
3136 3002 3376 3057 videtur.
3406 3004 3536 3057 Esto

1897 3070 2073 3168 igitur
2098 3102 2154 3151 et
2192 3097 2313 3167 ipse
2351 3070 2624 3168 praedicto
2667 3070 3015 3151 anathemati
3059 3096 3357 3163 obnoxius,
3388 3097 3541 3168 quod

1899 3191 2193 3245 universus
2231 3190 2615 3261 patriachalis,
2669 3190 3034 3245 sacordotalis
3085 3195 3143 3246 et
3191 3189 3540 3245 monachalis

1903 3285 2227 3356 reipublica
2256 3289 2462 3339 nostra
2503 3286 2587 3355 (ut
2610 3284 2688 3339 ita
2716 3284 2992 3357 dicamus)
3014 3283 3154 3339 ordo
3174 3285 3329 3356 juste
3368 3285 3421 3339 ei
3445 3284 3536 3339 in—

1903 3379 2084 3448 duxit,
2113 3397 2183 3433 ex
2213 3378 2760 3450 Theopolitauorum
2787 3379 3032 3433 Ecclesia
3052 3378 3261 3449 ejectus
3285 3382 3543 3450 propter-

1902 3490 1969 3528 ea
1995 3474 2148 3544 qnod
2179 3478 2234 3527 et
2259 3472 2417 3527 illius
2460 3473 2617 3526 urbis
2660 3472 2820 3526 sedes
2862 3489 2996 3527 eum
3039 3472 3332 3543 repulerit,
3381 3473 3543 3543 quasi

1902 3568 2002 3639 qui
2027 3585 2099 3622 ne
2120 3566 2282 3622 initio
2298 3567 2532 3638 quidem
2548 3567 2655 3621 rite
2668 3566 2855 3637 ipsam
2872 3567 3181 3638 occuparit,
3202 3567 3422 3621 vivente
3451 3568 3539 3620 ni-

1902 3661 2117 3716 mirum
2152 3661 2336 3716 adhuc
2374 3664 2432 3716 et
2468 3661 2529 3715 in
2564 3660 2930 3715 sacrosanctis
2960 3660 3208 3715 ecclesiis
3238 3659 3371 3714 hinc
3408 3660 3539 3716 inde

1901 3773 2083 3811 sacras
2110 3756 2403 3810 conciones
2428 3754 2671 3809 habente
2699 3771 2765 3809 eo
2795 3753 2893 3825 qui
2919 3758 3051 3809 ante
3076 3754 3263 3825 ipsum
3282 3754 3535 3809 sacerdos

1901 3851 1981 3906 tio
2008 3851 2236 3905 functus
2272 3854 2388 3919 est;
2414 3853 2471 3903 et
2499 3865 2652 3903 nunc
2681 3864 2715 3902 a
2739 3864 3055 3903 successore
3093 3864 3194 3903 suo
3231 3847 3540 3904 sacerdotio

1902 3946 2159 4001 exclusus
2184 3944 2292 4014 sit;
2326 3958 2514 4014 neque
2538 3942 2689 3998 intra
2715 3942 2879 3997 hosce
2909 3944 3134 3997 tantum
3161 3941 3438 3997 terminos
3455 3958 3543 3997 re-

1901 4039 2124 4109 stiterit,
2156 4038 2251 4093 scd
2268 4037 2390 4110 jam
2410 4036 2581 4093 etiam
2606 4037 2710 4092 sub
2733 4037 2998 4109 generale
3019 4037 3325 4092 anathema
3349 4036 3541 4092 ortho-

1902 4139 2066 4194 doxa
2095 4143 2152 4194 et
2181 4136 2469 4192 catholica
2510 4136 2771 4191 Ecclesia
2825 4136 3070 4207 rejectus
3114 4136 3206 4204 sit,
3246 4140 3304 4189 et
3346 4135 3539 4191 multis

1901 4233 2191 4289 maledicis
2214 4236 2269 4287 et
2293 4229 2593 4303 prohibitis
2619 4229 2776 4284 libris
2806 4228 3214 4299 rempublicam
3253 4228 3419 4283 nobis
3444 4244 3534 4284 re-

1899 4328 2139 4383 ferserit.
2164 4327 2319 4383 Unde
2335 4326 2397 4380 in
2424 4325 2750 4379 universum
2773 4314 3037 4378 omnibus
3055 4320 3450 4376 interdicimus
3465 4338 3537 4378 ne

1900 4423 2036 4495 quid
2080 4422 2361 4476 librorum
2407 4420 2529 4491 ejus
2578 4422 2930 4491 comparent.
2965 4418 3031 4471 Et
3055 4415 3538 4487 quemadmodum

1900 4516 2140 4571 Nestorii
2168 4516 2340 4569 libros
2369 4515 2683 4569 describere
2723 4518 2823 4568 aut
2866 4527 3197 4584 comparare
3234 4526 3353 4565 non
3386 4510 3533 4577 licet,

154 4623 287 4662 rum
314 4607 717 4663 rectitudinem
757 4608 984 4679 regredi
1010 4624 1128 4661 non
1167 4605 1366 4676 valuit,
1395 4619 1726 4676 quanquam
1765 4618 1799 4656 ἃ
1817 4621 1877 4693 D
1898 4614 2200 4684 propterea
2236 4608 2389 4680 quod
2410 4614 2541 4663 ante
2574 4626 2675 4662 nos
2703 4607 3138 4679 imperatoribus
3174 4606 3235 4660 iu
3265 4605 3381 4660 suis
3409 4620 3539 4660 con-

153 4702 319 4759 nobis
348 4719 574 4774 quoque
600 4703 900 4774 diligenter
928 4707 984 4757 et
1009 4718 1235 4756 summo
1263 4699 1449 4755 studio
1476 4699 1547 4753 ad
1568 4698 1691 4768 ejus
1717 4713 1798 4751 sa-

154 4798 338 4854 lutem
356 4799 850 4868 contendentibus,
870 4803 1309 4852 commonstrata
1319 4797 1430 4866 via,
1444 4794 1795 4850 admonitus.

154 4895 397 4965 Propter
419 4893 614 4947 omnia
638 4895 762 4948 hac
786 4893 982 4963 igitur,
1007 4910 1136 4964 qua
1163 4908 1295 4947 cum
1322 4892 1443 4963 ipso
1471 4896 1626 4962 gesta
1647 4891 1795 4956 sunt,

156 4994 212 5043 et
264 4986 640 5059 depositionis
683 5005 716 5041 a
763 4989 944 5059 gradu
976 4985 1349 5043 ecclesiastico
1384 4982 1722 5041 sententiam
1768 4999 1801 5035 a

157 5088 349 5137 sancta
373 5083 589 5154 synodo
618 5086 732 5138 tam
757 5100 860 5154 per
884 5099 1118 5138 causam
1143 5081 1353 5136 illicita
1374 5096 1566 5152 neque
1591 5094 1695 5150 per
1721 5093 1803 5130 sa-

157 5193 282 5231 cros
311 5194 556 5232 canones
596 5178 920 5250 approbata
950 5178 1009 5232 in
1036 5177 1406 5232 sacerdotales
1432 5174 1602 5245 hujus
1632 5170 1803 5242 regia

156 5272 319 5326 urbis
360 5272 520 5326 sedes
550 5271 896 5343 irreptionis,
926 5289 1100 5344 quam
1136 5290 1169 5326 a
1206 5270 1375 5326 rectis
1415 5274 1471 5323 et
1512 5266 1661 5322 veris
1704 5265 1803 5319 do-

158 5366 449 5438 gmatibus
496 5367 830 5421 diversionis
875 5368 1176 5438 prolatam,
1222 5373 1404 5421 ratam
1445 5366 1638 5417 nostra
1673 5359 1809 5413 facit

156 5462 446 5532 majestas,
478 5462 659 5534 deque
685 5463 752 5517 iis
782 5467 1125 5534 praesentem
1165 5462 1355 5531 legem
1394 5454 1713 5512 conscribit.
1742 5455 1809 5507 Et

157 5555 557 5610 interdicimus
610 5574 680 5613 ne
706 5558 766 5612 in
796 5558 949 5612 alma
985 5558 1091 5612 hac
1123 5556 1261 5610 urbe
1288 5556 1523 5626 ejusque
1551 5547 1810 5605 confiniis

158 5666 383 5705 moram
396 5651 604 5723 trahat,
618 5668 760 5707 neve
777 5654 839 5708 in
854 5654 973 5709 ulla
987 5651 1376 5724 insigniorum
1405 5648 1629 5701 urbium
1657 5641 1814 5713 quie-

159 5749 278 5801 tem
308 5748 443 5817 agat
475 5762 489 5800 :
521 5748 834 5803 sancientes
861 5754 924 5802 ut
950 5763 1082 5801 cum
1121 5746 1212 5800 his
1246 5741 1570 5814 acquiescat
1609 5736 1814 5809 quibus

159 5857 219 5895 se
246 5840 494 5913 dignum
519 5843 783 5914 praebuit,
815 5858 1003 5913 neque
1024 5856 1157 5895 cum
1175 5837 1310 5894 ullis
1339 5832 1815 5892 consuetudinem

160 5935 335 6007 ineat,
356 5943 456 5993 aut
480 5952 575 5992 eos
605 5938 663 5992 in
691 5936 1003 6009 perniciem
1029 5934 1455 6008 prohibitorum
1483 5931 1815 6002 dogmatum

1897 4703 2283 4761 stitutionibus
2336 4702 2638 4757 videantur
2691 4702 2994 4774 Porphyrii
3057 4701 3278 4773 scriptis
3343 4705 3540 4755 contra

1897 4799 2243 4856 Christianos
2273 4796 2436 4851 editis
2463 4796 2675 4850 similes
2716 4797 2981 4863 existere,
3008 4797 3087 4850 ita
3116 4812 3300 4867 neque
3345 4794 3539 4850 Severi

1899 4896 2046 4951 dicta
2073 4892 2346 4964 scriptave
2372 4890 2525 4962 apud
2555 4906 2901 4960 quemquam
2927 4890 3377 4945 Christianorum
3409 4905 3534 4943 ma-

1899 4995 2097 5055 nento,
2149 4986 2246 5041 sed
2286 4986 2522 5057 profana
2559 4988 2758 5051 sunto,
2811 4987 2871 5036 et
2910 5001 2942 5039 a
2978 4984 3251 5038 catholica
3295 4982 3539 5039 Ecclesia

1903 5085 2107 5151 aliena,
2134 5080 2370 5153 ignique
2397 5078 2806 5132 comburuntor
2825 5094 2859 5130 a
2882 5077 3311 5148 possessoribus,
3346 5074 3455 5130 nisi
3480 5075 3541 5128 il-

1903 5179 1971 5233 lis
1999 5174 2306 5231 retinendis
2330 5173 2390 5228 in
2419 5171 2736 5244 periculum
2762 5171 2964 5225 adduci
2991 5172 3181 5226 velint.
3211 5173 3490 5225 Praterea
3507 5186 3541 5223 a

1903 5271 2133 5327 nemine
2160 5269 2220 5323 in
2250 5272 2542 5340 posterum
2556 5265 3001 5331 conscribuntor,
3025 5265 3138 5319 sive
3158 5263 3424 5319 librarius
3443 5263 3542 5318 ali-

1906 5366 2053 5438 quis,
2087 5363 2199 5417 sive
2238 5361 2515 5429 notarius,
2548 5360 2661 5413 sive
2687 5359 2990 5429 quisquam
3018 5357 3164 5411 alius
3190 5358 3263 5412 sit
3301 5373 3315 5409 :
3359 5357 3543 5412 sciens

1908 5459 2059 5531 quod
2088 5458 2236 5512 illius
2257 5457 2405 5512 dicta
2429 5453 2911 5510 conscribentibus
2939 5450 3206 5505 abscissio
3243 5466 3447 5506 manus
3482 5452 3543 5505 in

1910 5569 2143 5626 panam
2163 5551 2525 5623 irrogabitur.
2550 5548 2821 5604 Nolumus
2840 5545 3050 5601 etenim
3066 5548 3127 5598 ut
3144 5544 3377 5597 illorum
3396 5544 3545 5599 blas«

1910 5647 2140 5720 phemia
2169 5646 2239 5701 ad
2286 5646 2395 5700 alia
2422 5649 2689 5716 prorepat
2719 5641 2944 5696 sacula.
2975 5636 3352 5696 Consimiliter
3377 5640 3435 5691 et
3464 5637 3544 5691 illi

1912 5742 2082 5812 hujus
2112 5740 2284 5812 regia
2308 5739 2486 5808 urbis,
2539 5742 2769 5809 ejusque
2799 5734 3193 5803 conﬁniorum,
3221 5735 3278 5786 et
3302 5730 3543 5801 alicujus

1914 5835 2242 5907 insignioris
2271 5832 2512 5889 civitatis
2538 5832 2798 5904 ingressu
2826 5828 3239 5899 interdicimus;
3274 5825 3373 5882 sed
3401 5830 3465 5881 ut
3488 5824 3550 5879 in

1915 5930 2033 5984 solo
2053 5929 2244 6003 aliquo
2272 5929 2398 5984 loco
2421 5932 2479 5985 et
2505 5926 2726 5983 silentio
2751 5925 3021 5997 desideat,
3053 5939 3240 5999 neque
3260 5921 3403 5979 alios
3427 5934 3549 5977 cor-
