4034 6228
486 336 590 445 97$

1625 380 1881 440 SECULI
1918 382 2110 440 SEXTI
2148 378 2707 439 SUPPLEMENTUM.

3764 382 3861 437 976

481 496 728 566 rumpat,
760 508 946 567 neque
961 493 1033 550 ad
1053 494 1414 565 proferendus
1438 492 1814 563 blasphemias
1828 508 1923 547 eos
1951 492 2117 547 indu-
2142 505 2202 577 Α
2221 494 2277 546 et
2305 491 2443 547 illud
2470 492 2761 560 habemus,
2792 490 3298 562 imperialibusque
3328 489 3387 546 id
3419 490 3648 564 legibus
3679 506 3863 545 corro-

483 592 591 656 cat,
622 603 806 659 neque
836 591 1034 643 contra
1065 604 1197 642 vera
1239 588 1503 658 dogmata
1540 586 1671 640 novi
1713 586 1924 658 aliquid
1954 586 2111 640 inve-

483 682 622 750 niat,
657 699 757 752 per
788 682 935 753 quod
973 682 1158 735 denuo
1205 681 1365 734 nobis
1405 684 1783 735 sacrosanctas
1815 680 2117 751 pertubare

484 775 705 829 studeat
732 774 1015 829 Ecclesias.

555 868 664 923 Sed
710 885 892 937 neque
934 870 1182 932 Petrum,
1229 867 1326 938 qui
1363 872 1626 939 Apamea:
1654 869 1949 940 episcopus
1988 867 2115 933 fuit,

482 966 762 1015 remotum
791 977 823 1013 a
852 960 1031 1029 gradu
1073 960 1471 1027 ecclesiastico,
1507 967 1562 1015 et
1587 960 1788 1015 iisdem
1821 962 1888 1015 de
1918 960 2115 1027 causis,

481 1054 851 1125 quamobrem
903 1053 1161 1119 Severus,
1208 1055 1567 1109 anathemate
1611 1055 1693 1123 (ut
1733 1056 1950 1125 vocant)
1997 1071 2121 1126 per-

484 1163 731 1214 cussum,
796 1147 1058 1216 majestas
1125 1148 1490 1217 imperatoria
1549 1149 1815 1202 admittit.
1847 1149 1954 1203 Sed
2002 1155 2121 1203 rata

483 1244 650 1294 sunto
695 1240 864 1293 etiam
905 1255 1033 1311 qua:
1083 1240 1350 1295 adversus
1390 1240 1577 1311 ipsum
1620 1242 1840 1295 decreta
1876 1247 2039 1295 sunt:
2066 1247 2122 1296 et

482 1333 962 1404 quemadmodum
996 1333 1098 1386 sub
1132 1334 1393 1403 generale
1415 1334 1719 1387 anathema
1740 1335 1994 1388 redactus
2015 1338 2117 1400 est,

478 1427 557 1481 ita
583 1433 639 1480 et
684 1427 940 1481 redactus
983 1430 1121 1493 esto,
1165 1428 1443 1481 sententia
1488 1444 1615 1497 qua:
1653 1427 1720 1481 de
1770 1428 1856 1481 his
1905 1428 2037 1497 ipsis
2088 1446 2119 1481 a

478 1520 843 1575 sanctissimis
877 1520 1116 1573 summis
1148 1520 1509 1590 pontilicibus
1539 1520 1809 1591 processit
1838 1524 1960 1574 rata
1989 1538 2116 1591 per-

480 1619 762 1669 manente.
795 1616 873 1667 Ac
902 1630 1086 1684 neque
1118 1614 1199 1667 illi
1226 1614 1609 1685 permittimus
1642 1618 1703 1667 ut
1728 1614 1876 1668 hanc
1904 1614 2121 1685 regiam

478 1708 706 1772 urbem,
738 1707 924 1777 ejusve
951 1706 1222 1772 confinia,
1262 1710 1361 1760 aut
1389 1707 1839 1778 prmstantiorem
1872 1708 2120 1779 aliquam

478 1802 759 1856 civitatem
792 1801 1016 1868 incolat,
1046 1801 1141 1853 sed
1168 1817 1414 1871 quorum
1454 1806 1678 1855 secutus
1716 1807 1801 1855 est
1845 1818 2117 1872 errorem,

2220 588 2506 656 boramus,
2531 586 2764 657 perinde
2784 585 2941 657 quasi
2962 586 3031 640 ab
3054 585 3173 657 ipsa
3188 585 3479 656 majestate.
3502 584 3865 656 imperatoria

2220 682 2537 753 prodiisset.
2566 680 2725 745 Quod
2756 680 2800 733 si
2825 680 2951 751 quis
2978 696 3176 734 eorum
3206 679 3474 733 adversus
3505 679 3631 732 haec
3661 683 3866 732 statuta

2219 775 2682 846 deprehendatur
2708 773 3088 843 delinqueret,
3103 773 3240 826 sciat
3256 773 3407 843 quod
3431 773 3489 825 in
3507 772 3704 826 civiles
3720 771 3868 842 leges

2220 869 2449 936 incidet,
2475 885 2603 938 quae
2644 868 2701 920 in
2741 867 3015 937 majorem
3048 866 3498 938 indignationem
3531 869 3591 920 et
3616 865 3869 919 animad-

2220 962 2539 1017 versionem
2567 961 2875 1031 conjieiunt
2906 978 2999 1015 eos
3037 961 3135 1031 qui
3182 976 3377 1031 poenas
3417 960 3662 1014 leviores
3698 958 3865 1012 decli-

2219 1059 2383 1132 nant.
2411 1057 2596 1110 Penno
2633 1054 2895 1108 omnibus
2936 1054 3034 1125 qui
3080 1054 3166 1108 vel
3199 1053 3514 1108 secundum
3552 1052 3866 1107 doctrinam

2221 1147 2762 1215 dementisNestorii,
2783 1148 2869 1202 vel
2890 1148 3202 1202 secundum
3220 1148 3482 1202 stolidam
3499 1146 3866 1201 traditionem

2222 1242 2566 1313 Eutychetis,
2597 1242 2680 1296 vel
2708 1242 3019 1295 secundum
3049 1242 3255 1311 Severi,
3282 1242 3381 1313 qui
3416 1240 3572 1295 idem
3601 1256 3736 1294 cum
3766 1240 3869 1293 illis

2221 1337 2409 1403 sentit,
2430 1340 2529 1390 aut
2553 1335 2672 1389 illos
2693 1334 3053 1406 sequentium
3077 1334 3512 1407 blasphemiam,
3533 1334 3864 1388 catholicam

2221 1430 2318 1484 Dei
2373 1430 2674 1484 Ecclesiam
2710 1434 2988 1482 conantur
3032 1429 3325 1495 divellere,
3374 1427 3756 1500 prohibemus
3800 1443 3867 1481 ne

2221 1523 2501 1578 tumultus
2522 1521 2780 1577 Ecclesiis
2800 1522 3131 1592 immittant,
3150 1528 3248 1577 aut
3273 1522 3341 1577 de.
3367 1522 3479 1576 ﬁde
3507 1520 3728 1592 aliquid
3756 1521 3863 1574 dis-

2222 1619 2429 1671 serant.
2458 1617 2565 1672 Sed
2596 1616 2881 1670 saneimus
2924 1622 2986 1671 ut
3026 1616 3415 1688 unusquisque
3463 1631 3671 1670 eorum
3700 1614 3864 1668 silen-

2220 1710 2364 1764 tium
2394 1715 2546 1781 agat,
2581 1715 2635 1764 et
2661 1726 2845 1781 neque
2875 1709 3018 1764 ullos
3039 1711 3098 1763 in
3116 1726 3300 1764 unum
3326 1712 3661 1776 convocent,
3684 1724 3867 1779 neque

2221 1804 2491 1858 adeuntes
2520 1802 2815 1874 recipiant,
2838 1819 3025 1875 neque
3052 1803 3371 1875 improbato
3394 1818 3555 1856 more
3583 1802 3866 1872 baptizare

479 1895 677 1950 horam
706 1894 960 1948 imitetur
974 1894 1215 1948 etiamin
1232 1894 1489 1965 degenda
1505 1894 1616 1948 vita
1630 1895 1929 1963 rationem,
1946 1911 2120 1966 quam
2141 1882 2198 1954 B
2222 1901 2318 1951 aut
2343 1913 2561 1951 sacram
2573 1896 3037 1951 communionem
3050 1896 3349 1963 defuadare,
3366 1899 3423 1950 et
3435 1894 3728 1966 aliquibus
3743 1910 3865 1948 eam

475 1988 809 2061 longissime
822 1987 893 2041 ab
909 1987 1207 2041 hominum
1224 1988 1628 2042 consuetudine
1655 1994 1924 2055 remotus,
1947 2004 2117 2060 seque

479 2082 669 2153 ipsum
696 2080 926 2136 latebris
956 2080 1258 2135 occultans.
1290 2080 1586 2152 Siquidem
1615 2082 1795 2137 multo
1825 2082 2114 2153 praestabi-

476 2176 587 2231 lius
616 2181 699 2230 est
726 2175 835 2231 hoc
862 2191 1041 2247 genus
1086 2174 1386 2229 hominum
1430 2175 1668 2244 latitare,
1699 2192 1872 2247 quam
1917 2176 1976 2230 in
2006 2193 2114 2246 pu-

476 2269 620 2324 blica
647 2270 773 2324 luce
817 2273 946 2323 ante
993 2268 1250 2323 omnium
1278 2269 1472 2322 oculos
1501 2270 1736 2323 versari.
1787 2268 1925 2323 Nam
1952 2268 1997 2322 si
2030 2270 2114 2323 la-

477 2363 665 2430 titent,
696 2362 803 2417 sibi
836 2362 973 2433 ipsis
1014 2362 1410 2416 tantummodo
1449 2367 1619 2417 erunt
1656 2362 2035 2431 incommodi;
2071 2362 2111 2416 si

475 2473 610 2511 vero
632 2456 899 2525 dogmata
928 2473 1027 2509 sua
1047 2456 1356 2526 publicent,
1378 2459 1435 2509 et
1450 2456 1621 2526 vulgo
1641 2456 1946 2526 proferant,
1965 2457 2112 2509 mul-

475 2550 547 2606 tis
574 2549 1013 2619 simplicioribus
1041 2550 1388 2602 occasionem
1418 2549 1676 2619 praebent
1698 2549 1766 2602 ad
1796 2549 2111 2603 interitum.

476 2643 634 2708 Quod
659 2643 891 2715 quidem
920 2647 979 2696 ut
1005 2642 1196 2713 aliquo
1219 2642 1388 2696 modo
1414 2643 1472 2696 in
1500 2642 1821 2697 Climtiano
1855 2642 1947 2696 Dei
1980 2642 2113 2696 ovili

475 2741 532 2793 et
558 2737 649 2809 pio
677 2741 940 2807 recteque
974 2736 1247 2790 sentiente
1293 2736 1504 2807 populo
1535 2736 1776 2805 eveniat,
1806 2752 1992 2806 neque
2014 2736 2111 2806 ju-

474 2836 623 2886 stum
657 2836 758 2897 est,
791 2847 975 2901 neque
999 2846 1031 2882 a
1056 2830 1349 2899 majestate
1388 2830 1753 2901 imperatoria
1798 2830 2112 2884 conceden-

474 2925 633 2981 dum.
663 2925 801 2989 Quia
829 2941 959 2978 vero
987 2930 1043 2978 et
1081 2925 1315 2977 Zoroam
1358 2924 1622 2995 religioso
1666 2923 1839 2977 simul
1875 2928 1931 2978 et
1961 2924 2113 2995 juste

466 3019 791 3090 judicantcs
809 3017 1054 3089 episcopi
1075 3018 1315 3110 ilignum
1331 3023 1680 3088 putaverunt
1695 3035 1867 3089 quem
1882 3018 2113 3071 omnino

474 3114 578 3168 sub
604 3113 908 3167 anathema
934 3111 1278 3179 redigerent,
1306 3115 1366 3165 ut
1391 3112 1487 3182 qui
1534 3113 1706 3166 veluti
1736 3112 1905 3167 breve
1933 3112 2111 3183 quod-

472 3208 601 3263 dam
624 3207 1074 3260 additamentum
1097 3210 1242 3259 esset
1268 3205 1547 3275 ejusmodi
1569 3207 1866 3271 malorum,
1889 3207 1958 3260 ad
1985 3223 2111 3277 qua:

474 3299 795 3373 peragenda
817 3298 1271 3369 promptissimus
1292 3298 1419 3360 fuit,
1437 3302 1494 3352 et
1513 3316 1775 3370 magnam
1792 3300 2113 3354 facultatem

471 3393 693 3460 habuit,
724 3409 796 3446 ne
821 3392 1053 3446 omnino
1089 3392 1422 3445 memoriam
1466 3393 1543 3445 illi
1593 3394 1933 3459 adimamus,
1963 3394 2113 3464 quod

472 3487 664 3559 aliqua
690 3486 748 3540 in
782 3502 838 3539 rc
862 3485 1123 3539 facultate
1155 3485 1424 3555 przeditus
1449 3486 1647 3541 fuerit:
1667 3491 1787 3539 esto
1814 3502 1944 3540 sane
1970 3488 2108 3541 Zoo-

467 3598 561 3637 ras
588 3581 758 3635 etiam
802 3579 1074 3651 particula
1115 3579 1286 3649 hujus
1335 3580 1422 3648 (ile
1471 3581 1765 3647 Anthimo,
1814 3581 2015 3635 Severo
2055 3583 2112 3633 et

469 3677 635 3733 Petro
665 3673 971 3745 loquimur)
1004 3673 1120 3725 leve
1149 3673 1438 3744 quoddam
1459 3675 1929 3742 additimentum,
1954 3680 2010 3728 et
2031 3674 2112 3727 in-

469 3774 559 3825 ter
588 3786 687 3825 eos
727 3768 825 3840 qui
871 3768 1233 3821 anathemate
1278 3767 1454 3822 notati
1496 3773 1648 3833 sunt,
1682 3774 1737 3822 et
1780 3767 2110 3836 sacerdotali

471 3871 667 3920 contra
689 3864 875 3932 ipsum
910 3860 1127 3930 prolata
1157 3863 1438 3915 sententia
1464 3861 1582 3932 ipse
1611 3878 1838 3933 quoque
1868 3862 2107 3916 colloca-

471 3963 583 4023 tor,
617 3972 786 4027 quam
826 3953 1048 4009 tametsi
1080 3970 1183 4024 per
1219 3970 1277 4008 se
1323 3954 1457 4008 satis
1485 3954 1785 4020 valentem,
1816 3954 1994 4008 multo
2021 3960 2109 4009 ta-

471 4065 605 4105 men
638 4049 822 4103 adhuc
843 4048 1207 4103 valentiorem
1236 4048 1420 4102 reddit
1446 4049 1704 4118 majestas
1728 4049 2106 4118 imperatoria,

471 4160 602 4215 qum.
635 4143 794 4213 regia
835 4141 937 4195 hac
977 4141 1116 4195 urbe
1160 4142 1346 4211 ipsum
1379 4143 1629 4212 eXpellit,
1673 4142 1904 4213 ejusque
1932 4142 2107 4195 conﬁ-

471 4239 580 4292 niis
611 4243 667 4291 et
691 4236 922 4289 urbium
951 4234 1199 4289 incolatu
1228 4235 1584 4289 omnifariam
1612 4235 1662 4289 ei
1695 4235 1982 4289 interdicit
2013 4241 2112 4290 :ut

473 4348 604 4388 cum
637 4330 769 4386 solis
800 4329 908 4383 illis
936 4346 1076 4400 quos
1115 4332 1248 4382 ante
1285 4328 1690 4397 recensuimus,
1732 4330 1800 4383 ad
1844 4331 2108 4384 eumdem

470 4427 703 4483 modum
727 4423 1274 4494 blasphemantibus,
1306 4423 1374 4477 ad
1406 4424 1669 4477 eumdem
1719 4440 1946 4494 quoque
1980 4441 2107 4478 mu-

469 4523 607 4576 dum
648 4518 928 4589 relegatis,
982 4516 1198 4571 habitet
1243 4522 1541 4588 captetque
1572 4518 1821 4572 consilia.
1869 4517 1927 4572 Si
1972 4518 2106 4589 quid

2134 3255 2190 3330 C

2218 1990 2576 2059 distribuere,
2608 1994 2705 2044 aut
2731 1991 2925 2045 vetitas
2956 1989 3239 2045 doctrinas
3279 1989 3585 2060 explanare
3616 1988 3870 2043 audeant

2218 2084 2303 2138 vel
2329 2083 2389 2137 in
2418 2082 2574 2155 regia
2612 2100 2675 2137 ac
2718 2086 2909 2138 nostra
2953 2083 3114 2152 urbe,
3143 2083 3230 2138 vel
3272 2082 3402 2151 alia,
3435 2082 3535 2137 sed
3565 2081 3715 2136 nihil
3752 2096 3867 2135 non

2216 2176 2457 2250 periculi
2506 2182 2892 2245 revereantur,
2948 2176 2994 2230 si
3037 2176 3175 2248 quid
3223 2176 3332 2230 tale
3385 2174 3864 2247 perpetraverint.

2215 2271 2490 2327 Omnibus
2517 2270 2750 2342 insuper
2778 2270 3153 2341 prohibemus
3179 2287 3250 2325 ne
3273 2269 3401 2341 quis
3424 2270 3581 2323 hunc
3608 2269 3863 2340 recipiat.

2215 2364 2361 2429 Quin
2390 2364 2576 2435 potius
2606 2364 2889 2419 sancimus
2926 2369 2991 2419 ut
3029 2381 3100 2419 ex
3134 2364 3373 2418 urbibus
3400 2363 3603 2434 etiam,
3631 2378 3764 2434 qua:
3800 2361 3869 2415 ab

2215 2458 2353 2528 ipsis
2373 2458 2739 2525 seducuntur,
2771 2458 3001 2529 ejiciant
3030 2475 3042 2511 :
3074 2457 3311 2512 scientes
3341 2474 3543 2528 poenas
3570 2456 3747 2511 sacris
3774 2470 3868 2509 no-

2216 2552 2344 2605 stris
2381 2552 2504 2622 jam
2542 2552 2979 2624 comprehensas
3007 2550 3521 2619 constitutionibus,
3557 2567 3690 2621 quae
3726 2550 3868 2621 ipsas

2216 2645 2388 2699 etiam
2439 2644 2643 2699 domus
2668 2644 2727 2699 in
2759 2645 2965 2717 quibus
2992 2645 3096 2699 tale
3122 2644 3257 2715 quid
3284 2644 3603 2716 peragitur,
3632 2647 3690 2698 et
3717 2659 3863 2714 pra:-

2215 2737 2305 2792 dia
2332 2755 2400 2793 ex
2443 2738 2646 2809 quibus
2690 2738 2963 2793 alimenta
3001 2738 3458 2809 suppeditantur,
3493 2736 3864 2792 sacrosanctis

2213 2832 2485 2887 addicunt
2510 2832 2790 2899 Ecclesiis,
2814 2832 2928 2887 suis
2948 2832 3249 2887 adimenda
3270 2831 3713 2903 possessoribus,
3735 2830 3864 2902 quia

2213 2926 2652 2997 simplicioribus
2691 2943 2917 2981 causam
2960 2927 3094 2980 mali
3131 2926 3412 2997 praebent;
3454 2924 3682 2996 Optimo
3734 2940 3864 2978 vero

2206 3018 2338 3089 jure
2358 3020 2463 3074 sub
2482 3019 2796 3075 dominium
2823 3023 3304 3075 sacrosanctarum
3338 3034 3435 3072 eas
3488 3018 3866 3072 Ecclesiarum

2212 3113 2568 3168 deducentes.
2612 3115 2738 3168 llwc
2768 3131 2869 3168 nos
2919 3131 3023 3185 pro
3052 3111 3344 3167 communi
3372 3118 3867 3166 sacrosanctarum

2214 3206 2585 3261 Eeelesiarum
2618 3224 2755 3279 pace
2779 3207 3085 3274 sancimus,
3114 3208 3233 3261 haec
3265 3205 3633 3261 decernimus
3654 3211 3869 3260 sancto-

2214 3313 2342 3351 rum
2370 3300 2597 3351 Patrum
2621 3297 2845 3351 decreta
2872 3296 3069 3366 secuti,
3099 3303 3165 3352 ut
3192 3313 3389 3351 omnes
3428 3296 3501 3350 de
3536 3301 3748 3349 caetero
3773 3311 3862 3348 sa-

2213 3391 2467 3445 cerdotes
2505 3390 2610 3444 sub
2656 3390 3065 3461 tranqurllitate
3112 3395 3169 3444 et
3209 3389 3399 3461 quiete
3434 3393 3863 3459 permaneant:

2212 3484 2417 3555 quibus
2455 3483 2589 3554 ipsis
2631 3483 2689 3537 in
2714 3500 2851 3554 pace
2889 3484 3248 3549 conservatis,
3280 3482 3498 3553 reliqua
3531 3484 3711 3536 etiam
3753 3481 3859 3536 rei-

2211 3578 2453 3649 publiem
2480 3577 2662 3649 portio
2700 3578 2863 3631 nobis
2890 3578 3214 3648 pergliscet,
3246 3593 3382 3647 pace
3411 3577 3667 3647 desuper
3705 3576 3861 3647 vige-

2212 3678 2422 3738 sccnte,
2450 3688 2621 3743 quam
2649 3672 2914 3726 omnibus
2938 3688 3181 3743 magnus
3209 3671 3299 3724 ille
3326 3671 3477 3724 Deus
3506 3675 3565 3723 et
3604 3672 3866 3725 Servator

2211 3773 2403 3821 noster
2425 3768 2584 3821 Iesus
2613 3766 2889 3834 Christus,
2906 3782 3053 3819 unus
3075 3765 3143 3819 de
3168 3764 3464 3830 Trinitate,
3489 3764 3862 3835 unigenitum

2211 3860 2308 3915 Dei
2338 3860 2594 3928 verbum,
2626 3865 2742 3913 tam
2773 3859 3044 3930 praedicat
3070 3874 3241 3930 quam
3274 3857 3607 3928 suppeditat
3638 3857 3727 3911 his
3768 3857 3859 3927 qui

2210 3969 2340 4008 vere
2356 3959 2413 4009 et
2431 3970 2500 4008 ex
2515 3953 2710 4008 animo
2738 3953 3053 4025 glorificare
3079 3952 3267 4023 ipsum
3289 3956 3347 4005 et
3363 3950 3605 4004 adorare
3625 3950 3861 4021 dignan-

2210 4054 2322 4102 tur.
2344 4048 2479 4111 Quze
2509 4046 2684 4119 igitur
2710 4050 2862 4102 recte
2896 4046 3056 4101 nobis
3081 4046 3445 4117 placuerunt,
3474 4060 3543 4098 ea
3567 4043 3859 4099 beatitudo

2209 4147 2308 4197 tua
2351 4147 2696 4207 conservato,
2741 4146 2796 4196 et
2843 4141 2915 4195 ad
2961 4141 3225 4195 ctfectum
3275 4138 3567 4207 deducito,
3614 4155 3717 4209 per
3762 4138 3858 4191 Dei

2209 4241 2465 4292 amantes
2492 4254 2620 4291 suas
2648 4236 2863 4290 litteras
2892 4252 2960 4289 ea
2990 4234 3256 4288 omnibus
3298 4232 3404 4287 sub
3431 4249 3491 4287 se
3538 4232 3859 4286 constitutis

2210 4330 2643 4402 religiosissimis
2679 4328 3130 4400 metropolitanis
3171 4327 3583 4382 transmittens.
3606 4327 3858 4390 Quorum

2214 4426 2518 4496 unicuique
2555 4441 2706 4479 cura!
2737 4424 2846 4478 erit
2884 4422 3250 4477 sacrosanctis
3288 4421 3392 4475 sub
3435 4437 3495 4475 se
3534 4419 3856 4475 constitutis

2211 4519 2465 4575 Ecclesiis
2492 4520 2612 4573 haec
2633 4518 2931 4572 manifesta
2957 4518 3160 4584 facere,
3180 4521 3244 4569 ut
3266 4515 3563 4569 neminem
3598 4513 3856 4568 omnium

467 4621 742 4687 pra-terea
772 4611 929 4667 aliud
949 4628 1176 4682 quoque.
1202 4610 1685 4665 sanctissim'orum
1709 4612 2106 4683 episc0porum
2129 4628 2187 4699 D
2211 4615 2422 4669 lateant
2451 4630 2579 4685 qum
2622 4629 2910 4667 summum
2942 4610 3314 4665 sacerdotium
3354 4608 3701 4671 decreverit,
3728 4622 3852 4679 qua

470 4708 768 4773 sententia,
797 4723 924 4777 quas
954 4706 1254 4776 praedictos
1280 4722 1313 4759 a
1341 4706 1520 4776 gradu
1552 4705 1800 4759 detrahit
1843 4705 2106 4760 ecclesia-

468 4802 632 4868 stico,
669 4805 727 4855 et
767 4799 1129 4853 anathemate
1172 4799 1445 4869 percellit,
1479 4797 1821 4869 continetur,
1856 4815 1959 4869 pro
1988 4801 2109 4852 rato

561 4968 1041 5027 CONSTITUTIO"
1109 4969 1755 5095 sgppétmgesrmaui
1825 4968 2011 5025 IMPE-

542 5160 745 5219 Contra
772 5155 1115 5214 Anthimum,
1157 5153 1431 5214 Severum,
1470 5154 1684 5207 Petrum
1713 5155 1762 5207 et
1791 5154 2032 5208 Zooram.

537 5275 601 5331 In
634 5272 866 5328 nomine
908 5267 1129 5324 Domini
1162 5268 1291 5321 Jesu
1322 5266 1525 5321 Christi
1569 5269 1665 5322 Dei
1695 5268 1888 5337 nostri,
1924 5269 2105 5341 impe-

463 5375 623 5424 rator
651 5367 835 5420 Caesar
861 5363 1079 5418 Flavius
1106 5361 1477 5427 Justinianus,
1508 5362 1883 5429 Alemanieus,
1904 5362 2102 5417 Gothi-

466 5478 584 5527 cus,
651 5458 968 5523 Franeieus,
1034 5455 1419 5523 Germanicus,
1487 5455 1740 5519 Anticus,
1819 5455 2102 5523 Alanicus,

464 5552 838 5619 Wandalicus,
886 5550 1125 5616 Africus,
1179 5549 1328 5614 Pius,
1376 5549 1534 5610 felix,
1578 5548 1875 5619 gloriosus,
1906 5549 2102 5613 victor,

461 5645 863 5716 triumphator,
910 5657 1135 5712 semper
1162 5644 1465 5711 Augustus,
1500 5643 1713 5695 Menum
1742 5641 2099 5711 patriarchae.

534 5853 561 5882 ⁸
588 5851 685 5905 Hic
709 5851 983 5920 subjicere
1013 5848 1313 5931 visu.m_est
1340 5849 1595 5931 ejusdem
1615 5850 1852 5931 novella:
1883 5854 2101 5905 textum

468 5917 722 5979 Grecam
771 5917 904 5983 cum
940 5918 1323 5975 vetustissima
1366 5917 1830 6001 interpretatione
1868 5937 2042 6001 quam
2068 5937 2101 5980 ο

2207 4712 2349 4766 item
2376 4708 2641 4778 majestas
2680 4706 3045 4778 imperatoria
3081 4702 3551 4764 corroboraverit.
3588 4703 3715 4756 Dat.
3744 4715 3851 4755 xvu

2208 4805 2327 4859 Kal.
2354 4806 2498 4874 Aug.
2530 4800 2961 4871 Constantinop.
2992 4798 3142 4853 Bilis.
3175 4814 3228 4853 v.
3258 4814 3308 4851 c.
3341 4813 3497 4851 cons.
3528 4790 3535 4795 ’

2398 4984 2455 5031 Ἦ
2482 4979 2780 5031 ΔΙΑΤΑΞΙΣ
2811 4977 3304 5028 ἸΟΥΣΤῙΝΙΑΝΟΥ
3339 4975 3668 5024 ΒΑΣΙΛΕΩΣ

2317 5108 2465 5159 Κατὰ
2512 5105 2773 5178 ’Δνθίμου,
2827 5106 3071 5177 Σευήρου,
3131 5102 3355 5174 Πέτρου,
3406 5102 3494 5149 καὶ
3542 5102 3743 5173 Ζωὸρα.

2292 5266 2373 5313 Ἐν
2413 5259 2624 5332 ὀνόματι
2662 5264 2754 5311 τοῦ
2797 5253 3051 5309 δεσπότου
3091 5258 3258 5312 Ἰησοῦ
3296 5258 3532 5327 Χριστοῦ
3586 5257 3679 5304 τοῦ
3723 5254 3846 5302 Θεοῦ

2207 5357 2368 5426 ἡμῶν,
2403 5352 2733 5425 αὐτοκράτωρ
2765 5354 2990 5421 Καῖσαρ,
3024 5344 3234 5405 Φλάϐιος
3285 5349 3674 5409 ἰονστινιανὸς,
3711 5344 3841 5397 Ἀλα-

2204 5450 2445 5521 μανικὸς,
2507 5445 2760 5507 Γοτοικὸς,
2821 5444 3135 5515 Φραγγικὸς,
3193 5442 3538 5512 Γερμανικὸς,
3606 5442 3836 5497 Ἀντικὸς,

2209 5539 2503 5605 Ἀλανικὴς,
2564 5531 2941 5598 Οὐανδαλικὸς,
3011 5535 3253 5606 Ἀφρικὸς,
3312 5529 3542 5595 εὐσεϐὴς,
3608 5515 3834 5600 εῧτνχὴς.

2202 5629 2419 5695 ἔνδοξος.
2477 5636 2701 5694 νικητὴς,
2743 5632 3109 5701 τροπαιοῦχος,
3157 5621 3495 5685 ἀεισέϐαστος
3539 5627 3830 5696 Αὔγουστος.

2202 5732 2386 5797 Mmqu
2411 5727 2748 5799 πατριάρχῃ.

2200 5840 2437 5913 regione
2461 5835 2761 5913 descripsit
2784 5832 3210 5913 μηδὲ-(ζωροῦ.
3237 5836 3381 5913 tom.
3413 5833 3508 5913 lX_,_
3531 5832 3637 5888 ubi
3665 5831 3829 5888 sincen

2200 5904 2300 5971 rus
2328 5904 2890 5986 praefigitur—titulus,
2915 5904 3049 5961 alibi
3076 5904 3435 5978 depravatus.
3466 5905 3624 5962 Em'r.
