4034 6228
230 384 333 443 977

311 501 539 573 Πρᾶγμα
572 494 663 551 οὐκ
689 496 834 558 ἄηθες
862 494 1103 571 βασιλείᾳ
1129 502 1215 549 καὶ
1244 500 1381 571 ἡμεῖς
1413 503 1746 574 πράττοντες,
1782 497 1866 552 ἰπὶ
1888 506 1945 578 Α

229 595 318 645 τὸν
351 594 590 665 παρόντα
622 588 926 663 ἐληλύθαμεν
950 595 1122 663 νόμον.
1152 595 1356 653 Ὁσάκις
1375 594 1477 667 γάρ
1507 595 1536 651 η
1565 601 1664 645 τῶν
1697 594 1864 668 ἱερέων

228 682 391 755 φηγός
433 702 575 743 τινας
617 691 717 736 τῶν
756 683 846 735 οὑκ
887 681 1039 747 ἀξίων
1088 693 1176 745 τῆς
1218 688 1489 759 ἱερωσύνης
1529 693 1630 739 τῶν
1677 686 1869 761 ἱερατι-

230 786 330 829 κῶν
381 774 683 829 κατεϐίϐασε
726 778 946 851 θρόνων,
996 779 1168 831 ὁποῖον
1215 775 1278 837 δὴ
1329 784 1607 853 Νεστόριόν
1652 798 1726 845 τε,
1780 785 1867 832 καί

230 870 469 941 Εὐτυχῆ.
503 875 690 944 Ἄρειόν
729 889 804 933 τε,
848 875 935 923 καί
972 867 1309 937 Μακεδόνων,
1343 877 1431 924 καί
1477 872 1745 945 Εὐνόμιον,
1780 877 1866 926 καί

228 962 416 1023 ἄλλους
447 958 510 1022 δή
540 981 681 1023 τινας
718 963 785 1024 εἰς
819 968 1000 1017 κακίαν
1040 964 1129 1016 ουκ
1153 964 1390 1025 ἐλάττους
1427 964 1647 1028 ἐκείνων.
1676 985 1869 1019 τοσαυ-

230 1058 376 1116 τάκις
411 1058 440 1114 ἡ
479 1054 721 1128 βασιλεία
772 1053 1037 1128 σύμψηφος
1079 1060 1255 1130 γέγονε
1296 1065 1359 1130 τῇ
1406 1065 1506 1110 τῶν
1556 1060 1722 1133 ἱερέων
1779 1058 1868 1110 αὺ-

229 1149 425 1218 θεντίᾳ,
473 1149 606 1200 ὥστε
651 1149 718 1200 τά
764 1149 991 1224 θειότερά
1037 1167 1111 1209 τε,
1155 1154 1241 1202 καί
1287 1147 1583 1224 ἀνθρώπινα
1628 1147 1866 1225 συνδρα-

227 1244 398 1313 μόντα
433 1245 556 1312 μίαν
599 1244 894 1313 συμφωνίαν
930 1251 1043 1302 ταῖς
1083 1242 1251 1316 όρθαῖς
1286 1244 1602 1301 ποιήσασθαι
1644 1240 1821 1315 ψήφοις
1848 1263 1859 1275 ο

230 1339 436 1391 ὀποῖον
479 1330 541 1392 δή
585 1353 637 1386 τι
680 1338 766 1387 καὶ
805 1335 1026 1406 ἔναγχος
1062 1340 1327 1408 γενόμενον
1366 1340 1484 1410 περί
1516 1341 1747 1409 Ἀντιμον
1787 1339 1870 1388 E1-

228 1444 344 1498 μεν,
397 1423 716 1481 ἀπελαθέντα
756 1430 847 1499 μὲν
883 1434 974 1480 τοῦ
1011 1436 1099 1488 τῆς
1140 1424 1406 1501 βασιλίδος
1451 1433 1639 1488 ταύτης
1680 1428 1867 1488 πόλεως

229 1519 415 1592 θρόνου
443 1522 587 1593 παρά
618 1526 906 1592 Ἀγαπητοῦ
934 1527 1026 1574 τοῦ
1055 1529 1142 1581 τῆς
1172 1523 1316 1581 ὁσίας
1342 1526 1429 1573 καί
1456 1518 1691 1594 ἀοιδίμου
1727 1527 1867 1593 μνη-

229 1630 326 1683 μης
354 1608 608 1686 προέδρου
650 1617 914 1685 γεγονότος
944 1622 1031 1673 τῆς
1059 1616 1193 1667 κατὰ
1220 1620 1311 1673 τὴν
1357 1612 1706 1689 πρεσϐυτέραν
1737 1618 1867 1668 Ῥώ-

228 1724 331 1776 μην
375 1701 664 1777 ἁγιωτάτης
695 1706 1009 1773 Ἐκκλησίας,
1054 1710 1137 1760 οἶα
1179 1727 1235 1761 τε
1272 1709 1406 1761 κατά
1445 1704 1639 1781 μηδένα
1678 1714 1867 1783 τρόπον

228 1795 372 1867 αὐτῷ
426 1803 739 1871 προσήκοντι
793 1801 940 1873 παρὰ
987 1804 1187 1860 πάντας
1241 1805 1358 1861 τοὺς
1406 1800 1599 1871 εὐαγεῖς
1654 1805 1866 1862 κανόνας

228 1885 691 1948 ἐπασπηδήσαντα
741 1892 925 1966 θρόνῳ,
974 1900 1113 1965 κοινῇ
1167 1888 1222 1945 δὲ
1268 1889 1415 1963 ψήφῳ
1472 1899 1564 1945 τοῦ
1606 1912 1661 1945 τε
1708 1878 1942 1950 αὐτοῦΒ

227 1988 319 2039 τῆς
364 1980 515 2053 ἁγίας
555 1980 760 2056 μνήμης
802 1980 987 2058 ἀνδρὸς
1014 1988 1282 2059 πρότερον,
1317 1990 1402 2037 καὶ
1429 1989 1528 2058 μὴν
1566 1990 1652 2037 καί
1675 1994 1762 2047 τῆς
1791 1985 1867 2039 έν-

229 2074 398 2125 ταῦθα
426 2079 693 2149 γενομένης
724 2078 857 2151 ἱερᾶς
883 2073 1111 2130 συνόδαυ
1145 2074 1645 2151 καταδεδικασμένον
1673 2098 1748 2145 τε,
1782 2085 1865 2132 καὶ

229 2166 599 2240 καθῃρημένον,
634 2165 767 2222 διότι
817 2179 916 2223 τῶν
966 2170 1121 2243 ὀρθῶν
1169 2168 1419 2242 ἀπεφοίτα
1452 2167 1744 2244 δογμάτων.
1781 2177 1867 2225 καί

228 2259 301 2318 οἶς
328 2264 580 2334 πρότερον
617 2262 937 2331 πολλαχόθεν
976 2261 1201 2334 ἐφαίνετο
1235 2266 1483 2337 στέργων,
1514 2271 1682 2316 ταῦτα
1718 2263 1881 2317 ὖστε-.

226 2368 316 2423 ρον
367 2347 626 2427 διαφόροις
671 2352 918 2427 ἀπέφευγε
962 2360 1261 2430 περινοίαις,
1298 2360 1732 2429 προσποιούμενος
1773 2361 1863 2429 μέν

228 2451 342 2503 ταῖς
387 2447 669 2520 τέσσαρσιν
718 2447 889 2519 ἁγίαις
934 2444 1166 2507 συνόδοις
1202 2446 1511 2513 ἀκολουθεῖν,
1559 2458 1620 2521 τῇ
1668 2467 1723 2500 τε
1764 2457 1863 2500 τῶν

226 2531 332 2593 τιη’
368 2542 607 2613 Πατέρων
646 2549 746 2591 τῶν
788 2541 836 2592 έν
878 2546 1089 2611 Νικαίᾳ,
1136 2549 1198 2613 τῇ
1242 2559 1297 2593 τε
1341 2550 1442 2593 τῶν
1554 2545 1640 2592 καί
1683 2548 1730 2591 ν’
1764 2548 1863 2593 τῶν

228 2624 280 2678 ἐν
330 2631 494 2702 ταύτῃ
544 2640 605 2703 τῇ
650 2628 912 2704 εὐδαίμονι
958 2633 1122 2706 πόλει,
1157 2641 1220 2705 τῇ
1258 2651 1312 2684 τε
1354 2641 1453 2684 τῶν
1489 2631 1540 2684 ἐν
1584 2635 1776 2703 ’Ἐφέσῳ
1806 2636 1864 2684 τὸ

225 2727 432 2792 πρῶτον
482 2725 845 2794 συναχθέντων
889 2722 964 2790 σ’,
1000 2734 1063 2798 τῇ
1110 2744 1167 2778 τε
1206 2733 1306 2777 τῶν
1350 2724 1582 2796 θεοφιλῶν
1626 2730 1862 2798 Πατέρων

227 2819 328 2862 τῶν
360 2811 411 2864 ἐν
440 2811 728 2873 Χαλκηδόνι
757 2813 869 2886 χλ’.
908 2817 982 2869 Ob
1012 2822 1109 2889 μην
1139 2825 1242 2876 τοῖς
1269 2820 1461 2869 τουτων
1490 2812 1714 2889 δόγμασι
1744 2836 1865 2869 κατ-

227 2903 539 2969 ακολουθῶν,
587 2909 700 2959 οὔτε
750 2912 842 2965 τὴν
895 2911 1142 2982 ἡμετέραν
1188 2906 1588 2981 φιλανθρωπίαν,
1636 2910 1721 2957 καί
1771 2911 1862 2965 τὴν

228 2996 643 3068 συγκατάθασιν,
670 2999 728 3058 ἣν
754 2995 843 3053 διὰ
871 3005 961 3059 τὴν
992 3001 1149 3053 αὐτοῦ
1180 3005 1435 3073 σωτηρίαν
1465 3001 1672 3072 ἔχομεν,
1701 3018 1865 3073 προσ-

228 3085 475 3153 δέξασθαι
503 3090 791 3165 βουληθείς,
818 3090 932 3146 οὐδὲ
971 3091 1287 3168 ἀποκηρῦξαι
1323 3097 1409 3146 καί
1443 3092 1593 3153 αὐτος
1620 3097 1737 3153 τους
1764 3102 1862 3145 τῶν

226 3182 427 3236 ἀσεϐῶν
480 3180 750 3256 δογμάτων
806 3182 1070 3261 ἀρχηγοὺς
1124 3190 1238 3245 τοὺς
1294 3184 1394 3237 ὑπὸ
1449 3192 1549 3236 τῶν
1605 3186 1862 3258 προτέρων

226 3276 388 3349 ἁγίων
435 3274 814 3350 ἐκϐεϐλημένους
856 3275 1086 3331 συνόδων
1121 3298 1133 3313 ν
1168 3273 1281 3330 ἀλλ’
1306 3277 1527 3349 οἰόμενος
1555 3284 1749 3350 χρῆναι
1778 3245 1938 3327 καίρ

226 3376 328 3420 τῶν
372 3371 509 3421 κατὰ
536 3374 724 3423 ταυτὸν
761 3375 846 3423 καί
885 3369 934 3423 ἐν
976 3374 1105 3441 ἴστω
1152 3374 1267 3430 τοὺς
1314 3364 1857 3441 καταδεδικασμένους,

225 3465 343 3522 τους
387 3480 444 3514 τε
493 3457 939 3524 καταδικάσαντας
986 3465 1150 3534 ἄγειν.
1204 3461 1370 3524 Ἀπαξ
1410 3463 1511 3535 γάρ
1553 3468 1664 3520 ταῖς
1705 3458 1862 3513 ἀλλο-

225 3559 394 3627 τρίαις
442 3562 531 3614 τῆς
577 3555 869 3626 ἁγιωτάτης
913 3554 1177 3615 ἐκκλησίας
1229 3553 1439 3613 ἐννοίαις
1495 3548 1862 3627 κατανδραπο-

226 3642 440 3713 δισθείς,
477 3651 690 3700 καὶτῶν
723 3647 879 3722 όρθῶν
918 3647 1310 3723 ἠλλοτριωμένος
1340 3642 1630 3718 δογμάτων,
1667 3645 1863 3706 εἰκότως

226 3739 293 3800 εἰς
324 3744 420 3797 τὴν
475 3738 643 3793 αὐτῶν
701 3742 791 3794 οὐκ
837 3743 1056 3811 ἴσχυσεν
1108 3738 1394 3792 ἐπανελθεῖν
1433 3738 1682 3813 ὀρθότητα
1704 3777 1718 3803 ,
1778 3740 1864 3789 καὶ

226 3840 395 3887 ταῦτα
439 3830 567 3909 παρ’
608 3836 747 3907 ἡμῶν
788 3839 873 3887 καί
914 3837 1225 3909 προτραπεὶς
1266 3836 1352 3883 καὶ
1402 3827 1680 3902 ὁδηγηθείς,
1731 3834 1864 3884 πᾶσι

224 3929 575 4003 χρησαμένων
599 3922 822 4000 σπουδῇ,
852 3931 978 4003 πρὸς
1005 3930 1097 3985 τὴν
1128 3929 1384 3999 σωτηρίαν
1413 3927 1506 3982 τὴν
1535 3922 1715 3979 αὑτοῦ.

306 4083 406 4134 Διά
456 4086 623 4134 ταῦτα
667 4086 838 4134 τοίνυν
884 4077 1114 4145 ἅπαντα,
1160 4082 1254 4137 τὴν
1297 4078 1565 4150 γενομένην
1615 4070 1696 4127 ἔπ’
1725 4074 1864 4145 αὐτῷ

225 4185 313 4236 τῆς
358 4175 695 4249 καθαιρέσεως
736 4173 898 4247 ψῆφον
943 4176 1090 4248 παρὰ
1134 4180 1224 4233 τῆς
1261 4171 1409 4243 ἁγίας
1444 4164 1683 4235 συνοδου,
1729 4186 1863 4241 προ-

222 4271 378 4339 φάσει
418 4275 507 4327 τῆς
552 4286 608 4319 τε
647 4266 704 4319 οὐ
746 4268 969 4340 θεμιτῆς,
1005 4261 1120 4318 οὐδὲ
1157 4266 1256 4318 ὑπὸ
1302 4271 1401 4316 τῶν
1440 4261 1597 4333 ἁγίων
1642 4263 1863 4311 κανόνων

224 4362 642 4434 μαρτυρουμένης
710 4368 808 4412 τῶν
871 4368 959 4419 τῆς
1028 4353 1294 4431 βασιλίδος
1353 4358 1540 4414 ταύτης
1602 4354 1880 4427 ίερατικῶν⁸

223 4454 418 4527 θρόνων
447 4450 703 4525 ἁρπαγῆς,
740 4457 827 4503 καί
867 4460 956 4511 τῆς
989 4448 1094 4503 ἀπὸ
1130 4459 1231 4503 τῶν
1263 4449 1419 4523 ὀρθῶν
1459 4465 1513 4499 τε
1554 4449 1641 4497 καὶ
1667 4441 1863 4501 ἀληθῶν

225 4540 500 4616 δογμάτων
532 4542 796 4618 ἐκτροπῆς,
832 4548 1010 4618 κυρίαν
1050 4546 1080 4602 ἡ
1124 4544 1343 4615 ἡμετέρα
1378 4539 1570 4591 τίθεται
1598 4534 1858 4611 βασιλεία,

1065 385 1433 442 JUSTINIANI
1471 384 1800 443 NOVELLE
1838 385 2173 442 SELECTA-I.
2213 385 2523 442 NOVELLA
2561 379 2712 442 XLII.

3505 383 3610 443 078

2037 495 2216 551 Caper
2253 509 2475 551 paiucu.
2505 524 2575 537 --
2602 495 2741 550 Rem
2780 509 2895 549 non
2938 492 3225 551 insolitam
3264 489 3505 567 imperio
3547 500 3609 552 et

1966 608 2067 647 nos
2094 592 2381 655 facientes,
2398 593 2469 646 ad
2496 597 2849 663 praesentem
2864 593 3123 647 venimus
3146 593 3350 662 legem.
3373 593 3604 657 Quoties

1966 687 2118 740 enim
2152 685 2508 741 sacerdotum
2538 685 2819 740 sententia
2834 684 3113 757 quosdam
3136 685 3406 755 indignos
3431 702 3610 742 sacer-

1967 780 2122 834 dotio
2144 780 2211 835 de
2227 780 2398 833 sacris
2416 779 2644 833 sedibus
2670 779 2934 849 deposuit
2963 780 3465 850 (quemadmodum
3496 780 3604 836 No-

1967 875 2225 941 storium,
2255 873 2586 943 Eutychem,
2617 873 2813 928 Arium
2832 915 2845 941 ,
2874 872 3288 937 Macedonium,
3321 878 3380 928 et
3420 876 3605 929 Euno-

1966 968 2170 1033 minm,
2199 983 2262 1021 ac
2287 966 2565 1037 quosdam
2598 966 2735 1021 alios
2770 966 2843 1020 ad
2872 966 3239 1037 iniquitatem
3271 983 3386 1021 non
3414 967 3605 1023 mino-

1967 1078 2059 1116 res
2084 1061 2233 1129 illis),
2262 1060 2431 1115 toties
2470 1059 2775 1131 imperium
2807 1060 3060 1130 ejusdem
3104 1060 3400 1114 sententia:
3428 1066 3481 1115 et
3510 1076 3605 1116 or-

1967 1154 2274 1209 dinationis
2299 1170 2429 1207 cum
2474 1153 2837 1208 sacerdotum
2877 1154 3214 1208 auctoritate
3242 1153 3369 1209 fuit.
3403 1154 3607 1225 Sicque

1969 1248 2156 1303 divina
2184 1254 2241 1303 et
2268 1248 2519 1302 humana
2540 1247 2754 1317 pariter
2780 1247 3178 1301 concurrentia
3198 1263 3374 1301 unam
3405 1263 3605 1302 conso-

1969 1342 2223 1397 nantiam
2256 1342 2424 1395 rectis
2454 1340 2751 1394 sententiis
2778 1340 2959 1395 fecere
2995 1357 3008 1393 :
3042 1340 3526 1412 quemadmodum
3553 1344 3610 1396 et

1966 1452 2156 1508 nuper
2182 1436 2389 1490 factum
2417 1452 2538 1489 esse
2564 1436 2712 1489 circa
2739 1434 3078 1488 Anthimum
3110 1434 3337 1497 scimus,
3359 1436 3454 1506 qui
3478 1434 3605 1507 qui-

1968 1530 2098 1584 dem
2130 1530 2382 1597 dejectus
2411 1535 2496 1583 est
2524 1529 2595 1582 de
2638 1528 2773 1582 sede
2800 1528 2969 1597 hujus
3012 1529 3186 1599 regite
3215 1528 3371 1583 urbis
3397 1536 3606 1583 sanctas

1968 1629 2025 1679 et
2066 1622 2323 1693 gloriosa!
2368 1622 2657 1677 memorias
2687 1621 2927 1691 Agapito
2970 1621 3336 1675 sanctissimis
3366 1622 3608 1676 ecclesim

1968 1717 2219 1788 antiquae
2247 1717 2443 1770 Romae
2470 1715 2772 1786 pontiticc;
2804 1730 2873 1768 eo
2900 1713 3053 1785 quod
3091 1714 3250 1768 nullo
3282 1714 3454 1769 modo
3502 1714 3608 1770 sibi

1967 1811 2078 1882 ipsi
2125 1810 2482 1864 convenienti
2529 1808 2742 1880 (contra
2789 1823 2991 1862 omnes
3040 1822 3231 1861 sacros
3258 1808 3520 1877 canones)
3550 1824 3609 1862 se

1965 1906 2274 1959 intruserat
2317 1903 2455 1968 sedi,
2510 1903 2607 1957 sed
2661 1908 2718 1957 et
2759 1901 3052 1956 communi
3106 1901 3388 1955 sententia
3434 1900 3608 1971 ipsius

1967 2001 2174 2052 sancta:
2220 1996 2514 2052 memoria!
2561 1995 2662 2049 viri
2713 1996 2985 2066 primum.
3028 2000 3198 2065 atque
3238 1995 3406 2049 etiam
3436 2010 3607 2049 sacrm

1967 2091 2164 2162 synodi
2191 2091 2280 2144 hic
2306 2090 2605 2144 celebratm
2636 2089 3050 2143 condemnatus
3075 2095 3129 2142 et
3161 2087 3445 2158 depositus
3474 2087 3602 2152 fuit,

1968 2201 2035 2239 eo
2071 2184 2221 2255 quod
2249 2201 2283 2238 a
2330 2183 2500 2237 rectis
2530 2182 2890 2253 dogmatibus
2931 2179 3183 2243 recessit;
3216 2185 3272 2234 et
3296 2196 3423 2252 qum
3453 2180 3609 2252 prius

1967 2277 2253 2331 multoties
2282 2276 2519 2346 diligere
2559 2275 2873 2341 videbatur,
2925 2275 3044 2328 haec
3091 2273 3321 2327 demum
3373 2272 3610 2328 diversis

1965 2370 2392 2425 lustrationibus
2461 2367 2791 2440 [fraudibus]
2864 2367 3043 2436 fugit;
3114 2366 3387 2421 simulans
3450 2366 3608 2437 sequi

1967 2470 2188 2518 sanctas
2217 2467 2463 2534 quatuor
2491 2461 2737 2533 synodos
2764 2464 3176 2529 (trecentorum
3206 2459 3465 2514 videlicet
3506 2459 3601 2514 de-

1965 2574 2091 2612 cem
2121 2563 2178 2612 et
2205 2563 2329 2610 octo
2370 2557 2597 2610 Patrum
2628 2555 2684 2609 in
2715 2555 2900 2609 Nicaea
2923 2597 2936 2621 ,
2971 2560 3027 2608 et
3063 2559 3292 2608 centum
3321 2553 3605 2624 quinqua-

1967 2652 2123 2723 ginta
2149 2651 2209 2705 in
2237 2651 2343 2704 hac
2370 2650 2515 2703 felici
2542 2648 2799 2718 civitate;
2836 2654 2891 2703 et
2915 2648 2973 2703 iu
3009 2648 3229 2718 Epheso
3256 2647 3443 2717 primo
3469 2662 3606 2701 cou-

1967 2749 2333 2816 gregatorum
2355 2743 2755 2809 ducentorum,
2771 2748 2827 2797 et
2848 2747 3244 2796 sexcentarum
3266 2740 3499 2810 triginta
3520 2755 3610 2794 re-

1967 2837 2305 2891 nerabilium
2347 2838 2580 2890 Patrum
2622 2835 2679 2889 in
2709 2835 3102 2901 Chalcedone).
3134 2837 3206 2887 At
3244 2833 3474 2904 quidem
3503 2849 3606 2887 nec

1964 2931 2205 2985 istorum
2236 2930 2506 3000 dogmata
2537 2927 2717 2998 sequi,
2750 2944 2853 2982 nec
2883 2934 3135 2981 nostram
3162 2925 3530 2980 clementiam
3552 2928 3609 2980 et

1965 3023 2428 3089 condescensum,
2461 3038 2632 3092 quem
2659 3026 2894 3093 prOpter
2930 3020 3106 3092 ipsius
3142 3020 3383 3074 salutem
3428 3018 3604 3074 habe-

1963 3118 2184 3183 bamus,
2213 3116 2498 3186 suscipere
2527 3115 2734 3183 voluit;
2764 3130 2951 3185 neque
2978 3114 3096 3184 ipse
3121 3113 3382 3168 abdicare
3406 3116 3604 3167 aucto-

1964 3228 2053 3266 res
2082 3211 2388 3280 impiorum
2414 3209 2770 3280 dogmatum,
2794 3208 2893 3279 qui
2915 3206 3074 3279 prius
3094 3224 3126 3260 a
3149 3204 3354 3261 sanctis
3378 3204 3606 3277 synodis

1964 3304 2181 3375 expulsi
2227 3303 2483 3371 fuerant;
2540 3302 2636 3357 sed
2690 3302 2911 3373 putavit
2975 3306 3237 3372 oportere
3289 3298 3605 3354 secundum

1962 3398 2151 3470 ipsum
2195 3403 2251 3451 et
2278 3397 2337 3451 in
2368 3396 2575 3466 aequali
2604 3396 2806 3450 ducere
2834 3400 2893 3450 et
2918 3394 3350 3461 condemnatos,
3384 3397 3440 3446 et
3469 3408 3601 3447 con-

1964 3492 2342 3547 demnatores.
2368 3491 2508 3544 Nam
2541 3490 2713 3544 semel
2736 3489 2933 3543 alienis
2958 3505 2992 3542 a
3031 3488 3382 3543 sanctissima
3411 3484 3602 3542 Eccle-

1964 3585 2049 3639 sia
2095 3582 2470 3639 intellectibus
2494 3582 2866 3653 mancipatus,
2897 3586 2953 3635 et
2976 3598 3007 3634 a
3038 3580 3204 3635 rectis
3244 3579 3606 3650 dogmatibus

1963 3677 2252 3744 alienatus,
2283 3674 2485 3729 merito
2526 3674 2598 3729 ad
2638 3674 2892 3745 ipsorum
2940 3672 3339 3727 rectitudinem
3398 3670 3606 3725 reverti

1963 3787 2081 3826 non
2111 3769 2303 3836 valuit,
2334 3768 2508 3824 etiam
2532 3767 2602 3822 ad
2630 3768 2752 3822 hinc
2778 3766 3044 3821 invitatus
3085 3783 3118 3819 α
3157 3764 3319 3819 nobis
3348 3767 3406 3818 et
3444 3763 3602 3818 dire-

1965 3873 2106 3935 ctus,
2147 3867 2246 3939 qui
2286 3865 2443 3921 omni
2485 3864 2674 3920 studio
2698 3864 2788 3920 usi
2818 3880 3015 3919 sumus
3039 3862 3110 3919 ad
3132 3862 3308 3935 ipsius
3337 3861 3601 3917 salutem.

2035 4059 2275 4128 Propter
2294 4055 2415 4109 haec
2433 4053 2611 4125 igitur
2631 4051 2844 4118 omnia,
2867 4050 3208 4105 sententiam
3240 4048 3606 4121 depositionis

1965 4152 2027 4205 in
2053 4151 2241 4221 ipsum
2272 4166 2305 4203 a
2343 4153 2543 4203 saneta
2572 4146 2790 4218 synodo
2831 4145 3038 4200 factam
3083 4144 3440 4199 occasionem
3485 4159 3605 4199 non

1963 4245 2124 4312 liciti,
2160 4260 2345 4315 neque
2392 4259 2424 4296 a
2472 4242 2679 4296 sanctis
2722 4239 3035 4295 canonibus
3068 4238 3363 4310 approbati
3410 4243 3608 4309 raptus

1966 4353 2253 4392 sacrarum
2282 4335 2501 4389 scdium
2532 4334 2703 4403 hujus
2747 4333 2919 4404 regia:
2948 4331 3125 4397 urbis,
3158 4336 3214 4385 et
3242 4330 3548 4385 aversiouis
3575 4347 3609 4384 a

1966 4431 2131 4486 rectis
2157 4435 2214 4485 et
2245 4429 2389 4483 veris
2416 4427 2804 4499 dogmatibus,
2851 4426 3075 4479 ﬁrmam
3116 4428 3377 4477 nostrum
3426 4423 3610 4478 reddit

1965 4524 2291 4595 imperium,
2311 4525 2368 4574 et
2388 4527 2585 4575 contra
2613 4520 2782 4574 istum
2813 4522 3149 4588 priesentcm
3176 4515 3368 4568 scribit
3394 4516 3606 4586 legem.

222 4640 311 4687 καί
341 4633 426 4687 ἐπὶ
467 4639 663 4696 τούτοις
691 4640 779 4689 τὸν
818 4639 1054 4709 παρόντα
1089 4637 1270 4709 γράφει
1313 4636 1485 4704 νόμον.
1524 4630 1863 4702 Ἀπαγορευο-

1970 4615 2358 4671 lnterdicimus
2384 4618 2578 4667 autem
2608 4615 2666 4667 et
2696 4612 2747 4666 ei
2790 4608 3132 4665 commorari
3184 4608 3247 4661 in
3298 4608 3405 4662 hac
3462 4608 3607 4663 felici

222 4746 317 4799 μεν
348 4723 404 4779 δὲ
449 4726 589 4798 αὐτῷ
619 4732 705 4779 καί
734 4736 822 4788 τῆς
861 4729 993 4779 κατὰ
1019 4731 1111 4785 τὴν
1155 4721 1432 4796 εὐδαίμονα
1471 4724 1663 4779 ταύτην
1691 4718 1860 4784 πόλιν,

223 4825 312 4872 καί
354 4829 443 4881 τῆς
487 4817 791 4895 περιοικίδος
838 4820 992 4880 αὐτῆς
1031 4815 1316 4893 διατριϐῆς,
1363 4821 1449 4868 καί
1488 4817 1657 4873 πάσης
1698 4813 1868 4886 ἐτέρας

224 4922 327 4965 τῶν
380 4911 643 4986 ἐπισήμων
691 4912 907 4987 πόλεων,
958 4913 1278 4974 θεσπίζοντες
1330 4903 1402 4980 έφ’
1442 4909 1666 4977 ἡσυχίας
1713 4898 1862 4966 εἶναι,

225 5010 314 5058 καί
376 5010 571 5066 τούτοις
627 5009 880 5080 στέργειν,
935 5007 1005 5066 οἷς
1059 5006 1238 5057 ἑαυτὸν
1296 5000 1443 5065 ἀξίως
1497 5000 1728 5063 ὑπέθηκε,
1786 5001 1871 5049 καί

223 5106 356 5173 μήτε
385 5105 524 5153 τισίν
555 5099 915 5165 ἐπικοινωνεῖν,
951 5105 1078 5173 μήτε
1118 5094 1395 5159 ἐκϐιϐάζειν
1427 5093 1608 5154 αὐτοὺς
1648 5097 1740 5150 τὴν
1769 5098 1870 5143 τῶν

226 5190 656 5267 ἀπηγορευμένων
706 5188 976 5265 δογμάτων
1025 5188 1303 5245 ἀπώλειαν.
1352 5187 1426 5240 Οὐ
1475 5191 1574 5260 μὴν
1619 5179 1733 5237 οὐδὲ
1778 5187 1871 5241 την

228 5281 439 5346 δικαίως
481 5284 829 5357 έξενεχθεῖσαν
860 5286 994 5338 κατὰ
1038 5289 1255 5358 Σευηρου
1295 5279 1479 5354 ψῆφον,
1513 5284 1604 5337 τὴν
1647 5276 1701 5329 έκ
1734 5278 1871 5330 πάν-

230 5399 356 5444 των,
390 5381 455 5439 ὡς
481 5379 661 5445 εἰπεῖν,
691 5388 791 5433 τῶν
820 5376 1199 5454 ἀρχιερατικῶν
1230 5394 1305 5437 τε,
1336 5378 1422 5426 καί
1453 5377 1867 5447 πατριαρχικῶν,

226 5474 365 5546 μετά
410 5480 498 5533 τῆς
545 5480 830 5545 μοναχικῆς
883 5473 1218 5530 συναινέσεως
1264 5466 1612 5543 προελθοῦσαν
1659 5464 1868 5537 θρόνων,

226 5570 324 5624 τὴν
366 5569 456 5617 τὸν
499 5561 914 5638 ἀναθέματισμὸν
956 5561 1251 5635 ἐπάγουσαν
1290 5559 1450 5630 αὐτῷ,
1488 5555 1757 5632 βασιλικῆς
1783 5554 1876 5618 ἔξω

225 5656 685 5730 καταλιμπάνομεν
740 5654 1098 5731 έπικυροσεως,
1152 5650 1203 5713 ὃς
1255 5657 1500 5727 πρότερον
1558 5649 1705 5724 παρά
1762 5651 1877 5709 τοὺς

228 5754 403 5828 ίεροὺς
432 5750 646 5825 θεσμοὺς
693 5746 995 5803 καταλαϐὼν
1031 5751 1120 5801 τὸν
1165 5747 1341 5822 θρόνον
1388 5752 1476 5807 τῆς
1522 5742 1877 5798 Θεουπολιτῶν

230 5843 526 5915 ἁγιωτάτης
573 5839 859 5908 έκκλησίας,
912 5838 1046 5893 οὕτω
1080 5835 1421 5911 συνετάραξεν
1470 5833 1702 5899 ἅπαντα,
1748 5830 1879 5886 οὕτω

234 5938 616 6012 μεταπεποίηκε
662 5941 922 6012 ταραχῆς,
970 5935 1034 5993 ὡς
1082 5932 1245 5983 κοινόν
1288 5946 1408 5983 τινα
1454 5932 1540 5981 καί
1593 5923 1879 6003 ἀκήρυκτον

1967 4709 2191 4765 civitate
2221 4712 2277 4762 et
2301 4706 2421 4776 ejus
2449 4704 2708 4759 districto
2732 4746 2746 4772 ,
2778 4720 2841 4757 ac
2888 4704 2945 4756 in
2988 4717 3326 4773 quacunque
3359 4701 3472 4757 alia
3516 4702 3607 4756 in-

1970 4802 2120 4873 signi
2148 4800 2372 4856 civitate
2403 4799 2720 4853 sancientes
2750 4798 2809 4851 in
2852 4796 3042 4868 quiete
3093 4810 3231 4862 esse,
3272 4798 3328 4848 εει
3368 4796 3436 4849 iis
3482 4812 3611 4851 con-

1969 4899 2193 4952 tentum
2214 4909 2354 4959 esse,
2387 4892 2593 4964 quibus
2618 4890 2865 4962 seipsum
2894 4888 3097 4943 merito
3141 4889 3451 4944 obnoxium
3483 4890 3606 4945 red-

1971 4989 2142 5058 didit;
2180 4991 2237 5043 et
2263 5003 2380 5042 non
2408 4984 2691 5055 aliquibus
2717 4983 3158 5052 communicare,
3184 5000 3368 5055 neque
3394 4999 3490 5039 eos
3512 4983 3613 5038 im-

1970 5084 2146 5138 buere
2166 5082 2225 5136 in
2254 5079 2633 5151 perditionem
2654 5076 3084 5131 interdictorum
3121 5076 3473 5147 dogmatam.
3499 5077 3611 5129 Nec

1973 5176 2169 5247 utique
2184 5178 2340 5229 extra
2352 5170 2707 5242 imperialem
2724 5169 3220 5224 conﬁrmationem
3234 5168 3613 5239 relinquimus

1974 5268 2317 5325 sententiam
2336 5267 2488 5338 juste
2513 5267 2712 5319 contra
2737 5263 3004 5317 Severum
3040 5262 3235 5330 latam,
3265 5278 3328 5315 ac
3368 5278 3436 5315 cx
3485 5277 3609 5315 om-

1974 5363 2140 5419 nibus
2169 5366 2252 5434 (ut
2286 5361 2365 5416 ita
2394 5359 2662 5426 dicamus)
2697 5354 3118 5428 pontificalibus
3164 5360 3219 5409 et
3262 5354 3612 5427 patriarcha-

1976 5458 2123 5513 libus
2149 5456 2280 5527 (una
2317 5471 2448 5509 cum
2486 5449 2833 5527 monachicis
2856 5448 3242 5519 consensibus)
3274 5448 3613 5519 provenian-

1980 5555 2095 5608 tem
2119 5549 2346 5606 sedibus
2368 5590 2381 5615 ,
2414 5550 2470 5603 et
2500 5543 3042 5600 anathematismum
3087 5540 3192 5612 ipsi
3232 5541 3573 5596 inferentem
3598 5558 3613 5594 :

1980 5645 2077 5718 qui
2104 5644 2260 5717 prius
2287 5647 2482 5698 contra
2508 5655 2695 5694 sacras
2728 5636 3041 5693 sanctiones
3065 5634 3396 5707 accipiendo
3423 5634 3618 5689 sedem

1979 5738 2346 5795 sanctissimae
2375 5734 2625 5792 ecclesiae
2649 5730 3192 5803 Theopolitanorum
3209 5771 3222 5797 ,
3254 5728 3332 5784 sic
3357 5727 3620 5782 universa

1978 5830 2355 5897 conturbavit,
2378 5829 2572 5901 sicque
2591 5826 2978 5883 accumulatas
3006 5823 3353 5879 turbationes
3376 5820 3526 5889 fecit,
3556 5823 3622 5873 ut

1979 5941 2282 5985 commune
2311 5923 2600 6003 quondam
2632 5938 2694 5981 ac
2718 5919 3102 5980 abominabile
3140 5916 3358 5977 bellum
3386 5912 3620 5973 sanctis-
