4034 6228
448 356 552 409 979

1594 343 1851 401 SECULI
1886 342 2077 399 SEXTI
2115 340 2667 398 SUPPLEMENTUM.

3722 340 3829 393 980

448 463 607 519 simis
647 458 905 516 Ecclesiis
933 457 1002 512 ad
1029 453 1267 511 invicem
1294 452 1647 509 immitteret.
1684 454 1753 506 Et
1781 452 1886 505 hoc
1915 451 2083 505 etiam
2105 503 2118 533 Δ

2220 464 2295 515 αῖς
2338 452 2650 527 ἁγιωτάταις
2693 450 2979 512 ἐκκλησίαις
3015 450 3247 524 έμϐαλεῖν
3290 455 3417 525 πρὸς
3465 447 3690 509 ἀλλήλας
3724 453 3827 502 πό-

449 576 484 614 a
513 554 750 628 sceptris
776 569 904 625 qua:
946 556 1075 606 ante
1110 566 1213 603 nos
1238 548 1471 603 fuerunt
1497 548 1693 601 contra
1737 546 1925 616 ipsum
1956 544 2089 599 scri-

450 655 616 725 ptum
644 652 786 716 erat,
818 646 981 701 variis
1024 645 1356 713 dogmatum
1396 644 1452 695 et
1493 656 1528 694 a
1575 639 1916 694 rectitudine
1958 638 2091 693 alie-

450 745 600 800 natis
627 742 919 799 fraudibus
957 742 1013 792 et
1041 734 1384 791 commentis
1411 750 1476 787 ac
1508 732 1878 804 blasphemiis
1922 748 2089 786 usum

451 840 643 907 fuisse,
666 853 730 891 ac
749 834 1008 889 universa
1029 829 1414 897 conturbasse,
1433 831 1488 881 et
1508 827 1669 881 illum
1688 840 2090 897 quemcunque

453 947 705 989 errorem
743 924 1205 982 abominabilium
1230 921 1736 977 haeresim-charum
1771 925 1828 974 et
1864 920 2087 990 iniquo-

456 1042 584 1082 rum
614 1025 947 1093 dogmatum
984 1017 1257 1088 recipere,
1301 1015 1539 1070 Nestorii
1592 1014 1858 1082 dicimus,
1903 1016 1959 1066 et
1989 1014 2093 1066 Eu-

452 1119 663 1191 tychis;
680 1121 882 1171 etcum
898 1117 1139 1183 uterque
1156 1111 1363 1164 horum
1384 1112 1805 1180 praeceptorum
1827 1105 2093 1160 contrarii

457 1209 877 1285 quodammodo
906 1207 1149 1262 invicem
1172 1220 1291 1259 esse
1311 1204 1629 1268 videantur,
1659 1201 1731 1255 ad
1767 1216 1947 1254 unum
1962 1215 2093 1253 vero

457 1303 764 1376 impietatis
798 1301 976 1356 ﬁnem
1018 1299 1288 1364 tendant,
1326 1296 1495 1350 etiam
1523 1295 1752 1349 illorum
1781 1293 2097 1363 divulgatos

457 1416 772 1468 sermones,
804 1412 936 1452 eum
981 1396 1041 1449 in
1086 1408 1270 1447 unum
1309 1389 1657 1446 formavisse.
1687 1387 1915 1442 Duobus
1944 1385 2097 1441 enim

459 1493 829 1550 existentibus
856 1488 1214 1561 dogmatibus
1257 1485 1327 1540 ad
1354 1483 1596 1539 invicem
1624 1480 2095 1554 repugnantibus,

459 1608 703 1673 quorum
730 1596 1038 1659 utrumque
1076 1584 1339 1640 similiter
1362 1583 1435 1637 ad
1474 1581 1681 1636 animae
1719 1577 2099 1650 perditionem

460 1676 711 1753 adducit,
756 1681 996 1739 Nestorii
1037 1678 1296 1734 videlicet
1323 1682 1378 1731 et
1415 1674 1680 1747 Eutychis
1704 1672 2096 1746 (quemadmo-

460 1781 599 1837 dum
617 1777 853 1834 dicendo
874 1774 1246 1842 narravimus)
1268 1771 1368 1843 qui
1394 1787 1463 1826 ex
1492 1769 1833 1824 Arianorum
1861 1768 1917 1821 et
1934 1765 2101 1836 Apol-

2187 546 2358 620 λεμον,
2413 551 2500 599 καί
2545 553 2697 599 τοῦτο
2750 550 2837 597 καί
2881 552 2986 606 τοῖς
3027 550 3130 620 πρὸ
3174 547 3313 618 ὑμῶν
3372 550 3658 619 σκήπτροις
3704 549 3832 618 πρὸς

2188 639 2342 692 αὐτὸν
2389 641 2688 714 γεγράφθαι,
2722 637 2975 699 ποικίλαις
3015 642 3105 711 μὲν
3156 635 3426 711 δογμάτων
3471 642 3561 689 καὶ
3608 635 3835 695 ἀπηλλο-

2187 736 2487 806 τριωμέναις
2513 741 2601 792 τῆς
2647 732 2911 806 ὀρθότητος
2937 736 3217 805 περινοίαις
3244 750 3319 790 τε,
3354 736 3441 783 καί
3480 730 3834 804 βλασφημίαις

2190 827 2541 898 χρησάμενον,
2589 822 2795 877 ἅπαντα
2833 819 2888 875 δὲ
2927 824 3341 899 συνταράξαντα,
3385 829 3473 876 καί
3522 827 3680 895 μόνον
3729 830 3831 874 τῶν

2189 925 2278 977 τῆς
2324 918 2564 991 ἑκατέρου
2628 925 2727 970 τῶν
2785 917 3133 989 αἱρεσιαρχῶν
3178 915 3371 976 πλάνης
3426 912 3691 988 βδελυρῶν
3750 932 3829 980 τε,

2193 1014 2277 1062 καί
2323 1007 2541 1063 ἀνοσίων
2585 1006 2855 1082 δογμάτων
2895 1006 3261 1080 ἀντεχόμενον,
3306 1013 3596 1082 Νεστορίου
3638 1026 3711 1071 τε,
3746 1012 3838 1058 καὶ

2196 1102 2481 1173 Εὗτυχοῡς,
2537 1106 2623 1154 καὶ
2671 1109 2771 1155 τῶν
2830 1103 3069 1174 ἐκατέρου
3117 1104 3308 1153 τούτων
3365 1102 3727 1172 καθηγεμόνων
3782 1098 3840 1161 ἐξ

2195 1193 2426 1256 ἐναντίας
2464 1198 2554 1267 μέν
2596 1214 2702 1254 πως
2732 1180 2861 1246 εἶναι
2902 1191 3186 1246 δοκούντων
3228 1191 3482 1265 ἀλληλοις,
3526 1197 3656 1266 πρὸς
3685 1189 3734 1244 ἓν
3778 1189 3839 1245 δὲ

2195 1287 2331 1347 τέλος
2376 1294 2464 1348 τῆς
2507 1285 2738 1347 ἀσεϐείας
2784 1285 3141 1359 ἐπειγομένων,
3189 1291 3275 1338 καί
3315 1290 3431 1346 τοὺς
3476 1286 3677 1337 ἐκείνων
3721 1304 3840 1354 χα-

2196 1385 2617 1455 ρακτηριστικοὺς
2642 1379 3064 1453 ἐντυπωσάμενον
3109 1379 3303 1450 λόγους.
3346 1383 3497 1431 Δυοῖν
3527 1380 3633 1451 γὰρ
3675 1381 3838 1430 ὄντων

2197 1471 2436 1526 ἐναντίων
2489 1470 2721 1533 ἀλληλοις
2775 1469 3047 1545 δογμάτων
3066 1512 3080 1537 ,
3132 1473 3201 1523 ὧν
3250 1473 3484 1546 ἑκάτερον
3545 1473 3726 1544 ὁμοίως
3772 1471 3843 1530 εἰς

2197 1564 2424 1637 ψυχικὴν
2469 1563 2725 1619 ἀπώλειαν
2771 1567 2906 1638 ἄγει,
2955 1570 3047 1618 τοῦ
3090 1569 3391 1639 Νεστορίου,
3426 1570 3521 1617 τοῦ
3563 1583 3623 1616 τε
3671 1564 3841 1618 Εὐτυ-

2198 1666 2345 1730 χοῦς,
2376 1659 2603 1734 καθάπερ
2635 1659 2857 1719 εἰπόντες
2898 1659 3128 1731 ἔφθημεν,
3162 1655 3292 1732 άπερ
3322 1656 3377 1709 ἐκ
3409 1666 3511 1709 τῶν
3545 1663 3838 1732 Ἀρειανῶν,

2197 1757 2285 1805 καὶ
2312 1760 2412 1805 τῶν
2445 1751 2797 1827 Ἀπολιναρίου
2834 1754 3056 1809 συνέστη
3081 1754 3410 1823 μιασμάτων,
3445 1749 3599 1810 αὐτός
3643 1770 3699 1802 τι
3733 1768 3843 1802 πα-

457 1874 647 1931 linarii
675 1870 1012 1942 contagione
1040 1841 1383 1933 consistunt;
1414 1864 1534 1935 ipse
1562 1861 1916 1935 paradoxum
1963 1859 2103 1931 quid

2220 1843 2412 1910 ›άδοξον
2444 1847 2644 1912 παθὼν,
2679 1847 2857 1918 ὁμοίως
2902 1845 2967 1906 εἰς
3015 1844 3248 1919 ἑκάτερον
3288 1843 3605 1916 ἐμπέπτωκε.
3644 1848 3745 1896 Καὶ
3771 1852 3848 1915 πῇ

460 1983 761 2041 perpessus
787 1966 846 2019 in
882 1967 1194 2033 utrumque
1221 1957 1486 2014 similiter
1509 1955 1714 2011 incidit
1738 1970 1754 2011 :
1786 1956 1845 2009 et
1866 1952 1947 2008 ibi
1970 1953 2098 2024 qui-

464 2063 596 2119 dem
628 2060 767 2116 illud
793 2056 1090 2125 mittendo,
1119 2054 1368 2125 seipsum
1397 2056 1455 2106 et
1478 2064 1771 2105 sermones
1797 2063 1926 2103 suos
1953 2047 2103 2101 visus

465 2162 550 2213 est
586 2152 937 2211 constituisse
997 2163 1301 2205 commune
1341 2144 1762 2217 receptaculum
1812 2145 2104 2196 tantorum

465 2251 819 2306 delictorum.
864 2245 949 2301 Sit
990 2244 1180 2314 itaque
1207 2245 1263 2297 et
1287 2241 1409 2312 ipse
1438 2238 1543 2293 sub
1574 2236 1841 2308 praedicto
1872 2235 2107 2290 anathe-

461 2344 746 2411 matismo,
774 2355 948 2411 quem
977 2336 1273 2391 universus
1296 2330 1711 2405 patriarchalis,
1743 2328 2103 2401 pontiﬁcalis,

464 2457 528 2494 ac
557 2434 925 2493 monachicus
965 2435 1192 2499 nostrae,
1225 2432 1289 2482 ut
1334 2428 1411 2483 ita
1456 2426 1733 2490 dicamus,
1784 2421 2108 2493 reipublicae

470 2537 645 2588 coetus
663 2530 815 2601 juste
841 2527 902 2581 in
930 2525 1118 2596 ipsum
1157 2520 1380 2577 induxit
1403 2537 1416 2575 :
1449 2519 1520 2574 de
1548 2516 1956 2588 Theopolitana
1980 2514 2108 2586 qui-

470 2628 603 2682 dem
650 2620 896 2679 Ecclesia
943 2619 1172 2690 ejectus,
1227 2615 1439 2671 idcirco
1476 2612 1627 2685 quod
1674 2611 1914 2666 thronus
1959 2608 2111 2668 illius

466 2721 656 2792 ipsum
695 2713 954 2781 removit,
1001 2729 1066 2767 eo
1109 2710 1261 2783 quod
1308 2708 1485 2781 ipsius
1531 2704 1913 2778 principatum
1962 2707 2112 2757 recte

467 2830 585 2869 non
608 2811 918 2883 acceperat,
950 2807 1047 2862 sed
1083 2806 1271 2860 adhuc
1306 2802 1531 2857 vivente
1570 2816 1656 2869 eo,
1700 2802 1757 2854 et
1782 2799 1843 2852 in
1881 2796 2110 2851 sanctis-

471 2907 628 2964 simis
667 2903 922 2960 Ecclesiis
964 2900 1436 2966 commemorato,
1472 2894 1571 2966 qui
1614 2897 1746 2948 ante
1788 2892 1979 2963 ipsum
2023 2907 2111 2944 sa-

474 3000 790 3057 cerdotium
817 2996 1096 3063 habebat,
1137 2998 1192 3048 et
1231 2994 1464 3064 propter
1486 3004 1617 3044 eum
1642 2986 1743 3059 qui
1771 2990 1901 3058 post
1927 2984 2116 3056 ipsum

474 3095 602 3164 fuit,
656 3094 725 3148 de
757 3089 1066 3147 sacerdotio
1105 3086 1410 3143 exciderat.
1452 3084 1562 3136 Nec
1611 3097 1743 3136 vero
1784 3095 2119 3151 progressus

476 3192 589 3244 huc
614 3202 794 3258 usque
821 3183 1088 3251 substitit,
1130 3181 1227 3235 sed
1251 3184 1307 3232 et
1333 3177 1436 3231 sub
1467 3174 1758 3230 communi
1785 3173 2119 3227 orthodoxae

478 3299 541 3338 ac
571 3279 864 3336 catholicae
889 3275 1146 3332 Ecclesiae
1177 3270 1654 3326 anathematismo
1670 3267 1908 3339 positus,
1926 3266 2119 3321 multis

477 3368 1150 3443 1ibris,blasphemiisque
1174 3370 1232 3421 et
1257 3361 1771 3420 abominationibus
1792 3359 1954 3414 nobis
1978 3376 2121 3414 rem-

478 3467 766 3543 publicam
837 3463 1109 3534 implevit.
1163 3460 1350 3525 Quare
1406 3454 1684 3511 universis
1733 3452 2122 3508 interdicimus

478 3561 691 3636 aliquid
719 3560 789 3615 de
820 3557 978 3612 libris
1018 3554 1198 3628 ipsius
1236 3551 1550 3625 possidere.
1582 3551 1649 3604 Et
1684 3548 1829 3603 sicut
1855 3563 1970 3602 non
1994 3546 2125 3601 licet

483 3655 724 3713 Nestorii
760 3653 933 3708 libros
976 3650 1245 3721 scribere,
1274 3647 1362 3701 vel
1397 3644 1692 3716 possidere
1725 3642 1875 3715 (quia
1899 3640 2120 3713 praede-

485 3749 794 3808 cessoribus
819 3744 1030 3802 nostris
1074 3739 1517 3814 imperatoribus
1538 3738 1599 3793 in
1626 3737 1741 3792 suis
1766 3734 2122 3791 constitutio-

483 3846 653 3901 nibus
692 3842 878 3897 visum
922 3843 1008 3894 est
1049 3841 1299 3892 statuere
1341 3832 1550 3888 similia
1590 3831 1681 3886 his
1719 3846 1849 3903 quae
1898 3829 2046 3884 dicta
2073 3832 2129 3882 et

486 3939 696 4010 scripta
745 3940 876 3991 sunt
916 3952 949 3988 a
998 3929 1309 4003 Porphyrio
1351 3928 1411 3983 in
1455 3926 1848 3995 Christianos),
1898 3923 1975 3978 sic
2024 3939 2128 3977 nec

488 4033 637 4089 dicta
662 4036 719 4086 et
744 4030 955 4100 scripta
978 4025 1169 4082 Severi
1194 4027 1470 4079 maneant
1498 4036 1673 4093 penes
1690 4019 1937 4090 aliquem
1968 4016 2126 4072 Chri-

490 4125 760 4191 stianum,
794 4122 890 4176 sed
927 4120 1040 4174 sint
1067 4118 1308 4190 profana
1352 4120 1408 4170 et
1444 4115 1628 4169 aliena
1663 4113 1733 4167 ab
1769 4111 2012 4166 Ecclesia
2045 4127 2130 4164 ca-

489 4217 723 4285 tholica,
758 4216 1003 4287 igneque
1034 4210 1440 4266 comburantur
1466 4224 1501 4262 a
1538 4205 1992 4278 possidentibus,
2020 4203 2133 4257 nisi

492 4312 591 4387 qui
618 4311 738 4384 ipsa
765 4308 997 4375 habent,
1048 4304 1223 4359 velint
1266 4301 1587 4374 periculum
1617 4300 1752 4372 pati.
1808 4302 1855 4353 A
1902 4296 2134 4353 nemine

494 4424 632 4480 ergo
675 4404 1012 4468 scribantur,
1062 4413 1249 4469 neque
1289 4396 1357 4451 ad
1399 4393 1881 4467 pulchritudinem
1903 4435 1917 4461 ,
1948 4406 2134 4462 neque

496 4502 567 4557 ad
597 4497 956 4554 velocitatem
982 4491 1374 4561 scribentium,
1396 4488 1627 4544 sciendo
1661 4487 1793 4559 quia
1820 4484 2137 4557 amputatio

496 4610 698 4651 manus
724 4593 813 4648 his
861 4590 961 4663 qui
1012 4587 1222 4659 scripta
1251 4585 1372 4656 ejus
1416 4582 1759 4655 scripserint,
1803 4596 1974 4653 poena
2009 4578 2219 4669 erit.D

498 4691 688 4760 Neque
719 4685 872 4741 enim
898 4683 1160 4737 volumus
1198 4680 1258 4734 in
1290 4680 1481 4733 futuro
1515 4681 1770 4747 tempore
1797 4691 1867 4728 ex
1894 4673 2006 4727 illis
2028 4672 2141 4726 bla-

499 4780 817 4854 sphemiam
840 4776 1113 4849 protrahi.
1145 4772 1418 4829 Similiter
1441 4773 1634 4825 autem
1663 4773 1719 4823 et
1748 4767 1881 4822 huic
1911 4764 2143 4821 interdi-

500 4876 683 4932 cimus
714 4871 946 4927 omnino
992 4869 1205 4942 regiam
1250 4866 1532 4922 civitatem
1557 4861 1800 4934 ingredi,
1832 4866 1931 4915 aut
1959 4859 2144 4914 distri-

503 4975 659 5025 ctum
690 4967 829 5038 ejus,
860 4980 965 5019 nec
992 4963 1243 5035 aliquam
1271 4960 1441 5016 aliam
1469 4958 1539 5012 de
1568 4955 1888 5027 insignibus
1909 4996 1923 5021 ,
1955 4953 2053 5007 sed
2085 4952 2144 5006 in

502 5064 694 5136 aliqua
732 5058 1032 5115 solitudine
1070 5059 1127 5110 et
1169 5056 1227 5108 in
1264 5052 1487 5109 silentio
1516 5050 1733 5112 sedere,
1767 5053 1824 5103 et
1860 5063 1979 5101 non
2006 5063 2141 5130 .cor-

504 5171 773 5228 rumpere
801 5158 1056 5221 caeteros,
1084 5164 1271 5220 neque
1309 5147 1369 5201 in
1402 5142 1819 5217 blasphemiam
1863 5122 2023 5214 ipsos
2045 5140 2141 5194 ad-

506 5252 731 5319 ducere,
762 5251 819 5304 et
845 5263 961 5303 non
988 5258 1216 5315 semper
1240 5240 1455 5313 aliquid
1485 5238 1617 5292 novi
1646 5236 1903 5292 invenire
1952 5237 2149 5291 contra

506 5362 643 5400 vera
687 5344 977 5415 dogmata,
1031 5355 1131 5411 per
1175 5335 1329 5409 quod
1370 5350 1565 5389 rursus
1596 5331 1760 5387 nobis
1807 5329 2146 5385 conturbare

509 5437 886 5494 sanctissimas
910 5432 1179 5490 Ecclesias
1206 5428 1455 5486 festinet.

580 5534 709 5589 CAP.
744 5532 808 5584 ll.
852 5560 920 5570 --
956 5527 1069 5583 Sed
1111 5542 1216 5582 nec
1244 5526 1476 5581 Petrum
1512 5520 1837 5592 episcopum
1862 5515 2146 5589 Apamiae,

512 5631 568 5680 et
593 5624 762 5680 simul
808 5623 879 5678 ab
919 5621 1074 5694 ipsis,
1117 5637 1150 5673 a
1192 5619 1397 5692 quibus
1432 5616 1699 5683 Severus,
1747 5612 1851 5667 sub
1882 5610 2151 5683 praedicto

512 5719 876 5774 anathemate
910 5713 1182 5787 positum,
1232 5709 1546 5785 immrium
1585 5706 1866 5776 admittit,
1899 5704 1995 5759 sed
2041 5703 2155 5757 sint

512 5810 696 5865 valida
724 5826 859 5882 quae
890 5811 1092 5864 contra
1132 5807 1323 5880 ipsum
1356 5804 1518 5861 fuere
1561 5805 1786 5858 statuta.
1827 5801 1897 5855 Et
1923 5797 2023 5871 qui
2051 5795 2154 5853 sub

518 5902 809 5956 communi
834 5899 1312 5955 anathematismo
1337 5896 1554 5971 positus
1581 5888 1685 5963 est,
1721 5894 1825 5949 sub
1854 5894 1978 5967 ipso
2004 5894 2153 5961 esto;

2201 1944 2290 2013 μὲν
2319 1945 2491 2005 τοῦτο,
2532 1947 2603 2011 πῇ
2637 1934 2693 1991 δὲ
2733 1937 2888 1991 ἐκεῖνο
2915 1936 3228 2012 πρεσϐεύων,
3264 1941 3429 1990 κοινὸν
3458 1933 3600 1999 ἔδοξε
3639 1932 3849 2006 δοχεῑον

2202 2032 2379 2084 ἑαυτὸν
2421 2048 2476 2081 τε
2516 2033 2603 2081 καὶ
2649 2033 2764 2089 τοὺς
2791 2028 2955 2083 αὐτοῦ
2984 2029 3159 2101 λόγους
3187 2036 3288 2081 τῶν
3330 2028 3643 2087 τηλικούτων
3670 2026 3846 2098 πλημ-

2202 2122 2503 2195 μελημάτων
2533 2128 2881 2180 καταστῆσαι.
2923 2124 3090 2173 Ἔστω
3131 2124 3302 2171 τοίνυν
3334 2123 3420 2171 καί
3447 2118 3602 2179 αὐτὸς
3630 2121 3734 2171 ὑπὸ
3760 2122 3849 2169 τὸν

2205 2216 2462 2291 εἰρημένον
2492 2212 2927 2287 ἀναθεματισμὸν,
2978 2211 3032 2265 ὃν
3067 2211 3207 2265 ἅπαν
3252 2217 3311 2264 τὸ
3346 2216 3737 2285 πατριαρχικόν
3768 2228 3845 2272 τε,

2206 2313 2293 2360 καί
2336 2310 2607 2383 ἱερατικὸν,
2648 2311 2735 2358 καί
2775 2310 3060 2379 μοναχικὸν
3107 2314 3194 2365 τῆς
3243 2308 3506 2379 ἡμετέρας,
3556 2307 3622 2363 ὡς
3667 2303 3844 2366 εἰπεῖν,

2206 2400 2465 2460 πολιτείας
2503 2408 2692 2471 σχῆμα
2722 2394 2928 2458 δικαίως
2960 2396 3209 2468 ἐπήγαγεν
3240 2397 3396 2467 αὐτῷ,
3432 2405 3521 2456 τῆς
3556 2400 3651 2468 μὲν
3681 2402 3849 2448 Θεον-

2207 2492 2428 2546 πολιτῶν
2476 2488 2847 2562 ἐκϐεϐλημένος,
2898 2486 3032 2543 διότι
3078 2508 3174 2564 περ
3223 2489 3378 2542 αὑτὸν
3430 2490 3456 2540 ὁ
3503 2485 3623 2541 κατ’
3662 2486 3851 2544 ἐκείνην

2210 2583 2522 2640 ἀπεσείσατο
2572 2585 2764 2658 θρόνος,
2823 2584 2903 2635 οἶα
2959 2578 3087 2655 μηδὲ
3135 2587 3226 2640 τὴν
3274 2578 3446 2655 ἀρχὴν
3496 2582 3657 2655 ὀρθῶς
3702 2580 3853 2639 αὐτῆς

2213 2678 2594 2751 ἐπειλημμένον,
2640 2670 2753 2728 αλλ’
2776 2676 2852 2728 ἔτι
2882 2679 3068 2739 ζῶντός
3095 2694 3150 2728 τε
3187 2679 3272 2727 καί
3304 2673 3354 2726 ἄν
3393 2682 3506 2734 ταῖς
3543 2674 3856 2746 ἁγιωτάταις

2214 2770 2499 2830 ἐκκλησίαις
2539 2766 3035 2843 ἀνακηρυττομένου,
3087 2774 3178 2820 τοῦ
3224 2771 3326 2842 πρὸ
3367 2766 3529 2818 αὺτοῦ
3574 2771 3671 2823 τήν
3719 2768 3855 2840 ἱερω-

2214 2868 2371 2923 σύνην
2415 2862 2714 2935 ἐσχηκότος,
2757 2863 2904 2936 παρὰ
2934 2857 2990 2913 δὲ
3018 2866 3109 2914 τοῦ
3138 2856 3252 2935 μετ’
3278 2859 3432 2912 αὑτὸν
3462 2867 3553 2919 τῆς
3585 2860 3857 2933 ἱερωσύνης

2215 2957 2589 3016 έκπεπτωκότος
2616 2976 2628 2989 ·
2678 2950 2735 3009 οὖ
2769 2957 2971 3007 στάντα
3013 2950 3068 3006 δὲ
3110 2957 3268 3028 μέχρι
3305 2955 3491 3006 τούτου
3531 2956 3711 3025 μόνον,
3744 2944 3857 3001 ἀλλ’

2214 3046 2311 3108 ἤδη
2358 3054 2445 3102 καί
2488 3050 2589 3103 ὑπὸ
2636 3053 2800 3101 κοινὸν
2856 3045 3269 3119 άναθεματισμὸν
3316 3054 3404 3105 τῆς
3452 3041 3723 3119 όρθοδόξου
3773 3044 3859 3095 καὶ

2217 3147 2482 3208 καθολικῆς
2513 3146 2777 3207 ἐκκλησίας
2812 3149 3101 3218 γενόμενον,
3136 3149 3221 3196 καὶ
3250 3143 3449 3197 πολλῶν
3475 3145 3595 3216 ἧμιν
3622 3139 3853 3215 βιϐλίων,

2139 3217 2195 3291 C
2219 3239 2533 3314 βλασφημῶν
2572 3258 2648 3306 τε,
2684 3243 2770 3291 καὶ
2818 3217 3240 3312 ἀπηγορευμένων
3284 3236 3622 3309 ἐμπλήσαντα
3658 3238 3719 3286 τὸ
3761 3252 3857 3287 πο-

2220 3330 2451 3404 λίτευμα.
2510 3332 2672 3384 Ὥστε
2719 3335 2804 3382 καί
2849 3327 3232 3404 άπαγορεύομεν
3275 3326 3442 3381 ἅπασι
3476 3334 3577 3380 τῶν
3621 3320 3786 3380 αὔτοῦ
3812 3344 3861 3376 τι

2221 3424 2493 3483 κεκτῆσθαι
2537 3422 2767 3498 βιϐλίων.
2805 3427 2906 3475 Καί
2945 3423 3119 3497 ὧσπερ
3149 3417 3238 3477 οὐκ
3277 3421 3442 3483 ἔξεστι
3471 3421 3538 3473 τά
3577 3422 3861 3493 Νεστορίον

2221 3519 2449 3591 γράφειν,
2485 3516 2516 3574 ἣ
2558 3516 2831 3575 κεκτῆσθαι
2877 3513 3072 3589 βιϐλία,
3110 3510 3243 3567 διότι
3271 3521 3375 3574 τοῖς
3404 3518 3504 3587 πρὸ
3534 3515 3676 3585 ἡμῶν
3712 3507 3863 3565 αὖτο-

2222 3612 2521 3684 κράτορσιν,
2558 3607 2608 3660 ἐν
2658 3615 2770 3670 ταῖς
2813 3609 3002 3661 ἑαυτῶν
3047 3603 3361 3673 διατάξεσιν,
3404 3602 3544 3669 ἔδοξε
3580 3614 3688 3666 τοῖς
3726 3607 3864 3681 παρὰ

2225 3707 2512 3777 Πορφυρίου
2557 3703 2690 3756 κατά
2730 3708 3057 3776 Χριστιανῶν
3103 3701 3374 3776 εἰρημένοις
3412 3700 3564 3772 ὅμοια
3603 3700 3864 3752 καθεστά-

2226 3814 2333 3861 ναι,
2368 3792 2498 3847 οὕτω
2526 3798 2654 3868 μήτε
2680 3796 2747 3847 τά
2787 3799 2986 3869 Σευὴρῳ
3016 3794 3231 3869 ῥηθέντα
3258 3811 3334 3859 τε,
3366 3796 3455 3844 καί
3494 3796 3761 3867 γραφέντα
3788 3809 3866 3865 με·

2228 3892 2353 3941 νέτω
2373 3889 2518 3963 παρὰ
2546 3909 2650 3940 τινι
2676 3894 2995 3962 Χριστιανῷ,
3032 3882 3147 3939 ἀλλ’
3180 3888 3313 3940 ἔστω
3341 3884 3555 3960 βέϐηλα,
3591 3891 3680 3939 καὶ
3710 3883 3865 3939 ἀλλό-

2228 4001 2350 4057 τρια
2387 3988 2475 4042 της
2518 3980 2777 4041 καθολικῆς
2824 3980 3108 4047 ἐκκλησίας,
3160 3984 3286 4056 πυρί
3331 3998 3387 4032 τε
3432 3979 3688 4051 φλεγέσθω
3731 3981 3866 4053 παρὰ

2230 4084 2329 4127 τῶν
2367 4079 2702 4149 κεκτημένων,
2742 4074 2785 4126 εἰ
2832 4080 2901 4147 μὴ
2944 4073 3217 4147 βούλονται
3266 4068 3574 4125 κινδυνεύειν
3625 4074 3671 4125 οἱ
3710 4077 3867 4124 ταῦτα

2231 4169 2457 4237 ἔχοντες.
2512 4167 2784 4241 Γραφέσθω
2838 4184 2891 4218 τε
2940 4167 3084 4240 παρὰ
3128 4160 3339 4237 μηδενὸς
3385 4167 3446 4217 τὸ
3492 4164 3693 4229 λοιπὸν,
3746 4159 3861 4236 μηδὲ

2232 4267 2332 4311 τῶν
2390 4259 2455 4319 εἰς
2499 4257 2696 4323 κάλλος,
2747 4254 2875 4331 μηδὲ
2917 4266 3015 4310 τῶν
3058 4256 3124 4317 εἰς
3171 4259 3334 4326 τάχος
3379 4260 3703 4330 γραφόντων,
3750 4250 3867 4328 μηδὲ

2234 4351 2393 4404 ἄλλου
2436 4354 2569 4412 τινὸς
2625 4359 2724 4403 τῶν
2774 4353 3002 4421 πάντων,
3049 4345 3237 4409 εἰδότος
3287 4351 3351 4408 ὡς
3409 4345 3649 4406 ἀποκοπή
3707 4352 3866 4422 χειρὸς

2236 4446 2385 4498 ἕσται
2414 4453 2518 4504 τοῖς
2547 4445 2616 4497 τά
2656 4442 2843 4497 ἐκείνου
2871 4446 3150 4519 γράφουσιν
3181 4444 3211 4501 ἡ
3239 4446 3410 4500 ποινή.
3446 4436 3580 4496 Οὖδὲ
3608 4444 3713 4516 γάρ
3753 4441 3864 4515 βου-

2240 4536 2427 4611 λόμεθα
2455 4542 2539 4589 καὶ
2584 4544 2654 4608 τῷ
2683 4535 2959 4609 λειπομένῳ
3000 4540 3178 4611 χρόνῳ
3226 4537 3318 4593 τὴν
3364 4532 3415 4596 ἐξ
3457 4532 3656 4586 ἐκείνων
3694 4533 3864 4587 ἐπισυ-

2241 4631 2419 4707 ρεσθαι
2464 4629 2811 4705 βλασφημίαν.
2849 4633 3056 4701 Ὁμοίως
3092 4624 3148 4679 δὲ
3201 4622 3265 4684 δὴ
3302 4631 3387 4678 καὶ
3416 4632 3599 4679 τοῦτον
3630 4630 3865 4682 παντοίως

2241 4722 2621 4799 ἀπαγορεύομεν
2651 4729 2738 4782 τῆς
2781 4717 3046 4795 βασιλίδος
3076 4718 3350 4773 ἐπιϐαίνειν
3396 4718 3587 4779 πόλεως
3619 4719 3649 4777 ἦ
3694 4737 3866 4794 περιοι-

2243 4813 2377 4878 κίδος
2421 4810 2596 4881 αὐτῆς,
2630 4814 2780 4874 ἄλλης
2821 4833 2877 4866 τε
2915 4821 3014 4866 τῶν
3064 4810 3335 4866 ἐπιϐαίνειν
3382 4811 3575 4872 πόλεως
3611 4811 3642 4869 ἦ
3684 4829 3863 4885 περιοι-

2241 4907 2380 4972 κίδος
2420 4905 2598 4975 αὐτῆς,
2638 4908 2791 4968 ἄλλης
2836 4926 2891 4959 τε
2933 4914 3033 4958 τῶν
3079 4904 3455 4980 ἐπισημοτέρων
3497 4909 3656 4969 τινὸς,
3691 4898 3800 4955 ἀλλ’
3827 4900 3864 4952 ἐν

2246 4999 2428 5077 ἐρημίᾳ
2475 5005 2599 5065 τινί,
2649 5004 2734 5051 καὶ
2782 5001 2983 5069 ἠσυχίᾳ
3029 4998 3297 5061 καθῆσθαι,
3342 5001 3427 5048 καὶ
3467 5001 3539 5068 μὴ
3583 4992 3865 5069 διαφθείρειν

2248 5095 2462 5168 ἑτέρους,
2524 5087 2652 5165 μηδὲ
2706 5090 2771 5151 εἰς
2821 5089 3151 5164 βλασφημίαν
3200 5082 3384 5147 αὖτοὺς
3433 5089 3708 5160 προάγειν,
3763 5077 3866 5157 μηδὲ

2247 5184 2327 5238 ἀεί
2356 5206 2408 5238 τι
2436 5188 2607 5237 καινὸν
2638 5180 2940 5257 ἐξευρίσκειν
2972 5182 3105 5234 κατά
3131 5188 3230 5232 τῶν
3262 5177 3458 5237 ἀληθῶν
3493 5175 3789 5252 δογμάτων,
3814 5171 3867 5227 δι’

2249 5278 2307 5331 οὗ
2357 5277 2510 5332 πάλιν
2570 5278 2689 5349 ἡμῖν
2746 5274 3064 5350 συνταράξαι
3117 5274 3209 5332 τὰς
3276 5270 3569 5343 ἁγιωτάτας
3626 5270 3865 5328 ἐκκλησίας

2250 5374 2516 5425 σπεύσειεν
2527 5410 2538 5422 .

2331 5500 2407 5562 Οὖ
2437 5510 2536 5579 μὸν
2565 5498 2683 5559 οὐδὲ
2728 5506 2917 5578 Πέτρον
2946 5505 3034 5556 τὸν
3066 5505 3340 5576 Ἀπαμείας
3366 5505 3640 5574 γενόμενον
3685 5498 3861 5554 inimco-

2249 5621 2369 5667 πον,
2404 5603 2491 5652 καὶ
2531 5596 2641 5671 ἅμα
2681 5600 2771 5671 μὲν
2816 5597 3181 5672 καθῃρημένον,
3216 5592 3327 5669 ἅμα
3363 5589 3420 5648 δὲ
3458 5592 3542 5648 ἐπὶ
3588 5601 3699 5654 τοῖς
3725 5586 3863 5645 αὖτοὶς

2253 5689 2326 5768 ἐφ’
2357 5688 2429 5754 οἶς
2467 5699 2678 5768 Σευῆρος
2721 5690 2821 5744 ὑπὸ
2861 5694 2920 5743 τὸ
2962 5688 3221 5765 εἰρημένον
3265 5685 3498 5761 ἀνάθεμα
3542 5680 3862 5761 γενόμενονή

2255 5785 2497 5862 βασιλεία
2535 5788 2828 5861 προσίεται,
2863 5778 2977 5838 ἀλλ’
3002 5786 3135 5838 ἔστω
3175 5786 3329 5857 κυρία
3362 5785 3449 5835 καὶ
3495 5783 3567 5835 τά
3601 5775 3720 5833 κατ’
3739 5772 3864 5833 αξιτοῦ

2257 5856 2589 5958 ξφηφισθένταξ
2627 5885 2726 5936 Καὶ
2752 5880 2852 5935 ὑπὸ
2889 5885 2977 5935 τὸν
3012 5884 3173 5938 κοινὸν
3204 5856 3415 5951 ταχθεὶς
3453 5856 3858 5952 ἀναθεματισμδνι
