4034 6228
201 399 297 454 981

1067 391 1430 450 JUSTINIANI
1468 388 1795 447 NOVELLA‘I
1832 386 2167 445 SELECT‘E.
2209 387 2516 445 NOVELLA
2557 388 2709 444 XLII.

3468 389 3574 446 982

201 504 291 562 ὑπ’
336 502 517 573 αὖτὸν,
551 510 703 573 ἔστω,
740 514 828 566 τῆς
854 513 954 558 τῶν
986 503 1284 577 ἁγιωτάτων
1327 501 1611 578 ἀρχιερέων
1658 500 1839 576 προελο
1860 542 1875 580 Α

1963 498 1998 549 εἰ
2027 495 2314 550 sententia
2339 496 2827 552 sanctissimorum
2854 494 3209 568 pontiﬁcum,
3238 511 3366 567 qua
3385 493 3575 569 ipsum

202 603 390 662 θούσης
420 595 501 655 ἐπ’
532 595 707 661 αὐτοῖς
736 596 901 671 ψήφου
947 602 1120 672 κυρίας
1151 592 1506 669 διαμενούσης.
1544 590 1654 650 Οὖκ
1701 594 1842 667 ἐφίσ-

200 714 294 768 μεν
329 692 386 748 δὲ
416 689 531 748 οἶδὲ
574 693 744 765 ἐκείνῳ
775 696 965 750 ταύτην
1018 692 1170 745 οἰκεῖν
1203 696 1295 750 τήν
1326 688 1580 765 βασιλίδα
1606 691 1779 754 πόλιν,
1811 690 1842 748 ἡ

202 793 297 847 τήν
338 782 496 849 αὐτῆς
537 783 844 862 περιοικίδα,
878 789 908 844 ἧ
951 804 1069 838 τινα
1113 792 1213 837 τῶν
1261 788 1598 859 σεμνοτέρων,
1630 779 1744 836 ἀλλ’
1772 783 1841 835 ὧν

203 880 514 940 ἠκολούθησε
544 889 606 954 τῇ
635 879 824 953 πλάνη,
854 881 1047 932 τούτων
1074 879 1325 952 μιμείσθω
1352 882 1439 930 καί
1479 882 1572 936 τήν
1611 873 1839 943 δίαιταν,

202 972 563 1046 ἀπῳκισμένος
608 973 688 1026 ὅτι
726 973 1058 1048 πορρωτάτω,
1111 976 1197 1024 καί
1248 974 1483 1045 κρύπτων
1534 972 1734 1036 ἑαυτὸν,
1781 972 1847 1031 ὠς

205 1074 312 1126 τοῖς
359 1084 417 1138 γε
463 1068 708 1125 τοιούτοις
753 1069 812 1118 τὸ
858 1064 1176 1138 κρύπτεσθαι
1206 1061 1397 1135 μᾶλλον
1445 1067 1535 1114 τοῦ
1581 1061 1847 1134 φαίνεσθαι

205 1157 648 1232 λυσιτελέστερον.
701 1163 920 1229 Ἀφανιῖς
968 1160 1058 1227 μὲν
1097 1158 1198 1229 γὰρ
1239 1159 1378 1216 ὄντες
1428 1156 1633 1215 ἑαυτοὺς
1688 1172 1849 1206 κατα-

207 1249 468 1322 ϐλάψουσι
494 1254 677 1323 μόνους
707 1270 718 1282 ·
756 1246 1140 1322 δημοσιεύοντις
1178 1244 1232 1300 δὲ
1274 1249 1342 1301 τά
1382 1248 1573 1301 ἑαυτῶν
1613 1244 1850 1319 δόγματα

208 1343 415 1403 πολλοῖς
453 1350 552 1395 τῶν
583 1340 921 1416 ἀφελεστὲρων
951 1338 1178 1415 ἀφορμήν
1220 1336 1456 1400 ἀπολείας
1499 1341 1842 1412 παρέχουσιν,

209 1436 337 1510 ὅπερ
380 1431 496 1487 κατ’
544 1428 729 1487 οὐδένα
772 1435 1005 1506 γίνεσθαι
1052 1436 1262 1506 τρόπον.
1306 1430 1355 1484 ἐν
1405 1440 1467 1503 τῇ
1510 1436 1849 1506 Χριστιανικῇ

214 1534 306 1581 τοῦ
335 1532 468 1579 Θεοῦ
514 1531 724 1599 ποίμνη,
769 1530 854 1578 καὶ
889 1534 960 1596 τῷ
1007 1520 1255 1599 όρθοδόξῳ
1299 1523 1404 1596 λαῷ
1450 1519 1647 1578 δίκαιόν
1684 1520 1846 1590 ἐστιν,

215 1614 333 1676 οὐδὲ
362 1621 509 1695 παρὰ
536 1626 623 1681 τῆς
655 1618 918 1693 βασιλείας
947 1620 1395 1692 συγχωρούμενον.

296 1773 440 1823 Ἐπεὶ
468 1764 525 1822 δὲ
555 1772 642 1820 καὶ
668 1773 875 1843 Ζωόραν
903 1766 1125 1830 ἠξίωσαν
1154 1765 1277 1826 ὅλως
1304 1766 1406 1821 ὑπὸ
1440 1762 1852 1836 άναθεματισμὸν

211 1863 259 1913 οἱ
309 1859 757 1934 σεϐασμιώτατοι,
805 1864 892 1911 καὶ
942 1860 1010 1911 τά
1058 1853 1235 1909 δίκαια
1279 1860 1537 1932 κρίναντες
1586 1851 1933 1954 ίπίσκοποιΒ

207 1954 555 2019 ποιήσασθαι,
587 1954 775 2027 μικράν
807 1971 926 2004 τινα
952 1950 1271 2026 παρενθήκην
1309 1955 1410 2001 τῶν
1446 1949 1687 1999 τοιούτῶν
1729 1949 1857 1998 ὄντα

210 2054 405 2112 κακῶν,
446 2045 496 2099 ἐν
536 2045 608 2105 οἷς
634 2044 940 2117 ἠτίμασται,
977 2047 1037 2095 τὸ
1072 2047 1193 2114 γοῦν
1222 2040 1346 2100 ὅλως
1382 2046 1565 2110 τυχεῖν
1594 2042 1729 2098 τινὸς
1770 2031 1855 2092 εὖ·

168 2152 175 2159 ’
210 2145 523 2215 πορήσαντα
568 2143 784 2212 μνήμης,
819 2140 952 2190 ἔστω
994 2140 1080 2187 καὶ
1108 2139 1309 2209 Ζωόρας
1351 2141 1440 2193 τῆς
1476 2137 1699 2205 πονηρᾶς
1734 2134 1859 2184 ταύ-

210 2253 300 2294 της
330 2228 554 2307 μερίδος,
591 2232 824 2303 Ἀνθίμου
853 2247 929 2295 τε,
966 2232 1051 2280 καὶ
1091 2231 1327 2300 Σευήρου,
1361 2230 1447 2277 καί
1476 2228 1671 2298 Πέτρου
1696 2226 1855 2295 φαμεν

212 2326 506 2399 παρενθήκη
552 2343 627 2384 τις
672 2318 901 2387 εὐτελής,
953 2325 1040 2373 καὶ
1082 2318 1132 2371 ἐν
1179 2328 1284 2379 τοῖς
1317 2316 1858 2389 άνατεθεματισμένοις

213 2424 302 2470 καί
350 2413 506 2478 αὖτὸς
551 2417 790 2487 τετάχθω
834 2424 923 2475 τῆς
969 2417 1219 2488 ἱερατικῆς
1259 2407 1422 2466 αὑτὸν
1466 2413 1859 2482 κατενεγκούσης

212 2510 404 2583 ψήφου,
440 2509 498 2568 ἣν
538 2514 717 2583 κυρίαν
762 2510 847 2560 καί
888 2502 1049 2565 αὖτήν
1100 2502 1172 2579 ἐφ’
1197 2508 1374 2565 ἑαυτῆς
1412 2502 1570 2557 οὖσαν
1614 2504 1858 2577 κυριωτέ-

215 2624 312 2679 ραν
344 2606 421 2656 ἔτι
450 2601 640 2675 μᾶλλον
671 2604 701 2659 ή
742 2600 983 2675 βασιλεία
1008 2608 1165 2665 ποιεῖ,
1202 2604 1288 2651 καί
1316 2603 1495 2650 τοῦτον
1525 2594 1860 2658 ἑξελάύνουσα

214 2705 305 2757 τῆς
336 2691 603 2769 βασιλίδος
642 2698 832 2752 ταύτης
858 2691 1068 2755 πόλεως,
1109 2694 1195 2742 καί
1224 2697 1312 2750 τῆς
1345 2683 1501 2746 αὖτής
1528 2680 1854 2759 περιοικίδας,

216 2793 306 2840 καί
349 2786 433 2841 ἐπὶ
477 2792 568 2845 τήν
599 2795 698 2839 τῶν
740 2784 933 2838 πόλεων
978 2785 1173 2840 οἴκησιν
1213 2775 1354 2850 αὖτῷ
1382 2780 1635 2835 παντοίως
1661 2772 1863 2845 ἀπαγο-

219 2885 464 2955 ρεύουσα,
489 2880 621 2932 ὥστε
649 2872 762 2951 μετ’
784 2876 980 2929 ἐκεινων
1007 2878 1171 2946 μόνων
1202 2872 1352 2925 οἰκεῖν
1382 2889 1457 2934 τε,
1484 2872 1570 2920 καὶ
1594 2866 1863 2941 βουλεύεσ-

218 2974 307 3024 θαι
334 2980 436 3025 τῶν
478 2970 760 3045 ἔμπροσθεν
800 2970 919 3039 ἡμῖν
964 2966 1255 3039 εἰρημένων,
1290 2961 1442 3033 ὅμοια
1487 2963 1575 3031 μὲν
1624 2956 1860 3030 βλασφη-

218 3067 472 3135 μούντων,
508 3062 661 3134 ὅμοια
701 3056 756 3113 δὲ
795 3062 882 3111 καὶ
909 3058 1199 3127 παθόντων,
1230 3056 1409 3125 ὁμοίως
1449 3046 1504 3103 δὲ
1531 3052 1618 3101 καὶ
1661 3067 1861 3122 περιω-

220 3158 493 3229 ρισμένων.
529 3153 591 3206 Ei
617 3149 673 3206 δὲ
716 3172 768 3206 τι
797 3154 884 3204 καί
914 3147 1080 3222 ἕτερον
1110 3156 1172 3219 τῇ
1196 3152 1298 3199 τῶν
1328 3143 1627 3215 ἁγιωτάτων
1658 3139 1866 3194 ἐπισκό-

216 3267 331 3301 πων
372 3249 672 3321 περιέχεται
699 3242 848 3316 ψήφῳ
977 3245 1092 3301 τούς
1120 3238 1512 3313 προειρημένους
1551 3232 1864 3306 καθαιρούσῃ
1885 3247 1940 3321 C

221 3359 300 3408 τε,
335 3343 423 3391 καὶ
467 3325 935 3410 ἀναθεματιζούσῄ,
980 3336 1150 3407 κύριον
1190 3327 1246 3383 δὲ
1288 3333 1374 3381 καί
1415 3332 1567 3380 τοῦτο
1602 3325 1858 3397 τιθέμεθα,

219 3435 307 3484 καὶ
343 3439 450 3490 τοῖς
497 3430 665 3495 θείοις,
702 3432 789 3481 καί
821 3425 1105 3500 βασιλικοῖς
1146 3424 1284 3494 ήμῶν
1324 3413 1453 3472 αὖτὸ
1491 3420 1659 3488 νόμοις
1692 3414 1868 3469 ἐπικυ-

221 3529 430 3596 ροῡμεν,
485 3524 550 3583 ὡς
596 3518 660 3573 ἄν
708 3520 752 3572 εἰ
792 3519 939 3593 παρὰ
980 3524 1068 3576 τῆς
1116 3511 1380 3588 βασιλείας
1430 3503 1575 3568 οὖτῆς
1620 3504 1864 3581 προελθὸν

222 3615 529 3686 ἐτύγχανεν.
563 3612 623 3666 Ei
651 3609 706 3665 δὲ
734 3616 822 3665 καὶ
848 3630 925 3670 τις
955 3603 1125 3663 αὐτῶν
1153 3603 1298 3677 ἁλοίη
1333 3608 1392 3656 τὸ
1418 3601 1592 3655 λοιπὸν
1621 3602 1863 3673 πράττων

220 3730 271 3762 τι
313 3709 463 3781 παρὰ
510 3708 577 3759 τὰ
622 3701 1063 3775 διατετυπωμένα,
1118 3702 1246 3751 ἴστω
1293 3700 1379 3748 καὶ
1425 3701 1528 3754 τοῖς
1580 3690 1866 3766 βασιλικοῖς

221 3803 631 3872 ύποπεσούμενος
672 3802 862 3871 νόμοις,
897 3792 946 3848 οἳ
985 3795 1075 3853 τὰς
1123 3790 1359 3849 ἐλάττους
1397 3794 1498 3840 τῶν
1536 3792 1724 3839 ποινῶν
1772 3781 1865 3835 ἐκ-

219 3895 473 3955 κλίνοντες
494 3936 507 3961 ,
573 3891 638 3953 εἰς
691 3894 889 3964 μείζους
945 3883 1254 3960 ἐμϐάλλουσι
1310 3882 1401 3939 τὰς
1466 3874 1858 3949 ἀγανακτήσεις.

226 3991 630 4061 ’Δπαγορεύομεν
662 3980 717 4037 δὲ
759 3986 846 4034 καὶ
873 3983 1034 4035 παντί
1062 3985 1134 4049 τῷ
1168 3980 1259 4033 τήν
1298 3970 1563 4029 καθολικὴν
1594 3967 1863 4028 ἐκκλησίαν

142 4070 149 4073 ⁷
221 4087 315 4133 τοῦ
341 4085 475 4132 Θεοῦ
503 4075 733 4148 δασπᾲν
765 4074 1137 4147 ἐπιχειροῦντι,
1172 4070 1270 4121 εἴτε
1300 4066 1433 4118 κατὰ
1457 4068 1551 4122 τήν
1582 4065 1865 4135 Νεστορίου

222 4179 315 4225 τοῦ
356 4169 720 4247 φρενοϐλαϐοῦς
755 4169 1026 4240 ὑφήγησιν,
1063 4165 1163 4214 εἴτε
1208 4160 1343 4212 κατὰ.
1387 4162 1479 4216 τήν
1522 4152 1735 4212 ἀνόητον
1768 4147 1866 4207 Εὖ-

224 4272 420 4336 τυχοῦς
458 4258 775 4339 παράδοσιν,
820 4261 918 4311 εἴτε
961 4256 1094 4309 κατὰ
1138 4258 1228 4311 τήν
1274 4254 1490 4324 Σευήρου
1536 4246 1863 4321 βλασφημίαν

225 4362 397 4414 ταύτὰ
424 4355 668 4416 κάκείνοις
698 4358 994 4416 νοήσαντος,
1030 4351 1127 4402 εἴτε
1155 4354 1254 4399 τῶν
1292 4343 1491 4403 ἐκείνοις
1520 4338 1865 4392 ἀκολουθούν-

224 4471 327 4503 των
361 4457 471 4509 ταίς
499 4448 809 4521 ἁγιωτάταις
843 4441 1158 4500 Ἐκκλησίαις
1193 4437 1431 4511 ταραχάς
1461 4430 1742 4506 ἐμϐάλλειν,
1778 4434 1864 4481 καί

224 4541 529 4616 φθέγγεσθαί
572 4559 623 4592 τι
663 4542 781 4612 περί
828 4540 1045 4594 πίστεως
1080 4553 1091 4563 ·
1128 4528 1260 4583 ἀλλά
1304 4530 1603 4598 θεσπίζομεν
1648 4521 1863 4576 ἕκαστον

225 4646 329 4689 τῶν
360 4636 600 4688 τοιούτων
630 4636 722 4690 τήν
763 4627 991 4700 ἡσυχίαν
1030 4627 1194 4699 ἄγειν,
1229 4627 1314 4675 καί
1341 4616 1467 4694 μηδὲ
1497 4615 1768 4690 συγκαλεῖν
1801 4614 1865 4674 εἰς

228 4731 410 4783 ἑαυτόν
450 4745 613 4791 τινας,
646 4728 773 4797 μήτε
810 4723 1121 4798 προσιόντας
1158 4713 1423 4787 δέχεσθαι,
1456 4712 1487 4770 ἢ
1521 4707 1865 4785 παραϐαπτί-

227 4827 333 4884 ζειν
364 4819 564 4895 θαρρεῖν
600 4837 612 4848 ’
649 4816 679 4875 in
704 4820 795 4873 τήν
829 4815 965 4888 ἱερὰν
1003 4814 1266 4863 κοινωνίαν
1294 4808 1578 4884 ῥυπαίνειν,
1615 4806 1701 4853 καὶ
1728 4804 1867 4854 ταύ-

229 4935 316 4975 της
346 4891 681 4987 μεταδιδόναι
710 4911 867 4971 τισίν,
903 4906 933 4964 ἢ
962 4906 1054 4964 τὰς
1082 4900 1495 4977 ἀπηγορευμένας
1532 4891 1866 4955 διδασκαλίας

230 5006 548 5080 ύτρηγείσθαι,
592 5003 622 5061 ή
667 4999 750 5053 ἐπὶ
788 5002 975 5058 ταύτης
1023 5004 1109 5056 τῆς
1156 4987 1423 5069 βασιλίδος
1469 4992 1607 5062 ήμῶν
1653 4986 1860 5052 πόλεως,

229 5101 258 5158 ἢ
292 5093 366 5171 ἐφ’
398 5096 588 5172 ἐτέρας,
626 5088 739 5146 ἀλλ’
761 5090 1043 5166 ύφορασθαι
1070 5091 1242 5142 πάντα
1273 5080 1527 5149 κίνδυνον,
1560 5082 1606 5133 εἴ
1628 5100 1679 5132 τι
1706 5083 1869 5132 τοιοῦ-

229 5213 317 5246 τον
346 5190 615 5266 πράξαιεν.
655 5186 1057 5259 ’Λπαγορεύομεν
1101 5177 1156 5232 δὲ
1199 5183 1283 5232 καί
1319 5182 1452 5231 πᾶσι
1490 5177 1695 5233 τούτους
1728 5172 1868 5225 ύπο-

230 5282 500 5357 δέχεσθαι.
549 5279 867 5333 Ἀπελαύνειν
913 5278 1003 5349 μὲν
1062 5269 1147 5326 οὖν
1203 5272 1494 5344 θεοπίζομεν
1543 5260 1724 5325 αὖτοὺς
1766 5272 1867 5317 τῶν

230 5375 322 5433 ὑπ’
364 5371 534 5431 αὖτὼν
582 5373 971 5448 ταραττομένών
1014 5366 1227 5431 πόλεων,
1282 5359 1477 5422 εἰδότας
1522 5362 1612 5419 τὰς
1666 5357 1863 5423 ποινάς,

232 5473 325 5531 τὰς
353 5476 467 5529 ταῖς
496 5467 650 5526 θείαις
681 5467 820 5538 ἡμῶν
846 5458 943 5521 ἤδη
980 5460 1347 5535 περιεχομένας
1370 5451 1401 5508 δ
1407 5453 1684 5517 ιατάξεσιν,
1718 5449 1870 5524 αἴπερ

232 5568 321 5618 κάί
346 5564 438 5623 τὰς
476 5559 635 5619 οἰκίας
672 5553 852 5623 αὖτὰς,
887 5553 936 5607 ἐν
976 5548 1054 5615 αἷς
1087 5554 1315 5605 τοιοῦτόν
1356 5568 1408 5602 τι
1447 5550 1751 5623 πράττεται,
1786 5547 1871 5596 καὶ

232 5657 302 5709 τά
328 5656 505 5729 χωρία
532 5650 583 5713 ἐξ
612 5646 679 5701 ὧν
710 5649 799 5709 τὰς
842 5644 1130 5721 ἀππροφάς
1172 5646 1539 5718 χορηγοῦνται,
1570 5644 1679 5696 ταῖς
1703 5634 1871 5709 ἁγιω-

233 5752 415 5807 τάταις
462 5742 810 5801 Ἐκκλλησίαις
856 5741 1229 5814 προσκυροῦσι,
1279 5742 1378 5787 τῶν
1424 5735 1514 5808 μὲν
1559 5732 1870 5804 κεκτημένων

233 5838 624 5915 ἀφαιρούμεναι,
661 5830 795 5887 διότι
840 5829 1029 5908 βλάϐης
1070 5830 1215 5883 αἰτία
1259 5835 1363 5889 τοῖς
1392 5824 1752 5900 ἁπλουστέροις
1778 5828 1874 5895 γί-

236 5953 403 6002 νεται,
436 5932 538 5986 ὑπὸ
572 5925 629 5984 δὲ
669 5929 757 5990 τὰς
804 5925 1093 6001 ἁγιωτάτας
1136 5925 1222 5975 καί
1261 5916 1550 5999 όρθοδόξους
1580 5916 1875 5981 Ἐκκλησίας

1940 589 2235 661 praevenit,
2266 590 2435 644 firma
2446 594 2804 662 permaneto.
2826 592 3021 662 Neque
3035 606 3166 646 vero
3192 589 3575 659 permittimus

1942 683 2022 739 illi
2054 683 2203 737 hanc
2229 683 2454 754 regiam
2484 684 2685 739 urbem
2713 684 2996 749 habitare,
3030 687 3130 738 aut
3171 683 3349 754 ipsius
3379 682 3571 738 distri-

1943 779 2121 844 ctum,
2146 778 2235 831 vel
2258 778 2510 848 aliquam
2533 778 2604 832 de
2630 778 2986 849 insignibus;
3020 778 3121 832 sed
3146 793 3394 848 quorum
3421 792 3578 831 secu-

1943 873 2035 925 tus
2064 875 2152 925 est
2186 886 2465 938 errorem,
2506 871 2713 926 horum
2762 871 3019 926 imitetur
3050 870 3229 924 victus
3263 870 3574 940 rationem,

1944 980 2117 1035 quam
2144 963 2481 1034 longissime
2518 963 2831 1019 abscedens
2878 966 2935 1018 et
2963 963 3254 1018 occultans
3282 963 3574 1034 seipsum;

1947 1074 2083 1112 nam
2098 1056 2305 1111 talibus
2322 1057 2618 1121 occultari,
2640 1074 2820 1129 quam
2841 1057 3020 1112 videri
3042 1057 3236 1112 utilius
3265 1061 3369 1111 est.
3389 1054 3580 1125 Ignoti

1947 1151 2165 1206 ctenim
2195 1151 2522 1220 existentes,
2551 1168 2610 1207 se
2641 1150 2793 1223 ipsos
2819 1150 3038 1205 lmdunt
3067 1151 3249 1205 solos:
3282 1149 3579 1221 publican-

1948 1239 2035 1300 tes
2063 1261 2200 1300 vero
2230 1261 2334 1300 sua
2367 1245 2665 1316 dogmata,
2697 1244 2894 1300 multis
2926 1261 2994 1299 ex
3020 1242 3462 1315 simplicioribus
3483 1258 3577 1297 oc-

1950 1338 2239 1393 casionem
2283 1337 2624 1410 perditionis
2665 1337 2955 1409 prmbent;
3002 1336 3158 1409 quod
3206 1337 3365 1391 nullo
3406 1334 3582 1392 modo

1949 1431 2075 1487 fieri
2112 1432 2171 1486 in
2214 1431 2534 1487 Christiano
2584 1431 2716 1487 ovili
2755 1431 2857 1485 Dei
2894 1434 2952 1485 et
2988 1430 3319 1486 orthodoxa
3369 1428 3583 1502 populo

1952 1541 2187 1597 equum
2216 1530 2323 1596 est,
2357 1541 2550 1598 neque
2576 1526 2646 1580 ab
2678 1524 2923 1596 imperio
2952 1523 3301 1597 permissum
3335 1525 3438 1578 est.

2023 1716 2150 1772 CAP.
2173 1715 2262 1770 III.
2291 1744 2363 1755 --
2390 1712 2678 1780 Quoniam
2705 1726 2842 1768 vero
2875 1715 2935 1767 et
2949 1714 3192 1767 Zoaram
3218 1710 3466 1782 dignum
3484 1727 3589 1783 pe-

1955 1806 2111 1863 nitus
2130 1807 2468 1879 judiearunt
2506 1807 2610 1862 sub
2637 1804 3123 1863 anathematismo
3155 1820 3279 1859 esse
3318 1819 3589 1859 reveren-

1957 1901 2194 1969 dissimi,
2239 1906 2297 1956 et
2332 1901 2430 1972 qui
2454 1901 2612 1973 justa
2638 1899 2907 1971 judicent
2933 1898 3185 1970 episcopi
3227 1898 3374 1967 (cum
3418 1912 3595 1969 parva

1959 1994 2224 2065 quedam
2244 1994 2445 2048 talium
2475 1995 2764 2049 malorum
2785 1991 3148 2063 interpositio
3167 1990 3280 2061 sit),
3316 1990 3448 2045 etin
3465 1989 3594 2061 qui-

1956 2087 2061 2142 bus
2091 2086 2506 2141 dehonestatus
2527 2090 2631 2156 est,
2657 2085 2853 2152 omnia
2871 2084 3136 2139 videlicet
3160 2082 3594 2155 comprehendo

1960 2197 2027 2234 ex
2047 2179 2333 2235 memoria
2354 2179 2603 2250 quadam
2623 2177 2977 2244 abundanti;
3007 2177 3079 2232 sit
3101 2180 3159 2232 et
3184 2178 3392 2231 Zoaras
3421 2176 3598 2230 inter-

1958 2273 2166 2345 positio
2201 2273 2466 2343 quzedam
2503 2289 2680 2345 parva
2706 2272 2877 2341 hujus
2906 2272 3076 2325 malae
3108 2269 3287 2341 partis
3319 2266 3598 2337 (Anthimi

1962 2366 2205 2421 dicimus
2233 2369 2290 2419 et
2316 2365 2512 2419 Severi
2544 2383 2609 2419 ac
2638 2365 2831 2434 Petri),
2862 2367 2919 2419 et
2947 2365 3287 2418 numeretur
3318 2362 3435 2433 ipse
3453 2376 3595 2432 quo-

1962 2477 2073 2531 que
2112 2460 2261 2513 inter
2296 2459 2828 2525 anathematizatos,
2880 2473 3041 2512 sacra
3090 2455 3373 2511 sententia
3411 2454 3599 2526 ipsum

1963 2552 2266 2623 dejiciente
2288 2569 2301 2607 :
2327 2568 2501 2623 quam
2522 2551 2750 2605 ﬁrmam
2770 2554 2821 2605 et
2848 2549 3029 2621 ipsam
3052 2566 3121 2604 ex
3152 2548 3337 2620 seipsa
3361 2547 3602 2602 existen-

1962 2650 2101 2714 tem,
2134 2645 2320 2699 adhuc
2343 2645 2655 2699 firmiorem
2684 2643 2993 2715 imperium
3013 2642 3236 2697 reddit:
3268 2644 3327 2696 et
3355 2641 3508 2695 hunc
3528 2639 3601 2695 de

1962 2742 2069 2795 hac
2100 2739 2262 2811 regia
2290 2739 2430 2794 urbe
2464 2744 2521 2793 et
2562 2739 2684 2810 ejus
2725 2737 2987 2791 districtu
3026 2735 3241 2806 abjicit,
3283 2737 3340 2788 et
3378 2733 3602 2788 habita-

1913 2870 1920 2883 .
1961 2835 2179 2889 tionem
2211 2832 2270 2887 in
2317 2832 2442 2887 aliis
2478 2831 2800 2887 civitatibus
2835 2830 2941 2902 ipsi
2982 2828 3223 2884 omnino
3270 2826 3600 2893 interdicit;

1962 2928 2155 2998 itaque
2180 2942 2311 2981 cum
2338 2927 2448 2980 illis
2474 2925 2610 2981 solis
2630 2924 2854 2980 habitet
2871 2927 2929 2978 et
2947 2922 3233 2978 consultet
3257 2920 3355 2992 qui
3381 2937 3415 2974 a
3436 2918 3603 2974 nobis

1961 3024 2094 3074 ante
2126 3019 2435 3074 memorati
2465 3022 2632 3074 sunt:
2682 3017 2779 3089 qui
2809 3016 3018 3071 similia
3049 3014 3286 3086 quidem
3330 3012 3601 3084 blasphe-

1963 3114 2146 3180 mant,
2179 3112 2389 3167 similia
2412 3128 2547 3167 vero
2576 3111 2893 3183 patiuntur,
2930 3113 2988 3164 et
3007 3106 3343 3163 similiterin
3372 3104 3604 3160 exilium

1966 3206 2290 3261 mittuntur.
2321 3205 2377 3261 Si
2408 3202 2545 3277 quid
2574 3221 2709 3259 vero
2741 3203 2896 3258 aliud
2916 3203 2974 3257 in
3006 3200 3294 3256 sententia
3318 3197 3605 3254 sanctissi-

1966 3316 2194 3354 morum
2253 3300 2653 3372 episcoporum
2712 3297 3060 3363 continetur,
3120 3311 3249 3366 quae
3302 3292 3607 3365 praedictos

1968 3391 2225 3465 deponit,
2257 3395 2315 3447 et
2339 3391 2808 3459 anathematizat,
2836 3392 2947 3446 hoc
2976 3388 3197 3444 ﬁrmius
3224 3386 3518 3443 reddimus
3550 3389 3609 3441 et

1968 3485 2200 3555 diutius,
2230 3504 2296 3541 ac
2321 3485 2715 3558 imperialibus
2741 3484 2948 3539 nostris
2993 3482 3216 3554 legibus
3256 3480 3446 3553 ipsum
3486 3496 3607 3535 cor-

1966 3580 2327 3647 roboramus,
2343 3596 2409 3634 ac
2428 3580 2472 3633 si
2491 3578 2562 3634 ab
2582 3578 2827 3649 imperio
2848 3577 2970 3647 ipso
2992 3574 3367 3646 provenisset.
3393 3573 3453 3627 Si
3470 3588 3605 3627 vero

1968 3672 2172 3744 aliquis
2200 3671 2455 3743 ipsorum
2479 3669 2947 3742 deprehendatur
2962 3668 3035 3722 de
3052 3670 3264 3721 caetero
3292 3666 3484 3720 facere
3508 3664 3609 3719 ali-

1968 3765 2104 3837 quid
2131 3769 2343 3838 przeter
2363 3764 2691 3832 constituta,
2715 3762 2853 3817 sciat
2868 3778 2927 3816 se
2951 3758 3217 3815 incidisse
3232 3759 3289 3813 in
3321 3758 3481 3829 leges
3498 3756 3604 3811 im-

1966 3860 2234 3932 periales,
2253 3876 2381 3931 quae
2402 3857 2653 3913 minores
2664 3873 2863 3929 pcenas
2878 3854 3251 3920 declinantes,
3268 3851 3342 3907 ad
3356 3851 3608 3922 majores

1965 3951 2749 4024 immittuntindignationes.
2769 3948 3168 4006 lnterdicimus
3191 3949 3385 4001 autem
3407 3948 3467 3999 et
3487 3960 3609 4000 om-

1968 4048 2133 4102 nibus
2152 4046 2488 4102 conantibus
2517 4044 2862 4100 catholicam
2878 4042 2981 4099 Dei
3005 4041 3127 4097 Eccl
3138 4042 3315 4096 esiam
3338 4039 3608 4094 divellere

1968 4142 2102 4214 (sive
2143 4140 2461 4195 secundum
2500 4138 2741 4194 Nestorii
2785 4136 3042 4192 haeretici
3080 4135 3427 4201 doctrinam,
3491 4131 3606 4188 sive

1968 4234 2286 4290 secundum
2326 4232 2602 4287 insensati
2649 4230 2917 4303 Eutychis
2950 4229 3344 4295 traditionem,
3379 4226 3493 4281 sive
3525 4243 3610 4282 se-

1968 4328 2219 4383 cundum
2235 4327 2657 4399 blasphemiam
2673 4325 2886 4393 Severi,
2907 4325 3007 4396 qui
3021 4327 3078 4378 et
3094 4322 3299 4377 similia
3316 4320 3429 4375 illis
3445 4321 3609 4375 intel-

1966 4423 2120 4489 lexit,
2148 4426 2246 4475 aut
2267 4437 2465 4475 eorum
2484 4420 2579 4492 qui
2606 4420 2729 4473 illos
2748 4418 3106 4489 sequuntur),
3124 4414 3463 4470 seditionem
3494 4414 3605 4468 im-

1966 4515 2192 4568 mittere
2214 4511 2876 4577 sanctissimisEcclesiis,
2897 4512 2955 4563 et
2972 4508 3126 4580 loqui
3142 4505 3359 4578 aliquid
3376 4506 3444 4559 de
3456 4505 3602 4574 ﬁde;

1884 4615 1944 4687 D
1968 4608 2065 4662 sed
2099 4605 2382 4661 sancimus
2400 4604 2715 4676 qu‘emlibet
2734 4604 2939 4658 talium
2964 4600 3224 4672 quietum
3253 4615 3396 4665 esse,
3414 4600 3603 4653 etnon

1966 4716 2278 4755 convocare
2311 4699 2530 4770 aliquos
2555 4698 2627 4753 ad
2650 4714 2730 4766 se,
2754 4712 2940 4768 neque
2964 4693 3304 4748 accedentes
3326 4691 3602 4763 recipere,

1966 4797 2063 4849 aut
2091 4809 2394 4866 perperam
2424 4792 2715 4863 baptizare
2749 4790 2961 4845 audere
2988 4831 3001 4857 ,
3054 4791 3153 4843 aut
3188 4802 3411 4841 sacram
3445 4801 3599 4840 com-

1966 4888 2307 4943 munionem
2337 4885 2650 4952 sordidare,
2675 4884 2929 4956 etipsam
2957 4882 3243 4954 aliquibus
3264 4879 3491 4935 tradere
3506 4882 3607 4933 aut

1967 4982 2296 5037 interdictas
2308 4980 2598 5036 doctrinas
2614 4994 2897 5048 exponere
2914 4976 3028 5031 sive
3049 4976 3106 5030 in
3120 4976 3229 5031 hac
3244 4976 3435 5029 nostra
3449 4971 3608 5042 regia

1969 5077 2086 5131 sive
2112 5076 2169 5130 in
2202 5075 2315 5129 alia
2349 5073 2603 5139 civitate;
2644 5072 2744 5125 sed
2782 5088 2953 5126 omne
2987 5070 3307 5142 periculum
3346 5064 3607 5119 reformi-

1971 5170 2127 5237 dare,
2159 5167 2204 5221 si
2237 5165 2374 5237 quid
2404 5166 2519 5219 tale
2560 5164 2749 5219 faciat.
2784 5163 3185 5219 lnterdicimus
3217 5160 3387 5215 etiam
3416 5157 3602 5212 omni-

1968 5263 2094 5329 bus,
2128 5278 2201 5315 ne
2226 5259 2366 5313 istos
2392 5257 2721 5330 suscipiant.
2751 5258 2936 5329 Abjici
2967 5272 3107 5327 ergo
3140 5255 3289 5325 ipsos
3316 5249 3607 5306 sancimus

1972 5356 2040 5411 de
2085 5352 2404 5410 civitatibus
2447 5352 2518 5407 ab
2570 5351 2703 5423 ipsis
2747 5350 3066 5416 concitatis,
3113 5348 3358 5402 scientes
3408 5360 3606 5415 pcenas

1964 5451 2088 5522 jam
2134 5450 2433 5505 contentas
2473 5445 2531 5500 in
2571 5444 2779 5499 nostris
2835 5442 3037 5499 divinis
3078 5437 3604 5503 constitutionibus,

1971 5561 2100 5617 qua:
2143 5549 2200 5598 et
2245 5541 2451 5597 domos
2501 5539 2672 5612 ipsas,
2727 5537 2784 5592 in
2827 5536 3034 5609 quibus
3088 5535 3201 5589 tale
3243 5532 3385 5605 quid
3419 5532 3502 5598 ﬁt,
3552 5534 3611 5584 et

1973 5655 2206 5710 campos
2234 5653 2298 5692 ex
2329 5635 2537 5709 quibus
2567 5631 2920 5688 nutrimenta
2944 5628 3293 5701 prmbentur,
3317 5622 3607 5680 sanctissi-

1974 5732 2083 5787 mis
2110 5729 2368 5787 Ecclesiis
2390 5728 2709 5802 assignant,
2728 5730 2785 5782 et
2805 5743 2837 5781 a
2863 5721 3290 5798 possidentibus
3314 5719 3605 5781 auferunt,

1975 5826 2110 5899 quia
2135 5824 2472 5882 detrimenti
2508 5814 2701 5878 causa
2721 5821 2783 5875 fit
2814 5814 3288 5892 simplicioribus;
3320 5808 3609 5868 sanctissi-

1977 5919 2087 5977 mis
2108 5936 2244 5978 vero
2268 5926 2327 5979 et
2346 5908 2677 5978 orthodoiis
2688 5914 2955 5973 Ecclesiis
2972 5912 3094 5969 haec
3108 5911 3265 5985 juste
3280 5902 3609 5981 subjiciunt,
