4034 6228
472 402 477 409 ‘
515 378 617 447 983

1651 381 1904 447 SECULI
1942 388 2133 446 SEXTI
2170 387 2724 450 SUPPLEMENTUM.

3790 401 3911 459 984

516 492 768 572 Ηευορτο
791 493 1085 556 communi
1107 511 1247 571 pace
1274 497 1752 555 sanctissimarum
1770 499 2148 555 Ecclesiarum

2257 512 2416 559 ταῦτα
2456 503 2661 567 δικαίως
2689 508 2924 579 ἄγονται.
2970 516 3149 564 Ταῦτα
3184 511 3316 585 ὑπὲρ
3359 518 3448 572 τῆς
3487 518 3659 574 κοινῆς
3700 514 3911 589 εἰρήνης

515 594 837 659 statuimus,
881 594 998 648 haec
1044 593 1423 660 decernimus,
1470 596 1778 663 sequentes
1822 596 2148 647 sanctorum

515 687 750 742 Patrum
784 687 1077 757 dogmata,
1111 690 1173 740 ut
1209 703 1381 740 omne
1409 686 1797 740 sacerdotium
1848 686 2150 757 impertur-

518 778 719 834 batum
762 780 833 834 de
884 783 1091 834 caetero
1144 779 1307 833 nobis
1342 782 1698 849 permaneat.
1748 779 1869 843 Quo
1908 780 1966 832 in
2008 796 2146 850 pace

517 878 761 939 servato,
786 873 1005 943 reliqua
1059 872 1224 927 nobis
1276 873 1606 926 exuberabit
1634 873 1955 943 respublica
1988 873 2151 926 desu-

517 982 623 1041 per
655 982 856 1036 pacem
883 965 1103 1019 habens
1134 986 1148 1019 :
1192 982 1366 1036 quam
1409 966 1676 1020 omnibus
1713 982 1961 1036 magnus
2001 967 2149 1019 Deus

518 1064 576 1112 et
613 1059 870 1113 Salvator
910 1063 1104 1113 noster
1133 1060 1293 1113 Iesus
1346 1059 1599 1114 Christus
1644 1059 1936 1113 Trinitatis
1978 1076 2146 1125 unus,

514 1150 849 1221 unigenitus
870 1151 965 1205 Dei
995 1148 1164 1205 Filius
1188 1152 1478 1222 praedicat,
1512 1168 1577 1206 ac
1608 1151 1786 1207 donat
1831 1152 1967 1222 [Αι.,
2003 1168 2145 1222 proa-

514 1242 648 1298 beat
667 1261 732 1298 ac
759 1244 951 1315 donet]
983 1245 1071 1299 his
1101 1245 1199 1316 qui
1226 1246 1441 1300 sincere
1466 1246 1656 1316 ipsum
1687 1248 1745 1300 et
1770 1262 1901 1299 vere
1935 1245 2145 1316 glorifi-

517 1352 644 1391 care
666 1354 731 1391 ac
764 1338 1007 1393 adorare
1040 1339 1200 1410 digni
1226 1339 1406 1393 habiti
1439 1342 1587 1393 sunt.

588 1431 885 1487 Custodiat
916 1433 1107 1503 itaque
1137 1433 1429 1488 beatitudo
1463 1436 1580 1500 tua,
1613 1449 1741 1504 quae
1776 1435 1933 1487 recta
1975 1432 2150 1487 adno-

514 1528 635 1580 tata
666 1529 829 1592 sunt;
859 1527 1126 1582 etmittat
1152 1526 1274 1597 ipsa
1300 1544 1405 1598 per
1434 1544 1563 1581 suas
1584 1529 1699 1582 Deo
1731 1526 1969 1581 dilectas
1996 1527 2146 1581 litte-

514 1634 606 1672 ras
665 1620 932 1674 omnibus
993 1620 1358 1674 sanctissimis
1414 1620 1793 1692 metropolitis
1856 1620 1957 1674 sub
2027 1620 2149 1691 ipsa

517 1712 922 1767 existentibus:
966 1729 1213 1783 quorum
1249 1714 1481 1767 cuilibet
1507 1731 1641 1768 cura
1670 1714 1778 1768 erit
1809 1714 1931 1784 ipsa
1966 1713 2149 1766 mani-

511 1805 660 1860 festa
689 1806 878 1860 facere
909 1807 1279 1861 sanctissimis
1322 1807 1583 1861 Ecclesiis
1616 1808 1720 1861 sibi
1758 1806 2044 1876 subjectis,
2086 1810 2150 1860 ut

2249 608 2348 650 τῶν
2380 599 2678 671 ἁγιωτάτων
2712 601 3018 659 Ἐκκλησιῶν
3051 603 3433 674 νομοθετοῦμεν,
3469 612 3641 657 ταῦτα
3670 603 3910 677 ψηφιζὸ-

2248 693 2375 764 μεοα
2407 701 2519 759 τοῖς
2549 702 2648 745 τῶν
2678 693 2835 765 ἁγίων
2879 700 3116 769 Πατέοοων
3156 695 3652 763 κατακολουθοῦντες
3684 696 3908 771 δόγμα-

2250 802 2355 854 σιν,
2393 786 2534 852 ὅπως
2561 787 2624 838 ἄν
2654 792 2713 838 τὸ
2759 789 3009 860 ἱερατικὸν
3039 785 3177 840 ἅπαν
3220 786 3492 862 ἀτάραχον
3525 793 3648 863 ἠμιν
3670 800 3765 844 τοῦ
3793 793 3911 845 λοι-

2248 881 2349 927 ποῦ
2382 871 2630 948 διαμένοι.
2672 874 2842 951 Οῦπερ
2873 876 2921 928 ἐν
2966 878 3135 951 εἰρήνῃ
3164 879 3540 951 φυλαττομένου
3570 888 3660 933 καὶ
3689 888 3751 937 τὸ
3794 884 3910 937 ἰοε-

2248 972 2344 1019 πὸν
2374 969 2494 1038 ἡμῖν
2525 963 2785 1026 είθηνήσει
2827 969 3107 1043 πολίτευμα
3135 977 3225 1029 τὴν
3271 973 3458 1024 ἄνωθεν
3497 976 3624 1044 ἕχον
3666 977 3900 1050 εἰρήνην,

2249 1058 2308 1117 ἣν
2337 1066 2497 1113 πᾶσιν
2529 1062 2555 1112 6
2582 1065 2746 1133 μέγας
2776 1067 2904 1128 Θεὸς
2932 1068 3019 1114 uati.
3041 1069 3212 1137 Σωτὴρ
3243 1066 3381 1137 ἡμῶν
3402 1072 3605 1135 Ἰησοῦς
3634 1074 3899 1143 Χριστὸς,

2249 1153 2275 1203 6
2303 1160 2396 1218 τῆς
2427 1150 2653 1227 Τριάδος
2684 1156 2777 1221 εἷς,
2811 1156 2835 1207 6
2859 1161 3134 1227 μονογενὴς
3164 1163 3255 1209 τοῦ
3278 1164 3409 1209 Θεοῦ
3429 1164 3620 1230 Λόγος,
3654 1166 3908 1235 κηρύττει

2248 1263 2322 1305 τε.
2360 1251 2444 1297 καὶ
2468 1254 2685 1320 χορηγεῖ
2710 1255 2821 1312 τοῖς
2850 1252 3077 1319 γνησίως
3098 1244 3276 1315 αὖτόν,
3312 1255 3397 1301 καί
3424 1248 3630 1319 ἀληθῶς
3661 1250 3904 1316 δοξάζειν

2249 1356 2325 1403 τε,
2351 1344 2436 1391 καὶ
2464 1347 2768 1413 προσκυνεῖν
2798 1339 3113 1412 ἠξιωμένοις.

2333 1438 2389 1484 Ἡ
2420 1437 2593 1483 ναίννν
2626 1436 2691 1489 σὴ
2728 1436 3067 1506 μακαριότης,
3098 1436 3168 1485 τά
3211 1434 3371 1508 ὀρθῶς
3407 1437 3766 1507 παραστάντα
3793 1456 3907 1507 φυ-

2248 1524 2495 1587 λαττέτω,
2519 1528 2928 1597 καταπέμπονσα
2953 1531 3120 1578 ταῦτα
3147 1522 3238 1579 διὰ
3266 1526 3497 1598 Θεοφιλῶν
3528 1524 3703 1594 αἰτῇς
3728 1549 3910 1603 γραμ-

2247 1620 2422 1691 μάτων
2453 1623 2584 1669 πᾶσι
2622 1626 2724 1676 τοῖς
2762 1614 2853 1670 ὑπ’
2887 1614 3047 1676 α’)τὴν
3076 1623 3405 1691 τεταγμένοις
3442 1620 3759 1688 ὁσιωτάτοις
3786 1642 3907 1694 μη-

2248 1709 2600 1791 τροπολίταις,
2661 1711 2729 1760 ὧν
2783 1710 2981 1781 ἑκάστῳ
3036 1716 3304 1782 γενήσεται
3366 1717 3574 1787 φροντὶς
3631 1722 3748 1779 τοῖς
3804 1709 3906 1765 ὑπ’

2248 1800 2436 1869 αὖτοὺς
2464 1807 2799 1873 τεταγμέναις
2829 1804 3138 1869 ὁσιωτάταις
3157 1804 3502 1869 Ἐκκλησίαις,
3538 1812 3711 1857 ταῦτα
3746 1814 3907 1864 ποιῆ-

514 1898 811 1953 neminem
844 1917 912 1954 ex
941 1900 1211 1954 omnibus
1234 1900 1457 1953 lateant
1490 1917 1620 1970 qua:
1663 1899 1980 1955 sacerdotio
2029 1899 2148 1954 visa

2257 1914 2339 1946 ται
2376 1896 2580 1969 φονερά,
2615 1896 2747 1947 ὥστε
2784 1892 2979 1967 μηδένα
3019 1904 3120 1948 τῶν
3162 1901 3368 1949 πάντων
3407 1893 3690 1963 διαλαθεῖν,
3727 1901 3798 1951 τὰ
3840 1918 3907 1951 τε

516 1997 649 2050 sunt
679 1996 738 2047 et
764 1993 835 2047 ab
860 1994 1104 2065 imperio
1124 1993 1482 2048 conﬁrmata.

1054 2184 1251 2237 Divina
1274 2183 1617 2252 subscriptio.

2247 1996 2310 2060 τῇ
2338 1985 2700 2061 ἀρχιερωσῦνῃ
2739 1983 2979 2055 δόξαντα,
3014 1993 3135 2042 τάτε
3175 1990 3275 2042 ὑπὸ
3315 1998 3411 2057 τῆς
3438 1989 3711 2064 βασιὶείας
3744 2010 3906 2044 κεκυ-

2248 2084 2468 2155 ρωμένα.

2812 2180 2868 2227 Ἡ
2907 2176 3015 2230 θεία
3040 2176 3323 2250 ὑπογραφὴ.

595 2315 866 2373 Divinitas
893 2322 950 2373 te
978 2320 1165 2374 servet
1191 2336 1294 2389 per
1324 2319 1536 2373 multos
1561 2334 1763 2385 annos,
1794 2320 1988 2372 sancte
2017 2319 2075 2372 et
2108 2314 2374 2386 religiose
2404 2317 2593 2371 Pater.

588 2408 732 2463 Dato
761 2412 960 2465 octavo
983 2407 1112 2463 ldus
1131 2410 1434 2478 Augustas,
1460 2410 1499 2462 C
1516 2407 1985 2479 onstantinopoli,
2016 2412 2145 2480 post
2162 2406 2521 2462 consulatum
2536 2406 2839 2473 Belissarii,
2861 2405 2963 2459 viri
2981 2406 3275 2461 clarissimi
3289 2407 3468 2477 [anno
3485 2407 3718 2463 Domini
3736 2408 3863 2481 536]
3879 2451 3895 2463 .

1067 2601 1385 2657 NOVELLA
1421 2603 1597 2659 XLIII.

516 2698 589 2753 De
610 2697 840 2765 oﬂtcinis
864 2697 976 2750 sive
1002 2696 1239 2750 tabernis
1260 2696 1868 2767 Constantinopolitanae
1894 2696 2065 2757 urbis,
2099 2700 2151 2751 et

585 2772 647 2821 ut
672 2768 820 2821 mille
847 2772 1057 2821 tantum
1081 2773 1129 2821 et
1159 2774 1369 2822 centum
1394 2771 1625 2837 ofﬁcina:
1648 2774 2002 2822 sacrosanctae
2030 2784 2148 2821 ma-

577 2839 720 2906 joris
748 2839 979 2892 ecclesiae
1012 2844 1358 2905 excusantur;
1387 2855 1565 2893 omnes
1598 2841 1840 2908 reliquae,
1870 2840 1946 2892 ad
1965 2855 2148 2907 quem-

586 2925 792 2979 cunque
809 2910 1085 2964 dominum
1105 2913 1435 2979 pertineant,
1457 2917 1703 2965 consueta
1723 2912 1919 2965 obeant
1943 2912 2149 2964 munia.

589 3048 652 3102 In
687 3047 921 3102 nomine
950 3047 1175 3103 Domini
1202 3050 1334 3102 Jesu
1360 3048 1566 3104 Christi
1593 3047 1690 3103 Dei
1723 3047 1920 3102 nostri.
1962 3050 2149 3119 Impe-

519 3145 678 3197 rator
697 3142 904 3208 Caesar,
930 3142 1169 3208 Flavius,
1200 3142 1572 3210 Justinianus,
1595 3142 2017 3208 Alemannicus,
2050 3142 2154 3196 Go-

2250 2579 2392 2633 cinaa
2426 2578 2796 2649 tabernaeque
2821 2578 3086 2645 existant,
3120 2594 3234 2632 non
3268 2578 3438 2633 hasce
3468 2580 3619 2634 solas
3652 2579 3894 2653 (nempe

2248 2675 2480 2726 centum
2513 2676 2569 2726 et
2597 2671 2772 2741 mille)
2805 2672 3063 2726 ofﬁcinas
3094 2672 3378 2742 praedictis
3405 2673 3648 2743 publicis
3677 2674 3894 2728 muniis

2251 2766 2532 2821 obeundis
2562 2769 2851 2836 exemptus
2878 2766 3137 2832 esse,sed
3170 2767 3345 2820 etiam
3368 2768 3576 2821 multas
3590 2784 3888 2822 sacrosan-

2249 2862 2366 2914 ctas
2397 2859 2679 2927 ecclesias,
2709 2860 2890 2913 multa
2910 2876 3070 2913 sacra
3095 2859 3417 2931 hospitalia,
3439 2861 3808 2929 monasteria,
3829 2866 3893 2915 et

2253 2954 2391 3008 alias
2419 2970 2604 3007 sacras
2628 2953 2802 3020 (edes,
2832 2970 3077 3024 quarum
3104 2955 3394 3024 pleraeque
3424 2955 3581 3025 prius
3607 2954 3891 3009 haereticis

2252 3047 2617 3117 mancipatae,
2650 3046 2858 3101 deinde
2884 3047 2957 3101 ad
3003 3047 3381 3101 orthodoxam
3430 3048 3606 3101 fidem
3642 3065 3891 3103 reversa:

2253 3145 2404 3208 sunt,
2437 3142 2642 3194 multas
2663 3158 2889 3212 quoque
2908 3142 3098 3213 regias
3116 3141 3339 3208 domus,
3364 3142 3668 3213 etinsuper
3702 3144 3892 3213 magi-

517 3234 722 3301 thicus,
778 3235 1100 3301 Francicus,
1137 3235 1527 3301 Germanicus,
1579 3236 1828 3302 Lazicus,
1871 3234 2150 3302 Alanicus,
2176 3275 2230 3349 C
2256 3238 2641 3303 stratuum,ac
2664 3235 3431 3305 senatorum,etillustrium,
3452 3235 3899 3291 etcubiculario-

518 3327 861 3349 17__.‘I‘I!____
928 3328 1208 3349 AD_-2___.___
1260 3329 1382 3349 _2___
1435 3329 1566 3349 D-I!~
1628 3330 1898 3349 k1_b_‘,-____
1956 3328 2131 3349 -Ξ-ι-..
2256 3346 2375 3349 --ημ-
2406 3346 2426 3349 _
2456 3328 2809 3349 -.-μ,,ι-ιξ-..-
2839 3329 3187 3349 ---κιὲμκιξαμ-
3229 3330 3386 3349 --ἳ-,-3
3438 3329 3635 3349 l‘__.._..-
3658 3346 3753 3349 _,,_
3800 3331 3851 3349 J,

518 3327 883 3393 Vandalicus,
915 3328 1231 3393 Africanus,
1260 3329 1405 3399 pius,
1435 3329 1588 3396 felix,
1620 3330 1921 3400 gloriosus,
1956 3328 2150 3397 victor,

520 3421 925 3493 triumphator,
979 3438 1277 3493 nunquam
1326 3439 1443 3477 non
1499 3423 1772 3479 colendus
1847 3425 2151 3493 Augustus,

521 3515 785 3587 Longino
812 3516 1084 3586 praefecto
1108 3515 1252 3570 urbi.

594 3609 881 3674 Quoniam
902 3610 1175 3680 potentiae
1197 3612 1430 3680 nostrae,
1468 3609 1682 3665 subditi
1714 3609 1913 3677 nostri,
1938 3609 2054 3665 sive
2079 3609 2156 3664 vi-

519 3706 672 3771 vant,
704 3704 817 3758 sive
850 3704 1194 3772 moriantur,
1217 3720 1367 3759 curre
1395 3708 1546 3772 sunt,
1581 3721 1653 3758 ne
1674 3704 1761 3757 vel
1794 3720 1994 3774 graves
2020 3703 2155 3775 ipsis

518 3798 846 3870 sepulturae,
877 3798 965 3851 vel
994 3796 1245 3852 defuncti
1275 3797 1535 3870 cognatis
1564 3798 1860 3853 damnosae
1890 3797 2177 3864 existant,

518 3896 831 3963 prOpterea
877 3896 935 3946 et
967 3891 1087 3946 haec
1128 3908 1258 3963 quae.
1291 3909 1491 3947 eorum
1538 3892 1895 3963 sepulturam
1929 3907 2158 3946 concer-

521 3988 687 4052 nunt,
706 4001 819 4057 quo
851 3986 1326 4053 convenitmodo,
1351 3986 1758 4059 disposuimus.
1788 3986 1855 4038 Et
1888 3986 2022 4056 quia
2038 3989 2156 4039 tam

524 4078 668 4133 divae
705 4078 1005 4133 memoriae
1031 4079 1438 4134 Constantinus
1477 4080 1683 4151 amplae
1737 4080 1907 4150 hujus
1945 4083 2156 4134 nostrae

522 4171 678 4226 urbis
721 4170 985 4226 conditor
1027 4188 1200 4242 quam
1247 4174 1421 4227 etiam
1458 4172 1844 4244 pientissimus
1895 4173 2159 4244 princeps

523 4264 844 4321 Anastasius
875 4265 1289 4320 lccticariorum
1320 4283 1416 4320 seu
1451 4266 1795 4320 decanorum
1830 4267 1909 4335 (ut
1937 4267 2157 4337 vocant)

521 4376 828 4414 numerum
869 4359 940 4414 ad
983 4362 1194 4414 certam
1246 4376 1573 4414 mensuram
1600 4343 1965 4430 redegerunt,
1998 4360 2157 4415 mille

524 4460 581 4509 et
600 4461 829 4509 centum
852 4454 1250 4509 tantummodo
1278 4454 1509 4508 decanis
1536 4453 1892 4524 totidemque
1921 4453 2160 4508 officinis

524 4548 791 4617 definitis,
827 4554 887 4603 ut
908 4549 1065 4603 nullo
1088 4549 1175 4603 hae
1202 4564 1462 4620 unquam
1492 4552 1752 4619 tempore
1782 4553 2162 4618 augmentum

2255 3346 2383 3383 rum
2402 3346 2435 3383 a
2456 3328 2816 3400 praastatione
2839 3329 3196 3400 vestigalium
3220 3330 3410 3396 eximi,
3438 3329 3763 3401 harumque
3792 3331 3893 3385 do-

2255 3423 2447 3477 minos
2476 3423 2818 3494 peculiarem
2872 3423 2975 3477 sibi
3004 3422 3208 3476 exinde
3251 3422 3499 3477 reditum
3534 3440 3893 3495 comparare,

2257 3520 2313 3571 et
2326 3517 2606 3571 oblzedere
2625 3533 2747 3571 rem
2757 3516 3233 3587 publicam,exem
3243 3516 3505 3587 ptionum
3520 3515 3897 3572 multitudine

2256 3627 2381 3665 rem
2404 3611 2587 3682 ipsam
2608 3610 2864 3680 angustis
2878 3610 3188 3665 admodum
3208 3609 3467 3665 terminis
3488 3610 3894 3681 concludente,

2259 3708 2319 3759 ut
2348 3704 2675 3775 paucissimi
2707 3704 2969 3770 existant,
3000 3703 3097 3775 qui
3118 3704 3344 3775 publica
3368 3708 3689 3774 agnoscant
3721 3710 3779 3758 et
3807 3722 3899 3759 su-

2257 3798 2509 3852 stineant
2534 3798 2751 3865 munia,
2776 3800 2833 3850 et
2862 3797 3083 3868 priores
3110 3797 3559 3857 contributiones
3584 3798 3896 3869 aliquoties

2258 3892 2316 3946 in
2347 3892 2518 3963 triplo
2553 3897 2611 3946 et
2640 3890 2983 3962 quadruplo,
3013 3891 3121 3945 hoc
3148 3896 3407 3961 tempore
3435 3890 3610 3945 etiam
3647 3890 3892 3961 decuplo

2259 3986 2508 4056 majores
2535 3985 2699 4039 facta;
2720 3984 2865 4039 sint:
2903 4001 3234 4055 quanquam
3263 3984 3423 4038 divus
3451 3985 3717 4056 princeps
3742 3991 3890 4042 Ana-

2260 4080 2461 4133 stasius
2491 4079 2550 4133 in
2584 4081 2796 4133 statuta
2828 4078 2898 4132 ab
2920 4078 3042 4150 ipso
3074 4078 3322 4133 formula
3354 4078 3494 4132 nulli
3521 4079 3763 4133 omnino
3797 4079 3893 4134 alii

2259 4173 2689 4229 immunitatem
2713 4172 3008 4238 concedat,
3042 4176 3246 4244 praeter
3277 4175 3508 4226 centum
3540 4176 3595 4225 et
3620 4172 3777 4227 mille
3807 4173 3892 4227 of-

2259 4268 2476 4333 ficinas,
2506 4283 2633 4338 quae
2670 4283 2775 4337 per
2810 4282 3041 4320 causam
3088 4265 3489 4336 exsequiarum
3525 4272 3896 4321 sacrosancta:

2260 4361 2468 4431 majori
2499 4360 2750 4414 ecclesiae
2783 4359 3068 4414 attributa:
3110 4362 3261 4413 sunt.
3300 4359 3378 4413 Ea
3420 4364 3656 4430 propter
3694 4364 3753 4413 et
3793 4377 3896 4415 nos

2263 4454 2610 4528 putavimus,
2637 4458 2756 4507 tum
2784 4453 3114 4525 proceribus
3132 4452 3340 4507 nostris
3361 4457 3418 4506 ct
3440 4453 3896 4524 insupcrbeatis-

2263 4550 2409 4603 simo
2434 4548 2779 4618 hujusalmze
2797 4546 2951 4601 urbis
2969 4547 3397 4619 archiepiscopo
3426 4546 3485 4600 id
3511 4547 3732 4617 negotii
3760 4547 3895 4602 dan-

523 4643 880 4715 reciperent;
926 4648 1234 4715 propterea
1280 4659 1414 4697 sane
1464 4641 1761 4713 cupientes
1798 4646 1859 4695 ut
1894 4648 2242 4720 numerusD
2267 4644 2424 4709 dum,
2452 4645 2514 4695 ut
2532 4645 2687 4696 certo
2712 4642 2837 4696 loco
2856 4641 3233 4695 convenirent
3260 4644 3316 4694 et
3343 4657 3465 4694 rem
3486 4640 3671 4711 ipsam
3688 4642 3896 4696 exami-

525 4752 725 4791 eorum
765 4752 908 4807 quos
948 4754 1018 4791 ex
1066 4753 1411 4809 unoquoque
1452 4736 1691 4807 collegio
1729 4735 1997 4791 convenit
2038 4752 2160 4789 esse

523 4828 861 4899 lecticarios,
898 4829 1041 4885 diva)
1066 4831 1362 4886 memoriae
1382 4830 1657 4885 Anastasii
1685 4830 1945 4884 formulae
1974 4829 2159 4901 subju-

524 4927 670 4993 ceat,
694 4921 860 4977 ﬁrma
892 4940 961 4978 ea
990 4927 1047 4977 et
1067 4925 1177 4979 fixa
1203 4941 1441 4980 manere
1468 4923 1769 4979 voluimus.

596 5021 878 5077 Caeterum
906 5021 1040 5094 quia
1061 5022 1340 5085 adeuntes
1373 5039 1476 5077 nos
1508 5023 1676 5077 almae
1703 5023 1876 5094 hujus
1904 5027 1961 5077 et
1990 5022 2163 5094 regiae

527 5121 736 5171 nostra:
769 5115 925 5170 urbis
963 5116 1267 5187 collegiati,
1311 5133 1556 5189 quorum
1589 5118 1932 5173 excellenter
1960 5120 2016 5171 et
2044 5133 2161 5187 pra:

525 5211 746 5267 creteris
773 5227 969 5265 curam
989 5209 1258 5281 gerimus,
1288 5211 1608 5282 potentiam
1639 5206 1895 5266 nostram
1922 5210 2163 5264 edocue-

525 5310 679 5373 runt,
714 5321 988 5376 magnam
1012 5307 1069 5359 et
1101 5304 1521 5359 intolerandam
1543 5322 1601 5359 se
1636 5305 2037 5359 necessitatem
2067 5321 2160 5358 su-

526 5400 758 5455 stinere.
807 5399 1237 5455 Sacrosanctam
1279 5398 1499 5454 etenim
1531 5398 1812 5470 majorem
1863 5398 2161 5454 ecclesiam

524 5497 757 5548 centum
786 5497 843 5549 et
874 5493 1028 5548 mille
1059 5493 1318 5548 ofﬁcinas
1343 5493 1404 5547 in
1434 5493 1621 5548 fructu
1650 5493 1865 5547 habere
1895 5493 1967 5547 ab
2004 5492 2161 5547 omni

520 5586 784 5658 vectigali
840 5588 1071 5656 liberas,
1116 5604 1258 5660 quas
1315 5586 1526 5660 oppido
1575 5603 1749 5659 quam
1793 5586 2041 5641 libenter
2077 5586 2163 5641 illi

524 5680 861 5748 concedant,
913 5697 980 5735 eo
1023 5682 1178 5753 quod
1223 5682 1297 5738 ad
1340 5682 1699 5755 peragendas
1744 5680 1804 5736 in
1854 5696 2161 5736 commune

527 5772 790 5827 omnium
808 5773 1112 5830 hominum
1132 5776 1433 5850 exsequias
1460 5775 1764 5850 proﬁciant
1778 5791 1798 5847 ς
1824 5773 1921 5830 sed
1952 5777 2163 5830 caatera

524 5875 582 5914 se
611 5878 789 5918 onera
810 5865 961 5922 ferre
989 5883 1104 5923 non
1120 5884 1308 5940 posse.
1333 5871 1478 5926 Nam
1499 5885 1630 5925 cum
1650 5868 1914 5940 plurima:
1931 5866 1991 5924 in
2008 5868 2161 5923 alma

523 5946 628 6002 hac
650 5952 789 6006 urbe
812 5954 1169 6014 diversarum
1182 5963 1461 6017 mercium
1484 5964 1542 6016 et
1561 5961 2024 6034 negotiationum
2038 5961 2160 6016 ofﬁ-

2266 4739 2491 4803 narent,
2524 4740 2695 4806 atque
2728 4734 2935 4806 placita
2965 4735 3037 4790 ad
3072 4752 3175 4789 nos
3202 4752 3301 4789 sua
3334 4735 3645 4803 referrent,
3674 4738 3795 4789 tum
3828 4735 3899 4789 ad

2265 4830 2656 4886 excellentiam
2687 4834 2847 4883 tuam
2894 4828 3162 4899 pra‘senti
3211 4827 3493 4882 utendum
3524 4829 3673 4899 lege,
3703 4830 3901 4883 contir-

2264 4929 2491 4980 mantes
2511 4940 2576 4978 ca
2603 4939 2729 4994 quin
2748 4922 3048 4977 Anastasio
3078 4922 3439 4993 pientissimo
3456 4922 3515 4975 in
3536 4922 3643 4976 hoc
3659 4922 3899 4994 principi

2265 5020 2619 5091 placuerunt.
2652 5018 2717 5072 Et
2744 5016 3030 5071 sancimus
3060 5021 3122 5070 ut
3146 5019 3380 5070 centum
3404 5016 3644 5088 quidem
3688 5016 3799 5070 illae
3843 5020 3897 5070 et

2264 5113 2416 5167 mille
2448 5111 2691 5166 officinae
2711 5115 3085 5164 sacrosancta:
3108 5109 3310 5180 majori
3334 5110 3586 5164 ecclesia:
3603 5109 3891 5164 occasione

2264 5207 2616 5261 dccanorum
2632 5203 2747 5258 sive
2765 5194 3204 5269 lecticarior’hm,
3238 5206 3294 5257 et
3321 5202 3393 5256 ad
3426 5202 3782 5274 peragendas
3808 5201 3894 5259 de-

2262 5302 2590 5356 functorum
2611 5298 2909 5368 exsequias
2922 5298 3231 5369 deputatae.
3256 5296 3524 5351 omnibus
3544 5297 3733 5352 modis
3753 5297 3890 5351 inte-

2263 5411 2367 5466 gro
2395 5409 2641 5448 numero
2673 5394 2730 5445 et
2761 5391 2918 5446 omni
2946 5389 3313 5463 praestatione
3341 5389 3534 5445 liberie
3565 5406 3891 5445 conserven-

2264 5492 2357 5543 tur
2385 5506 2395 5544 :
2430 5489 2640 5560 printer
2670 5487 2849 5559 ipsam
2883 5485 3039 5539 nulla
3068 5484 3179 5539 alia
3194 5489 3444 5556 queunte
3475 5484 3763 5539 decanum
3790 5482 3889 5538 exi-

2264 5599 2420 5655 gere,
2455 5582 2567 5635 sivc
2596 5596 2662 5634 ex
2688 5579 2967 5634 haereticis
3003 5583 3250 5651 recepta,
3281 5578 3397 5634 sive
3431 5594 3775 5650 quacunque
3814 5593 3889 5631 sa-

2262 5680 2559 5733 crosancta
2586 5673 2844 5731 ecclesia.
2868 5673 2982 5730 Sed
3008 5673 3165 5746 quod
3178 5689 3365 5746 nuper
3386 5672 3790 5728 constituimus
3809 5687 3887 5726 va-

2260 5772 2395 5839 leat,
2416 5774 2473 5826 et
2491 5768 2797 5842 octoginta:
2819 5767 3055 5841 quidem
3073 5766 3315 5825 officinae
3338 5783 3585 5839 corpora
3602 5770 3885 5840 praestent,

2260 5866 2531 5921 trecentae
2547 5868 2739 5919 autem
2762 5862 2819 5918 in
2841 5862 3137 5919 exactione
3156 5861 3535 5934 pecuniarum
3564 5861 3887 5917 consistant.

2260 5960 2404 6016 Nam
2419 5957 2577 6031 quod
2601 5956 2804 6014 exinde
2822 5956 3162 6024 corraditur,
3193 5955 3267 6011 ad
3294 5955 3433 6030 quid
3453 5954 3735 6027 proﬁcere
3762 5969 3888 6011 con-
