4034 6228
70 397 245 457 985
1014 405 1382 465 JUSTlNlANl
1420 406 1748 466 NOVELLIE
1786 409 2122 467 SELECTE.
2162 412 2472 469 NOVELLA
2508 410 2659 469 XLV.
3439 422 3542 478 986

70 510 362 577 veniat,
389 527 548 568 sacra
562 510 684 583 jam
701 518 893 571 nostra
920 517 1270 589 pragmatica
1294 517 1480 573 forma
1502 519 1794 591 disposuit.
1821 531 1880 604 Α
1900 519 2178 587 bibentes,
2210 538 2427 577 sacram
2454 521 2599 577 hanc
2628 523 3036 596 pragmaticam
3063 524 3310 585 formam
3339 545 3543 602 propo-

75 602 504 677 St‘mperquc
537 608 685 679 quod
726 609 1025 664 intercedit
1067 617 1431 667 restauretur.
1468 616 1536 667 At
1563 629 1672 684 qua
1706 630 1797 667 ra-
1822 602 1879 604 ἡ
1900 615 2109 681 nimus,
2141 616 2459 670 utilissionis
2503 634 2728 689 paruam
2760 619 3021 675 similiter
3050 622 3313 677 omnibus
3343 626 3540 680 ordine

74 696 301 752 tione
335 701 463 762 fieri
492 702 694 757 debeat
724 704 1073 770 restauratio,
1102 705 1234 759 satis
1262 722 1363 775 per
1392 707 1669 760 Anastasii
1694 706 1799 777 piat
1900 708 2136 762 subditis
2164 708 2623 775 interminanles,
2659 711 2704 765 si
2743 728 2810 765 ex
2845 729 3075 784 quoquo
3104 716 3340 786 collegio
3368 717 3541 789 impe—

83 808 169 844 η]
189 794 456 847 emoriar
480 795 765 864 jussioues
788 813 1125 868 expressum
1154 801 1258 852 est.
1283 800 1376 852 lla!
1413 800 1586 869 igitur
1608 805 1666 854 ut
1694 800 1798 854 im-
1902 801 2134 855 ritantes
2174 803 2331 856 solita
2358 804 2451 857 illa
2490 809 2545 859 et
2576 804 2645 858 ab
2671 805 2834 859 initio
2863 810 3068 861 statuta
3100 811 3392 880 vectigalia
3420 828 3543 882 per-

82 901 354 940 niunes
383 892 438 942 et
460 889 530 942 ab
560 890 715 943 omni
744 891 1006 960 vectigali
1038 899 1305 946 maneant
1332 896 1634 963 exemplw,
1665 910 1795 948 san-
1899 895 2087 965 ciperc
2114 895 2530 966 prohibuerint,
2559 903 2658 952 aut
2683 899 2977 968 vectigalia
3010 906 3288 955 conentur
3316 903 3374 957 in
3398 922 3536 975 pen-

79 978 349 1045 ciinus,
379 999 564 1053 neque
590 983 680 1036 his
707 983 839 1053 ipsis
865 984 1120 1052 oﬂicinis,
1154 1001 1335 1055 neque
1362 985 1658 1057 vectigalia
1685 986 1794 1041 im-
1898 988 2083 1041 siones
2108 990 2830 1060 privatasconvertere;sed
2851 994 3091 1065 quisque
3107 1012 3209 1065 pro
3228 1012 3285 1051 se
3304 998 3538 1067 quidem

80 1075 479 1141 perantibus
510 1076 760 1143 collegiis
806 1094 933 1147 qua:
988 1079 1117 1132 istas
1156 1079 1437 1149 pra-bent,
1482 1078 1797 1151 quidquam
1898 1082 3435 1154 pensionnmillationeperfruitor,oflicinasautemseu
3458 1098 3538 1147 ta-

84 1165 191 1219 da
210 1168 342 1221 mni
380 1169 787 1224 sustinentibus
825 1177 922 1226 aut
950 1171 1089 1224 ullos
1116 1172 1308 1225 titulos
1338 1173 1792 1243 agnoscentibus.
1894 1169 2101 1223 hernas
2137 1171 2300 1225 solito
2326 1177 2663 1243 receptoque
2690 1190 2848 1228 more
2887 1176 3334 1232 eontributiones
3361 1195 3533 1248 agno-

84 1258 382 1315 Cmterm
406 1280 537 1317 vero
564 1281 760 1318 omnes
780 1265 950 1335 hujus
979 1266 1141 1319 alma:
1170 1265 1325 1319 urbis
1364 1267 1794 1337 quatuordecim
1894 1280 2048 1318 scere
2090 1265 2403 1319 concedito.
2451 1266 2940 1330 Quemadmodum
2980 1271 3132 1324 enim
3164 1272 3405 1343 quisque
3432 1290 3535 1344 pro

86 1357 453 1425 regionum
482 1357 739 1424 cilicium,
774 1358 887 1412 sive
918 1362 1287 1413 sacrosancta:
1309 1360 1546 1431 alicujus
1572 1360 1683 1414 sint
1710 1376 1795 1414 ec-
1893 1373 1949 1410 sc
1972 1356 2139 1410 rebus
2164 1358 2279 1412 suis
2304 1358 2592 1429 prospicit,
2626 1360 2705 1414 ita
2723 1364 2911 1415 etnon
2936 1379 3162 1418 necesse
3184 1368 3268 1418 est
3297 1366 3348 1419 ei
3378 1366 3537 1436 quod

87 1450 354 1519 clesiw,
398 1451 513 1504 sive
552 1451 942 1522 hospitalium,
984 1452 1096 1507 sive
1138 1454 1644 1521 monasteriorum,
1677 1453 1790 1506 sive
1892 1451 2099 1521 ampla:
2131 1456 2186 1505 et
2207 1452 2378 1522 regiae
2408 1452 2539 1507 huic
2569 1454 2696 1508 urbi
2723 1455 2959 1526 expedit
2988 1461 3046 1510 et
3073 1458 3535 1514 confertnutanti

87 1544 791 1615 orphanotrophiorum,
831 1546 944 1599 sive
987 1546 1364 1617 ptochiorum,
1406 1547 1520 1601 sive
1559 1545 1792 1601 alterius
1892 1543 2312 1614 quodammodo
2333 1551 2388 1599 ct
2397 1546 2518 1615 jam
2543 1548 2767 1617 lapsuro
2785 1565 2983 1603 manus
3007 1550 3317 1620 porrigere.
3340 1552 3534 1623 Neque

91 1636 537 1707 cujuscunque
566 1638 801 1692 dominii
827 1681 839 1706 ,
872 1638 984 1692 sive
1024 1639 1313 1709 regiarum
1353 1639 1645 1707 domuum,
1676 1638 1790 1692 sive
1892 1636 2044 1690 enim
2071 1638 2235 1691 aliter
2266 1654 2390 1708 quae
2420 1639 2643 1710 publice
2672 1641 2981 1710 expediunt
3007 1659 3345 1712 progressus
3372 1644 3529 1699 habi-

92 1730 468 1800 aliquorum
513 1731 967 1799 magistratuum,
1001 1733 1209 1803 ampla,
1257 1733 1460 1800 media,
1506 1732 1792 1787 minutave
1891 1734 2021 1783 tura
2048 1730 2176 1785 sint.
2203 1732 2376 1785 Nemo
2398 1732 2588 1803 itaque
2618 1750 2686 1787 ex
2708 1733 2796 1787 his
2817 1735 2916 1805 qui
2946 1735 3043 1789 tali
3063 1736 3338 1790 hactenus
3361 1754 3532 1793 onere

99 1819 329 1873 ofﬁcia
359 1820 873 1875 administrantium
898 1866 911 1888 ,
939 1822 1051 1875 sive
1078 1822 1608 1892 gloriosissimorum
1636 1838 1791 1876 sena-
1889 1822 2129 1891 liberati,
2158 1825 2369 1895 quique
2400 1825 2511 1879 huc
2538 1842 2718 1897 usque
2757 1827 2813 1881 id
2838 1828 2987 1883 ferre
3017 1830 3192 1883 coacti
3218 1835 3369 1884 sunt.
3394 1831 3530 1894 Quae

100 1925 355 1985 torum,
404 1921 521 1974 sive
573 1920 1269 1988 magniﬁcentissimorum
1314 1920 1639 1985 illustrium,
1669 1900 1860 1975 siveB
1886 1914 2061 1986 igitur
2090 1917 2250 1970 nobis
2288 1919 2661 1989 placuerunt,
2701 1924 2757 1974 et
2806 1937 2961 1975 sacra
2990 1922 3094 1975 hac
3127 1924 3531 1993 exprimuntur

99 2013 536 2084 Spectabilium
564 2014 1056 2082 cubiculariorum,
1080 2013 1193 2067 sive
1218 2014 1539 2085 aliquorum
1569 2014 1783 2068 militiis

102 2108 585 2177 adscriptorum;
614 2108 724 2176 has,
756 2108 1007 2179 inquam,
1042 2124 1239 2162 omnes
1268 2108 1486 2178 publica
1512 2108 1645 2178 ipsis
1670 2108 1780 2162 im-

108 2203 329 2273 posita
356 2206 625 2272 praestent
650 2202 959 2272 vectigalia,
982 2205 1039 2255 et
1067 2201 1255 2255 omnia
1279 2201 1387 2255 alia
1415 2206 1531 2255 tum
1555 2201 1778 2270 faciant,

104 2301 256 2349 tum
291 2295 590 2365 impleant,
615 2294 1100 2366 quemadmodum
1139 2311 1425 2366 quemque
1451 2294 1509 2348 in
1536 2311 1637 2348 suo
1663 2294 1778 2348 col-

106 2389 288 2455 legio
308 2388 496 2442 facere
518 2405 745 2460 (equum
768 2393 870 2456 est,
903 2388 1135 2442 nemine
1158 2391 1405 2459 queunte
1436 2405 1501 2442 ea
1526 2388 1595 2441 de
1618 2405 1782 2443 causa

106 2482 303 2537 inniti
330 2481 662 2553 privilegiis,
704 2486 802 2536 aut
828 2481 1107 2551 ejusmodi
1138 2482 1248 2535 alia
1284 2482 1367 2535 uti
1394 2481 1776 2536 excusatione.

110 2578 328 2648 Neque
358 2576 514 2630 enim
540 2575 882 2631 sustinemus
924 2576 1164 2629 aliorum
1207 2592 1351 2629 onus
1395 2576 1465 2629 ad
1508 2575 1645 2629 alios
1677 2575 1776 2630 de-

112 2670 292 2735 ferri,
327 2675 428 2724 aut
461 2673 571 2724 tam
612 2669 892 2724 immitem
942 2686 1261 2740 preponere
1310 2668 1618 2722 formulam
1645 2711 1659 2734 ,
1713 2674 1779 2723 ut

114 2764 409 2835 quodidie
454 2763 747 2833 vectigalia
787 2768 1125 2834 augeantur,
1179 2768 1234 2817 et
1273 2761 1777 2833 (quemadmodum

115 2858 316 2913 edocti
349 2860 562 2923 sumus)
604 2857 923 2929 quadruplo
950 2899 963 2924 ,
1004 2861 1103 2911 aut
1141 2856 1469 2927 quincuplo,
1517 2856 1776 2927 adeoque

119 2952 302 3007 etiam
323 2951 562 3022 decuplo
582 2951 791 3021 majora
814 2951 1155 3021 irrogentur,
1180 2966 1310 3003 cum
1346 2949 1490 3003 nihil
1515 2954 1631 3004 tam
1654 2966 1771 3003 ma-

122 3062 243 3116 gno
274 3045 487 3111 studio,
516 3049 743 3116 tamque
767 3044 916 3098 serio
944 3044 1290 3112 aﬂ'ectemus,
1326 3059 1497 3114 quam
1534 3059 1605 3097 ne
1631 3060 1774 3097 novo

119 3140 441 3211 quisquam
465 3138 730 3210 vectigali
766 3142 1054 3192 oneretur.
1100 3139 1319 3191 Novum
1361 3141 1552 3191 autem
1603 3137 1776 3192 fuerit

120 3250 246 3287 non
270 3237 503 3287 tantum
534 3232 683 3302 quod
712 3248 862 3285 nunc
901 3232 1151 3302 primum
1178 3230 1509 3301 impositum
1538 3234 1642 3299 est,
1676 3230 1772 3285 sed

122 3328 302 3382 etiam
329 3326 481 3397 quod
498 3326 749 3396 primum
770 3325 1003 3379 modum
1022 3324 1262 3379 excedit.
1282 3323 1389 3379 Sed
1410 3324 1609 3379 eadem
1632 3341 1770 3378 con-

121 3421 347 3475 ditione
368 3436 431 3473 ac
450 3419 682 3474 fortuna
710 3434 909 3473 omnes
934 3423 1123 3487 sunto,
1152 3422 1208 3473 et
1246 3434 1402 3472 sacra
1428 3418 1550 3471 haec
1580 3423 1775 3472 nostra

118 3512 486 3585 pragmatica
524 3512 707 3567 forma
736 3511 929 3583 (quam
961 3511 1151 3581 legem
1180 3511 1352 3565 etiam
1388 3510 1673 3582 appellare
1702 3511 1772 3565 li-

120 3607 327 3675 cuerit)
371 3612 570 3661 contra
621 3622 819 3659 omnes
862 3603 1180 3659 communis
1228 3608 1369 3673 esto,
1413 3609 1474 3660 ut
1513 3604 1775 3659 omnibus

118 3701 427 3772 largiatur,
468 3716 582 3771 quo
635 3699 891 3754 molestia
918 3702 1141 3753 vacent.
1193 3699 1385 3769 Neque
1424 3698 1575 3752 enim
1612 3698 1774 3753 facile

122 3811 255 3850 eam
296 3793 424 3864 quis
461 3809 612 3863 zegre
639 3793 851 3861 tulerit,
886 3793 931 3846 si
959 3792 1248 3847 neminem
1288 3791 1461 3846 alium
1499 3775 1774 3863 praeterea

124 3891 465 3958 exemptum
493 3885 803 3954 intueatur,
827 3886 935 3940 nisi
961 3886 1112 3957 quod
1127 3885 1184 3940 in
1201 3889 1429 3939 centum
1447 3887 1504 3938 et
1525 3884 1677 3939 mille
1696 3885 1775 3940 of-

120 3981 310 4037 ﬁcinis
326 3980 725 4052 exsequiarum
738 3980 1138 4035 defunctorum
1164 3978 1304 4033 ratio
1324 3977 1620 4045 habeatur,
1646 3995 1774 4049 qua:

122 4075 383 4131 maxime
402 4074 722 4128 communis
744 4077 829 4128 est
848 4073 1130 4141 omnibus,
1151 4077 1206 4127 et
1229 4088 1298 4126 ex
1319 4087 1482 4143 aequo
1501 4071 1775 4127 universis

120 4174 327 4242 parata
376 4167 723 4223 hominibus.
755 4167 815 4223 Si
840 4167 966 4240 quis
996 4183 1130 4222 vero
1161 4169 1395 4221 conetur
1413 4165 1775 4221 excusatione

78 4252 83 4255 Α
120 4264 317 4334 aliqua
340 4262 445 4327 uti,
475 4266 532 4316 et
560 4261 806 4332 seipsum
830 4278 863 4315 a
902 4259 1219 4331 praestanda
1248 4259 1511 4314 alleviare
1556 4258 1772 4314 contri-

121 4356 382 4421 butione,
405 4359 461 4409 et
485 4359 582 4409 aut
613 4372 728 4411 non
759 4354 1140 4420 committere,
1169 4370 1282 4425 quo
1299 4354 1480 4426 magis
1495 4353 1565 4407 ab
1586 4353 1771 4425 inqui-

119 4451 256 4505 linis
286 4448 406 4503 suis
438 4450 722 4520 exigatur,
752 4452 851 4503 aut
878 4453 1145 4519 praestare
1173 4447 1343 4502 etiam
1372 4447 1771 4519 patrocinium,

123 4544 241 4599 sive
289 4543 557 4611 militare,
608 4542 723 4596 sive
768 4542 949 4610 civile,
990 4542 1102 4596 sive
1142 4541 1602 4609 ecclesiasticum,
1658 4540 1774 4595 sive

1885 2009 2031 2079 lege,
2062 2026 2128 2063 ea
2150 2011 2481 2065 excellentia
2512 2016 2629 2080 tua,
2658 2013 2778 2066 imo
2800 2031 2916 2067 non
2944 2014 3067 2085 ipsa
3094 2019 3317 2070 tantum
3344 2021 3529 2071 custo-

1884 2102 2022 2170 dics,
2050 2102 2144 2156 sed
2185 2109 2240 2157 et
2267 2104 2594 2177 quicunque
2624 2111 2752 2177 post
2790 2113 2844 2161 te
2874 2107 3023 2161 idem
3052 2108 3305 2162 officium
3333 2126 3525 2163 susce-

1883 2196 2037 2265 pturi
2075 2202 2226 2263 sunt,
2257 2202 2313 2251 et
2343 2197 2744 2269 obtemperans
2783 2199 2885 2253 tibi
2912 2200 3136 2269 cohors,
3160 2201 3281 2271 jam
3309 2202 3440 2256 inde
3467 2202 3528 2257 in

1882 2304 2050 2343 omne
2077 2289 2365 2361 reliquum
2395 2295 2623 2362 tempus
2648 2293 2946 2348 custodiet.
2976 2295 3099 2349 Dat.
3129 2311 3220 2349 xvr
3249 2296 3372 2350 Kal.
3392 2297 3524 2351 Jun.

1879 2383 2332 2455 Constantinop.,
2365 2389 2492 2455 post
2524 2385 2669 2440 Bilis.
2699 2403 2753 2441 v.
2784 2403 2833 2441 c.
2873 2403 3029 2442 cons.
3067 2403 3204 2444 ann.
3240 2393 3289 2443 1.

2454 2500 2763 2556 NOVELLA
2811 2503 2960 2557 XLV.

1881 2592 1960 2645 Ne
1984 2593 2184 2653 Judzei,
2208 2592 2572 2665 Samaritani.
2596 2600 2644 2649 et
2671 2596 2925 2661 haeretici,
2952 2613 3049 2665 per
3068 2612 3287 2651 causam
3313 2598 3526 2665 relz'gioc

1950 2665 2035 2716 nis
2063 2668 2112 2716 et
2136 2664 2311 2717 culmis
2334 2666 2423 2717 sui
2449 2666 2650 2719 curiali
2673 2668 2901 2732 fortuna
2938 2664 3255 2725 liberentur.
3285 2668 3379 2721 sed
3407 2664 3525 2722 eum

1949 2735 2248 2787 curialibus
2276 2737 2588 2789 muneribus
2631 2738 2958 2800 subdantur,
2996 2740 3300 2807 privilegiis
3343 2754 3523 2792 eorum

1947 2821 2053 2857 non
2072 2807 2458 2873 perfruantur.
2481 2809 2613 2860 Item
2642 2813 2703 2861 ut
2722 2809 2885 2861 iide
2903 2811 3115 2876 possint
3139 2814 3325 2862 contra
3349 2811 3523 2862 ortho-

1948 2876 2132 2937 ἀραῖος,
2151 2877 2247 2944 qui
2276 2878 2474 2930 curiali
2495 2879 2729 2943 fortuna:
2758 2879 2967 2932 subditi
3008 2884 3133 2932 sunt
3160 2881 3520 2933 testimonium

1947 2946 2141 3009 dicere,
2172 2950 2233 2999 ut
2257 2949 2352 3015 qui
2366 2949 2635 3019 przeclare
2652 2964 2756 3017 pro
2777 2950 3077 3004 orthodoxa
3100 2951 3381 3019 republica
3411 2954 3516 3005 tes-

1947 3019 2226 3071 timonium
2250 3018 2587 3086 perhibeant.

1945 3124 2256 3194 Imperator
2291 3123 2638 3179 Justinianus
2673 3127 2963 3196 Augustus
2997 3126 3199 3181 Joanni
3247 3128 3516 3199 praefecto

1874 3217 2160 3287 praetorio,
2189 3217 2401 3271 iterum
2439 3219 2744 3273 exconsule
2772 3224 2828 3273 et
2856 3219 3109 3290 patricio.

1945 3310 2157 3365 Retulit
2187 3327 2373 3382 nuper
2398 3311 2521 3365 vivo
2555 3312 2709 3383 apud
2735 3329 2838 3367 nos
2878 3328 3143 3367 sermone
3188 3314 3522 3373 excellentia

1874 3408 1989 3472 tua,
2017 3405 2315 3476 plerosque
2355 3404 2505 3459 inter
2551 3405 2883 3461 decuriones
2927 3406 3157 3463 Iudaeos
3196 3408 3365 3476 forte,
3421 3413 3521 3464 aut

1874 3495 2266 3566 Samaritanos,
2298 3501 2397 3551 aut
2421 3499 2807 3565 Montanistas,
2836 3505 2936 3553 aut
2987 3500 3201 3571 alioqui
3232 3502 3515 3556 detestan-

1876 3588 1975 3643 dos
2003 3590 2441 3658 esse-homines,
2481 3609 2620 3662 quos
2668 3592 2923 3646 nondum
2960 3609 3031 3647 ne
3084 3610 3235 3647 nunc
3286 3593 3518 3664 quidem

1874 3688 2028 3738 recta
2056 3687 2250 3738 nostra
2278 3689 2334 3739 et
2358 3684 2643 3755 inculpata
2668 3684 2810 3740 lides
2837 3685 3187 3755 illuminarit,
3220 3686 3322 3741 sed
3353 3686 3410 3740 in
3437 3690 3519 3741 te-

1876 3776 2065 3831 nebris
2091 3776 2395 3845 resideant,
2424 3794 2610 3849 neque
2639 3778 2868 3832 illorum
2894 3779 3087 3833 animo
3113 3779 3229 3832 ullo
3249 3795 3516 3834 verorum

1875 3869 2274 3941 mysteriorum
2310 3887 2477 3924 sensu
2516 3876 2843 3941 tangantur.
2884 3873 3025 3926 ltem
3061 3871 3193 3942 quia
3221 3872 3519 3927 haereticos

1873 3964 2002 4018 odio
2021 3963 2439 4035 prosequimur,
2463 3965 2616 4037 quod
2639 3981 2743 4036 per
2768 3950 3167 4019 hanccausam
3198 3969 3255 4020 et
3275 3970 3519 4036 praetex-

1872 4061 1994 4112 tum
2034 4056 2322 4128 petierunt
2368 4057 2673 4112 curialibus
2716 4074 2774 4113 se
2815 4058 3046 4113 liberari
3071 4058 3420 4113 muneribus.
3451 4060 3518 4115 Et

1873 4168 1989 4223 quo
2007 4150 2181 4206 modo
2207 4151 2504 4207 conveniat
2519 4168 2587 4207 ea
2612 4169 2738 4225 quae
2758 4152 2853 4207 illo
2874 4152 3162 4225 pertinent
3174 4152 3513 4208 discernere.

1873 4245 2154 4300 Caeterum
2185 4245 2553 4324 vehementer
2601 4247 2788 4302 mirati
2819 4263 3017 4301 sumus
3047 4247 3198 4319 quod
3238 4246 3517 4317 ejusmodi

1870 4338 2101 4394 illorum
2122 4338 2372 4395 rationes
2393 4341 2693 4411 prudentia
2708 4346 2765 4397 et
2791 4340 3015 4412 ingenii
3037 4341 3117 4394 tui
3137 4356 3379 4395 acumen
3400 4356 3519 4394 sus-

1873 4437 2130 4505 tinuerit,
2161 4454 2225 4492 ac
2251 4455 2366 4492 non
2387 4439 2643 4509 protinus
2669 4455 2764 4493 eos
2791 4438 2890 4509 qui
2917 4437 3053 4491 talia
3077 4437 3396 4508 proferrent
3424 4437 3513 4492 di-

1873 4526 2192 4598 scerpserit.
2222 4528 2359 4580 Nam
2389 4526 2434 4579 si
2462 4527 2558 4580 ulli
2590 4531 2721 4580 sunt
2762 4526 3022 4579 homines
3048 4525 3147 4595 qui
3193 4541 3295 4596 per
3323 4530 3512 4581 extre-

124 4637 511 4711 quodcunque
546 4636 773 4691 tandem
803 4636 859 4689 in
892 4635 1226 4690 universum
1255 4635 1494 4689 ofﬁcina:
1523 4634 1774 4689 dominio
1792 4636 1852 4709 D
1875 4636 2030 4673 mam
2050 4619 2474 4689 ίωῐποδίίαίθω
2497 4619 2607 4672 illis
2634 4635 2691 4672 se
2713 4618 2913 4689 dignos
2935 4634 3053 4711 93559
3082 4617 3410 4671 muneribus
3429 4635 3517 4673 al"

125 4730 389 4796 excidito,
407 4732 640 4801 estoque
662 4729 793 4800 ipsis
805 4729 1046 4800 publica,
1063 4729 1165 4784 toti
1182 4729 1401 4784 addicta
1413 4728 1674 4800 collegio.
1700 4729 1774 4782 Eo

127 4825 282 4881 enim
308 4828 472 4895 pacto
494 4828 549 4878 et
574 4822 852 4878 cautiores
878 4828 1067 4891 erunt,
1096 4828 1152 4877 et
1188 4823 1359 4878 vetita
1388 4839 1505 4877 non
1530 4825 1772 4877 attenta-

127 4920 290 4974 bunt.
322 4920 497 4972 Porro
524 4916 569 4971 si
590 4916 917 4972 minutatim
947 4920 1005 4972 et
1028 4916 1239 4988 pariter
1274 4916 1335 4971 in
1371 4932 1572 4971 omnes
1609 4915 1776 4970 vecti-

135 5013 279 5085 galia
308 5011 744 5080 distribuantur,
776 5027 896 5066 non
930 5012 1111 5065 solum
1141 5009 1439 5082 paululum
1466 5009 1592 5077 erit,
1620 5009 1776 5081 quod

140 5107 455 5179 praestitum
478 5104 669 5173 fuerit,
689 5104 787 5161 sed
805 5105 976 5160 etiam
990 5108 1147 5159 tanto
1180 5104 1545 5170 moderatius,
1576 5102 1772 5171 levius,

138 5200 504 5265 tolerabilius,
521 5199 829 5267 faclliusve,
856 5199 1008 5271 quod
1023 5199 1313 5254 confertur
1335 5197 1776 5268 existet,quanto

136 5312 167 5349 a
194 5294 451 5367 pluribus
467 5293 774 5365 colligitur.
811 5276 898 5348 An
929 5309 1060 5347 vero
1094 5309 1209 5347 non
1235 5292 1415 5347 multo
1440 5291 1772 5346 absurdissi-

137 5406 295 5444 mum
320 5387 516 5455 fuerit,
544 5387 803 5442 homines
825 5386 1072 5458 propriis
1085 5386 1402 5441 laborantes
1423 5384 1705 5454 manibus,
1722 5391 1777 5440 et

135 5499 337 5537 uxores
366 5497 429 5536 ac
466 5480 674 5536 liberos
711 5480 949 5550 alentes,
990 5483 1049 5534 et
1092 5480 1310 5553 reliqua
1360 5478 1609 5549 denique
1647 5478 1776 5531 vitm

136 5574 445 5631 necessaria
466 5574 595 5629 inde
628 5574 921 5646 acquirere
944 5576 1280 5644 satagentes,
1306 5572 1619 5627 etiamnum
1647 5586 1772 5625 ma-

127 5670 341 5742 joribus
366 5683 604 5723 onerare
630 5667 1036 5741 vectigalibus?
1073 5671 1129 5722 et
1173 5670 1386 5739 quanto
1416 5665 1606 5736 plures
1628 5664 1778 5720 inter

136 5759 415 5816 alleviatas
458 5755 803 5826 referuntur,
853 5761 1009 5812 tanto
1048 5756 1221 5812 etiam
1281 5755 1528 5827 majores
1572 5753 1777 5808 exinde

134 5853 388 5910 laesiones
426 5849 678 5906 aboriri?
724 5850 898 5922 idque
940 5866 1086 5906 onus
1117 5849 1407 5907 inﬁnitum
1450 5848 1560 5916 sit,
1592 5863 1778 5919 neque

136 5946 307 6020 possit
332 5945 514 6001 ullum
534 5943 745 6000 habere
765 5943 1117 6000 terminum?
1146 5945 1273 6000 Haec
1302 5959 1402 5997 nos
1426 5940 1619 5997 omnia
1642 5956 1774 6014 pro-

1872 4713 2175 4781 bitrantur,
2206 4728 2332 4783 qua:
2353 4713 2593 4766 summis
2620 4710 3021 4766 tantummodo
3041 4710 3412 4782 dignitatibus
3432 4728 3517 4769 re-

1875 4805 2218 4861 servavimus
2246 4822 2259 4859 :
2291 4804 2416 4876 quis
2454 4822 2569 4860 non
2594 4805 2967 4877 perditissime
2990 4821 3085 4859 eos
3112 4805 3336 4860 oderit?
3356 4806 3514 4862 Unde

1873 4900 2036 4956 nobis
2064 4902 2232 4955 sunto
2258 4898 2610 4966 decuriones,
2629 4899 3111 4971 quemadmodum
3131 4904 3187 4954 et
3206 4899 3513 4954 cohortali-

1874 4994 1998 5065 bus,
2027 4998 2092 5049 ut
2124 4994 2244 5064 jam
2275 4997 2405 5048 ante
2434 4992 2655 5064 legibus
2698 5009 3025 5064 expressum
3051 4998 3154 5049 est.
3198 4995 3393 5066 Neque
3430 4994 3516 5049 ul-

1874 5089 1963 5143 lus
1988 5087 2276 5158 religionis
2327 5086 2508 5141 cultus
2537 5086 2637 5141 tali
2676 5103 2769 5142 eos
2805 5087 3032 5143 fortuna
3061 5087 3312 5142 eximito.
3362 5086 3514 5142 Nihil

1876 5182 2029 5238 enim
2057 5182 2264 5236 horum
2278 5196 2464 5252 neque
2486 5179 2775 5251 antiquior
2793 5181 3003 5253 aliqua,
3028 5196 3210 5251 neque
3238 5180 3515 5235 recentior

1875 5276 1966 5331 lex
1987 5274 2242 5348 protulit.
2266 5273 2490 5344 lndigni
2511 5279 2704 5329 tamen
2731 5274 2789 5328 in
2812 5275 3142 5329 universum
3161 5273 3317 5327 omni
3335 5272 3515 5327 curia-

1876 5370 1915 5424 li
1943 5370 2221 5425 existunto
2245 5368 2479 5433 honore,
2513 5371 2569 5422 et
2588 5366 2719 5438 quia
2744 5368 2922 5421 multa
2945 5368 3101 5438 leges
3119 5365 3515 5422 decurionibus

1876 5467 2170 5541 privilegia
2197 5466 2474 5533 tribuunt,
2507 5469 2630 5521 tum
2654 5481 2728 5521 ne
2752 5466 2895 5521 ictus
2916 5464 3152 5520 fustium
3178 5464 3288 5519 illis
3311 5463 3518 5519 infera-

1876 5566 1990 5630 tur,
2026 5567 2148 5617 tum
2174 5577 2247 5617 ne
2272 5561 2426 5616 velut
2446 5559 2716 5616 sordidati
2735 5559 2816 5616 rei
2836 5559 3106 5614 sistentur
3113 5558 3354 5630 judicio,
3372 5574 3516 5613 neve

1877 5655 1937 5712 in
1962 5657 2130 5712 aliam
2161 5655 2442 5713 ducantur
2466 5654 2814 5728 provinciam
2836 5696 2850 5724 ,
2884 5657 2939 5709 et
2967 5651 3187 5708 infinita
3210 5651 3339 5718 alia,
3360 5652 3516 5707 nullo

1876 5751 2089 5807 horum
2115 5751 2505 5822 perfruuntur.
2537 5751 2654 5805 lmo
2673 5748 2718 5804 si
2739 5747 2878 5821 quid
2897 5746 3132 5803 omnino
3158 5745 3227 5802 de
3254 5745 3512 5801 decurio-

1876 5845 2046 5900 nibus
2070 5844 2343 5916 scriptum
2358 5849 2457 5911 est,
2475 5860 2604 5899 cum
2624 5859 2730 5916 per
2748 5841 3051 5916 privilegia
3070 5840 3178 5897 illis
3201 5839 3379 5911 gratia
3400 5854 3515 5892 non

1878 5938 1971 6007 sit,
2002 5938 2113 5995 hoc
2140 5940 2197 5994 et
2224 5937 2282 5993 in
2308 5937 2413 5993 illis
2438 5936 2708 6007 obtineto,
2751 5939 2808 5993 et
2854 5936 3131 6009 implente
3178 5937 3294 5991 tam
3323 5948 3515 6006 perso-
