4034 6228
574 382 673 441 987

1706 386 1961 446 SECULI
2001 384 2196 443 SEXTI
2238 382 2803 439 SUPPLEMENTUM.

3863 384 3973 438 Ε)εὲ

573 491 721 546 nalia
737 508 909 564 quam
926 496 1341 567 patrimouialia
1355 511 1805 567 munera,neque
1821 512 1917 551 eos
1935 495 2024 550 lex
2037 494 2108 551 ab
2120 494 2209 549 his
2229 503 2290 578 Α
2312 492 2479 547 tionis
2506 491 2793 548 licentiam
2812 492 3261 565 permittentem.
3277 489 3622 546 Videbamus
3649 490 3812 545 enim
3836 507 3977 545 cau-

572 585 1029 646 eximat.llonore
1041 596 1230 645 autem
1248 591 1400 645 nullo
1412 590 1909 661 perfruuntor,sed
1920 590 2210 645 fortunam

572 680 887 737 sustinente
908 700 1039 737 eum
1064 683 1313 753 infamia,
1349 700 1459 755 qua
1484 684 1653 738 etiam
1676 683 1933 738 animum
1953 687 2210 738 notatum

572 789 691 828 esse
708 776 1218 847 voluerunt.Atque
1234 778 1313 833 ita
1329 793 1463 832 sane
1484 778 1552 832 de
1582 778 1692 832 hoc
1710 777 1847 848 ipsis
1874 777 2206 847 disponitor.

642 868 944 924 Enimvero
966 875 1022 923 et
1044 870 1183 924 illud
1215 871 1378 924 nobis
1405 870 1716 941 qua‘stione
1745 870 1846 924 tibi
1873 870 2115 941 dignum
2137 870 2211 924 vi-

570 978 700 1015 sum
730 962 1092 1017 denuntiasti.
1138 966 1213 1020 Ex
1244 980 1359 1035 quo
1390 964 1539 1018 enim
1586 964 1883 1018 haereticos
1914 980 1947 1017 a
1973 964 2209 1018 dicendo

568 1054 888 1108 testimonio
904 1056 1210 1126 arcuimus,
1234 1057 1292 1112 in
1314 1058 1518 1128 quibus
1540 1058 1722 1112 causis
1742 1057 2042 1111 orthodoxi
2060 1057 2211 1111 inter

568 1164 624 1200 se
650 1147 896 1219 litigant,
925 1150 1315 1220 permittentes
1336 1151 1444 1205 illis
1474 1151 1531 1205 in
1563 1155 1759 1206 nostra
1784 1150 2206 1218 constitutione,

566 1240 612 1294 si
638 1241 876 1312 quidem
903 1244 999 1314 qui
1030 1243 1181 1299 inter
1205 1262 1263 1300 se
1287 1245 1601 1300 miscentur
1627 1250 1684 1300 et
1708 1244 1952 1315 litigant,
1971 1248 2210 1315 uterque

568 1334 866 1390 haereticus
885 1337 975 1403 sit,
1005 1343 1121 1392 tam
1145 1344 1299 1393 actor
1323 1355 1496 1410 quam
1524 1356 1673 1406 reus,
1704 1342 1769 1394 ut
1808 1338 2022 1409 possint
2048 1337 2207 1393 testi-

566 1428 825 1483 monium
854 1430 1059 1498 dicere,
1092 1449 1224 1502 cum
1254 1432 1398 1488 alter
1416 1433 1597 1488 altero
1630 1432 1838 1504 dignus
1876 1432 1968 1500 sit,
1997 1432 2110 1485 sive
2135 1431 2206 1485 li-

566 1521 794 1591 tigator,
822 1524 937 1577 sive
964 1526 1142 1582 testis.
1176 1527 1241 1582 Et
1287 1544 1483 1582 rursus
1510 1527 1559 1581 si
1593 1526 1894 1581 haereticus
1917 1526 1991 1580 sit
2013 1525 2207 1580 ortho-

566 1616 766 1685 doxus,
790 1623 855 1671 ut
876 1624 1070 1674 contra
1094 1620 1389 1676 haereticos
1410 1621 1640 1692 quidem
1663 1620 1834 1674 nimis
1854 1635 2026 1691 quam
2046 1618 2205 1674 testi-

568 1710 829 1766 monium
856 1713 1158 1783 perhibere
1184 1715 1420 1785 possint,
1450 1715 1522 1769 de
1543 1713 1869 1768 orthodoxis
1905 1729 2021 1767 non
2045 1712 2207 1767 item.

565 1803 965 1873 Litigatoribus
993 1823 1127 1863 vero
1170 1808 1436 1880 utrinque
1465 1806 1790 1863 orthodoxis
1815 1805 2205 1875 existentibus,

2310 602 2431 641 sam
2457 585 2714 655 effusam,
2745 591 2802 639 et
2828 585 3104 657 paulatim
3144 585 3215 640 ad
3241 583 3381 639 alios
3412 584 3825 639 ecclesiasticas
3853 585 3974 639 mi—

2311 684 2538 751 grantes
2572 679 2972 752 possessiones,
2991 695 3176 751 neque
3196 678 3393 750 pretiis
3414 678 3613 732 solutis
3634 677 3845 748 dignis,
3872 695 3977 732 ne-

2309 790 2419 845 que
2451 790 2621 845 Opere
2649 772 2961 828 inevitabili
2993 772 3327 827 imminente
3353 771 3636 841 alienatis,
3670 771 3775 825 sed
3796 772 3973 825 etiam

2312 871 2502 922 contra
2522 867 2735 937 positas
2738 866 2860 937 jam
2874 866 3026 937 leges
3038 866 3220 920 decies
3237 866 3438 920 millies
3450 866 3785 921 circumven
3796 865 3977 919 tiones

2308 961 2500 1015 factas.
2535 960 2806 1025 Quocirca
2838 960 3086 1031 primam
3113 960 3463 1031 perimentes
3491 960 3664 1026 viam,
3702 958 3978 1012 omnibus

2310 1054 2573 1108 similiter
2613 1054 3024 1108 inaccessibiles
3052 1058 3245 1107 contra
3289 1070 3381 1107 eas
3424 1053 3672 1107 facimus
3719 1052 3972 1106 circum-

2311 1148 2743 1202 ventiones.Sed
2771 1148 2905 1202 hinc
2931 1147 3187 1218 plerique
3204 1147 3437 1218 quidem
3467 1145 3978 1201 sanctissimarum

2310 1241 2695 1311 ecclesiarum,
2717 1241 3079 1314 aliarumque
3109 1241 3517 1296 venerabilium
3549 1240 3834 1294 domuum
3865 1240 3979 1293 uti-

2308 1335 2526 1391 litatem
2557 1335 2883 1390 habuerunt
2926 1335 3083 1390 nullo
3127 1335 3503 1407 possessiones
3546 1334 3651 1387 has
3705 1333 3979 1387 minuere

2308 1434 2690 1500 priesumente
2724 1446 2737 1484 ε
2770 1429 3018 1483 occurrit
3048 1434 3239 1484 tamen
3268 1428 3438 1482 etiam
3466 1427 3686 1498 aliquid
3715 1426 3971 1481 difﬁcile.

2310 1523 2508 1578 Debita
2544 1523 2736 1592 enim,
2776 1528 2876 1577 aut
2928 1522 3101 1594 longo
3152 1527 3408 1592 tempore
3460 1521 3811 1586 constituta,
3872 1527 3976 1574 aut

2309 1616 2479 1671 etiam
2524 1620 2719 1688 postea
2780 1633 2851 1671 ex
2907 1616 3153 1686 quadam
3191 1614 3547 1680 necessitate,
3590 1620 3649 1669 et
3710 1614 3971 1669 maxime

2309 1726 2413 1782 per
2472 1710 2693 1765 ﬁscales
2744 1709 3063 1765 occasiones
3119 1708 3197 1763 eis
3250 1708 3565 1763 accidentia
3619 1707 3696 1762 ad
3752 1708 3969 1761 aliena-

2308 1803 2483 1859 tionis
2520 1803 2913 1860 necessitatem
2942 1818 3125 1857 sacras
3177 1802 3572 1874 perduxerunt
3600 1802 3827 1857 domos.
3858 1802 3970 1856 Mo—

570 1897 630 1945 ut
656 1893 847 1948 nullus
872 1896 1105 1951 omnino
1132 1896 1239 1951 illis
1266 1897 1335 1953 ad
1361 1897 1749 1952 testimonium
1777 1896 2085 1950 dicendum
2111 1912 2205 1967 pa-
2224 1892 2280 1964 B
2302 1897 2401 1951 bili
2426 1897 2583 1953 enim
2620 1912 2736 1952 non
2781 1900 3037 1951 exstante
3082 1895 3394 1950 substantia
3441 1894 3767 1950 sufﬁciente
3816 1895 3969 1967 peri—

571 1989 682 2040 tcat
696 1987 905 2042 aditus.
933 1988 1068 2044 Inde
1080 1990 1223 2045 adeo
1248 1990 1483 2044 docuisti
1506 2007 1631 2059 nos,
1654 1990 1805 2061 quod
1823 1989 2055 2061 quidam
2076 2006 2208 2043 cum

566 2080 871 2163 orthodoxi
900 2082 1032 2151 sint,
1076 2082 1403 2139 inﬁcientur
1428 2101 1499 2138 se
1516 2084 1747 2139 curialis
1775 2099 1894 2139 esse
1920 2084 2165 2138 fortuna:
2190 2124 2204 2149 ,

566 2174 624 2225 et
647 2189 871 2229 necesse
901 2176 971 2230 sit
994 2176 1079 2230 vel
1107 2194 1315 2248 genere
1336 2177 1445 2232 illis
1466 2178 1816 2249 eonjunctos,
1839 2178 1921 2232 vel
1942 2177 2041 2249 qui
2061 2177 2203 2230 alio-

565 2266 663 2337 qui
693 2267 761 2322 de
788 2269 1019 2324 illorum
1043 2270 1271 2325 fortuna
1295 2272 1540 2327 habeant
1559 2272 1844 2338 notitiam,
1866 2271 1925 2325 in
1954 2270 2207 2325 testimo-

565 2360 725 2415 nium
757 2363 1015 2433 produci.
1048 2366 1113 2418 Et
1131 2365 1261 2436 quia
1283 2366 1373 2419 lex
1401 2366 1472 2420 de
1498 2366 1825 2420 orthodoxis
1849 2364 2071 2436 prolata
2094 2364 2207 2418 ΙΜΕ-

568 2454 873 2510 reticorum
896 2456 1221 2513 testimonia
1235 2463 1407 2528 arcet,
1430 2463 1729 2530 propterea
1742 2458 1963 2528 judices
1980 2474 2208 2512 verean-

568 2552 662 2601 tur
690 2549 811 2603 hzec
842 2549 1167 2606 admittere.
1206 2551 1377 2623 Atqui
1415 2551 1568 2606 inani
1605 2552 1983 2606 sollicitantur
2023 2555 2203 2620 metu,

569 2641 668 2712 qui
685 2641 997 2697 istiusmodi
1012 2645 1332 2699 testimonia
1349 2645 1632 2715 suscipere
1652 2649 1933 2699 recusant.
1952 2645 2207 2699 Primum

569 2734 823 2804 quidem,
845 2736 980 2807 quia
1008 2754 1111 2807 pro
1135 2738 1465 2793 orthodoxis
1492 2738 1955 2811 interponuntur,
1973 2738 2030 2792 id
2056 2738 2208 2810 quod

569 2827 725 2899 leges
756 2829 1049 2884 haereticos
1095 2831 1279 2885 facere
1325 2848 1443 2886 non
1472 2835 1684 2887 vetant.
1730 2834 1850 2886 Mox
1880 2831 1924 2885 si
1955 2832 2083 2902 quis
2108 2848 2207 2886 eos

568 2922 667 2993 qui
698 2923 1033 2978 decuriones
1060 2930 1211 2993 sunt,
1230 2930 1537 2981 renuentes
1565 2926 1771 2981 deinde
1797 2925 2203 2996 conditionem,

569 3015 639 3070 ad
666 3017 881 3071 curiam
909 3019 1184 3085 retrahat,
1207 3023 1265 3072 et
1290 3020 1585 3075 haereticos
1612 3021 1670 3074 in
1698 3019 2087 3075 testimonium
2114 3020 2207 3074 ad-

569 3115 747 3179 vocet,
780 3112 1064 3182 quomodo
1089 3130 1194 3185 pro
1223 3117 1416 3167 nostra
1441 3115 1546 3169 hoc
1576 3114 1867 3184 republica
1888 3130 2005 3170 non
2035 3113 2207 3168 facit?

572 3208 635 3257 ut
660 3203 782 3273 ipsa
807 3205 1040 3275 quidem
1086 3207 1403 3277 respublica
1427 3208 1726 3278 litigatoris
1764 3208 1951 3261 locum
1996 3211 2203 3276 teneat,

680 3258 700 3273 ι
822 3258 843 3275 ι
1088 3258 1137 3259 η
1180 3258 1722 3278 τηεψ-ψον-ηη
2002 3258 2203 3276 ---ητι

571 3296 885 3351 orthodoxa
922 3298 1189 3365 existens,
1220 3306 1276 3353 et
1308 3301 1553 3355 maxime
1588 3301 1658 3354 ab
1690 3318 1755 3354 eo
1788 3306 2065 3371 tempore,
2094 3318 2208 3372 quo
2228 3258 2283 3331 Ο

571 3390 720 3443 Deus
746 3390 822 3443 illi
858 3408 958 3445 nos
974 3392 1254 3461 imperare
1282 3394 1580 3464 permisit;
1608 3394 1705 3467 qui
1728 3411 1857 3448 vero
1879 3410 1945 3449 eo
1977 3394 2210 3449 nomine

572 3482 962 3539 testimonium
991 3484 1205 3554 dicunt,
1228 3503 1332 3558 pro
1360 3487 1693 3542 orthodoxis
1718 3488 2110 3543 testiﬁcentur.
2131 3487 2210 3544 Si-

570 3577 803 3648 quidem
830 3582 1028 3633 nostra
1045 3580 1359 3651 respublica
1377 3586 1531 3637 recta
1557 3586 1661 3651 est,
1686 3587 1741 3636 et
1757 3582 2074 3637 orthodoxa
2087 3581 2209 3653 jam

566 3670 789 3726 imbuta
811 3672 945 3740 fide,
972 3673 1162 3729 omnia
1186 3673 1295 3729 alia
1323 3676 1530 3731 haeresi
1559 3692 1747 3732 exosa.
1784 3685 1883 3733 Καὶ
1911 3687 2065 3734 τοῦτο
2102 3684 2211 3733 τοί-

567 3785 656 3819 νυν
686 3768 718 3825 ἡ
746 3772 812 3826 σὴ
860 3768 1094 3843 ὑπεροχὴ
1122 3770 1584 3845 παριφυλαττέτω,
1619 3775 1706 3824 τόν
1750 3791 1806 3825 τε
1846 3775 2085 3847 ἡμέτερον
2114 3793 2208 3845 γι-

568 3864 832 3913 νώσκουσο
848 3865 1023 3934 νόμον,
1042 3866 1129 3914 καὶ
1147 3867 1206 3915 τὸ
1222 3872 1282 3935 τῇ
1299 3863 1533 3935 πολιτείᾳ
1552 3869 1803 3940 συμφέρον
1822 3870 2201 3939 μνηστεύουσα,

567 3958 654 4004 καὶ
683 3951 995 4026 ἰπισταμένη
1025 3950 1114 4006 διὰ
1141 3965 1349 4008 παν-τῶν
1381 3959 1454 4024 ὡς
1483 3955 1648 4009 ἐκεῖνα
1686 3954 1805 4030 ἡμῖν
1846 3964 1932 4011 καὶ
1959 3963 2205 4034 πράττειν

568 4049 654 4096 καὶ
685 4046 968 4117 νομοθετεῖν
999 4041 1438 4112 διεσπούδασται,
1461 4050 1629 4100 ὁππόσα
1648 4057 1740 4106 τῆν
1763 4052 2007 4123 ἡμετέραν
2037 4049 2209 4121 ὠφελεῖ

567 4136 849 4190 πολιτιίαν.
906 4134 1030 4187 Dat.
1083 4150 1153 4187 xv
1197 4135 1315 4190 Kal.
1361 4140 1528 4206 sept.,
1579 4137 2033 4210 Constantinop.,
2082 4142 2209 4209 post

570 4224 721 4281 Bilis.
750 4243 803 4282 v.
837 4243 888 4282 c.
918 4243 1077 4282 cons.

1123 4385 1437 4440 NOVELLA
1475 4386 1649 4440 XLVI.

634 4506 709 4558 De
734 4504 1211 4559 ecclesiasticarum
1236 4520 1411 4628 partim
1432 4503 1785 4558 immobilium
1810 4503 2134 4559 alienatione

1207 4590 1233 4628 ε
1275 4590 1331 4628 so
1358 4577 1558 4628 utione.

1207 4579 1258 4628 et
1275 4577 1558 4629 solutione.

636 4702 955 4771 Imperator
988 4702 1338 4757 Justinianus
1370 4706 1655 4773 Augustus
1689 4700 1889 4756 loanni
1924 4701 2205 4772 gloriosis-

563 4793 708 4848 simo
729 4811 1019 4850 sacrorum
1040 4813 1145 4867 per
1167 4796 1454 4851 Orientem
1482 4795 1882 4868 praetoriorum
1908 4794 2200 4867 praefecto,

562 4887 770 4941 iterum
804 4891 1099 4945 exconsule
1126 4894 1179 4945 et
1212 4889 1464 4960 patricio.

636 4981 703 5035 Et
730 4980 874 5035 circa
899 4984 1053 5052 leges
1076 4982 1348 5048 studium,
1379 4988 1435 5037 et
1457 4982 1563 5037 alia
1588 4982 1782 5038 omnia
1811 4999 1841 5036 a
1884 4982 2044 5036 nobis
2075 4982 2202 5036 ideo

561 5074 818 5146 quotidie
860 5091 991 5129 cum
1036 5076 1226 5131 labore
1262 5081 1529 5149 aguntur,
1565 5081 1629 5132 ut
1667 5076 1959 5132 utilitatem
1998 5075 2205 5130 nostris

563 5167 830 5239 subjectis
859 5168 1212 5225 inveniamus
1244 5187 1257 5225 :
1290 5171 1443 5243 quod
1468 5170 1709 5226 effusum
1736 5170 1968 5242 quidem
1997 5175 2054 5224 et
2090 5170 2201 5224 im-

562 5280 825 5319 mensum
853 5269 936 5320 est
962 5268 1339 5333 removentes,
1368 5266 1518 5336 quod
1546 5270 1737 5320 autem
1763 5270 1819 5320 et
1843 5265 2123 5336 optimum
2148 5271 2204 5320 et

562 5358 846 5425 molitum,
896 5341 1287 5430 subrogantes.
1342 5359 1410 5413 Et
1454 5376 1601 5431 saepe
1648 5376 1873 5431 quoque
1921 5376 1991 5415 ex
2018 5358 2202 5414 studio

562 5463 792 5528 propter
808 5458 1057 5528 priorem
1076 5457 1517 5513 immensitatem
1530 5456 1702 5511 etiam
1714 5458 1862 5511 ultra
1872 5473 2202 5513 mensuram

559 5550 747 5620 legem
768 5551 1230 5620 constrinximus,
1251 5555 1316 5606 ut
1336 5551 1486 5622 quod
1507 5550 1774 5623 primitus
1787 5550 2055 5607 affluebat
2074 5550 2203 5607 reti-

560 5648 759 5697 nentes
779 5684 793 5710 ,
827 5643 907 5697 ita
933 5643 1323 5715 aequalitatem
1351 5644 1421 5699 de
1448 5649 1652 5700 caetero
1687 5644 2197 5700 iutroduceremus.

561 5732 755 5804 Nuper
782 5734 959 5805 igitur
978 5736 1308 5807 scripsimus
1326 5737 1513 5809 legem
1543 5738 1613 5793 de
1637 5738 2001 5793 sanctissimis
2025 5739 2197 5793 eccle-

564 5824 660 5877 siis
687 5825 951 5879 omnibus
975 5867 989 5894 ,
1020 5833 1076 5882 et
1101 5830 1456 5884 monasteriis
1482 5873 1495 5898 ,
1527 5836 1583 5886 et
1607 5832 1839 5903 reliquis
1866 5832 2199 5887 venerabili-

567 5911 673 5966 bus
699 5914 980 5987 domibus,
1014 5920 1231 5976 nullam
1257 5921 1338 5976 eis
1368 5938 1562 5979 rerum
1589 5924 1972 5981 immobilium
1999 5925 2203 5983 aliena-

2309 1990 2652 2044 clitabantur
2688 1990 2748 2046 in
2779 1988 3150 2045 novissimam
3177 1988 3370 2043 venire
3400 1982 3823 2043 ﬁeessitatem.
3855 1990 3965 2042 Ha-

2308 2100 2438 2138 rum
2464 2083 2737 2156 praesules
2765 2099 2949 2154 neque
2977 2082 3219 2138 vendere
3257 2086 3539 2153 potentes,
3570 2098 3763 2153 neque
3810 2082 3969 2137 unde

2307 2177 2495 2232 debita
2532 2177 2814 2231 solverent
2841 2176 3149 2243 habentes,
3191 2176 3293 2230 sed
3334 2192 3437 2247 pro
3474 2175 3681 2229 talibus
3722 2176 3963 2246 quidem

2307 2270 2511 2326 debitis
2541 2287 2705 2341 posse
2734 2286 2838 2341 pro
2866 2270 3143 2324 solutione
3164 2268 3541 2323 creditoribus
3582 2269 3706 2322 dari
3734 2286 3966 2340 posses-

2306 2365 2489 2419 siones
2511 2363 2941 2433 ecclesiasticas;
2970 2366 3164 2417 tamen
3203 2379 3334 2416 eum
3366 2363 3719 2433 competenti
3745 2362 3968 2416 subtili-

2306 2461 2421 2512 tate
2449 2463 2504 2512 et
2529 2458 2915 2512 observatione
2931 2456 3186 2511 facienda
3207 2456 3489 2510 solutione
3506 2455 3633 2527 jam
3655 2472 3808 2526 serpe
3831 2473 3968 2527 pcr-

2305 2550 2583 2619 misimus,
2612 2550 2755 2606 sicut
2783 2566 2967 2622 neque
2998 2551 3188 2621 palam
3218 2549 3323 2604 hac
3352 2554 3541 2604 nostra
3568 2550 3730 2621 prius
3751 2551 3969 2619 permi-

2307 2645 2482 2699 simus
2500 2645 2645 2715 lege.
2670 2643 2726 2698 Si
2752 2660 2884 2698 vero
2909 2659 3022 2697 non
3062 2643 3311 2714 privatus
3345 2643 3549 2714 aliquis
3580 2646 3665 2697 est
3688 2643 3960 2709 creditor,

2306 2739 2402 2793 sed
2424 2737 2760 2809 przeeminct
2793 2736 2981 2806 ﬁscus,
3005 2740 3061 2791 et
3079 2736 3255 2807 exigit
3275 2736 3482 2805 debita,
3515 2741 3600 2790 est
3622 2739 3814 2789 autem
3847 2736 3964 2789 ino-

2306 2832 2403 2904 pia
2424 2831 2816 2903 pecuniarum,
2839 2830 3094 2902 accipere
3122 2846 3251 2884 vero
3276 2829 3627 2884 immobilem
3655 2830 3957 2901 possessio-

2306 2943 2441 2980 nem
2463 2924 2807 2996 impossibile
2834 2929 2920 2978 est
2942 2923 3160 2992 ﬁscum,
3184 2923 3276 2977 hic
3316 2923 3570 2977 relaxare
3591 2923 3809 2995 aliquid
3833 2924 3962 2976 sub-

2306 3018 2521 3074 tilitatis
2563 3017 2706 3089 legis
2736 3023 3058 3089 competere
3094 3016 3497 3088 judicavimus.
3538 3018 3605 3071 Et
3634 3016 3680 3070 si
3720 3034 3835 3087 qua
3868 3034 3959 3070 ne-

2307 3113 2531 3167 cessitas
2569 3112 2897 3182 hujusmodi
2946 3112 3061 3178 ﬁat,
3093 3111 3265 3165 etiam
3296 3109 3704 3166 alienationem
3737 3112 3861 3164 sine
3904 3127 3957 3163 re

2308 3206 2720 3277 prospeximus.
2776 3205 3073 3260 Sancimus
3102 3204 3278 3275 igitur
3313 3204 3357 3258 si
3400 3208 3729 3258 sanctarum
3764 3205 3955 3275 aliqua

2309 3300 2692 3366 ecclesiarum,
2719 3304 2819 3353 aut
2857 3299 3205 3369 reliquarum
3236 3297 3606 3352 colendarum
3638 3298 3916 3351 domuum
3940 3340 3953 3365 ,

2307 3394 2519 3448 ﬁscales
2543 3393 2748 3447 debeat
2770 3390 3108 3461 functiones,
3136 3394 3193 3446 et
3210 3391 3363 3446 unde
3389 3391 3562 3445 faciat
3584 3391 3796 3445 horum
3822 3391 3945 3445 red-

2308 3486 2582 3542 ditionem
2606 3502 2726 3541 non
2757 3485 2982 3555 habeat,
3011 3485 3316 3539 convenire
3343 3501 3543 3540 omnes
3571 3486 3632 3538 in
3663 3502 3871 3553 unum,
3903 3489 3953 3537 et

2307 3584 2408 3656 qui
2433 3601 2503 3640 ex
2528 3584 2677 3639 clero
2707 3588 2860 3654 sunt,
2898 3586 2954 3639 et
2996 3584 3109 3639 Deo
3141 3582 3447 3637 amabilem
3473 3583 3809 3655 episcopum
3836 3582 3950 3653 ejus

2308 3678 2544 3734 civitatis
2564 3720 2578 3747 ,
2610 3677 2845 3749 insuper
2875 3680 2932 3732 et
2957 3677 3356 3748 metropoleos,
3392 3678 3449 3731 et
3491 3676 3669 3731 sacris
3699 3676 3949 3748 proposi-

2306 3772 2377 3827 tis
2403 3771 2644 3844 eloquiis
2668 3788 2894 3827 causam
2920 3770 3257 3826 examinari.
3292 3771 3361 3824 Et
3391 3770 3437 3824 si
3482 3787 3597 3824 non
3627 3770 3949 3842 apparuerit

2308 3866 2456 3921 ullus
2474 3870 2724 3937 qurestus
2743 3864 2884 3920 citra
2901 3863 3300 3920 alienationem
3325 3862 3632 3918 immobilis
3653 3863 3738 3919 rei
3768 3863 3949 3917 valens

2307 3961 2523 4014 solvere
2542 3958 2727 4014 ﬁscale
2760 3959 3037 4027 debitum,
3065 3963 3198 4013 tunc
3225 3957 3516 4013 licentiam
3543 3974 3667 4012 esse
3703 3957 3805 4024 eis,
3838 3973 3947 4011 sen-

2305 4053 2485 4109 tentia
2511 4052 2613 4107 tali
2637 4052 2998 4124 procedente,
3015 4058 3071 4107 et
3095 4051 3322 4106 decreto
3349 4050 3631 4106 celebrato
3652 4051 3808 4123 apud
3827 4066 3943 4122 pro-

2305 4146 2506 4202 vincia:
2535 4146 2811 4218 judicem,
2853 4145 3024 4200 etiam
3054 4145 3443 4217 possessiones
3482 4144 3807 4200 immobiles
3828 4158 3946 4197 con-

2308 4240 2546 4312 tingere,
2578 4245 2634 4295 et
2663 4256 2757 4293 eas
2788 4238 3034 4293 alienare
3060 4239 3132 4293 ad
3162 4237 3502 4293 solutionem
3542 4237 3739 4307 debiti,
3769 4252 3943 4293 emen-

2304 4334 2454 4389 tibus
2486 4334 2720 4405 quidem
2745 4333 2805 4388 in
2851 4333 3054 4387 fiscum
3097 4332 3460 4401 solventibus,
3515 4336 3571 4386 et
3625 4332 3938 4400 desuscepta

2305 4427 2437 4482 inde
2466 4426 2929 4499 percipientibus,
2960 4432 3016 4480 et
3044 4425 3419 4481 subeuntibus
3455 4424 3647 4479 ﬁscale
3679 4425 3934 4489 debitum,

2305 4524 2359 4575 et
2387 4521 2669 4575 cautelam
2716 4520 2847 4574 inde
2886 4519 3251 4588 habentibus,
3286 4524 3342 4573 et
3379 4518 3522 4573 nihil
3562 4517 3931 4573 metuentibus

2221 4631 2283 4704 D
2306 4613 2568 4685 primitus
2596 4613 2838 4685 positam
2865 4613 3074 4685 legem,
3110 4612 3427 4667 constitutis
3457 4615 3515 4667 et
3541 4612 3823 4666 ﬁscalibus
3848 4610 3931 4663 de-

2305 4707 2600 4778 susceptis,
2622 4710 2678 4761 et
2702 4706 3005 4760 insinuatis
3058 4706 3204 4760 inter
3238 4709 3611 4759 monumenta
3643 4709 3931 4776 gestorum,

2304 4800 2725 4872 deponentibus
2753 4799 2970 4871 his-qui
2997 4799 3235 4854 fecerint
3261 4815 3385 4853 eam
3406 4842 3419 4866 ,
3453 4804 3517 4853 ut
3544 4803 3601 4853 et
3633 4800 3787 4870 apud
3820 4812 3931 4851 san-

2304 4894 2581 4948 ctissimas
2622 4893 2885 4948 ecclesias
2934 4894 3224 4948 salventur
3269 4891 3420 4947 clara
3480 4892 3830 4964 desuscepta,
3877 4904 3932 4942 eo

2304 4987 2455 5059 quod
2480 4987 2690 5041 ﬁscalia
2720 4987 2899 5041 soluta
2920 4986 3033 5041 sint
3063 4986 3302 5056 tributa,
3331 4991 3388 5040 et
3414 4985 3609 5040 omnia
3637 4984 3930 5040 secundum

2304 5089 2555 5140 nostram
2580 5085 2771 5157 legem
2803 5088 2962 5157 gesta
2989 5084 3121 5140 sint.
3152 5086 3272 5140 Non
3313 5084 3643 5156 potentibus
3673 5081 3930 5156 aliquibus

2302 5179 2519 5251 ﬁngere
2545 5179 2730 5234 ﬁscale
2760 5179 3036 5246 debitum,
3065 5184 3121 5234 et
3148 5179 3224 5233 ita
3253 5178 3324 5233 ad
3351 5178 3723 5233 alienationes
3756 5177 3926 5232 immo-

2302 5272 2504 5327 bilium
2534 5289 2727 5328 rerum
2751 5272 3038 5339 accedere,
3072 5272 3197 5327 ideo
3224 5272 3394 5327 etiam
3419 5277 3477 5326 et
3516 5271 3730 5327 decreti
3753 5267 3922 5326 factio-

2302 5384 2437 5422 nem
2461 5366 2844 5438 permisimus,
2894 5371 2960 5422 ut
2999 5370 3057 5421 et
3100 5366 3288 5421 ﬁscale
3330 5365 3587 5422 debitum
3628 5359 3919 5419 testimonio

2301 5461 2605 5534 pandetur,
2645 5464 2702 5517 et
2757 5477 2828 5516 ex
2865 5459 3094 5533 quantis
3133 5459 3423 5515 descendit
3462 5458 3841 5531 temporibus,
3875 5456 3919 5506 et

2304 5554 2578 5626 quoniam
2603 5571 2720 5609 non
2745 5554 3004 5627 pecuniis
3025 5554 3275 5610 solutum
3297 5558 3400 5618 est,
3426 5552 3522 5611 sed
3548 5552 3605 5607 in
3648 5549 3911 5607 necessita-

2303 5653 2421 5705 tem
2467 5648 2819 5705 alienationis
2863 5648 3037 5716 venit,
3092 5652 3155 5703 ut
3194 5647 3396 5702 veritas
3448 5646 3683 5720 indique
3721 5642 3911 5719 quidem

2248 5749 2253 5753 ’
2302 5747 2612 5814 protestata
2674 5742 2766 5812 sit,
2816 5741 3085 5798 omnibus
3146 5756 3337 5797 coram
3401 5740 3576 5796 sacris
3639 5731 3908 5809 Evangeliis

2301 5836 2538 5908 agendis
2566 5854 2580 5891 ;
2612 5836 2919 5892 scientibus
2958 5839 3014 5892 et
3043 5833 3342 5907 episcOpis,
3375 5838 3434 5890 et
3477 5834 3716 5904 clericis,
3746 5825 3907 5888 etaliis

2304 5930 2589 6005 omnibus,
2611 5930 2744 6006 quia
2774 5932 2921 5990 Deus
2943 5929 3173 6007 respicit
3196 5945 3321 6005 quae
3348 5934 3629 6003 geruntur
3657 5928 3731 5986 ab
3754 5925 3835 5985 eis.
3860 5920 3903 5976 Et
