4034 6228
48 385 211 436 (ιξὶξ)

1013 383 1377 441 JUSTINIANI
1414 384 1743 441 NOVELLAS
1781 381 2117 443 SELI‘ICTIE.
2160 390 2467 446 NOVELLA
2504 391 2631 447 LVI.

3398 394 3500 449 990

48 491 135 544 si
174 491 335 563 quid
367 491 597 563 egerint
623 508 727 563 per
759 491 976 559 dolum,
1008 496 1107 548 aut
1138 494 1378 558 lucrum,
1421 499 1519 548 aut
1549 494 1764 549 machi-
1784 504 1843 578 Α
1864 502 2325 574 permutationes
2347 502 2548 573 quasin
2568 500 2934 573 imperialem
2954 501 3192 559 domum
3213 502 3270 557 in
3286 502 3495 559 hecfa-

58 586 440 653 uationem,
474 587 579 640 hoc
610 585 667 640 in
689 587 806 642 suis
839 585 1120 659 recipient
1162 586 1467 645 animabus
1505 589 1761 645 viventes

60 695 165 732 ac.
196 680 550 735 morientes.

172 773 392 828 Sivero
418 773 669 845 privatus
703 774 907 846 aliquis
936 775 1184 829 creditor
1226 776 1418 845 fuerit,
1450 777 1625 847 possit
1663 793 1753 830 se-

66 867 374 921 cundum
398 884 504 939 pro
536 869 719 922 soluto
740 869 966 922 schema
992 869 1246 940 accipere
1274 870 1604 924 immobiles
1633 887 1757 941 pos-

72 961 423 1016 sessiones.
454 963 565 1016 Iloc
596 978 820 1033 quoque
843 962 1072 1017 decreto
1090 963 1377 1029 faciendo,
1402 980 1505 1034 pro
1532 980 1756 1018 mensu-

74 1072 160 1109 ra
195 1072 346 1109 vero
381 1071 579 1110 eorum
611 1055 937 1111 debitorum
960 1056 1323 1127 assignandis
1345 1057 1426 1112 eis
1456 1056 1757 1128 possessio-

74 1150 300 1203 nibus.
338 1150 399 1205 Si
430 1167 563 1204 vero
590 1150 776 1204 fiscalc
810 1150 1069 1205 debitum
1100 1151 1290 1217 fuerit,
1320 1150 1646 1221 potentibus
1676 1150 1755 1207 eis

72 1243 163 1296 ad
195 1244 631 1298 alienationem
683 1243 1063 1299 immobilium
1114 1244 1386 1300 accedere
1437 1245 1752 1299 secundum

78 1337 373 1408 priorem
399 1337 874 1403 observationem,
896 1342 957 1391 ut
978 1337 1121 1392 nihil
1146 1338 1310 1405 desit,
1333 1355 1521 1409 neque
1538 1337 1752 1393 subtili-

78 1430 259 1497 tatis,
286 1448 481 1501 neque
504 1431 826 1486 communis
849 1431 1122 1486 utilitatis.
1156 1432 1249 1485 His
1266 1437 1456 1486 autem
1480 1431 1752 1486 universis

85 1524 541 1579 sanctissimam
567 1526 853 1595 majorem
884 1525 1184 1580 ecclesiam
1212 1525 1554 1579 felicissimae
1583 1526 1752 1595 hujus

86 1618 289 1685 urbis,
312 1626 371 1673 et
387 1619 512 1689 ejus
536 1619 806 1685 conﬁnia,
822 1623 879 1673 et
900 1620 1225 1674 orationum
1254 1620 1478 1685 domos,
1503 1637 1749 1691 quarum

88 1713 230 1783 ipsa
254 1729 461 1766 curam
487 1713 754 1783 suscepit,
774 1712 1045 1768 omnibus
1073 1712 1388 1784 excipimus
1414 1713 1601 1769 modis
1623 1730 1750 1784 quas

76 1807 223 1877 jam
252 1806 333 1860 de
366 1806 474 1861 hoc
504 1806 725 1861 sancita
752 1810 885 1860 sunt
917 1824 950 1861 a
976 1806 1162 1873 nobis,
1189 1806 1247 1861 in
1278 1824 1381 1860 sua
1410 1807 1616 1861 virtute
1644 1807 1746 1860 du-

1860 600 1965 652 ctas
1996 601 2146 663 sunt,
2182 601 2243 652 ut
2270 601 2545 669 perpetuo
2581 596 2735 668 apud
2773 596 3081 667 imperium
3112 601 3403 665 maneant,
3439 600 3496 651 et

1862 709 1977 749 non
2000 692 2416 746 transferantur
2428 691 2502 746 ad
2526 690 3028 762 privatum,neque
3046 691 3273 747 illarum
3283 691 3379 760 jus
3396 709 3499 762 per

1860 787 2119 841 medium
2146 786 2454 857 imperium
2482 785 2556 839 ad
2582 802 2679 841 eos
2713 786 3126 857 proﬁciscatur.
3160 786 3270 840 Sed
3287 785 3331 840 si
3352 786 3491 858 quid

1860 881 1972 935 tale
1990 880 2109 947 fiat,
2130 880 2422 935 licentiam
2440 880 2644 935 damus
2665 878 3155 935 reverendissimis
3174 879 3492 935 meonomis

1856 990 1947 1029 res
1977 974 2416 1046 apprehendere
2448 974 2799 1045 hujusmodi,
2823 978 2879 1029 et
2922 973 3145 1027 tradere
3174 989 3269 1027 eas
3299 990 3494 1028 rursus

1856 1068 1929 1123 ad
1948 1068 2369 1123 sanctissimam
2391 1069 2711 1137 ecclesiam,
2733 1072 3008 1139 tanquam
3032 1068 3078 1122 si
3099 1084 3205 1122 nec
3232 1067 3302 1122 ab
3325 1067 3489 1124 initio

1854 1162 2183 1232 contigisset
2198 1162 2650 1233 permutationes
2664 1163 2863 1217 harum
2876 1162 2949 1217 ad
2970 1162 3272 1233 imperium
3287 1162 3488 1229 factas,

1853 1256 1954 1311 sed
1983 1257 2199 1311 servari
2228 1257 2334 1311 hoc
2365 1257 2598 1311 schema
2636 1257 2693 1310 in
2735 1260 3078 1328 perpetuum
3122 1274 3186 1311 ex
3222 1255 3488 1327 praesenti

1855 1351 1948 1405 die
1969 1350 2328 1405 inchoatum.
2345 1350 2626 1406 Omnibus
2642 1367 2769 1422 quae
2791 1351 3008 1405 dudum
3025 1350 3204 1421 (sicuti
3224 1348 3485 1422 praedixi-

1856 1444 2001 1517 mus)
2026 1447 2153 1515 post
2186 1444 2435 1515 priorem
2464 1446 2655 1515 legem
2681 1445 2997 1499 secundum
3014 1444 3253 1499 modum
3274 1444 3486 1516 praedi-

1852 1543 2007 1593 ctum
2022 1541 2183 1610 gesta
2197 1537 2477 1593 suntratis
2489 1538 2878 1605 manentibus,
2892 1555 2961 1593 eo
2976 1538 3131 1608 quod
3144 1539 3240 1593 illa
3252 1538 3488 1609 quidem

1854 1647 1981 1702 quae
2007 1631 2086 1685 sic
2116 1632 2266 1686 facta
2294 1635 2447 1697 sunt,
2471 1650 2506 1685 a
2540 1631 2673 1685 viris
2702 1634 2866 1703 gesta
2891 1635 3043 1686 sunt.
3090 1632 3250 1685 Nunc
3288 1634 3484 1686 autem

1853 1725 2089 1797 quidam
2130 1727 2329 1781 volunt
2366 1726 2599 1780 illorum
2631 1726 2897 1796 exemplo
2932 1728 3179 1793 utentes,
3232 1728 3290 1779 et
3327 1726 3490 1780 nobis

1853 1835 1975 1873 esse
2013 1819 2257 1886 molesti,
2301 1822 2358 1872 ct
2400 1819 2817 1873 sanctissimam
2862 1818 3144 1889 majorem
3189 1818 3489 1874 ecclesiam

92 1900 395 1954 tantibus.
512 1903 709 1955 autem
739 1904 797 1954 εἰ
818 1900 1010 1971 aliqua
1036 1900 1388 1955 DIODaSteI'ia
1412 1900 1516 1954 sub
1544 1900 1750 1955 eadem
1770 1877 1827 1951 B
1852 1912 2020 1982 hujus
2053 1912 2392 1966 felicissima
2438 1912 2681 1967 civitatis
2721 1911 3159 1980 circumvenire,
3198 1912 3353 1983 quod
3384 1928 3488 1983 per

93 1993 474 2048 sanctissima
508 1993 729 2063 majore
750 1992 1132 2060 eeclesiasint,
1160 2010 1261 2047 nec
1284 2010 1353 2047 ca
1374 1993 1477 2046 sub
1496 2009 1745 2063 praesen-

96 2091 225 2141 tem
250 2088 501 2142 facimus
521 2089 708 2157 legem
722 2086 1037 2141 forinsecus
1058 2086 1115 2140 in
1139 2086 1445 2158 provinciis
1468 2103 1599 2141 eam
1621 2103 1750 2140 con-

92 2181 418 2235 stituentes
438 2182 647 2247 solum,
678 2180 733 2235 in
758 2180 965 2252 quibus
982 2181 1163 2234 multa
1182 2179 1418 2251 quidem
1443 2183 1531 2233 est
1549 2180 1746 2250 inopia

98 2275 513 2346 pecuniarum,
538 2292 640 2345 per
657 2291 833 2345 quam
855 2273 1227 2328 sanctissimae
1249 2274 1503 2327 ecclesias
1530 2274 1747 2327 solvere

94 2386 210 2440 per
243 2369 519 2439 pecunias
545 2368 739 2422 debita
766 2385 882 2423 non
911 2369 1232 2422 valuerunt.
1254 2368 1373 2421 Tua
1400 2366 1573 2438 igitur
1590 2366 1749 2420 celsi-

98 2463 250 2516 tudo
294 2479 423 2533 quas
464 2463 801 2533 placuerunt
830 2462 992 2516 nobis
1023 2478 1397 2532 cognoscens,
1432 2460 1747 2515 secundum

102 2557 217 2610 hoc
249 2555 564 2626 procedere
592 2573 764 2627 super
780 2556 952 2610 sacris
973 2555 1143 2609 rebus
1162 2554 1543 2610 alienationes
1567 2558 1748 2609 custo-

104 2650 254 2704 diat.
287 2651 497 2703 Datum
537 2666 623 2705 xiv
664 2649 904 2703 Kalend.
953 2648 1243 2720 Septemb.
1285 2649 1744 2719 Constantinop.,

104 2747 239 2815 post
267 2744 631 2799 consulatum
666 2742 920 2797 Belisarii
954 2760 1004 2797 v.
1036 2760 1108 2812 c.,
1139 2759 1290 2797 anno
1319 2742 1590 2796 secundo.

706 2883 1023 2937 NOVELLA
1051 2883 1155 2936 LV.

112 2979 180 3030 Ut
201 2977 270 3030 de
290 2981 478 3030 extero
488 2979 923 3030 commutationes
938 2977 1415 3029 ecclesiasticarum
1441 2989 1622 3029 rerum
1638 2990 1747 3027 non

177 3050 318 3116 ﬁctae
336 3051 473 3116 ﬁant
499 3048 574 3101 ad
593 3050 905 3117 piissimum
937 3050 1334 3116 imperatorem,
1371 3052 1420 3100 et
1463 3047 1557 3100 hoc
1588 3047 1746 3100 modo

180 3119 259 3172 ad
281 3120 427 3172 alias
446 3134 703 3188 personas
732 3120 999 3187 legitimas
1033 3122 1313 3172 transeant
1348 3132 1453 3179 res,
1498 3118 1591 3172 sed
1638 3118 1746 3171 haec

181 3190 559 3243 tantummodo
599 3193 733 3257 ﬁant
778 3190 853 3243 ad
898 3190 1231 3258 imperialem
1282 3189 1515 3241 domum.
1566 3191 1634 3243 Et
1684 3192 1746 3241 ut

180 3242 345 3313 liceat
368 3242 655 3329 perpetuas
682 3242 1049 3328 emphyteuses
1076 3263 1168 3326 agi
1186 3261 1255 3313 ab
1276 3262 1530 3313 oratoriis
1550 3242 1607 3312 in
1628 3275 1746 3313 ora-
1764 3242 1820 3316 C

178 3334 348 3392 toria,
378 3332 585 3385 decreto
611 3332 859 3385 videlicet
883 3334 1215 3400 interposito,
1248 3335 1469 3400 excepta
1497 3331 1596 3384 hac
1624 3347 1742 3384 ma-

166 3403 291 3472 jore
319 3403 560 3464 ecclesia,
591 3419 657 3455 ne
682 3407 859 3457 tamen
885 3404 943 3456 in
965 3406 1245 3471 privatam
1270 3417 1557 3472 personam
1586 3406 1741 3456 tran-

178 3478 297 3528 seat
321 3474 697 3544 emphyteusis.

181 3596 506 3664 Imperator
526 3592 880 3648 Justinianus
905 3596 1192 3664 Augustus
1216 3592 1435 3648 Menum
1460 3591 1740 3664 archiepi-

109 3704 284 3759 scopo
314 3687 974 3758 Constantinopolitano.

180 3783 399 3848 Legem
438 3780 772 3851 scripsimus
805 3780 1027 3835 dudum
1069 3779 1478 3835 ecclesiasticas
1509 3778 1744 3851 quidem

110 3873 493 3931 alienationes
530 3873 956 3944 prohibentem,
980 3875 1165 3929 solam
1196 3877 1390 3928 autem
1421 3875 1741 3927 commuta-

110 3971 330 4026 tionem
362 3968 797 4039 permittentem
820 3967 1192 4023 sanctissimis
1218 3967 1490 4035 ecclesiis,
1515 3983 1742 4021 necnon

112 4061 487 4119 sanctissima:
514 4060 725 4132 majori
749 4061 1002 4116 ecclesia:
1035 4062 1206 4132 hujus
1242 4059 1585 4115 felicissimae
1609 4059 1741 4115 civi-

110 4158 264 4224 tatis,
284 4156 423 4211 dum
444 4154 753 4226 imperium
771 4154 1030 4225 accipere
1045 4153 1265 4226 aliquid
1282 4153 1352 4208 ab
1366 4153 1558 4224 aliqua
1576 4170 1744 4208 vene-

114 4250 383 4307 rabilium
411 4248 653 4304 domum
693 4249 954 4303 voluerit.
1004 4250 1210 4303 Postea
1245 4247 1529 4319 siquidem
1568 4247 1743 4302 aliam

115 4344 444 4416 scripsimus
486 4343 702 4414 legem,
762 4359 877 4413 qua
932 4341 1264 4413 excepimus
1320 4340 1743 4396 sanctissimam

114 4439 399 4510 majorem
439 4436 759 4504 ecclesiam,
792 4436 1194 4508 permittentes
1219 4435 1502 4509 quasdam
1526 4435 1742 4492 aliena-

116 4533 323 4599 tiones,
357 4548 498 4603 quas
528 4530 625 4586 illa
654 4532 744 4585 lex
769 4530 925 4586 dicit.

186 4626 331 4691 Quia
355 4641 489 4681 vero
514 4624 890 4696 cognovimus
916 4624 1072 4696 quod
1101 4623 1280 4695 aliqui
1306 4622 1513 4695 prioris
1541 4623 1745 4679 consti-
1761 4618 1822 4693 D

118 4718 352 4775 tutionis
362 4719 695 4790 capitulum,
713 4719 870 4791 quod
887 4718 957 4774 de
975 4717 1747 4790 permutationecompeten-

116 4814 257 4869 tium
284 4829 481 4868 rerum
512 4812 883 4868 sanctissimis
909 4812 1174 4868 domibus
1195 4813 1269 4868 ad
1290 4811 1597 4884 imperium
1619 4811 1746 4867 scri-

116 4909 349 4981 psimus,
398 4907 473 4961 ad
528 4911 714 4962 artem
759 4907 875 4978 legi
910 4906 1261 4962 contrariam
1315 4908 1743 4972 converterunt,

118 5003 662 5075 postulaveruntque
688 5018 796 5057 nos
821 5000 1056 5072 quidem
1070 5017 1104 5055 a
1125 4999 1485 5055 sanctissima
1504 4999 1747 5055 Ecclesia

119 5098 391 5168 accipere,
434 5095 523 5149 his
561 5098 753 5150 autem
801 5095 924 5150 haec
963 5095 1121 5163 dare,
1154 5094 1289 5149 hinc
1321 5092 1578 5166 aggressi
1616 5096 1749 5148 sunt

120 5189 276 5244 multi
319 5188 577 5260 quidam,
615 5188 712 5260 qui
755 5188 1033 5243 similibus
1074 5186 1448 5259 petitionibus
1480 5186 1746 5243 omnibus

120 5286 360 5351 utentes,
387 5298 604 5338 sacram
638 5283 898 5338 nituntur
930 5282 1345 5338 circumvenire
1388 5280 1748 5337 constitutio-

121 5393 266 5432 nem.
302 5375 672 5448 Queecunque
704 5393 844 5448 ergo
871 5381 1033 5449 gesta
1060 5380 1194 5432 sunt
1222 5393 1256 5431 a
1285 5375 1450 5431 nobis
1465 5391 1643 5446 usque
1672 5374 1745 5430 ad

119 5473 457 5543 praesentem
470 5469 646 5540 diem,
661 5471 784 5526 haec
796 5471 900 5526 sub
914 5470 1298 5538 schemate,in
1317 5485 1431 5541 quo
1445 5485 1597 5523 nunc
1617 5470 1748 5523 sunt

120 5580 350 5621 manere
374 5563 655 5634 volumus,
669 5565 829 5620 nulla
855 5564 1242 5637 permutando
1256 5564 1467 5620 horum
1487 5561 1744 5633 quzejam

120 5677 151 5714 a
161 5658 318 5714 nobis
327 5673 461 5713 cum
470 5658 818 5715 sanctissima
829 5659 1070 5715 Ecclesia
1084 5658 1144 5714 in
1154 5658 1359 5715 talibus
1368 5655 1749 5712 contractibus

122 5756 272 5826 gesta
288 5756 443 5820 sunt,
466 5757 566 5810 aut
587 5769 718 5809 cum
740 5753 829 5808 his
847 5753 948 5825 qui
966 5753 1090 5808 haec
1108 5770 1142 5810 a
1158 5752 1323 5808 nobis
1342 5753 1743 5824 perceperunt.

186 5850 259 5904 De
275 5850 484 5904 caetero
502 5849 697 5904 autem
716 5847 1006 5904 sancimus
1026 5846 1166 5902 nulli
1187 5846 1416 5919 penitus
1430 5846 1604 5902 ullam
1626 5859 1747 5898 esse

120 5940 401 5999 licentiam
437 5940 651 6015 aliquid
684 5942 794 6000 tale
836 5957 1032 6015 agere,
1080 5939 1180 5997 sed
1208 5939 1331 5996 illas
1369 5940 1520 5998 solas
1557 5937 1748 5995 valere

1852 2021 2023 2059 omne
2060 2008 2286 2078 tempus
2318 2006 2475 2060 nullo
2506 2005 2680 2060 modo
2718 2005 2844 2059 ﬁeri
2867 2007 3147 2060 volumus.
3182 2005 3295 2061 Sed
3341 2008 3399 2059 et
3441 2006 3487 2058 si

1850 2098 2219 2169 ﬁatquolibet
2239 2099 2559 2165 schemate,
2584 2099 2692 2153 hoc
2706 2098 2881 2153 etiam
2903 2098 3201 2152 infirmum
3223 2115 3367 2164 esse,
3384 2101 3487 2153 eta

1850 2191 2208 2246 sanctissima
2236 2191 2456 2262 majore
2477 2192 2715 2246 ecclesia
2738 2190 2793 2245 in
2809 2195 3153 2263 perpetuum
3185 2191 3483 2257 vindicari,

1851 2286 2009 2340 nulla
2042 2286 2094 2339 ei
2123 2285 2400 2356 temporis
2443 2284 2872 2356 praescriptione
2912 2284 2973 2338 in
3002 2285 3109 2339 hoc
3142 2284 3482 2355 objicienda.

1919 2380 2061 2434 Illud
2092 2395 2322 2450 quoque
2355 2378 2663 2446 sancimus,
2703 2382 2765 2432 ut
2791 2378 2914 2433 aliis
2957 2379 3225 2434 omnibus
3255 2379 3326 2433 de
3352 2379 3485 2450 jure

1850 2474 2294 2544 emphyteuseos
2324 2473 2574 2540 sancitis,
2600 2477 2657 2528 et
2686 2474 2744 2528 in
2764 2472 3123 2527 sanctissima
3150 2473 3369 2543 majore
3390 2489 3482 2528 ec-

1848 2567 2041 2636 clesia,
2065 2569 2121 2621 et
2138 2567 2195 2620 in
2214 2566 2340 2621 aliis
2358 2566 2627 2621 omnibus
2640 2566 3060 2622 venerabilibus
3078 2566 3346 2622 domibus
3358 2584 3486 2638 pro;

1848 2661 2040 2731 prium
2066 2660 2243 2715 robur
2268 2661 2635 2729 habentibus,
2663 2660 2894 2715 licentia
2917 2661 2988 2715 sit
3011 2660 3383 2715 sanctissimis
3399 2678 3484 2715 ec-

1848 2753 2033 2808 clesiis
2050 2754 2540 2809 etvenerabilibus
2556 2754 2823 2809 domibus
2838 2754 3157 2809 adinvicem
3171 2758 3229 2809 et
3247 2756 3486 2825 emphy-

1848 2847 2055 2902 teusim
2076 2850 2415 2919 perpetuam
2437 2864 2629 2918 agere,
2656 2849 2887 2903 decreto
2910 2849 3121 2919 quippe
3138 2848 3247 2903 hoc
3265 2848 3477 2901 facien-

1848 2941 1943 3007 do,
1964 2944 2197 3011 excepta
2215 2940 2448 3011 quidem
2481 2942 2589 2996 hac
2619 2941 2976 2996 sanctissima
2991 2942 3212 3012 majore
3224 2941 3478 2996 ecclesia.

1846 3036 1907 3088 In
1941 3034 2051 3090 hoc
2081 3037 2277 3089 autem
2298 3035 2589 3089 celebrata
2609 3035 2995 3107 emphyteusi,
3022 3038 3088 3089 ut
3116 3051 3235 3090 non
3262 3035 3336 3089 ad
3362 3034 3477 3106 pri-

1847 3131 2036 3182 vatam
2081 3145 2389 3199 personam
2422 3128 2650 3184 extendi
2677 3129 2919 3184 omnino
2940 3128 3135 3201 possit.
3158 3130 3277 3184 Tua
3306 3128 3482 3200 igitur

1845 3222 2143 3276 beatitudo
2164 3239 2291 3293 quas
2304 3222 2463 3293 jussa
2494 3226 2672 3278 sunta
2697 3223 2861 3277 nobis
2887 3223 3188 3291 custodiat,
3208 3222 3365 3276 ethis
3383 3221 3479 3293 qui

1844 3314 1948 3368 sub
1966 3332 2034 3368 ea
2057 3315 2531 3387 metropolitanas
2549 3316 2712 3371 sedes
2732 3316 3136 3371 habentfaciat
3150 3315 3479 3383 manifesta,

1847 3411 1907 3462 ut
1945 3412 2002 3462 et
2042 3408 2152 3479 ipsi
2178 3426 2304 3480 quas
2336 3410 2502 3464 nobis
2527 3410 2869 3481 placuerunt
2895 3412 3309 3481 cognoscentes
3339 3408 3482 3464 nihil

1844 3502 2053 3556 horum
2077 3503 2437 3573 praevaricari
2470 3507 2844 3575 praesumant.
2875 3504 2996 3558 Erit
3020 3504 3173 3558 enim
3204 3503 3481 3563 universis

1846 3610 1880 3648 a
1910 3595 2027 3649 Deo
2050 3595 2352 3665 judicium,
2385 3598 2443 3650 et
2462 3597 2667 3652 exinde
2695 3612 2885 3667 poena,
2912 3596 2957 3650 si
2978 3596 3112 3667 quid
3140 3599 3351 3667 praeter
3371 3597 3480 3651 hoc

1842 3690 1940 3741 aut
1967 3687 2075 3759 ipsi
2113 3688 2359 3759 egerint,
2392 3692 2492 3744 aut
2518 3691 2613 3761 agi
2651 3689 3039 3761 permiserint.
3078 3690 3204 3745 Dat.
3247 3706 3313 3745 xv
3354 3690 3477 3744 Kal.

1843 3781 1980 3835 Nov.
2036 3782 2497 3854 Constantinop.,
2540 3783 2679 3855 imp.
2733 3784 2789 3838 d.
2831 3800 2889 3838 n.
2931 3782 3136 3838 Justin.
3174 3785 3276 3841 PP.
3328 3784 3475 3854 Aug.

1844 3891 1979 3929 anu.
2013 3878 2069 3930 ll
2109 3879 2237 3947 post
2265 3876 2420 3943 Bilis,
2448 3893 2501 3931 v.
2531 3893 2581 3931 c.
2611 3894 2766 3932 cons.

2412 3997 2731 4052 NOVELLA
2762 4000 2892 4054 LVI.

1850 4091 1919 4145 Ut
1941 4106 2023 4157 ea,
2055 4105 2179 4160 qua
2205 4095 2471 4145 vocantur
2497 4094 2836 4147 insinuativa
2864 4106 3027 4161 super
3054 4092 3261 4148 clericis
3284 4093 3344 4145 in
3368 4106 3485 4147 ma-

1903 4164 2030 4232 jore
2054 4163 2272 4231 quidem
2309 4164 2528 4218 ecclesia
2556 4164 2774 4229 dentur,
2806 4166 2866 4219 in
2889 4164 3017 4220 aliis
3043 4169 3223 4221 autem
3252 4164 3482 4220 ecclesiis

1908 4236 2131 4305 penitus
2158 4250 2265 4288 non
2290 4235 2507 4289 dentur.

1914 4347 2237 4417 Imperator
2258 4345 2613 4401 Justinianus
2628 4348 2917 4419 Augustus
2940 4347 3163 4402 Menum
3200 4344 3476 4417 archiepi-

1844 4454 2014 4509 scopo
2044 4438 2220 4509 regize
2252 4439 2494 4495 civitatis
2519 4439 3176 4510 Constantinopolitano.

1916 4531 2197 4586 Plurimas
2219 4532 2542 4588 additiones
2561 4533 2934 4604 suscipientes
2953 4532 3102 4586 hanc
3128 4533 3319 4602 legem
3350 4530 3482 4586 diri-

1846 4640 1979 4697 gere
1989 4624 2061 4678 ad
2075 4629 2234 4679 tuam
2247 4624 2652 4681 beatitudinem
2664 4627 2889 4697 justum
2901 4625 3481 4690 existimavimus.Qui

1846 4719 1997 4774 enim
2028 4718 2417 4774 ordinantura
2434 4724 2531 4775 tua
2556 4719 2875 4776 reverentia
2906 4719 3096 4775 clerici
3113 4719 3173 4775 in
3201 4719 3481 4775 sanctissi-

1844 4812 1953 4868 mis
1979 4811 2225 4868 ecclesiis
2252 4812 2485 4884 (absque
2504 4817 2699 4869 tamen
2717 4813 3070 4869 sanctissima
3083 4814 3287 4886 majori
3311 4815 3481 4872 eccle-

1845 4906 1947 4977 sia)
1977 4905 2234 4960 omnium
2253 4906 2547 4977 patiuntur
2567 4906 2974 4975 crudelissima,
2996 4925 3113 4963 non
3132 4908 3482 4981 suscipienti-

1844 4999 1951 5055 bus
1971 5016 2070 5055 eos
2100 4999 2214 5054 illic
2240 5000 2510 5069 ecclesiis,
2531 5005 2847 5073 antequam
2871 5007 3151 5074 quantum
3175 5004 3479 5071 voluerint,

1847 5091 2130 5163 accipiant
2166 5109 2389 5147 aurum.
2427 5094 2494 5148 Et
2536 5095 2799 5150 novimus
2843 5096 2951 5152 hoc
2988 5113 3058 5152 ex
3089 5096 3483 5167 frequentibus

1847 5185 2239 5241 additionibus
2255 5186 2324 5241 de
2339 5186 2448 5242 hoc
2469 5187 2634 5242 factis
2646 5189 2829 5245 nobis.
2849 5190 3147 5246 Sancimus
3166 5189 3241 5259 igi
3250 5193 3341 5243 tur
3350 5189 3483 5243 bea-

1846 5279 2157 5334 titudinem
2198 5282 2358 5335 tuam
2408 5281 2515 5336 hoc
2561 5283 2912 5339 validissime
2958 5282 3262 5338 custodire.
3316 5283 3384 5337 Et
3434 5283 3482 5337 si

1847 5372 2083 5446 quidem
2114 5374 2469 5431 consuetudo
2494 5378 2582 5430 est
2614 5376 2752 5432 dare
2780 5393 2879 5431 eos
2909 5376 3006 5448 qui
3045 5374 3389 5432 ordinantur
3421 5376 3481 5431 in

1844 5466 2204 5523 sanctissima
2229 5468 2452 5539 majore
2480 5469 2743 5536 ecclesia,
2772 5469 2883 5524 hoc
2910 5485 3008 5525 eos
3031 5469 3310 5542 praebere.
3332 5469 3481 5525 Nihil

1847 5560 2006 5616 enim
2024 5561 2096 5616 de
2112 5561 2202 5616 his
2214 5578 2342 5634 qua:
2358 5561 2567 5617 dantur
2585 5563 2643 5617 in
2678 5562 3033 5618 sanctissima
3057 5562 3280 5634 majore
3308 5565 3483 5620 eccle-

1848 5654 1952 5722 sia,
1980 5672 2281 5711 novamus.
2303 5656 2589 5710 Practerea
2608 5671 2743 5710 vero
2770 5654 2829 5709 in
2850 5655 2975 5710 aliis
3001 5656 3293 5725 omnibus,
3313 5657 3484 5713 nullis

1847 5747 1907 5803 in
1920 5748 2001 5803 eis
2030 5748 2362 5803 clericorum
2390 5747 2684 5805 licentiam
2705 5766 2828 5805 esse
2855 5750 3086 5821 penitus
3108 5767 3212 5822 pro
3232 5750 3322 5807 his
3350 5767 3481 5824 quae

1847 5846 2124 5897 vocantur
2172 5841 2518 5897 insinuativa
2562 5843 2781 5916 aliquid
2810 5844 2982 5900 ferre.
3021 5844 3134 5901 Sed
3169 5848 3229 5900 et
3275 5845 3320 5900 si
3357 5846 3484 5918 quis

1849 5935 1963 5992 tale
1992 5933 2208 6007 aliquid
2236 5934 2435 6005 egerit,
2470 5935 2633 5995 illum
2656 5938 2889 6011 quidem
2902 5939 3111 6013 privari
3140 5938 3481 6010 sacerdotio,
