4034 6228
591 391 687 450 991

1748 396 2000 451 ΞίΕΟυΙᾸ
2042 395 2233 451 8ΕΧΤΙ
2274 392 2834 454 SUPPLEMENTUM.

3896 392 3983 448 992

591 502 652 558 in
697 502 849 559 illius
893 506 1087 561 autem
1124 503 1377 561 ofﬁcium
1418 504 1652 560 introire
1691 506 1792 577 qui
1854 506 2061 561 missus
2115 510 2220 576 est,
2245 516 2572 590 Amenses,
2612 523 2681 561 ex
2712 522 2826 577 quo
2848 506 3079 560 hmclex
3100 505 3388 561 insinuata
3407 503 3614 570 fuerit,
3644 501 3776 558 hec
3800 514 3985 555 corre-

593 601 651 652 et
675 598 823 653 hanc
864 616 997 653 eum
1044 599 1292 653 avaritiae
1330 599 1482 654 ferre
1520 600 1870 655 mercedem.
1923 602 2221 657 Custodire

592 709 728 746 vero
760 693 882 746 haec
923 693 1097 747 etiam
1129 693 1245 746 Deo
1278 692 1703 747 amantissimos
1729 694 2063 749 defensores
2090 714 2221 752 san-

594 786 859 841 ctissimae
906 786 1143 856 majoris
1183 787 1457 853 ecclesiae,
1502 804 1730 857 posnam
1766 790 2147 845 formidantes
2189 809 2225 846 χ

592 879 869 934 librarum
919 879 1065 946 auri,
1121 880 1165 933 si
1221 881 1361 951 quid
1432 882 1807 951 neglexerint.
1874 883 1987 937 Sed
2050 885 2226 954 gratis

596 974 792 1027 omnia
838 972 1169 1043 procedere.
1203 974 1417 1028 Deinde
1453 974 1667 1029 etenim
1716 975 2132 1031 defunctiones
2168 982 2226 1031 et

593 1066 934 1135 ministeria,
956 1083 1073 1120 non
1110 1084 1214 1137 per
1233 1067 1642 1134 venditionem,
1664 1085 1769 1123 nec
1797 1087 1899 1140 per
1928 1071 2227 1125 mercatio-

594 1176 726 1213 nem
773 1160 895 1214 ﬁeri
941 1160 1194 1232 aliquam
1223 1163 1504 1229 volumus,
1555 1163 1656 1217 sed
1697 1180 1839 1233 pure
1883 1170 1939 1218 et
1967 1164 2108 1219 citra
2134 1183 2222 1219 re-

591 1254 1005 1325 demptionem.
1052 1254 1142 1309 Sic
1170 1255 1324 1308 enim
1356 1255 1437 1310 rei
1468 1256 1627 1326 digni
1664 1258 1806 1311 ﬁent
1838 1259 1995 1312 nulla
2031 1259 2226 1314 vendi-

592 1347 747 1401 tione
776 1365 841 1401 ac
863 1348 1212 1402 mercatione
1236 1348 1531 1424 .facienda.
1564 1351 1683 1404 Tua
1714 1351 1889 1421 igitur
1907 1352 2223 1421 beatitudo,

592 1446 648 1495 et
678 1441 777 1512 qui
803 1445 1002 1512 postea
1033 1442 1091 1496 in
1122 1442 1476 1513 pontiﬁcales
1501 1444 1847 1498 accesserint
1878 1445 2063 1514 sedes,
2097 1463 2225 1517 qua:

591 1551 624 1586 a
646 1533 813 1588 nobis
839 1534 1103 1590 ordinata
1129 1539 1280 1605 sunt,
1315 1539 1373 1590 et
1416 1553 1521 1607 per
1561 1537 1711 1591 hanc
1757 1537 2048 1593 declarata
2094 1542 2228 1594 sunt

591 1629 802 1697 legem,
846 1628 1008 1699 operi
1040 1628 1380 1701 eﬂ‘ectuique
1431 1630 1660 1685 tradere
1702 1632 1952 1687 festinet.
1995 1634 2120 1688 Dat.
2166 1651 2225 1689 ιιι

592 1720 716 1774 Kal.
746 1722 884 1775 Nov.
915 1722 1212 1777 Constant.
1245 1723 1388 1795 imp.
1417 1724 1472 1779 d.
1505 1742 1561 1778 n.
1590 1725 1793 1780 Justin.
1828 1730 1973 1798 Aug.
2007 1742 2103 1781 an.
2136 1731 2222 1796 11,

592 1817 721 1886 post
745 1814 894 1869 Bilis.
924 1832 976 1869 v.
1007 1832 1055 1871 c.
1080 1832 1235 1871 cons.
1267 1833 1403 1871 ann.
1433 1821 1485 1882 2.

1156 1919 1475 1975 NOVELLA
1501 1922 1655 1976 LVII.

670 2002 738 2055 Ut
770 2003 829 2054 in
856 2004 1096 2070 privatis
1122 2002 1368 2057 domibus
1391 2019 1549 2059 sacra
1575 2009 1837 2075 mysteria
1861 2023 1968 2062 non
1995 2011 2150 2077 ﬁant.

664 2094 982 2164 lmperator
1004 2095 1356 2151 Justinianus
1380 2100 1664 2169 Augustus
1689 2100 1911 2156 Mennae
1936 2101 2223 2173 archiepi-

592 2202 764 2257 scopo
790 2187 965 2257 regiae
995 2188 1234 2243 civitatis
1261 2192 1921 2264 Constantinopolitano.

662 2282 729 2334 Et
751 2282 950 2352 priscis
970 2283 1251 2338 sancitum
1276 2288 1361 2338 est
1376 2286 1753 2356 legibusjnulli
1774 2288 2002 2359 penitus
2024 2305 2145 2344 esse
2165 2289 2227 2343 li-

590 2374 839 2428 centiam
863 2375 1023 2429 domi
1040 2393 1165 2447 qua:
1186 2378 1566 2434 sacratissima
1579 2384 1709 2434 sunt
1726 2397 1919 2451 agere,
1935 2381 2034 2436 sed
2047 2382 2228 2452 publi-

592 2482 655 2520 ce
668 2466 857 2521 sinere
873 2470 1185 2537 procedere
1200 2471 1833 2528 incredulitatemetDei
1848 2477 2129 2529 culturam
2144 2492 2228 2529 se-

591 2560 840 2614 cundum
862 2562 1217 2617 sanctionem
1240 2564 1310 2618 de
1337 2565 1425 2618 his
1437 2567 1672 2621 sacratis
1694 2568 1911 2622 actibus
1932 2569 2223 2639 traditam,

592 2656 771 2708 etnos
792 2654 965 2708 etiam
986 2656 1134 2710 hanc
1154 2657 1212 2710 in
1235 2660 1507 2728 praesenti
1524 2660 1790 2731 ponimus
1818 2663 2028 2733 legem,
2050 2680 2226 2734 quam

592 2762 723 2800 cum
745 2748 903 2801 omni
918 2750 1140 2804 cautela
1157 2753 1354 2806 tenere
1371 2754 1652 2807 volumus.
1679 2754 1956 2809 Omnibus
1975 2756 2129 2810 enim
2147 2756 2227 2810 in-

590 2839 920 2895 terdicimus
934 2858 1160 2913 magnae
1174 2844 1341 2915 hujus
1354 2846 1590 2900 civitatis
1602 2847 1858 2903 habitato
1867 2848 2226 2920 ribus,magis

592 2936 786 2987 autem
810 2934 981 2989 etiam
1018 2937 1193 2991 totius
1219 2943 1425 2993 nostra:
1453 2940 1700 3008 ditionis,
1724 2941 1781 2995 in
1809 2941 2071 2996 domibus
2112 2943 2227 2997 suis

591 3026 805 3080 habere
834 3030 1112 3098 quasdam
1139 3032 1301 3102 quasi
1342 3033 1671 3088 orationum
1710 3035 1935 3101 domos,
1964 3038 2021 3089 et
2049 3035 2108 3089 in
2137 3036 2227 3090 his

591 3136 752 3173 sacra
773 3122 1059 3177 celebrare
1074 3126 1369 3194 mysteria,
1385 3130 1442 3181 et
1454 3128 1586 3182 hinc
1602 3128 2012 3199 ﬁeriqumdam
2028 3129 2223 3184 catho-

590 3213 714 3267 lica:
741 3216 796 3268 et
817 3216 1143 3285 apostolicae
1168 3218 1463 3273 traditioni
1482 3224 1772 3275 extranea.
1794 3222 1905 3277 Sed
1923 3223 1970 3275 si
1987 3222 2222 3292 quidem

593 3305 800 3361 domos
830 3307 906 3361 ita
932 3308 1266 3380 simpliciter
1287 3312 1462 3383 aliqui
1488 3312 1703 3368 habere
1724 3318 1931 3385 putant
1957 3319 2224 3386 oportere

590 3398 651 3453 in
698 3399 869 3453 sacris
907 3401 1044 3468 suis,
1083 3403 1361 3457 orationis
1403 3405 1669 3461 videlicet
1700 3408 1873 3462 solius
1916 3408 2121 3479 gratia,
2168 3413 2228 3464 et

589 3493 749 3547 nullo
785 3493 1133 3550 celebrando
1183 3498 1415 3568 penitus
1454 3500 1681 3567 horum,
1727 3518 1856 3573 qua:
1908 3502 2054 3557 sacri
2093 3507 2229 3557 sunt

590 3586 869 3657 mysterii,
898 3587 1007 3642 hoc
1038 3589 1121 3643 eis
1151 3592 1559 3661 permittimus.
1602 3593 1821 3649 Invidia
1869 3596 2027 3650 enim
2068 3597 2225 3651 nulla

591 3684 695 3746 est,
719 3679 765 3733 si
782 3681 1134 3738 voluntcitra
1151 3684 1272 3738 haec
1285 3685 1497 3740 habere
1512 3687 1835 3743 habitacula
1854 3689 2145 3760 quaedam,
2168 3693 2227 3745 et

588 3772 649 3826 in
678 3772 760 3827 eis
786 3778 1066 3846 tanquam
1092 3775 1151 3830 in
1178 3777 1353 3831 sacris
1379 3795 1560 3846 orare,
1589 3780 1712 3835 aliis
1739 3785 1934 3836 autem
1957 3783 2224 3838 omnibus

590 3866 899 3923 abstinere.
934 3869 1052 3924 Nisi
1076 3874 1271 3926 tamen
1301 3871 1359 3925 in
1392 3872 1474 3927 eis
1500 3874 1785 3929 voluerint
1815 3876 2032 3947 aliquos
2080 3877 2223 3931 invi-

591 3962 711 4015 tare
739 3961 994 4031 clericos,
1027 3963 1118 4018 hic
1146 3965 1383 4036 quidem
1417 3967 1795 4023 sanctissima:
1840 3970 2078 4041 majoris
2127 3987 2222 4025 ec-

589 4053 776 4107 elesiw
810 4057 868 4108 et
893 4055 997 4109 sub
1039 4072 1105 4110 ea
1146 4058 1639 4115 sanctissimarum
1678 4062 1979 4131 domuum,
2029 4065 2224 4119 volun-

589 4149 709 4200 tate
731 4161 797 4200 ac
822 4148 1161 4217 probatione
1188 4152 1529 4208 sanctissimi
1557 4155 1970 4228 archiepiscopi
2004 4157 2078 4211 ad
2114 4159 2224 4212 hoc

590 4238 911 4309 deputatos,
935 4241 992 4294 in
1020 4243 1313 4312 provincia
1333 4262 1468 4301 vero
1490 4249 1604 4302 Deo
1626 4249 1965 4304 amabilium
2005 4250 2220 4321 episco-

588 4348 815 4403 porum.
839 4334 1001 4389 Nulla
1023 4335 1274 4391 novitate
1301 4338 1424 4392 sedi
1445 4341 1567 4409 ejus
1587 4341 1958 4397 beatitudinis
1985 4359 2052 4397 ex
2082 4360 2226 4414 prte-

588 4426 734 4480 senti
764 4429 961 4482 nostra
987 4429 1114 4500 lege
1149 4431 1429 4500 facienda,
1451 4434 1602 4488 circa
1630 4434 1927 4489 existentia
1956 4436 2006 4490 ei
2038 4436 2221 4507 quoli-

586 4520 685 4574 bet
728 4520 901 4576 modo
941 4521 1000 4576 in
1042 4523 1521 4593 ordinationibus,
1571 4531 1670 4582 aut
1710 4528 2223 4597 gubernationibus

2324 601 2528 666 xerint,
2548 604 2605 655 et
2630 600 2703 655 ad
2723 600 2972 672 figuram
3001 617 3034 653 a
3054 599 3215 655 nobis
3237 598 3578 654 ordinatam
3609 595 3979 661 deduxerint,

2325 695 2429 749 sub
2456 695 2728 766 praedicta
2748 711 2915 764 poena
2946 694 3105 748 lient.
3128 695 3253 747 Haec
3271 697 3466 747 autem
3496 690 3596 762 agi
3616 706 3753 743 cum
3776 689 3980 742 verita-

2325 793 2401 853 te,
2433 806 2549 843 non
2582 804 2685 858 per
2707 786 2963 859 aliquam
2982 787 3332 842 calumniam
3347 787 3645 851 volumus,
3688 783 3981 836 veracium

2328 882 2483 936 enim
2520 881 2890 937 solummodo
2937 898 3131 935 sumus
3165 884 3472 934 amatores.
3512 879 3647 932 Haec
3691 877 3984 930 sancimus

2325 980 2484 1029 tuam
2507 975 2792 1028 custodire
2808 973 3226 1040 celsitudinem,
3245 977 3303 1028 et
3325 973 3467 1027 nihil
3484 973 3606 1026 tale
3626 971 3759 1024 ﬁeri
3782 986 3983 1023 conce~

2327 1068 2482 1122 dere.
2501 1068 2653 1123 Scito
2667 1067 2821 1122 enim
2839 1068 2973 1138 quia
3000 1067 3456 1133 sididiccrimus,
3487 1065 3591 1119 tibi
3620 1065 3738 1118 tale
3766 1063 3981 1132 aliquii

2328 1162 2755 1228 denuntiatum,
2772 1161 2980 1215 deinde
3004 1178 3117 1215 non
3134 1160 3503 1231 prohibuisti,
3526 1161 3633 1212 aut
3652 1160 3985 1224 tu,autsue

2327 1270 2580 1309 cessores
2606 1254 2687 1308 tui
2710 1254 3038 1324 quicunque
3054 1254 3249 1319 futuri,
3274 1253 3393 1323 ipse
3415 1251 3663 1323 quidem
3692 1249 3983 1320 quinqua-

2328 1348 2488 1418 ginta
2510 1348 2781 1401 librarum
2801 1348 2924 1401 auri
2950 1363 3204 1418 expones
3226 1362 3479 1417 poenam,
3506 1344 3612 1398 sed
3645 1347 3708 1398 et
3738 1344 3837 1413 qui
3872 1359 3983 1395 suc-

2327 1457 2579 1495 cessores
2610 1441 2826 1511 cinguli
2854 1442 3084 1495 fuerint.
3107 1441 3320 1494 Parens
3342 1444 3542 1492 autem
3576 1437 3687 1491 tibi
3724 1438 3981 1491 ofﬁcium

2328 1533 2629 1589 sustinebit
2661 1534 2816 1588 idem
2863 1534 3165 1599 damnum,
3200 1533 3244 1587 si
3272 1549 3398 1587 rem
3436 1532 3613 1586 nobis
3662 1531 3981 1584 studiosam

2329 1634 2386 1682 et
2416 1628 2788 1682 sanctissimae
2822 1626 3080 1681 Ecclesia:
3116 1626 3541 1681 custodientem
3579 1624 3900 1689 unitatem,
3932 1630 3981 1676 et

2325 1721 2736 1794 prohibentem
2760 1737 2887 1791 quae
2913 1737 2947 1775 a
2964 1719 3127 1775 nobis
3152 1722 3350 1791 aperte
3368 1718 3693 1775 interdicta
3709 1721 3870 1781 sunt,
3894 1718 3978 1785 agi

2324 1816 2575 1870 latenter
2613 1830 2844 1886 passum
2876 1817 2980 1881 est,
3020 1817 3080 1869 et
3111 1813 3405 1885 despicere
3455 1812 3877 1877 commissum,
3930 1818 3977 1863 et

2245 1886 2302 1958 B
2326 1909 2475 1964 circa
2488 1909 2676 1979 ipsum
2691 1908 2986 1978 cingulum
3002 1907 3439 1979 periclitabitur,
3463 1906 3713 1977 insuper
3726 1908 3784 1958 et
3799 1904 3977 1975 ipsam

2327 2002 2565 2057 domum
2595 2002 2657 2056 in
2693 2018 2808 2072 qua
2847 2001 3065 2073 aliquid
3105 2001 3217 2055 tale
3245 2000 3459 2071 agitur,
3492 1999 3628 2053 ﬁeri
3658 1997 3972 2070 publicam,

2327 2099 2385 2151 et
2433 2097 2536 2151 sub
2582 2095 3027 2151 sacratissimum
3064 2094 3258 2149 venire
3309 2093 3610 2148 aerarium.
3683 2092 3974 2161 Scriptum

2327 2190 2619 2261 exemplar
2644 2207 2677 2244 a
2708 2188 2872 2243 nobis
2899 2192 2957 2243 et
2998 2188 3357 2243 sanctissimo
3399 2185 3760 2257 patriarchae
3802 2184 3973 2237 felicis

2327 2284 2495 2355 hujus
2538 2282 2710 2349 urbis,
2745 2285 2809 2336 ut
2847 2286 2905 2337 et
2944 2282 3063 2354 ipse
3104 2283 3272 2352 hujus
3303 2283 3486 2352 ponat
3529 2279 3619 2333 rei
3666 2277 3973 2348 providen-

2326 2378 2485 2432 tiam.
2526 2378 2798 2432 Volumus
2836 2376 2993 2430 enim
3032 2374 3468 2429 sacerdotaliter
3520 2376 3581 2427 et
3620 2371 3976 2443 judicialiter

2326 2472 2450 2525 haec
2476 2474 2699 2525 servata
2720 2469 2928 2524 durare
2950 2469 3007 2523 in
3024 2468 3307 2539 reliquum
3325 2471 3557 2538 tempus
3587 2472 3647 2519 et
3664 2464 3976 2519 immutila—

2326 2569 2403 2620 ta.
2437 2566 2564 2619 Dat.
2592 2581 2653 2618 ιιι
2682 2580 2735 2619 Ν.
2763 2564 2903 2618 Nov.
2929 2563 3219 2617 Constant.
3255 2562 3398 2632 imp.
3428 2560 3484 2614 d.
3517 2576 3578 2614 n.
3624 2558 3839 2614 Justin.
3876 2558 3969 2611 PP.

2325 2663 2494 2730 Aug.,
2529 2674 2665 2713 ann.
2693 2660 2750 2711 11
2784 2659 2912 2727 post
2940 2655 3087 2709 Bilis.
3112 2672 3162 2709 v.
3186 2672 3233 2709 c.
3264 2671 3422 2709 cons.

2879 2772 3192 2827 NOVEILA
3233 2772 3411 2825 LVIII.

2326 2873 2401 2925 De
2425 2870 2648 2930 clericis,
2679 2870 2777 2938 qui
2792 2885 2827 2921 α
2855 2869 2969 2921 suis
3000 2866 3320 2938 destiterunt
3340 2865 3599 2918 ecclesiis.
3634 2865 3770 2917 Item
3799 2862 3871 2916 de
3898 2862 3973 2916 his

2795 2941 2891 3009 qui
2914 2940 3155 2992 oratoria
3185 2937 3482 3004 wdiﬁcant.

2396 3035 2715 3104 Imperator
2740 3031 3090 3087 Justinianus
3123 3032 3413 3100 Augustus
3462 3028 3691 3083 Mennae
3734 3025 3966 3080 sanctis-

2325 3127 2471 3182 simo
2492 3127 2660 3198 hujus
2707 3126 2882 3197 regite
2930 3124 3085 3179 urbis
3132 3122 3588 3194 archiepiscopo,
3633 3123 3693 3174 et
3724 3118 3970 3173 universi

2327 3221 2451 3292 ejus
2478 3224 2694 3275 tractus
2721 3219 3080 3290 patriarchas.

2396 3314 2549 3370 Multi
2567 3328 2965 3385 saepenumero
2977 3309 3188 3377 clerici,
3207 3309 3376 3364 certis
3388 3309 3668 3362 vacantes
3681 3305 3964 3369 oratoriis,

2327 3412 2425 3463 aut
2450 3408 2624 3462 etiam
2644 3424 2747 3477 pro
2762 3404 3046 3477 aliquibus
3070 3405 3218 3459 forte
3247 3401 3573 3473 subrogati,
3598 3401 3772 3455 simul
3802 3403 3963 3469 atque

2325 3503 2647 3557 solemnem
2667 3499 3066 3571 erogationem
3084 3499 3497 3569 perceperunt,
3517 3512 3551 3549 a
3572 3493 3757 3548 sacris
3777 3510 3839 3547 se
3861 3508 3966 3561 my-

2325 3594 2511 3650 steriis
2527 3594 2586 3648 in
2602 3594 2936 3648 universum
2958 3594 3271 3662 segregant
3292 3589 3458 3661 (quas
3481 3588 3557 3643 ob
3586 3604 3819 3655 causas,
3852 3601 3960 3640 me-

2324 3688 2433 3742 lius
2461 3687 2569 3759 ipsi
2588 3687 2883 3756 noverunt)
2902 3688 3000 3740 aut
3019 3699 3382 3755 quacumque
3398 3680 3706 3736 occasione
3738 3698 3775 3735 a
3790 3694 3964 3734 sacro-

2325 3784 2521 3836 sancta
2545 3780 2781 3836 omnino
2806 3779 3042 3835 ecclesia
3070 3778 3127 3832 in
3158 3794 3272 3849 qua
3310 3776 3638 3830 consistunt
3667 3774 3956 3828 recedunt.

2325 3875 2622 3931 Sancimus
2648 3874 2826 3945 igitur
2860 3889 2933 3927 ne
2975 3888 3134 3927 sacro
3171 3871 3230 3926 id
3269 3869 3766 3941 impedimentum
3807 3864 3959 3921 mini-

2324 3970 2494 4024 sterio
2520 3969 2835 4038 ingeratur,
2868 3966 2965 4021 sed
2995 3982 3028 4020 a
3059 3965 3159 4019 Dei
3203 3962 3615 4018 amantissimis
3663 3961 3956 4034 episcOpis,

2324 4063 2428 4118 sub
2447 4078 2693 4133 quorum
2707 4060 2883 4115 tutela
2902 4061 2993 4114 has
3009 4058 3257 4114 ecclesiae
3278 4057 3606 4112 constitutae
3633 4061 3792 4120 sunt,
3813 4055 3869 4109 in
3894 4054 3956 4107 i1-

2323 4157 2511 4211 lorum
2532 4156 2717 4209 locum
2745 4154 2839 4208 alii
2861 4153 3231 4219 sufﬁciantur,
3248 4150 3349 4222 qui
3364 4150 3474 4204 ista
3495 4149 3837 4220 percipiant.
3856 4148 3954 4201 Ne-

2324 4265 2435 4320 que
2453 4248 2611 4303 enim
2635 4247 2761 4301 ullis
2785 4245 3102 4301 concedere
3126 4245 3391 4299 volumus
3407 4246 3472 4296 ut
3498 4258 3569 4295 ea
3586 4258 3725 4312 quae
3739 4242 3811 4296 ab
3830 4239 3953 4311 ipsis

2322 4345 2420 4396 aut
2450 4358 2552 4412 per
2576 4340 2729 4412 ipsos
2754 4338 3129 4395 sacrosanctis
3165 4338 3287 4408 jam
3327 4335 3579 4391 ecclesiis
3620 4338 3947 4405 erogantur,

2324 4436 2381 4489 in
2410 4452 2578 4490 suum
2612 4436 2837 4489 lucrum
2884 4434 3240 4487 convertant.
3283 4429 3588 4500 Siquidem
3630 4430 3793 4482 nullo
3820 4443 3945 4498 pra:-

2324 4532 2479 4583 tcxtu
2506 4532 2607 4584 aut
2637 4528 2935 4583 occasione
2961 4527 3222 4581 volumus
3252 4526 3314 4577 ut
3342 4540 3409 4577 ex
3447 4522 3700 4577 aliorum
3746 4521 3947 4576 defrau-

587 4613 700 4680 hic,
731 4619 829 4669 aut
854 4614 910 4669 in
934 4616 1239 4687 provinciis
1263 4618 1418 4689 jura,
1449 4619 1549 4673 sed
1573 4621 1841 4675 omnibus
1862 4622 2041 4677 etiam
2067 4640 2222 4677 com-
2240 4623 2299 4695 D
2324 4623 2552 4677 datione
2579 4621 2701 4676 aliis
2718 4622 2942 4675 lucrum
2967 4619 3203 4674 accedat
3227 4635 3239 4683 ;
3260 4617 3360 4672 sed
3377 4620 3438 4670 ut
3458 4614 3945 4686 quemadmodum

585 4708 914 4777 petentibus
932 4710 984 4763 ei
998 4712 1255 4781 quolibet
1269 4713 1443 4768 modo
1460 4717 1516 4767 et
1533 4717 1795 4784 tempore
1822 4715 1960 4769 ratis
1980 4734 2132 4771 nunc
2164 4721 2223 4771 et

588 4800 645 4853 in
661 4816 835 4854 omne
854 4803 1139 4874 reliquum
1161 4808 1385 4876 tempus
1407 4807 1727 4861 servandis:
1751 4809 2038 4883 sancimus
2058 4814 2219 4865 tuam

587 4893 709 4946 haac
744 4909 1083 4951 conservare
1115 4899 1384 4968 gloriam,
1422 4904 1481 4954 et
1504 4900 1806 4955 manifesta
1827 4903 2094 4958 omnibus
2118 4920 2223 4976 per

588 4985 808 5039 litteras
822 4989 1080 5058 proprias
1100 4993 1465 5060 constituere,
1491 4999 1775 5064 quatenus
1788 5012 1890 5067 per
1915 4997 2111 5051 omnia
2132 5014 2222 5052 va-

587 5080 704 5133 leat
730 5079 838 5134 lex.
874 5081 1003 5136 Haec
1030 5084 1185 5138 enim
1215 5089 1272 5140 et
1296 5086 1710 5157 gloriosissimo
1736 5090 2008 5160 praefecto
2042 5090 2221 5145 felicis

584 5173 757 5242 hujus
780 5174 952 5242 urbis,
987 5180 1046 5230 et
1070 5178 1427 5233 sanctissimo
1446 5181 1897 5254 archiepiscopo,
1923 5188 1979 5237 et
2000 5184 2223 5261 univer-

586 5265 689 5319 sali
718 5267 1057 5336 patriarcha:
1080 5271 1462 5342 praecipimus,
1491 5280 1555 5329 ut
1579 5291 1647 5329 ex
1682 5275 1827 5330 civili
1870 5280 1923 5331 et
1967 5279 2223 5333 sacerdo-

586 5358 684 5412 tali
704 5359 912 5415 virtute
939 5362 1060 5417 haec
1080 5370 1357 5436 perpetue
1391 5365 1805 5423 custodiantur.
1832 5369 2029 5425 Sciant
2066 5373 2221 5427 enim

585 5453 644 5503 et
676 5451 783 5521 ipsi
836 5454 1114 5512 domuum
1151 5457 1392 5527 domini,
1446 5461 1581 5532 quia
1629 5462 1672 5516 si
1716 5479 1833 5518 non
1875 5464 1996 5520 haec
2040 5469 2223 5521 custo-

585 5540 816 5612 dierint,
848 5545 955 5617 ipsi
994 5549 1230 5619 quidem
1266 5552 1369 5607 sub
1401 5553 1678 5625 imperiali
1721 5556 1864 5612 fient
1894 5562 2076 5628 motu,
2124 5559 2221 5614 do-

582 5649 712 5688 mus
734 5640 927 5693 autem
957 5640 1016 5694 in
1041 5643 1246 5712 quibus
1268 5646 1485 5717 aliquid
1516 5648 1627 5702 tale
1650 5648 1858 5720 agitur,
1892 5653 1950 5704 et
1978 5652 2221 5723 publicae

582 5724 739 5794 ﬁent,
764 5731 822 5781 et
840 5730 944 5784 sub
974 5736 1423 5793 sacratissimum
1456 5743 1716 5795 nostrum
1741 5743 2010 5798 aerarium
2046 5744 2221 5799 dedu-

584 5818 803 5907 centur.
826 5811 884 5874 Si
908 5826 1103 5878 autem
1132 5831 1189 5881 et
1220 5830 1441 5900 aliques
1465 5832 1749 5903 contingit
1770 5835 1882 5889 tale
1912 5836 2128 5907 aliquid
2158 5837 2220 5893 in

549 5946 552 5952 .
587 5904 702 5957 suis
740 5906 952 5966 habere
999 5914 1268 5976 domibus
1315 5923 1509 5994 sciant
1544 5925 1698 5995 quod
1742 5927 1850 5983 uisi
1894 5904 2045 5986 intra
2101 5936 2219 5987 tres

2323 4732 2565 4787 quinque
2586 4715 2711 4786 jam
2730 4714 2864 4768 inde
2888 4714 2961 4768 ab
2986 4712 3149 4766 initio
3172 4714 3412 4781 erogata
3428 4714 3585 4778 sunt,
3611 4710 3695 4763 ita
3721 4712 3777 4762 et
3796 4720 3944 4779 porro

2319 4809 2534 4879 absque
2560 4809 2674 4862 ulla
2696 4807 2969 4878 temporis
2984 4803 3365 4877 praeﬁnitione
3388 4806 3762 4874 praestentur,
3783 4813 3947 4870 neque

2322 4919 2546 4957 sacrum
2578 4919 2649 4957 ea
2686 4918 2747 4955 re
2780 4899 3161 4956 ministerium
3200 4899 3607 4968 corrumpatur
3644 4899 3703 4950 et
3741 4891 3945 4949 interci-

2323 4996 2439 5063 dat,
2472 4996 2693 5049 nullam
2731 4994 3018 5049 licentiam
3050 4991 3332 5048 habituris
3358 4990 3447 5045 his
3473 4989 3575 5060 qui
3606 4990 3680 5044 ab
3723 4984 3948 5044 ecclesiis

2323 5088 2686 5158 destiterunt,
2718 5090 3026 5160 postquam
3054 5087 3144 5140 vel
3176 5084 3590 5141 asanctissimo
3623 5080 3944 5154 patriarcha,

2322 5184 2409 5236 vel
2443 5182 2889 5253 provincialibus
2934 5179 3215 5252 episcopis
3246 5178 3305 5233 in
3346 5177 3582 5232 illorum
3634 5177 3824 5231 locum
3866 5170 3943 5226 alii

2322 5276 2611 5348 subrogati
2651 5278 2801 5344 sunt,
2834 5278 2899 5330 ut
2938 5278 3039 5330 aut
3065 5273 3204 5344 ipsis
3232 5272 3579 5342 subrogatos
3607 5269 3746 5324 inde
3773 5268 3941 5323 detru-

2323 5370 2480 5438 dant,
2510 5369 2556 5424 si
2584 5369 2813 5441 regredi
2833 5367 3030 5436 velint,
3048 5374 3147 5422 aut
3174 5382 3271 5422 eos
3292 5364 3391 5437 qui
3410 5364 3468 5418 id
3496 5361 3845 5434 erogationis
3865 5374 3941 5428 ge-

2322 5480 2429 5518 nus
2444 5463 2749 5533 sustinent,
2782 5461 3217 5533 conduplicatas
3244 5459 3547 5531 impensas
3572 5455 3935 5527 suppeditare,

2322 5560 2380 5612 et
2399 5560 2518 5612 tam
2539 5556 2883 5627 subrogatis,
2902 5571 3081 5626 quam
3099 5554 3235 5626 ipsis
3256 5553 3354 5625 qui
3368 5550 3564 5606 redire
3595 5550 3811 5616 volunt,
3827 5560 3938 5618 pra!-

2318 5651 2458 5705 bere
2492 5650 2856 5722 compellant.
2877 5648 2989 5706 Sed
3012 5649 3098 5721 (ut
3127 5645 3551 5720 simplicissime
3582 5643 3852 5710 dicamus,
3875 5635 3934 5692 illi

2321 5744 2578 5817 quidem,
2614 5743 2661 5799 si
2694 5742 2954 5808 redeant,
3000 5758 3118 5798 non
3160 5740 3552 5814 recipiantur;
3598 5738 3691 5793 his
3716 5756 3838 5796 vero
3859 5729 3931 5804 (ιιιί

2320 5841 2449 5909 post
2490 5838 2750 5908 priorum
2791 5837 3110 5891 discessum
3145 5834 3367 5890 suffecti
3402 5841 3561 5906 sunt,
3598 5833 3929 5909 praebeantur

2319 5930 2675 6004 provisiones
2701 5929 3058 6004 annonariaa,
3093 5930 3248 5988 nullo
3279 5930 3438 5988 lucro
3487 5930 3702 5988 exinde
3741 5926 3821 5985 his
3855 5918 3921 5995 qui
