4034 6228
25 290 157 350 ’93
985 288 1356 352 JUSTINIANI
1393 290 1723 350 NOVELLE
1761 291 2095 351 SELECTE.
2137 291 2445 351 NOVELLA
2482 292 2610 352 LIX.
3382 294 3483 354 994

25 404 485 476 ιιιρρθάὶῐᾶιιθ
505 404 695 461 solent
712 404 1041 459 accedente.
1062 404 1133 459 Ut
1149 402 1248 474 qui
1264 402 1399 459 talia
1417 401 1750 459 lucrifacere
1773 415 1831 488 Α
1852 402 2010 458 litate
2031 419 2135 458 sua
2157 420 2259 476 per
2278 401 2421 459 duas
2440 404 2829 476 pragmaticas
2852 403 3070 460 formas
3091 408 3312 461 certum
3335 405 3484 462 redi-

25 498 546 566 attentaverint,
580 498 739 554 omni
779 497 955 553 modo
996 496 1320 567 subrogatis
1353 497 1425 551 ab
1464 496 1600 569 ipsis
1630 502 1750 551 tam
1852 500 1975 551 tum
2002 497 2375 565 constituerit,
2402 504 2463 553 ut
2488 515 2693 553 aurum
2712 516 2779 554 ex
2803 514 2872 554 eo
2893 499 3077 554 reditu
3106 500 3402 555 redactum
3422 500 3480 556 in

25 593 528 659 promissiones
572 592 923 647 annonarias
968 607 1145 662 quam
1178 590 1320 645 alias
1362 590 1747 660 erogationes,
1852 607 2283 645 eamsummam
2309 593 2585 662 proficiat,
2607 593 2893 663 queeaDei
2913 594 3325 648 amantissimis
3343 612 3485 649 oeco-

25 696 205 739 tam
247 686 363 757 ipsi
392 702 570 757 quam
597 686 859 740 hmredes
891 702 958 739 ac
987 701 1341 739 successores
1370 700 1574 738 eorum
1604 700 1747 754 prze-
1851 684 2036 738 nomis
2057 684 2227 739 datur
2250 686 2339 739 his
2365 686 2460 756 qui
2491 686 2641 739 circa
2662 686 2770 739 hoc
2799 685 3095 745 laborant:
3124 687 3289 741 multi
3311 687 3479 741 undi-

25 776 177 831 bea
194 784 307 834 nt:
331 780 581 834 scientes
602 779 757 851 quod
774 778 820 832 si
842 778 1018 832 etiam
1039 781 1241 848 postea
1258 777 1749 843 defraudaverint,
1853 794 1966 848 que
1986 794 2086 831 nos
2100 778 2385 846 adierunt,
2403 779 2658 833 dicentes
2683 796 2802 833 rem
2819 796 2934 834 non
2949 781 3264 850 procedere
3285 797 3481 853 mqua-

25 876 257 926 certa
293 889 361 927 ex
396 873 626 928 illorum
655 870 1003 943 patrimonio
1034 870 1317 941 possessio
1347 870 1522 924 sacris
1544 869 1754 924 nostris
1851 870 2061 937 biliter,
2091 888 2276 941 neque
2308 872 2711 925 defunctorum
2738 872 3129 928 funerationes
3154 874 3368 946 absque
3389 892 3485 947 pa-

25 965 181 1018 reb
196 984 279 1019 us
318 966 561 1037 privatis
592 965 993 1036 segregabitur
1028 970 1089 1019 ut
1119 964 1230 1018 illis
1261 963 1468 1017 exinde
1494 964 1596 1017 fiat
1624 979 1748 1017 ero-
1853 967 1943 1017 cta
1962 964 2229 1018 mercede
2246 965 2537 1031 celebrari,
2569 965 2708 1036 quin
2738 966 2926 1035 potius
2952 968 3305 1022 amarulente
3333 985 3475 1023 mer-

26 1060 279 1127 gatio.
315 1060 462 1114 Illud
490 1075 719 1130 quoque
744 1059 816 1113 ad
849 1058 1130 1112 honorem
1162 1061 1422 1112 nostrum
1450 1060 1509 1110 et
1536 1057 1752 1110 cultum
1854 1058 2016 1112 cedes
2040 1058 2407 1127 exigi,multa
2420 1059 2592 1113 etiam
2612 1059 2961 1113 extrinsecus
2982 1060 3223 1115 inveniri
3247 1062 3486 1117 nomina

30 1153 256 1206 sedis
276 1159 392 1208 ture
417 1153 802 1219 decernimus,
824 1155 885 1206 ut
907 1151 951 1205 si
972 1151 1098 1223 quis
1119 1150 1410 1205 mdiﬁcans
1429 1148 1751 1226 ecclesiam,
1854 1154 1913 1204 et
1928 1151 2188 1221 collegia,
2212 1168 2339 1222 quze
2359 1153 2445 1206 vel
2469 1152 2526 1205 in
2549 1153 2739 1207 medio
2757 1153 2909 1207 luctu
2931 1154 3003 1207 ab
3028 1153 3214 1208 invitis
3230 1154 3481 1226 exigant,

34 1251 195 1300 aut
228 1247 416 1301 etiam
443 1248 612 1301 aliter
633 1245 966 1317 cxpendens
993 1245 1049 1298 in
1080 1261 1147 1298 ea
1175 1243 1637 1298 ministrantibus
1657 1242 1755 1297 ali-
1856 1248 1915 1298 et
1933 1262 2030 1298 eos
2052 1245 2150 1315 qui
2176 1246 2309 1299 dare
2338 1263 2453 1301 non
2486 1247 2724 1317 possint,
2756 1252 2816 1301 ut
2842 1248 3000 1313 dent,
3031 1249 3084 1301 vi
3113 1250 3480 1320 compellant.

33 1347 307 1395 menta
340 1340 590 1395 voluerit
630 1341 853 1412 aliquos
899 1338 1136 1393 clericos
1175 1342 1446 1405 statuere,
1480 1353 1597 1392 non
1632 1352 1753 1391 esse
1856 1339 1983 1392 Haec
2012 1355 2118 1393 nos
2147 1339 2507 1394 convenienti
2532 1340 2881 1395 correctione
2902 1340 3121 1410 dignari
3143 1342 3361 1412 justum
3386 1360 3485 1413 pu.

40 1434 119 1486 ei
169 1434 472 1489 fiduciam
505 1435 701 1499 ullam,
736 1450 882 1504 quos
906 1434 1026 1490 vult
1054 1449 1158 1504 per
1194 1435 1540 1503 potestatem
1571 1430 1751 1484 dedu-
1854 1432 2119 1486 tavimus.
2164 1431 2297 1487 Inde
2342 1432 2486 1487 adeo
2529 1433 2780 1504 primum
2825 1434 3081 1488 omnium
3113 1441 3484 1490 sacrosanctae

45 1544 235 1581 cere
259 1534 382 1582 tua:
412 1528 748 1582 reverentur.
777 1526 850 1581 ad
873 1526 1227 1581 ordinandos
1253 1542 1380 1591 eos;
1414 1524 1514 1578 sed
1537 1523 1751 1577 exami-
1854 1525 2056 1595 majori
2087 1526 2338 1580 ecclesiae
2359 1527 2615 1581 officinas
2638 1545 2913 1599 magnam
2937 1528 3226 1598 jacturam
3250 1535 3307 1584 et
3323 1530 3487 1584 dimi-

50 1622 229 1675 ηειτί
256 1638 292 1675 a
322 1625 423 1675 tua
455 1620 778 1686 sanctitate,
808 1619 1211 1690 sententiaque
1236 1622 1353 1686 tua,
1376 1624 1433 1672 et
1451 1617 1548 1689 qui
1568 1617 1757 1689 ponti«
1854 1618 2157 1673 nutionem
2177 1635 2474 1690 perpessas
2492 1620 2567 1674 ad
2586 1620 2881 1691 integrum
2911 1638 3221 1676 numerum
3245 1639 3480 1694 repara-

50 1715 344 1770 ﬁcalem
363 1715 562 1769 sedem
582 1715 862 1783 rexerint,
892 1730 1124 1784 semper
1142 1714 1249 1767 hos
1279 1712 1565 1783 suscipere
1598 1710 1752 1766 ordi-
1855 1711 2063 1780 vimus,
2096 1714 2415 1785 conscripta
2441 1713 2511 1768 de
2539 1714 2649 1768 hoc
2680 1730 2839 1769 sacra
2866 1716 3049 1769 forma
3084 1715 3158 1769 ad
3186 1718 3484 1787 praefectu-

54 1808 438 1876 nationem,
480 1807 767 1880 siquidem
818 1811 932 1861 tuae
982 1804 1349 1874 beatitudini,
1407 1809 1465 1859 et
1512 1789 1981 1876 posterisBram
2034 1806 2395 1874 urbicariam,
2454 1813 2514 1861 ut
2560 1808 2828 1863 omnibus
2870 1808 3055 1863 modis
3094 1825 3158 1863 ea
3206 1826 3316 1864 una
3358 1828 3489 1865 cum

63 1902 797 1975 opportunividebuntur
818 1900 1076 1966 existere,
1105 1905 1163 1954 et
1189 1899 1291 1954 Dei
1314 1897 1636 1953 ministerio
1666 1898 1753 1952 di-
1858 1899 2284 1954 obsecundante
2322 1900 2399 1954 illi
2430 1902 2665 1956 cohorte
2702 1902 2861 1957 mille
2888 1906 2946 1956 et
2972 1906 3203 1957 centum
3236 1904 3487 1959 officinas

68 1998 231 2067 gni,
284 2000 352 2052 ut
391 2012 506 2050 non
536 1996 916 2066 profanentur
963 1999 1156 2049 sancta
1186 1993 1283 2048 Dei
1327 1993 1455 2062 (hoc
1492 1990 1758 2046 videlicet
1856 1992 1953 2048 Dei
1969 1993 2784 2049 amantissimisdefensoribus
2805 1999 2861 2050 et
2879 1997 3185 2051 (economis
3204 1998 3486 2069 praadictaa

74 2090 271 2160 quod
300 2090 476 2146 sacris
503 2088 757 2145 sancitur
790 2087 1070 2160 eloquiis),
1094 2086 1195 2141 sed
1221 2087 1436 2141 intacta
1467 2088 1525 2140 et
1548 2084 1754 2139 inefi'a-
1856 2090 2232 2142 sacrosancta:
2275 2088 2525 2144 ecclesia)
2560 2089 2827 2144 tradant:
2860 2089 3205 2159 octingentis
3252 2091 3488 2162 quidem

72 2183 249 2239 bilia
284 2183 702 2254 tremendaque
733 2182 1061 2248 constituta,
1092 2184 1285 2235 sancte
1312 2184 1371 2235 et
1399 2182 1514 2235 Deo
1544 2178 1758 2233 amabi-
1858 2180 2103 2236 officinis
2125 2198 2255 2236 cum
2279 2183 2608 2253 corporibus
2628 2183 2951 2253 praebendis
2972 2183 3492 2240 Deiamantissimis

73 2277 241 2331 liter
277 2281 339 2331 et
368 2277 700 2332 venerande
730 2279 1072 2330 tractentur.
1102 2274 1239 2338 Quae
1266 2273 1442 2344 igitur
1456 2272 1622 2328 nobis
1642 2273 1758 2344 pla-
1858 2274 2273 2344 defensoribus,
2307 2276 2573 2330 trecentis
2597 2293 2730 2331 vero
2752 2276 3121 2348 pientissimis
3148 2295 3285 2349 erga
3308 2281 3487 2334 Deum

83 2375 382 2437 cuerunt,
416 2374 474 2425 et
500 2386 603 2442 per
633 2370 785 2424 hanc
821 2385 1043 2424 sacram
1092 2367 1497 2439 exprimuntur
1541 2368 1753 2438 legem,
1857 2369 2215 2424 oeconomis:
2257 2374 2318 2424 ut
2347 2370 2450 2424 Dei
2492 2370 2725 2442 quidem
2773 2370 3156 2425 amantissimi
3205 2373 3488 2428 oeconomi

86 2480 177 2519 ea
208 2467 279 2519 ut
310 2464 370 2518 in
402 2468 748 2536 perpetuum
774 2462 1072 2516 beatitudo
1104 2466 1200 2516 tua
1241 2461 1536 2529 custodiat,
1570 2459 1756 2514 sanci-
1857 2465 2139 2517 trecentas
2191 2463 2314 2517 illas
2369 2464 2625 2519 officinas
2675 2468 2733 2518 et
2775 2464 3026 2518 reditum
3070 2465 3140 2518 ab
3194 2467 3491 2521 Anastasio

89 2574 287 2612 mus:
316 2562 475 2612 certo
506 2557 752 2612 scientes
796 2555 951 2627 quod
993 2572 1111 2610 non
1160 2555 1351 2609 minus
1382 2554 1546 2609 nobis
1577 2570 1758 2607 sacro-
1859 2556 2235 2611 sacratissimo
2274 2556 2530 2629 principe
2574 2557 2856 2612 donatum
2886 2557 2944 2611 in
2985 2558 3170 2613 fructu
3217 2559 3487 2627 habeant,

93 2657 454 2706 sanctarum
494 2649 863 2704 ecclesiarum
901 2649 1211 2704 commoda
1240 2664 1392 2702 curse
1417 2647 1550 2716 sint,
1583 2663 1756 2717 quam

97 2744 244 2815 ipsa
289 2744 429 2798 vita.
464 2745 590 2798 Dat.
625 2760 695 2797 xv
727 2744 797 2797 Κ,
840 2744 1076 2796 Novem.
1112 2744 1409 2798 Constant.
1437 2741 1578 2812 imp.
1606 2740 1663 2794 d.
1696 2757 1755 2793 n.

97 2839 319 2894 Justin.
346 2842 517 2909 Aug.,
551 2840 680 2909 post
709 2836 858 2891 Bilis.
895 2852 950 2891 ν.
980 2852 1031 2892 c.
1059 2850 1217 2890 cons.
1253 2850 1388 2889 ann.
1418 2837 1469 2889 3.

700 2996 1015 3053 NOVELLA
1043 2997 1168 3051 LIX.

197 3117 276 3170 De
305 3112 603 3182 exsequiis,
634 3126 771 3181 quas
794 3111 914 3179 ﬁeri
941 3112 1186 3178 oporteat
1210 3111 1269 3162 in
1296 3108 1673 3175 defunctorum

714 3183 1170 3249 funerationibus.

183 3312 519 3382 Imperator
542 3308 900 3387 Justinianus
925 3308 1217 3377 Augustus
1244 3305 1449 3361 Joanni
1475 3306 1759 3360 factorum

113 3421 221 3477 per
246 3404 548 3458 Orientem
576 3401 984 3474 praetoriorum
1013 3399 1285 3471 praefecto
1308 3400 1522 3455 iterum
1555 3416 1758 3455 excon-

116 3498 238 3552 sule
272 3502 331 3551 et
358 3495 625 3566 patricio.

188 3591 248 3646 Si
268 3589 552 3661 quidquid
572 3605 817 3661 usquam
838 3591 924 3643 est
941 3588 1229 3643 bonorum
1243 3603 1505 3658 operum,
1520 3586 1579 3641 id
1600 3603 1765 3658 opor-

116 3690 199 3740 tet
229 3683 482 3753 (volente
514 3684 646 3753 Deo)
678 3699 782 3754 per
806 3699 912 3737 nos
937 3681 1164 3736 initium
1188 3696 1395 3752 capere
1421 3696 1434 3734 :
1462 3681 1767 3735 conveniet

118 3778 264 3833 item
292 3781 359 3831 ut
385 3794 455 3831 ea
482 3777 639 3831 bona
664 3793 792 3847 quae
816 3792 920 3847 per
942 3776 1083 3830 alios
1112 3777 1429 3846 cceperunt,
1461 3775 1506 3829 si
1536 3774 1623 3828 his
1653 3774 1760 3828 im-

122 3873 351 3927 mineat
369 3870 627 3940 exitium,
651 3887 754 3941 per
769 3886 875 3925 nos
895 3870 1081 3925 denuo
1101 3871 1499 3924 restaurentur
1522 3871 1580 3922 et
1598 3867 1658 3922 in
1677 3885 1765 3923 ve-

121 3969 313 4021 terem
334 3964 687 4019 reducantur
705 3963 994 4033 ordinem,
1021 3968 1084 4018 ut
1103 3978 1334 4034 semper
1354 3961 1521 4017 nobis
1541 3962 1628 4015 vel
1646 3962 1765 4033 ipsa

121 4060 207 4115 rei
249 4058 634 4124 confectione,
668 4059 756 4111 vel
790 4057 1206 4112 restauratione
1240 4054 1310 4110 ad
1339 4056 1645 4128 praeclaras
1671 4072 1763 4109 ac-

120 4154 315 4209 tiones
335 4150 725 4213 contendendi
740 4152 1038 4205 facultates
1053 4150 1259 4205 adsint.
1280 4149 1379 4219 Cuj
1390 4149 1612 4203 usmodi
1630 4165 1765 4203 sane

121 4247 405 4319 quiddam
433 4262 563 4299 cum
582 4249 637 4299 et
654 4247 711 4299 in
734 4245 1139 4300 defunctorum
1167 4242 1626 4298 funerationibus
1642 4260 1766 4314 per-

121 4358 328 4414 peram
353 4339 811 4404 administretur,
843 4338 1132 4410 corrigere
1156 4338 1215 4391 id
1247 4336 1429 4392 visum
1454 4339 1558 4403 est,
1581 4340 1638 4390 et
1660 4337 1762 4391 ho-

124 4435 381 4491 minibus
411 4433 616 4487 exinde
644 4433 860 4503 largiri,
891 4450 963 4486 ne
1000 4431 1294 4503 geminam
1324 4430 1764 4486 incommodita-

1781 3160 1836 3234 C

1860 2649 2106 2703 nihilam
2115 2651 2167 2721 pl
2179 2650 2260 2704 ius
2271 2651 2342 2705 ob
2357 2651 2707 2705 diminutum
2722 2655 3142 2723 conquerentes
3157 2669 3490 2723 numerum,

1859 2742 1960 2796 sed
1984 2742 2041 2797 in
2062 2745 2528 2814 supplementum
2550 2744 2829 2799 habentes
2847 2762 2974 2815 quae
2996 2746 3252 2816 praebent
3267 2752 3490 2801 trecen-

1857 2840 1931 2891 tae
1955 2836 2219 2905 ofﬁcinae,
2238 2841 2359 2891 tam
2377 2837 2607 2893 decanis
2623 2854 2797 2909 quam
2822 2838 3053 2909 reliquis
3073 2838 3309 2893 ccetibus
3336 2856 3494 2894 men-

1860 2934 2146 2984 struarum
2192 2931 2624 3001 praestationum
2669 2932 3054 3002 erogationem
3103 2932 3359 2987 faciant:
3393 2933 3491 2988 Dei

1859 3036 1994 3075 vero
2041 3021 2422 3074 amantissimi
2452 3021 2783 3076 defensores
2818 3020 2891 3073 ad
2928 3037 3166 3075 manum
3214 3021 3494 3076 habentes

1863 3114 2223 3185 octingentas
2274 3114 2548 3181 officinas,
2606 3118 2723 3168 tam
2766 3114 3085 3169 lecticarios
3146 3117 3225 3183 (ut
3271 3116 3494 3186 vocant)

1863 3207 2183 3273 exhibeant,
2216 3224 2390 3279 quam
2419 3208 2706 3279 reliquum
2754 3207 3161 3276 ministerium,
3208 3210 3363 3280 quod
3393 3210 3493 3263 de-

1861 3301 2192 3356 functorum
2206 3301 2485 3373 exsequiaa
2504 3301 2824 3373 requirunt,
2845 3301 3150 3369 sufficiant,
3171 3319 3285 3374 quo
3309 3303 3497 3375 magis

1862 3411 1930 3449 ea
1960 3411 2021 3449 re
2050 3395 2351 3449 defunctos
2372 3412 2406 3450 a
2436 3396 2653 3450 damno
2693 3412 3016 3451 asseramus
3045 3400 3102 3450 et
3128 3397 3358 3467 injuria.
3390 3399 3497 3452 Eas

1862 3488 2039 3559 igitur
2063 3489 2367 3559 prasdictas
2386 3490 2541 3543 mille
2570 3493 2625 3544 et
2645 3493 2878 3544 centum
2902 3490 3156 3544 officinas
3174 3491 3275 3544 Dei
3295 3508 3494 3545 aman-

1862 3581 2095 3636 tissimis
2123 3582 2438 3637 aaconomis
2467 3586 2527 3637 et
2555 3582 2951 3637 defensoribus
2976 3583 3187 3654 absque
3219 3584 3332 3637 ulla
3358 3590 3498 3639 tem-

1864 3675 2020 3748 poris
2038 3676 2419 3747 praefinitione
2447 3692 2578 3731 cum
2610 3677 2971 3731 immunitate
3003 3680 3062 3730 et
3088 3677 3228 3731 citra
3254 3677 3499 3732 diminu-

1863 3769 2083 3824 tionem
2103 3769 2396 3840 custodiri,
2413 3770 2531 3824 etsi
2553 3786 2894 3841 quocunque
2914 3770 3090 3825 modo
3111 3772 3302 3842 aliqua
3326 3771 3499 3825 inter-

1865 3862 2034 3931 cidat,
2058 3864 2324 3917 lumenve
2354 3866 2559 3931 mutet,
2583 3866 2681 3917 aut
2707 3863 3141 3932 commercium,
3160 3881 3194 3918 a
3216 3864 3498 3935 gloriosis-

1867 3957 2015 4012 simo
2036 3956 2208 4028 hujus
2240 3957 2409 4011 almae
2437 3956 2592 4011 urbis
2618 3957 3167 4029 praefecto/suppleri
3193 3974 3495 4030 recupera-

1865 4051 2029 4123 rique
2060 4056 2307 4123 oportet,
2335 4054 2399 4105 ut
2419 4051 2520 4105 Dei
2552 4050 2788 4121 quidem
2815 4051 3191 4107 amantissimi
3217 4053 3499 4108 eaconomi

1866 4145 2200 4215 fundorum,
2226 4145 2320 4217 qui
2349 4145 2654 4216 sepulturis
2672 4144 2933 4199 attributi
2958 4149 3110 4213 sunt,
3138 4146 3501 4202 administra‘

1867 4239 2083 4294 tionem
2133 4239 2425 4306 habentes,
2474 4239 2749 4293 habentes
2792 4239 2931 4293 item
2972 4243 3029 4294 et
3071 4256 3104 4294 a
3134 4241 3499 4311 vectigalium

1866 4332 2235 4403 praestatione
2257 4332 2548 4387 immunes
2565 4337 2849 4388 trecentas
2871 4332 3146 4398 officinas,
3172 4333 3502 4388 defensores

1867 4442 2002 4481 vero
2029 4427 2389 4497 octingentas
2418 4426 2646 4493 alteras,
2667 4425 2892 4496 utrique
2918 4424 3314 4492 defunctorum
3341 4443 3498 4481 exse-

126 4533 242 4583 tem
262 4528 603 4592 sustineant,
625 4530 743 4580 tam
762 4542 894 4580 suos
910 4526 1239 4579 amittentes
1259 4541 1430 4595 quam
1451 4524 1625 4578 etiam
1648 4524 1765 4577 illo-
1784 4534 1844 4605 D
1869 4519 2031 4589 quias
2051 4519 2158 4574 rite
2176 4521 2519 4591 gubernent.
2536 4519 2884 4575 Omnimodo
2906 4535 3040 4573 sane
3052 4519 3206 4590 quod
3222 4536 3288 4573 ex
3307 4536 3501 4575 annuo

130 4638 259 4677 rum
302 4621 537 4675 nomine
570 4620 885 4674 subeuntes
915 4618 1235 4690 dispendia.
1271 4618 1384 4673 Sed
1424 4618 1579 4689 quod
1610 4618 1770 4671 divus

131 4716 397 4788 princeps
435 4713 840 4769 Constantinus
863 4718 1014 4767 recte
1044 4713 1429 4783 excogitatum
1470 4711 1767 4782 disposuit,

136 4813 191 4864 et
209 4808 583 4881 postmodum
602 4806 928 4862 Anastasius
948 4806 1334 4878 pientissimus
1355 4805 1623 4877 princeps
1640 4820 1773 4860 con-

134 4903 404 4969 firmavit,
444 4900 667 4972 adjecto
708 4901 946 4971 insuper
979 4904 1036 4954 et
1072 4899 1281 4965 reditu,
1312 4898 1372 4953 id
1405 4915 1510 4954 nos
1539 4898 1770 4953 ruinam

136 4997 412 5053 minitans
443 5000 763 5049 restaurare
789 4993 978 5061 simul,
1013 4998 1071 5048 et
1112 4992 1365 5065 undique
1396 4992 1470 5047 ad
1495 4992 1768 5047 stabilita-

138 5094 250 5146 tem
281 5090 582 5145 redactum
611 5088 1082 5145 convenientibus
1097 5087 1414 5159 astringere
1429 5084 1773 5155 juramentis

136 5199 537 5258 prOperamus,
589 5181 902 5237 efficientes
942 5198 1010 5238 ea
1053 5197 1114 5236 re
1158 5187 1219 5235 ut
1261 5181 1583 5235 immortale
1639 5195 1767 5251 per-

137 5281 393 5334 maneat.

204 5373 350 5428 Nam
364 5388 497 5426 cum
518 5366 909 5443 pientissimus
928 5366 1191 5440 princeps
1207 5367 1617 5424 Constantinus
1634 5383 1775 5422 non-

142 5470 336 5539 gentas
361 5464 786 5537 quinquaginta
833 5463 1092 5520 officinas
1128 5478 1195 5516 ex
1239 5461 1476 5516 diversis
1515 5460 1776 5531 collegiis

142 5561 305 5631 hujus
337 5560 505 5614 almae
536 5558 692 5613 urbis
722 5561 1099 5613 sacrosanctae
1131 5555 1333 5626 majori
1363 5555 1615 5610 ecclesiae
1641 5570 1775 5609 cum

144 5652 502 5710 immunitate
531 5650 776 5718 dederit,
806 5649 1131 5705 Anastasius
1160 5664 1390 5720 quoque
1430 5648 1567 5702 item
1607 5647 1773 5719 pien-

143 5747 388 5804 tissimus
422 5745 696 5818 princeps
728 5761 846 5800 non
885 5744 1069 5798 solum
1114 5742 1355 5797 officinis
1396 5741 1509 5796 illis
1542 5744 1777 5796 centum

149 5838 563 5932 quinquaginta
590 5838 733 5898 alias
751 5835 1103 5914 apposuerit,
1124 5836 1225 5894 sed
1254 5834 1429 5894 etiam
1457 5851 1562 5911 pro
1576 5834 1781 5892 libera-

1869 4612 2179 4666 fundorum
2206 4614 2397 4667 reditu
2427 4614 2706 4684 provenit,
2734 4631 2766 4666 a
2794 4613 2892 4669 Dei
2919 4612 3325 4667 amantissimis
3349 4630 3499 4668 oeco-

1869 4706 2057 4761 nomis
2078 4706 2135 4759 in
2157 4707 2576 4776 sepulturarum
2596 4724 2764 4761 usum
2781 4708 3122 4776 conferatur,
3136 4708 3506 4780 quemadmo-

1870 4799 2007 4854 dum
2036 4798 2272 4852 inferius
2292 4798 2348 4853 in
2368 4816 2675 4870 progressu
2697 4802 3338 4873 dicemus,apponentes
3366 4818 3507 4856 non-

1869 4892 2013 4947 nihil
2041 4892 2111 4947 de
2136 4895 2521 4947 trecentarum
2568 4894 2935 4950 officinarum
2978 4896 3186 4964 reditu,
3216 4902 3387 4968 prout
3431 4896 3503 4952 de

1871 4987 2023 5042 facto
2055 4986 2113 5041 hi
2142 5004 2174 5039 a
2204 4986 2368 5040 nobis
2415 5002 2618 5057 capere
2666 4987 2970 5057 petierunt.
3002 4995 3077 5044 Ac
3114 4990 3387 5062 quoniam
3437 4991 3507 5045 de

1871 5080 2027 5135 mille
2049 5084 2104 5134 et
2126 5083 2355 5134 centum
2377 5078 2640 5145 officinis,
2663 5096 2791 5150 qua:
2815 5081 2872 5134 in
2893 5081 3047 5137 alma
3064 5084 3170 5139 hac
3191 5084 3332 5139 urbe
3353 5090 3504 5154 sunt,

1874 5175 2157 5246 pleraeque
2203 5171 2638 5242 interciderunt,
2670 5173 3031 5246 praecipimus
3058 5176 3119 5230 in
3146 5195 3420 5249 praesens,
3447 5184 3511 5233 ut

1875 5269 1964 5323 ha:
2017 5267 2419 5338 suppleantur,
2469 5272 2525 5322 et
2568 5268 2667 5322 Dei
2721 5267 3133 5323 amantissimis
3199 5272 3510 5327 (nconomis

1874 5360 2362 5433 pientissimisque
2389 5377 2529 5432 erga
2556 5362 2733 5416 Deum
2756 5360 3144 5416 defensoribus
3176 5366 3307 5435 (quo
3335 5366 3508 5421 modo

1875 5473 1907 5510 a
1948 5456 2110 5510 nobis
2150 5455 2368 5510 dictum
2417 5458 2516 5524 est)
2566 5456 2724 5510 mille
2771 5459 2829 5510 et
2863 5459 3092 5509 centum
3144 5456 3511 5515 officinarum

1877 5566 2154 5605 numerus
2198 5548 2574 5605 indiminutus
2604 5554 2662 5604 et
2690 5547 3107 5620 simplicissime
3139 5548 3350 5606 divisus
3380 5568 3513 5609 con-

1877 5649 2162 5711 servetur,
2214 5659 2288 5697 ne
2354 5659 2468 5715 quo
2530 5648 2698 5713 pacto
2766 5640 3060 5713 pauciores
3125 5641 3326 5698 decani
3393 5646 3511 5700 sive

1878 5738 2169 5809 copiasne,
2198 5753 2369 5809 quam
2395 5736 2728 5809 octingenti,
2751 5735 2852 5792 Dei
2876 5734 3282 5790 amantissimis
3308 5736 3512 5793 defen-

1879 5831 2102 5895 soribus
2133 5831 2394 5891 attributi
2432 5830 2563 5890 sint.
2596 5833 2706 5893 Pro
2734 5830 3002 5891 trecentis
3027 5834 3217 5889 autem
3247 5829 3358 5887 illis
3383 5847 3512 5907 qua
