  <div class='ocr_page' id='page_1' title='image "/cluster/home/n/w/nwhite01/storage/ocr_20150623/72/uva.x000827084/691.png"; bbox 0 0 4034 6228; ppageno 0'>
   <div class='ocr_carea' id='block_1_1' title="bbox 563 333 663 385">
    <p class='ocr_par' dir='ltr' id='par_1_1' title="bbox 563 333 663 385">
     <span class='ocr_line' id='line_1_1' title="bbox 563 333 663 385; baseline 0 0"><span class='ocrx_word' id='word_1_1' title='bbox 563 333 663 385; x_wconf 76' lang='lat'>995</span> 
     </span>
    </p>
   </div>
   <div class='ocr_carea' id='block_1_2' title="bbox 1695 325 2172 385">
    <p class='ocr_par' dir='ltr' id='par_1_2' title="bbox 1695 325 2172 383">
     <span class='ocr_line' id='line_1_2' title="bbox 1695 325 2172 383; baseline 0 0"><span class='ocrx_word' id='word_1_2' title='bbox 1695 327 1947 383; x_wconf 60' lang='lat' dir='ltr'>SrECULl</span> <span class='ocrx_word' id='word_1_3' title='bbox 1989 325 2172 383; x_wconf 83' lang='lat' dir='ltr'>SEXTI</span> 
     </span>
    </p>
   </div>
   <div class='ocr_carea' id='block_1_3' title="bbox 2275 325 3948 385">
    <p class='ocr_par' dir='ltr' id='par_1_3' title="bbox 2275 326 3948 385">
     <span class='ocr_line' id='line_1_3' title="bbox 2275 326 3948 385; baseline -0.004 -1"><span class='ocrx_word' id='word_1_4' title='bbox 2275 326 2659 384; x_wconf 75' lang='lat' dir='ltr'>LTPPLEMENT</span> <span class='ocrx_word' id='word_1_5' title='bbox 2669 327 2779 385; x_wconf 70' lang='grc' dir='ltr'>ΠΜ.</span> <span class='ocrx_word' id='word_1_6' title='bbox 3860 330 3948 381; x_wconf 66' lang='grc' dir='ltr'>99σ.</span> 
     </span>
    </p>
   </div>
   <div class='ocr_carea' id='block_1_4' title="bbox 561 435 3946 521">
    <p class='ocr_par' dir='ltr' id='par_1_4' title="bbox 561 435 3946 521">
     <span class='ocr_line' id='line_1_4' title="bbox 561 435 3946 521; baseline -0.001 -28"><span class='ocrx_word' id='word_1_7' title='bbox 561 438 659 493; x_wconf 88' lang='lat' dir='ltr'>Dei</span> <span class='ocrx_word' id='word_1_8' title='bbox 696 436 1097 492; x_wconf 79' lang='lat' dir='ltr'>amantissimis</span> <span class='ocrx_word' id='word_1_9' title='bbox 1142 437 1273 491; x_wconf 90' lang='lat' dir='ltr'>viris</span> <span class='ocrx_word' id='word_1_10' title='bbox 1305 436 1616 491; x_wconf 87' lang='lat' dir='ltr'>ceconomis</span> <span class='ocrx_word' id='word_1_11' title='bbox 1658 436 2048 507; x_wconf 81' lang='lat' dir='ltr'>assignantur,</span> <span class='ocrx_word' id='word_1_12' title='bbox 2077 435 2190 491; x_wconf 87' lang='lat' dir='ltr'>sive</span> <span class='ocrx_word' id='word_1_13' title='bbox 2211 448 2270 521; x_wconf 74' lang='grc' dir='ltr'><strong>Α</strong></span> <span class='ocrx_word' id='word_1_14' title='bbox 2293 436 2379 490; x_wconf 87' lang='lat' dir='ltr'>his</span> <span class='ocrx_word' id='word_1_15' title='bbox 2410 436 2674 490; x_wconf 88' lang='lat' dir='ltr'>omnibus</span> <span class='ocrx_word' id='word_1_16' title='bbox 2699 452 2896 491; x_wconf 88' lang='lat' dir='ltr'>curam</span> <span class='ocrx_word' id='word_1_17' title='bbox 2920 435 3284 508; x_wconf 79' lang='lat' dir='ltr'>impertiente</span> <span class='ocrx_word' id='word_1_18' title='bbox 3309 436 3654 492; x_wconf 88' lang='lat' dir='ltr'>beatissimo</span> <span class='ocrx_word' id='word_1_19' title='bbox 3679 451 3795 507; x_wconf 89' lang='lat' dir='ltr'>pro</span> <span class='ocrx_word' id='word_1_20' title='bbox 3815 439 3946 491; x_wconf 75' lang='lat' dir='ltr'>tem</span> 
     </span>
    </p>
   </div>
   <div class='ocr_carea' id='block_1_5' title="bbox 562 529 2194 603">
    <p class='ocr_par' dir='ltr' id='par_1_5' title="bbox 562 529 2194 603">
     <span class='ocr_line' id='line_1_5' title="bbox 562 529 2194 603; baseline 0 -16"><span class='ocrx_word' id='word_1_21' title='bbox 562 532 819 587; x_wconf 80' lang='lat' dir='ltr'>ofﬁcinas</span> <span class='ocrx_word' id='word_1_22' title='bbox 847 532 906 586; x_wconf 91' lang='lat' dir='ltr'>in</span> <span class='ocrx_word' id='word_1_23' title='bbox 938 531 1268 603; x_wconf 85' lang='lat' dir='ltr'>corporibus</span> <span class='ocrx_word' id='word_1_24' title='bbox 1311 529 1601 600; x_wconf 81' lang='lat' dir='ltr'>percipere</span> <span class='ocrx_word' id='word_1_25' title='bbox 1637 530 1833 596; x_wconf 91' lang='lat' dir='ltr'>velint,</span> <span class='ocrx_word' id='word_1_26' title='bbox 1859 531 1949 584; x_wconf 87' lang='lat' dir='ltr'>vel</span> <span class='ocrx_word' id='word_1_27' title='bbox 1994 548 2194 587; x_wconf 91' lang='lat' dir='ltr'>omnes</span> 
     </span>
    </p>
   </div>
   <div class='ocr_carea' id='block_1_6' title="bbox 560 624 2191 699">
    <p class='ocr_par' dir='ltr' id='par_1_6' title="bbox 560 624 2191 699">
     <span class='ocr_line' id='line_1_6' title="bbox 560 624 2191 699; baseline -0.001 -17"><span class='ocrx_word' id='word_1_28' title='bbox 560 629 648 682; x_wconf 89' lang='lat' dir='ltr'>vel</span> <span class='ocrx_word' id='word_1_29' title='bbox 677 628 951 699; x_wconf 89' lang='lat' dir='ltr'>quasdam</span> <span class='ocrx_word' id='word_1_30' title='bbox 981 644 1045 681; x_wconf 89' lang='lat' dir='ltr'>ex</span> <span class='ocrx_word' id='word_1_31' title='bbox 1084 625 1191 693; x_wconf 86' lang='lat' dir='ltr'>his,</span> <span class='ocrx_word' id='word_1_32' title='bbox 1227 624 1341 677; x_wconf 84' lang='lat' dir='ltr'>sive</span> <span class='ocrx_word' id='word_1_33' title='bbox 1387 624 1535 677; x_wconf 88' lang='lat' dir='ltr'>ferre</span> <span class='ocrx_word' id='word_1_34' title='bbox 1576 640 1681 694; x_wconf 84' lang='lat' dir='ltr'>per</span> <span class='ocrx_word' id='word_1_35' title='bbox 1727 641 1950 677; x_wconf 86' lang='lat' dir='ltr'>causam</span> <span class='ocrx_word' id='word_1_36' title='bbox 1982 625 2064 695; x_wconf 90' lang='lat' dir='ltr'>(ut</span> <span class='ocrx_word' id='word_1_37' title='bbox 2092 643 2191 681; x_wconf 90' lang='lat' dir='ltr'>vo-</span> 
     </span>
    </p>
   </div>
   <div class='ocr_carea' id='block_1_7' title="bbox 561 717 2195 791">
    <p class='ocr_par' dir='ltr' id='par_1_7' title="bbox 561 717 2195 791">
     <span class='ocr_line' id='line_1_7' title="bbox 561 717 2195 791; baseline -0.001 -15"><span class='ocrx_word' id='word_1_38' title='bbox 561 722 708 791; x_wconf 89' lang='lat' dir='ltr'>cant)</span> <span class='ocrx_word' id='word_1_39' title='bbox 737 728 1131 776; x_wconf 87' lang='lat' dir='ltr'>excusatarum</span> <span class='ocrx_word' id='word_1_40' title='bbox 1161 717 1520 773; x_wconf 81' lang='lat' dir='ltr'>officinarum</span> <span class='ocrx_word' id='word_1_41' title='bbox 1546 717 1637 771; x_wconf 86' lang='lat' dir='ltr'>vel</span> <span class='ocrx_word' id='word_1_42' title='bbox 1655 718 1931 785; x_wconf 91' lang='lat' dir='ltr'>omnium,</span> <span class='ocrx_word' id='word_1_43' title='bbox 1951 720 2038 773; x_wconf 91' lang='lat' dir='ltr'>vel</span> <span class='ocrx_word' id='word_1_44' title='bbox 2061 737 2195 791; x_wconf 89' lang='lat' dir='ltr'>qua-</span> 
     </span>
    </p>
   </div>
   <div class='ocr_carea' id='block_1_8' title="bbox 559 811 2195 885">
    <p class='ocr_par' dir='ltr' id='par_1_8' title="bbox 559 811 2195 885">
     <span class='ocr_line' id='line_1_8' title="bbox 559 811 2195 885; baseline -0.002 -15"><span class='ocrx_word' id='word_1_45' title='bbox 559 817 825 871; x_wconf 89' lang='lat' dir='ltr'>rumdam</span> <span class='ocrx_word' id='word_1_46' title='bbox 848 814 1132 885; x_wconf 84' lang='lat' dir='ltr'>pecunias,</span> <span class='ocrx_word' id='word_1_47' title='bbox 1156 811 1523 865; x_wconf 88' lang='lat' dir='ltr'>insumantur</span> <span class='ocrx_word' id='word_1_48' title='bbox 1544 814 1599 864; x_wconf 88' lang='lat' dir='ltr'>et</span> <span class='ocrx_word' id='word_1_49' title='bbox 1627 812 1716 865; x_wconf 66' lang='lat' dir='ltr'>ha:</span> <span class='ocrx_word' id='word_1_50' title='bbox 1738 811 1884 865; x_wconf 90' lang='lat' dir='ltr'>circa</span> <span class='ocrx_word' id='word_1_51' title='bbox 1904 812 2195 868; x_wconf 87' lang='lat' dir='ltr'>defuncto-</span> 
     </span>
    </p>
   </div>
   <div class='ocr_carea' id='block_1_9' title="bbox 559 905 2192 977">
    <p class='ocr_par' dir='ltr' id='par_1_9' title="bbox 559 905 2192 977">
     <span class='ocr_line' id='line_1_9' title="bbox 559 905 2192 977; baseline -0.001 -14"><span class='ocrx_word' id='word_1_52' title='bbox 559 926 689 963; x_wconf 90' lang='lat' dir='ltr'>rum</span> <span class='ocrx_word' id='word_1_53' title='bbox 716 908 1029 977; x_wconf 79' lang='lat' dir='ltr'>exsequias,</span> <span class='ocrx_word' id='word_1_54' title='bbox 1048 911 1112 960; x_wconf 83' lang='lat' dir='ltr'>ut</span> <span class='ocrx_word' id='word_1_55' title='bbox 1133 922 1197 959; x_wconf 83' lang='lat' dir='ltr'>ex</span> <span class='ocrx_word' id='word_1_56' title='bbox 1222 905 1307 959; x_wconf 90' lang='lat' dir='ltr'>his</span> <span class='ocrx_word' id='word_1_57' title='bbox 1329 905 1584 976; x_wconf 90' lang='lat' dir='ltr'>pecuniis</span> <span class='ocrx_word' id='word_1_58' title='bbox 1613 905 1781 958; x_wconf 83' lang='lat' dir='ltr'>simul</span> <span class='ocrx_word' id='word_1_59' title='bbox 1807 908 1865 958; x_wconf 91' lang='lat' dir='ltr'>et</span> <span class='ocrx_word' id='word_1_60' title='bbox 1882 906 2192 961; x_wconf 89' lang='lat' dir='ltr'>fundorum</span> 
     </span>
    </p>
   </div>
   <div class='ocr_carea' id='block_1_10' title="bbox 558 999 2189 1074">
    <p class='ocr_par' dir='ltr' id='par_1_10' title="bbox 558 999 2189 1074">
     <span class='ocr_line' id='line_1_10' title="bbox 558 999 2189 1074; baseline -0.001 -18"><span class='ocrx_word' id='word_1_61' title='bbox 558 1002 923 1074; x_wconf 82' lang='lat' dir='ltr'>proventibus</span> <span class='ocrx_word' id='word_1_62' title='bbox 970 999 1291 1054; x_wconf 85' lang='lat' dir='ltr'>distributio</span> <span class='ocrx_word' id='word_1_63' title='bbox 1331 1001 1431 1053; x_wconf 78' lang='lat' dir='ltr'>fiat</span> <span class='ocrx_word' id='word_1_64' title='bbox 1473 999 1533 1052; x_wconf 91' lang='lat' dir='ltr'>in</span> <span class='ocrx_word' id='word_1_65' title='bbox 1589 999 1857 1065; x_wconf 84' lang='lat' dir='ltr'>decanos,</span> <span class='ocrx_word' id='word_1_66' title='bbox 1901 1001 2189 1068; x_wconf 85' lang='lat' dir='ltr'>ascetrias,</span> 
     </span>
    </p>
   </div>
   <div class='ocr_carea' id='block_1_11' title="bbox 558 1092 2192 1163">
    <p class='ocr_par' dir='ltr' id='par_1_11' title="bbox 558 1092 2192 1163">
     <span class='ocr_line' id='line_1_11' title="bbox 558 1092 2192 1163; baseline 0 -14"><span class='ocrx_word' id='word_1_67' title='bbox 558 1094 882 1161; x_wconf 90' lang='lat' dir='ltr'>canonicas,</span> <span class='ocrx_word' id='word_1_68' title='bbox 936 1094 1251 1160; x_wconf 90' lang='lat' dir='ltr'>acoluthos,</span> <span class='ocrx_word' id='word_1_69' title='bbox 1304 1096 1362 1146; x_wconf 90' lang='lat' dir='ltr'>ct</span> <span class='ocrx_word' id='word_1_70' title='bbox 1409 1092 1570 1159; x_wconf 90' lang='lat' dir='ltr'>alios,</span> <span class='ocrx_word' id='word_1_71' title='bbox 1625 1096 1795 1163; x_wconf 89' lang='lat' dir='ltr'>prout</span> <span class='ocrx_word' id='word_1_72' title='bbox 1842 1093 2078 1149; x_wconf 88' lang='lat' dir='ltr'>inferius</span> <span class='ocrx_word' id='word_1_73' title='bbox 2132 1095 2192 1149; x_wconf 91' lang='lat' dir='ltr'>in</span> 
     </span>
    </p>
   </div>
   <div class='ocr_carea' id='block_1_12' title="bbox 558 1186 2189 1260">
    <p class='ocr_par' dir='ltr' id='par_1_12' title="bbox 558 1186 2189 1260">
     <span class='ocr_line' id='line_1_12' title="bbox 558 1186 2189 1260; baseline 0 -18"><span class='ocrx_word' id='word_1_74' title='bbox 558 1205 855 1260; x_wconf 88' lang='lat' dir='ltr'>progressu</span> <span class='ocrx_word' id='word_1_75' title='bbox 900 1186 1318 1241; x_wconf 84' lang='lat' dir='ltr'>constituimus.</span> <span class='ocrx_word' id='word_1_76' title='bbox 1350 1187 1493 1241; x_wconf 89' lang='lat' dir='ltr'>Nam</span> <span class='ocrx_word' id='word_1_77' title='bbox 1522 1203 1652 1240; x_wconf 89' lang='lat' dir='ltr'>cum</span> <span class='ocrx_word' id='word_1_78' title='bbox 1680 1186 1913 1256; x_wconf 84' lang='lat' dir='ltr'>digestis</span> <span class='ocrx_word' id='word_1_79' title='bbox 1942 1187 1999 1240; x_wconf 91' lang='lat' dir='ltr'>in</span> <span class='ocrx_word' id='word_1_80' title='bbox 2034 1187 2189 1242; x_wconf 86' lang='lat' dir='ltr'>ordi-</span> 
     </span>
    </p>
   </div>
   <div class='ocr_carea' id='block_1_13' title="bbox 557 1280 2186 1337">
    <p class='ocr_par' dir='ltr' id='par_1_13' title="bbox 557 1280 2186 1337">
     <span class='ocr_line' id='line_1_13' title="bbox 557 1280 2186 1337; baseline -0.001 -1"><span class='ocrx_word' id='word_1_81' title='bbox 557 1299 692 1337; x_wconf 89' lang='lat' dir='ltr'>nem</span> <span class='ocrx_word' id='word_1_82' title='bbox 722 1281 1034 1336; x_wconf 85' lang='lat' dir='ltr'>rationibus</span> <span class='ocrx_word' id='word_1_83' title='bbox 1063 1281 1165 1334; x_wconf 91' lang='lat' dir='ltr'>Dei</span> <span class='ocrx_word' id='word_1_84' title='bbox 1193 1280 1568 1335; x_wconf 85' lang='lat' dir='ltr'>amantissimi</span> <span class='ocrx_word' id='word_1_85' title='bbox 1612 1281 1895 1335; x_wconf 71' lang='lat' dir='ltr'>(Rconomi</span> <span class='ocrx_word' id='word_1_86' title='bbox 1926 1282 2186 1336; x_wconf 90' lang='lat' dir='ltr'>ostende-</span> 
     </span>
    </p>
   </div>
   <div class='ocr_carea' id='block_1_14' title="bbox 554 1373 2189 1447">
    <p class='ocr_par' dir='ltr' id='par_1_14' title="bbox 554 1373 2189 1447">
     <span class='ocr_line' id='line_1_14' title="bbox 554 1373 2189 1447; baseline -0.001 -16"><span class='ocrx_word' id='word_1_87' title='bbox 554 1377 672 1431; x_wconf 88' lang='lat' dir='ltr'>rint</span> <span class='ocrx_word' id='word_1_88' title='bbox 698 1374 1043 1447; x_wconf 88' lang='lat' dir='ltr'>impossibile</span> <span class='ocrx_word' id='word_1_89' title='bbox 1091 1391 1213 1428; x_wconf 90' lang='lat' dir='ltr'>esse</span> <span class='ocrx_word' id='word_1_90' title='bbox 1258 1377 1324 1428; x_wconf 91' lang='lat' dir='ltr'>ut</span> <span class='ocrx_word' id='word_1_91' title='bbox 1356 1390 1423 1427; x_wconf 82' lang='lat' dir='ltr'>ex</span> <span class='ocrx_word' id='word_1_92' title='bbox 1471 1373 1665 1427; x_wconf 87' lang='lat' dir='ltr'>fundis</span> <span class='ocrx_word' id='word_1_93' title='bbox 1692 1374 1763 1427; x_wconf 92' lang='lat' dir='ltr'>de</span> <span class='ocrx_word' id='word_1_94' title='bbox 1794 1377 2000 1429; x_wconf 67' lang='lat' dir='ltr'>caetero</span> <span class='ocrx_word' id='word_1_95' title='bbox 2036 1375 2189 1429; x_wconf 91' lang='lat' dir='ltr'>idem</span> 
     </span>
    </p>
   </div>
   <div class='ocr_carea' id='block_1_15' title="bbox 553 1468 2185 1540">
    <p class='ocr_par' dir='ltr' id='par_1_15' title="bbox 553 1468 2185 1540">
     <span class='ocr_line' id='line_1_15' title="bbox 553 1468 2185 1540; baseline -0.001 -16"><span class='ocrx_word' id='word_1_96' title='bbox 553 1469 771 1524; x_wconf 89' lang='lat' dir='ltr'>reditus</span> <span class='ocrx_word' id='word_1_97' title='bbox 800 1469 1118 1540; x_wconf 82' lang='lat' dir='ltr'>colligatur,</span> <span class='ocrx_word' id='word_1_98' title='bbox 1146 1468 1349 1522; x_wconf 91' lang='lat' dir='ltr'>merito</span> <span class='ocrx_word' id='word_1_99' title='bbox 1376 1471 1762 1522; x_wconf 89' lang='lat' dir='ltr'>trecentarum</span> <span class='ocrx_word' id='word_1_100' title='bbox 1792 1486 1893 1522; x_wconf 90' lang='lat' dir='ltr'>nos</span> <span class='ocrx_word' id='word_1_101' title='bbox 1925 1468 2185 1523; x_wconf 86' lang='lat' dir='ltr'>ofﬁcina-</span> 
     </span>
    </p>
   </div>
   <div class='ocr_carea' id='block_1_16' title="bbox 552 1561 2188 1633">
    <p class='ocr_par' dir='ltr' id='par_1_16' title="bbox 552 1561 2188 1633">
     <span class='ocr_line' id='line_1_16' title="bbox 552 1561 2188 1633; baseline -0.001 -15"><span class='ocrx_word' id='word_1_102' title='bbox 552 1580 683 1618; x_wconf 87' lang='lat' dir='ltr'>rum</span> <span class='ocrx_word' id='word_1_103' title='bbox 715 1564 1172 1617; x_wconf 89' lang='lat' dir='ltr'>additamentum</span> <span class='ocrx_word' id='word_1_104' title='bbox 1201 1562 1335 1616; x_wconf 90' lang='lat' dir='ltr'>huic</span> <span class='ocrx_word' id='word_1_105' title='bbox 1366 1561 1510 1632; x_wconf 85' lang='lat' dir='ltr'>parti</span> <span class='ocrx_word' id='word_1_106' title='bbox 1542 1561 1927 1629; x_wconf 90' lang='lat' dir='ltr'>attribuimus,</span> <span class='ocrx_word' id='word_1_107' title='bbox 1952 1566 2013 1615; x_wconf 91' lang='lat' dir='ltr'>ut</span> <span class='ocrx_word' id='word_1_108' title='bbox 2034 1563 2188 1633; x_wconf 91' lang='lat' dir='ltr'>quod</span> 
     </span>
    </p>
   </div>
   <div class='ocr_carea' id='block_1_17' title="bbox 553 1655 2188 1712">
    <p class='ocr_par' dir='ltr' id='par_1_17' title="bbox 553 1655 2188 1712">
     <span class='ocr_line' id='line_1_17' title="bbox 553 1655 2188 1712; baseline -0.002 0"><span class='ocrx_word' id='word_1_109' title='bbox 553 1658 825 1712; x_wconf 87' lang='lat' dir='ltr'>hactenus</span> <span class='ocrx_word' id='word_1_110' title='bbox 868 1657 1015 1710; x_wconf 87' lang='lat' dir='ltr'>circa</span> <span class='ocrx_word' id='word_1_111' title='bbox 1058 1656 1397 1710; x_wconf 83' lang='lat' dir='ltr'>cadaverum</span> <span class='ocrx_word' id='word_1_112' title='bbox 1438 1655 1747 1709; x_wconf 86' lang='lat' dir='ltr'>elationem</span> <span class='ocrx_word' id='word_1_113' title='bbox 1792 1655 2188 1710; x_wconf 88' lang='lat' dir='ltr'>laborantibus</span> 
     </span>
    </p>
   </div>
   <div class='ocr_carea' id='block_1_18' title="bbox 554 1748 2186 1821">
    <p class='ocr_par' dir='ltr' id='par_1_18' title="bbox 554 1748 2186 1821">
     <span class='ocr_line' id='line_1_18' title="bbox 554 1748 2186 1821; baseline 0.001 -18"><span class='ocrx_word' id='word_1_114' title='bbox 554 1750 828 1816; x_wconf 89' lang='lat' dir='ltr'>dabatur,</span> <span class='ocrx_word' id='word_1_115' title='bbox 879 1750 1021 1804; x_wconf 90' lang='lat' dir='ltr'>citra</span> <span class='ocrx_word' id='word_1_116' title='bbox 1077 1748 1581 1819; x_wconf 84' lang='lat' dir='ltr'>reprehensionem</span> <span class='ocrx_word' id='word_1_117' title='bbox 1639 1748 1909 1820; x_wconf 87' lang='lat' dir='ltr'>deinceps</span> <span class='ocrx_word' id='word_1_118' title='bbox 1957 1766 2186 1821; x_wconf 89' lang='lat' dir='ltr'>quoque</span> 
     </span>
    </p>
   </div>
   <div class='ocr_carea' id='block_1_19' title="bbox 2296 529 3943 601">
    <p class='ocr_par' dir='ltr' id='par_1_19' title="bbox 2296 529 3943 601">
     <span class='ocr_line' id='line_1_19' title="bbox 2296 529 3943 601; baseline -0.001 -17"><span class='ocrx_word' id='word_1_119' title='bbox 2296 546 2434 601; x_wconf 90' lang='lat' dir='ltr'>pore</span> <span class='ocrx_word' id='word_1_120' title='bbox 2485 529 2913 601; x_wconf 88' lang='lat' dir='ltr'>archiepiscopo</span> <span class='ocrx_word' id='word_1_121' title='bbox 2959 530 3130 600; x_wconf 88' lang='lat' dir='ltr'>hujus</span> <span class='ocrx_word' id='word_1_122' title='bbox 3178 531 3344 585; x_wconf 70' lang='lat' dir='ltr'>alma:</span> <span class='ocrx_word' id='word_1_123' title='bbox 3395 530 3553 585; x_wconf 84' lang='lat' dir='ltr'>urbis</span> <span class='ocrx_word' id='word_1_124' title='bbox 3597 534 3658 583; x_wconf 86' lang='lat' dir='ltr'>et</span> <span class='ocrx_word' id='word_1_125' title='bbox 3697 529 3943 583; x_wconf 59' lang='lat' dir='ltr'>univeisﬁ</span> 
     </span>
    </p>
   </div>
   <div class='ocr_carea' id='block_1_20' title="bbox 2297 622 3943 695">
    <p class='ocr_par' dir='ltr' id='par_1_20' title="bbox 2297 622 3943 695">
     <span class='ocr_line' id='line_1_20' title="bbox 2297 622 3943 695; baseline 0.001 -19"><span class='ocrx_word' id='word_1_126' title='bbox 2297 623 2419 693; x_wconf 88' lang='lat' dir='ltr'>ejus</span> <span class='ocrx_word' id='word_1_127' title='bbox 2446 626 2657 678; x_wconf 88' lang='lat' dir='ltr'>tractus</span> <span class='ocrx_word' id='word_1_128' title='bbox 2688 624 3043 694; x_wconf 62' lang='lat' dir='ltr'>patriarchae,</span> <span class='ocrx_word' id='word_1_129' title='bbox 3086 624 3190 677; x_wconf 90' lang='lat' dir='ltr'>sub</span> <span class='ocrx_word' id='word_1_130' title='bbox 3224 624 3386 695; x_wconf 89' lang='lat' dir='ltr'>cujus</span> <span class='ocrx_word' id='word_1_131' title='bbox 3412 625 3595 679; x_wconf 86' lang='lat' dir='ltr'>tutela</span> <span class='ocrx_word' id='word_1_132' title='bbox 3633 626 3694 677; x_wconf 91' lang='lat' dir='ltr'><strong>et</strong></span> <span class='ocrx_word' id='word_1_133' title='bbox 3727 622 3943 677; x_wconf 79' lang='lat' dir='ltr'>ditione</span> 
     </span>
    </p>
   </div>
   <div class='ocr_carea' id='block_1_21' title="bbox 2296 717 3945 773">
    <p class='ocr_par' dir='ltr' id='par_1_21' title="bbox 2296 717 3945 773">
     <span class='ocr_line' id='line_1_21' title="bbox 2296 717 3945 773; baseline 0 -2"><span class='ocrx_word' id='word_1_134' title='bbox 2296 722 2598 772; x_wconf 90' lang='lat' dir='ltr'>censentur</span> <span class='ocrx_word' id='word_1_135' title='bbox 2620 721 2677 772; x_wconf 91' lang='lat' dir='ltr'>et</span> <span class='ocrx_word' id='word_1_136' title='bbox 2706 717 2806 772; x_wconf 90' lang='lat' dir='ltr'>Dei</span> <span class='ocrx_word' id='word_1_137' title='bbox 2829 718 3204 773; x_wconf 88' lang='lat' dir='ltr'>amantissimi</span> <span class='ocrx_word' id='word_1_138' title='bbox 3237 718 3521 772; x_wconf 75' lang='lat' dir='ltr'>oeconomi</span> <span class='ocrx_word' id='word_1_139' title='bbox 3548 721 3609 771; x_wconf 91' lang='lat' dir='ltr'>et</span> <span class='ocrx_word' id='word_1_140' title='bbox 3642 718 3945 771; x_wconf 82' lang='lat' dir='ltr'>universus</span> 
     </span>
    </p>
   </div>
   <div class='ocr_carea' id='block_1_22' title="bbox 2295 811 3939 878">
    <p class='ocr_par' dir='ltr' id='par_1_22' title="bbox 2295 811 3939 878">
     <span class='ocr_line' id='line_1_22' title="bbox 2295 811 3939 878; baseline 0.001 -15"><span class='ocrx_word' id='word_1_141' title='bbox 2295 811 2499 878; x_wconf 88' lang='lat' dir='ltr'>clerus,</span> <span class='ocrx_word' id='word_1_142' title='bbox 2541 814 2597 865; x_wconf 89' lang='lat' dir='ltr'>et</span> <span class='ocrx_word' id='word_1_143' title='bbox 2626 814 2782 865; x_wconf 91' lang='lat' dir='ltr'>totus</span> <span class='ocrx_word' id='word_1_144' title='bbox 2813 816 3186 866; x_wconf 62' lang='lat' dir='ltr'>sacrosanctae</span> <span class='ocrx_word' id='word_1_145' title='bbox 3226 813 3477 867; x_wconf 58' lang='lat' dir='ltr'>ecclesia!</span> <span class='ocrx_word' id='word_1_146' title='bbox 3516 811 3687 866; x_wconf 89' lang='lat' dir='ltr'>ordo.</span> <span class='ocrx_word' id='word_1_147' title='bbox 3750 811 3853 864; x_wconf 81' lang='lat' dir='ltr'>His</span> <span class='ocrx_word' id='word_1_148' title='bbox 3880 812 3939 864; x_wconf 62' lang='lat' dir='ltr'>it;</span> 
     </span>
    </p>
   </div>
   <div class='ocr_carea' id='block_1_23' title="bbox 2293 904 3946 976">
    <p class='ocr_par' dir='ltr' id='par_1_23' title="bbox 2293 904 3946 976">
     <span class='ocr_line' id='line_1_23' title="bbox 2293 904 3946 976; baseline 0.001 -18"><span class='ocrx_word' id='word_1_149' title='bbox 2293 904 2703 972; x_wconf 88' lang='lat' dir='ltr'>evenientihus,</span> <span class='ocrx_word' id='word_1_150' title='bbox 2736 921 2910 959; x_wconf 90' lang='lat' dir='ltr'>nemo</span> <span class='ocrx_word' id='word_1_151' title='bbox 2932 905 3167 959; x_wconf 91' lang='lat' dir='ltr'>omnino</span> <span class='ocrx_word' id='word_1_152' title='bbox 3196 905 3267 958; x_wconf 91' lang='lat' dir='ltr'>ab</span> <span class='ocrx_word' id='word_1_153' title='bbox 3297 904 3474 960; x_wconf 88' lang='lat' dir='ltr'>invito</span> <span class='ocrx_word' id='word_1_154' title='bbox 3494 922 3602 976; x_wconf 92' lang='lat' dir='ltr'>pro</span> <span class='ocrx_word' id='word_1_155' title='bbox 3626 908 3843 959; x_wconf 86' lang='lat' dir='ltr'>curato</span> <span class='ocrx_word' id='word_1_156' title='bbox 3865 904 3946 959; x_wconf 84' lang='lat' dir='ltr'>de-</span> 
     </span>
    </p>
   </div>
   <div class='ocr_carea' id='block_1_24' title="bbox 2293 997 3943 1069">
    <p class='ocr_par' dir='ltr' id='par_1_24' title="bbox 2293 997 3943 1069">
     <span class='ocr_line' id='line_1_24' title="bbox 2293 997 3943 1069; baseline 0 -18"><span class='ocrx_word' id='word_1_157' title='bbox 2293 997 2505 1051; x_wconf 89' lang='lat' dir='ltr'>mortui</span> <span class='ocrx_word' id='word_1_158' title='bbox 2527 1013 2768 1068; x_wconf 89' lang='lat' dir='ltr'>corpore</span> <span class='ocrx_word' id='word_1_159' title='bbox 2788 998 3102 1069; x_wconf 86' lang='lat' dir='ltr'>quidquam</span> <span class='ocrx_word' id='word_1_160' title='bbox 3130 999 3372 1052; x_wconf 86' lang='lat' dir='ltr'>auferat.</span> <span class='ocrx_word' id='word_1_161' title='bbox 3404 999 3516 1053; x_wconf 92' lang='lat' dir='ltr'>Sed</span> <span class='ocrx_word' id='word_1_162' title='bbox 3537 1002 3600 1051; x_wconf 91' lang='lat' dir='ltr'>ut</span> <span class='ocrx_word' id='word_1_163' title='bbox 3626 1003 3825 1052; x_wconf 86' lang='lat' dir='ltr'>totum</span> <span class='ocrx_word' id='word_1_164' title='bbox 3846 998 3943 1051; x_wconf 55' lang='lat' dir='ltr'>dis.</span> 
     </span>
    </p>
   </div>
   <div class='ocr_carea' id='block_1_25' title="bbox 2293 1090 3939 1163">
    <p class='ocr_par' dir='ltr' id='par_1_25' title="bbox 2293 1090 3939 1163">
     <span class='ocr_line' id='line_1_25' title="bbox 2293 1090 3939 1163; baseline 0 -19"><span class='ocrx_word' id='word_1_165' title='bbox 2293 1106 2617 1161; x_wconf 86' lang='lat' dir='ltr'>cernamus,</span> <span class='ocrx_word' id='word_1_166' title='bbox 2646 1090 2933 1145; x_wconf 91' lang='lat' dir='ltr'>sancimus</span> <span class='ocrx_word' id='word_1_167' title='bbox 2952 1095 3015 1145; x_wconf 92' lang='lat' dir='ltr'>ut</span> <span class='ocrx_word' id='word_1_168' title='bbox 3032 1091 3343 1162; x_wconf 90' lang='lat' dir='ltr'>unicuique</span> <span class='ocrx_word' id='word_1_169' title='bbox 3364 1093 3603 1158; x_wconf 84' lang='lat' dir='ltr'>feretro,</span> <span class='ocrx_word' id='word_1_170' title='bbox 3626 1091 3795 1163; x_wconf 89' lang='lat' dir='ltr'>quod</span> <span class='ocrx_word' id='word_1_171' title='bbox 3816 1107 3939 1161; x_wconf 83' lang='lat' dir='ltr'>gra-</span> 
     </span>
    </p>
   </div>
   <div class='ocr_carea' id='block_1_26' title="bbox 2292 1184 3940 1253">
    <p class='ocr_par' dir='ltr' id='par_1_26' title="bbox 2292 1184 3940 1253">
     <span class='ocr_line' id='line_1_26' title="bbox 2292 1184 3940 1253; baseline 0.001 -16"><span class='ocrx_word' id='word_1_172' title='bbox 2292 1184 2363 1238; x_wconf 88' lang='lat' dir='ltr'>tis</span> <span class='ocrx_word' id='word_1_173' title='bbox 2392 1184 2741 1253; x_wconf 88' lang='lat' dir='ltr'>conceditur,</span> <span class='ocrx_word' id='word_1_174' title='bbox 2773 1201 2951 1239; x_wconf 89' lang='lat' dir='ltr'>unam</span> <span class='ocrx_word' id='word_1_175' title='bbox 2979 1185 3208 1239; x_wconf 86' lang='lat' dir='ltr'>accedat</span> <span class='ocrx_word' id='word_1_176' title='bbox 3235 1185 3609 1239; x_wconf 87' lang='lat' dir='ltr'>ascetriarum</span> <span class='ocrx_word' id='word_1_177' title='bbox 3634 1188 3743 1239; x_wconf 88' lang='lat' dir='ltr'>aut</span> <span class='ocrx_word' id='word_1_178' title='bbox 3774 1202 3940 1238; x_wconf 83' lang='lat' dir='ltr'>cano-</span> 
     </span>
    </p>
   </div>
   <div class='ocr_carea' id='block_1_27' title="bbox 2292 1277 3941 1346">
    <p class='ocr_par' dir='ltr' id='par_1_27' title="bbox 2292 1277 3941 1346">
     <span class='ocr_line' id='line_1_27' title="bbox 2292 1277 3941 1346; baseline 0.001 -15"><span class='ocrx_word' id='word_1_179' title='bbox 2292 1277 2549 1332; x_wconf 90' lang='lat' dir='ltr'>nicarum</span> <span class='ocrx_word' id='word_1_180' title='bbox 2575 1278 2938 1346; x_wconf 90' lang='lat' dir='ltr'>asceterium,</span> <span class='ocrx_word' id='word_1_181' title='bbox 2962 1294 3079 1331; x_wconf 90' lang='lat' dir='ltr'>non</span> <span class='ocrx_word' id='word_1_182' title='bbox 3098 1277 3286 1332; x_wconf 90' lang='lat' dir='ltr'>minus</span> <span class='ocrx_word' id='word_1_183' title='bbox 3313 1282 3443 1332; x_wconf 91' lang='lat' dir='ltr'>octo</span> <span class='ocrx_word' id='word_1_184' title='bbox 3468 1278 3829 1332; x_wconf 87' lang='lat' dir='ltr'>mulieribus</span> <span class='ocrx_word' id='word_1_185' title='bbox 3860 1280 3941 1332; x_wconf 82' lang='lat' dir='ltr'>fe-</span> 
     </span>
    </p>
   </div>
   <div class='ocr_carea' id='block_1_28' title="bbox 2290 1371 3942 1442">
    <p class='ocr_par' dir='ltr' id='par_1_28' title="bbox 2290 1371 3942 1442">
     <span class='ocr_line' id='line_1_28' title="bbox 2290 1371 3942 1442; baseline -0.001 -18"><span class='ocrx_word' id='word_1_186' title='bbox 2290 1376 2508 1425; x_wconf 90' lang='lat' dir='ltr'>retrum</span> <span class='ocrx_word' id='word_1_187' title='bbox 2556 1371 3036 1442; x_wconf 76' lang='lat' dir='ltr'>praecedentibus,</span> <span class='ocrx_word' id='word_1_188' title='bbox 3092 1375 3148 1425; x_wconf 92' lang='lat' dir='ltr'>et</span> <span class='ocrx_word' id='word_1_189' title='bbox 3202 1371 3599 1442; x_wconf 89' lang='lat' dir='ltr'>psallentibus,</span> <span class='ocrx_word' id='word_1_190' title='bbox 3644 1377 3706 1425; x_wconf 87' lang='lat' dir='ltr'>et</span> <span class='ocrx_word' id='word_1_191' title='bbox 3758 1371 3942 1425; x_wconf 87' lang='lat' dir='ltr'>tribus</span> 
     </span>
    </p>
   </div>
   <div class='ocr_carea' id='block_1_29' title="bbox 2289 1463 3939 1535">
    <p class='ocr_par' dir='ltr' id='par_1_29' title="bbox 2289 1463 3939 1535">
     <span class='ocr_line' id='line_1_29' title="bbox 2289 1463 3939 1535; baseline -0.002 -17"><span class='ocrx_word' id='word_1_192' title='bbox 2289 1464 2592 1533; x_wconf 89' lang='lat' dir='ltr'>acoluthis,</span> <span class='ocrx_word' id='word_1_193' title='bbox 2629 1465 2726 1535; x_wconf 88' lang='lat' dir='ltr'>qui</span> <span class='ocrx_word' id='word_1_194' title='bbox 2756 1480 2860 1520; x_wconf 89' lang='lat' dir='ltr'>nec</span> <span class='ocrx_word' id='word_1_195' title='bbox 2889 1464 2997 1535; x_wconf 89' lang='lat' dir='ltr'>ipsi</span> <span class='ocrx_word' id='word_1_196' title='bbox 3023 1463 3339 1535; x_wconf 86' lang='lat' dir='ltr'>quidquam</span> <span class='ocrx_word' id='word_1_197' title='bbox 3383 1463 3687 1534; x_wconf 87' lang='lat' dir='ltr'>accipient.</span> <span class='ocrx_word' id='word_1_198' title='bbox 3722 1464 3787 1518; x_wconf 88' lang='lat' dir='ltr'>Si</span> <span class='ocrx_word' id='word_1_199' title='bbox 3820 1464 3939 1534; x_wconf 80' lang='lat' dir='ltr'>quis</span> 
     </span>
    </p>
   </div>
   <div class='ocr_carea' id='block_1_30' title="bbox 2288 1558 3936 1630">
    <p class='ocr_par' dir='ltr' id='par_1_30' title="bbox 2288 1558 3936 1630">
     <span class='ocr_line' id='line_1_30' title="bbox 2288 1558 3936 1630; baseline 0 -19"><span class='ocrx_word' id='word_1_200' title='bbox 2288 1574 2424 1613; x_wconf 88' lang='lat' dir='ltr'>vero</span> <span class='ocrx_word' id='word_1_201' title='bbox 2447 1575 2512 1612; x_wconf 89' lang='lat' dir='ltr'>ex</span> <span class='ocrx_word' id='word_1_202' title='bbox 2544 1558 2796 1613; x_wconf 87' lang='lat' dir='ltr'>defuncti</span> <span class='ocrx_word' id='word_1_203' title='bbox 2825 1558 3084 1630; x_wconf 80' lang='lat' dir='ltr'>cognatis</span> <span class='ocrx_word' id='word_1_204' title='bbox 3112 1563 3168 1613; x_wconf 92' lang='lat' dir='ltr'>et</span> <span class='ocrx_word' id='word_1_205' title='bbox 3192 1558 3461 1612; x_wconf 79' lang='lat' dir='ltr'>affinibus</span> <span class='ocrx_word' id='word_1_206' title='bbox 3491 1558 3593 1628; x_wconf 88' lang='lat' dir='ltr'>qui</span> <span class='ocrx_word' id='word_1_207' title='bbox 3624 1558 3936 1613; x_wconf 84' lang='lat' dir='ltr'>elationem</span> 
     </span>
    </p>
   </div>
   <div class='ocr_carea' id='block_1_31' title="bbox 2289 1652 3934 1724">
    <p class='ocr_par' dir='ltr' id='par_1_31' title="bbox 2289 1652 3934 1724">
     <span class='ocr_line' id='line_1_31' title="bbox 2289 1652 3934 1724; baseline 0 -19"><span class='ocrx_word' id='word_1_208' title='bbox 2289 1657 2601 1723; x_wconf 88' lang='lat' dir='ltr'>procurant</span> <span class='ocrx_word' id='word_1_209' title='bbox 2631 1653 2764 1707; x_wconf 86' lang='lat' dir='ltr'>velit</span> <span class='ocrx_word' id='word_1_210' title='bbox 2803 1670 2903 1707; x_wconf 90' lang='lat' dir='ltr'>sua</span> <span class='ocrx_word' id='word_1_211' title='bbox 2936 1657 3166 1724; x_wconf 89' lang='lat' dir='ltr'>sponte,</span> <span class='ocrx_word' id='word_1_212' title='bbox 3207 1652 3438 1706; x_wconf 91' lang='lat' dir='ltr'>nemine</span> <span class='ocrx_word' id='word_1_213' title='bbox 3469 1658 3745 1723; x_wconf 82' lang='lat' dir='ltr'>cogente,</span> <span class='ocrx_word' id='word_1_214' title='bbox 3783 1652 3934 1705; x_wconf 90' lang='lat' dir='ltr'>aliud</span> 
     </span>
    </p>
   </div>
   <div class='ocr_carea' id='block_1_32' title="bbox 2288 1746 3935 1817">
    <p class='ocr_par' dir='ltr' id='par_1_32' title="bbox 2288 1746 3935 1817">
     <span class='ocr_line' id='line_1_32' title="bbox 2288 1746 3935 1817; baseline -0.001 -18"><span class='ocrx_word' id='word_1_215' title='bbox 2288 1746 2526 1817; x_wconf 89' lang='lat' dir='ltr'>insuper</span> <span class='ocrx_word' id='word_1_216' title='bbox 2553 1747 2893 1801; x_wconf 88' lang='lat' dir='ltr'>asceterium</span> <span class='ocrx_word' id='word_1_217' title='bbox 2915 1748 3004 1801; x_wconf 92' lang='lat' dir='ltr'>vel</span> <span class='ocrx_word' id='word_1_218' title='bbox 3034 1762 3237 1813; x_wconf 90' lang='lat' dir='ltr'>unum,</span> <span class='ocrx_word' id='word_1_219' title='bbox 3261 1747 3348 1799; x_wconf 90' lang='lat' dir='ltr'>vel</span> <span class='ocrx_word' id='word_1_220' title='bbox 3373 1746 3511 1812; x_wconf 92' lang='lat' dir='ltr'>duo,</span> <span class='ocrx_word' id='word_1_221' title='bbox 3535 1747 3625 1799; x_wconf 86' lang='lat' dir='ltr'>vel</span> <span class='ocrx_word' id='word_1_222' title='bbox 3652 1747 3831 1817; x_wconf 87' lang='lat' dir='ltr'>plura</span> <span class='ocrx_word' id='word_1_223' title='bbox 3855 1762 3935 1798; x_wconf 55' lang='lat' dir='ltr'>as-</span> 
     </span>
    </p>
   </div>
   <div class='ocr_carea' id='block_1_33' title="bbox 550 1838 3938 1915">
    <p class='ocr_par' dir='ltr' id='par_1_33' title="bbox 550 1838 3938 1915">
     <span class='ocr_line' id='line_1_33' title="bbox 550 1838 3938 1915; baseline -0.001 -18"><span class='ocrx_word' id='word_1_224' title='bbox 550 1843 895 1915; x_wconf 62' lang='lat' dir='ltr'>praebeatur,</span> <span class='ocrx_word' id='word_1_225' title='bbox 911 1860 1014 1915; x_wconf 91' lang='lat' dir='ltr'>per</span> <span class='ocrx_word' id='word_1_226' title='bbox 1039 1843 1295 1914; x_wconf 86' lang='lat' dir='ltr'>singulos</span> <span class='ocrx_word' id='word_1_227' title='bbox 1309 1842 1523 1897; x_wconf 90' lang='lat' dir='ltr'>scilicet</span> <span class='ocrx_word' id='word_1_228' title='bbox 1547 1858 1792 1911; x_wconf 84' lang='lat' dir='ltr'>menses,</span> <span class='ocrx_word' id='word_1_229' title='bbox 1824 1846 1937 1896; x_wconf 84' lang='lat' dir='ltr'>tam</span> <span class='ocrx_word' id='word_1_230' title='bbox 1955 1844 2185 1898; x_wconf 89' lang='lat' dir='ltr'>decanis</span> <span class='ocrx_word' id='word_1_231' title='bbox 2205 1838 2262 1909; x_wconf 89' lang='lat' dir='ltr'><strong>B</strong></span> <span class='ocrx_word' id='word_1_232' title='bbox 2286 1856 2535 1907; x_wconf 88' lang='lat' dir='ltr'>sumere,</span> <span class='ocrx_word' id='word_1_233' title='bbox 2564 1844 2685 1895; x_wconf 91' lang='lat' dir='ltr'>esto</span> <span class='ocrx_word' id='word_1_234' title='bbox 2712 1840 2856 1895; x_wconf 91' lang='lat' dir='ltr'>illud</span> <span class='ocrx_word' id='word_1_235' title='bbox 2875 1839 3109 1912; x_wconf 90' lang='lat' dir='ltr'>quidem</span> <span class='ocrx_word' id='word_1_236' title='bbox 3137 1841 3195 1894; x_wconf 92' lang='lat' dir='ltr'>in</span> <span class='ocrx_word' id='word_1_237' title='bbox 3223 1840 3400 1912; x_wconf 90' lang='lat' dir='ltr'>ipsius</span> <span class='ocrx_word' id='word_1_238' title='bbox 3425 1840 3677 1911; x_wconf 89' lang='lat' dir='ltr'>positum</span> <span class='ocrx_word' id='word_1_239' title='bbox 3712 1840 3938 1893; x_wconf 84' lang='lat' dir='ltr'>muniﬁ-</span> 
     </span>
    </p>
   </div>
   <div class='ocr_carea' id='block_1_34' title="bbox 551 1936 2188 2016">
    <p class='ocr_par' dir='ltr' id='par_1_34' title="bbox 551 1936 2188 2016">
     <span class='ocr_line' id='line_1_34' title="bbox 551 1936 2188 2016; baseline 0 -25"><span class='ocrx_word' id='word_1_240' title='bbox 551 1940 610 1991; x_wconf 88' lang='lat' dir='ltr'>et</span> <span class='ocrx_word' id='word_1_241' title='bbox 638 1936 913 1991; x_wconf 86' lang='lat' dir='ltr'>acoluthis</span> <span class='ocrx_word' id='word_1_242' title='bbox 932 1953 1104 2007; x_wconf 91' lang='lat' dir='ltr'>quam</span> <span class='ocrx_word' id='word_1_243' title='bbox 1132 1936 1422 2016; x_wconf 76' lang='lat' dir='ltr'>canonicis</span> <span class='ocrx_word' id='word_1_244' title='bbox 1451 1940 1508 1991; x_wconf 90' lang='lat' dir='ltr'>et</span> <span class='ocrx_word' id='word_1_245' title='bbox 1534 1936 1804 2001; x_wconf 90' lang='lat' dir='ltr'>ascetriis,</span> <span class='ocrx_word' id='word_1_246' title='bbox 1833 1941 1887 1990; x_wconf 89' lang='lat' dir='ltr'>et</span> <span class='ocrx_word' id='word_1_247' title='bbox 1913 1936 2057 2003; x_wconf 88' lang='lat' dir='ltr'>aliis,</span> <span class='ocrx_word' id='word_1_248' title='bbox 2087 1954 2188 2008; x_wconf 91' lang='lat' dir='ltr'>pro</span> 
     </span>
    </p>
   </div>
   <div class='ocr_carea' id='block_1_35' title="bbox 549 2027 2187 2100">
    <p class='ocr_par' dir='ltr' id='par_1_35' title="bbox 549 2027 2187 2100">
     <span class='ocr_line' id='line_1_35' title="bbox 549 2027 2187 2100; baseline 0.001 -16"><span class='ocrx_word' id='word_1_249' title='bbox 549 2027 963 2085; x_wconf 88' lang='lat' dir='ltr'>consuetudine</span> <span class='ocrx_word' id='word_1_250' title='bbox 1005 2031 1280 2084; x_wconf 89' lang='lat' dir='ltr'>hactenus</span> <span class='ocrx_word' id='word_1_251' title='bbox 1319 2029 1472 2100; x_wconf 91' lang='lat' dir='ltr'>apud</span> <span class='ocrx_word' id='word_1_252' title='bbox 1518 2029 1672 2099; x_wconf 89' lang='lat' dir='ltr'>ipsos</span> <span class='ocrx_word' id='word_1_253' title='bbox 1715 2030 2029 2085; x_wconf 89' lang='lat' dir='ltr'>obtinente.</span> <span class='ocrx_word' id='word_1_254' title='bbox 2076 2032 2187 2086; x_wconf 85' lang='lat' dir='ltr'>Hoc</span> 
     </span>
    </p>
   </div>
   <div class='ocr_carea' id='block_1_36' title="bbox 550 2122 2187 2194">
    <p class='ocr_par' dir='ltr' id='par_1_36' title="bbox 550 2122 2187 2194">
     <span class='ocr_line' id='line_1_36' title="bbox 550 2122 2187 2194; baseline 0 -16"><span class='ocrx_word' id='word_1_255' title='bbox 550 2128 636 2179; x_wconf 90' lang='lat' dir='ltr'>cst</span> <span class='ocrx_word' id='word_1_256' title='bbox 679 2123 911 2177; x_wconf 87' lang='lat' dir='ltr'>decanis</span> <span class='ocrx_word' id='word_1_257' title='bbox 965 2123 1201 2194; x_wconf 90' lang='lat' dir='ltr'>quidem</span> <span class='ocrx_word' id='word_1_258' title='bbox 1252 2139 1357 2193; x_wconf 91' lang='lat' dir='ltr'>per</span> <span class='ocrx_word' id='word_1_259' title='bbox 1399 2122 1651 2194; x_wconf 91' lang='lat' dir='ltr'>singulos</span> <span class='ocrx_word' id='word_1_260' title='bbox 1699 2140 1928 2178; x_wconf 88' lang='lat' dir='ltr'>menses</span> <span class='ocrx_word' id='word_1_261' title='bbox 1976 2124 2187 2180; x_wconf 90' lang='lat' dir='ltr'>solidos</span> 
     </span>
    </p>
   </div>
   <div class='ocr_carea' id='block_1_37' title="bbox 548 2216 2186 2286">
    <p class='ocr_par' dir='ltr' id='par_1_37' title="bbox 548 2216 2186 2286">
     <span class='ocr_line' id='line_1_37' title="bbox 548 2216 2186 2286; baseline -0.001 -13"><span class='ocrx_word' id='word_1_262' title='bbox 548 2233 713 2284; x_wconf 83' lang='lat' dir='ltr'>Lxxu,</span> <span class='ocrx_word' id='word_1_263' title='bbox 753 2216 1006 2273; x_wconf 87' lang='lat' dir='ltr'>ascetriis</span> <span class='ocrx_word' id='word_1_264' title='bbox 1035 2220 1093 2270; x_wconf 90' lang='lat' dir='ltr'>et</span> <span class='ocrx_word' id='word_1_265' title='bbox 1120 2216 1417 2286; x_wconf 89' lang='lat' dir='ltr'>acoluthis,</span> <span class='ocrx_word' id='word_1_266' title='bbox 1461 2216 1624 2271; x_wconf 91' lang='lat' dir='ltr'>solid.</span> <span class='ocrx_word' id='word_1_267' title='bbox 1658 2232 1767 2284; x_wconf 76' lang='lat' dir='ltr'>xei,</span> <span class='ocrx_word' id='word_1_268' title='bbox 1796 2220 1854 2270; x_wconf 89' lang='lat' dir='ltr'>et</span> <span class='ocrx_word' id='word_1_269' title='bbox 1897 2219 2186 2273; x_wconf 90' lang='lat' dir='ltr'>canonicis</span> 
     </span>
    </p>
   </div>
   <div class='ocr_carea' id='block_1_38' title="bbox 547 2309 2185 2381">
    <p class='ocr_par' dir='ltr' id='par_1_38' title="bbox 547 2309 2185 2381">
     <span class='ocr_line' id='line_1_38' title="bbox 547 2309 2185 2381; baseline 0 -16"><span class='ocrx_word' id='word_1_270' title='bbox 547 2309 711 2365; x_wconf 88' lang='lat' dir='ltr'>solid.</span> <span class='ocrx_word' id='word_1_271' title='bbox 742 2326 924 2366; x_wconf 70' lang='lat' dir='ltr'>xxxvx.</span> <span class='ocrx_word' id='word_1_272' title='bbox 965 2311 1069 2375; x_wconf 84' lang='lat' dir='ltr'>Qui</span> <span class='ocrx_word' id='word_1_273' title='bbox 1098 2311 1333 2381; x_wconf 90' lang='lat' dir='ltr'>quidem</span> <span class='ocrx_word' id='word_1_274' title='bbox 1367 2311 1436 2364; x_wconf 91' lang='lat' dir='ltr'>ab</span> <span class='ocrx_word' id='word_1_275' title='bbox 1474 2310 1609 2381; x_wconf 84' lang='lat' dir='ltr'>ipsis</span> <span class='ocrx_word' id='word_1_276' title='bbox 1640 2310 1738 2364; x_wconf 87' lang='lat' dir='ltr'>Dei</span> <span class='ocrx_word' id='word_1_277' title='bbox 1780 2313 2185 2366; x_wconf 88' lang='lat' dir='ltr'>amantissimis</span> 
     </span>
    </p>
   </div>
   <div class='ocr_carea' id='block_1_39' title="bbox 548 2404 2185 2475">
    <p class='ocr_par' dir='ltr' id='par_1_39' title="bbox 548 2404 2185 2475">
     <span class='ocr_line' id='line_1_39' title="bbox 548 2404 2185 2475; baseline 0.002 -18"><span class='ocrx_word' id='word_1_278' title='bbox 548 2404 893 2475; x_wconf 81' lang='lat' dir='ltr'>colligantur</span> <span class='ocrx_word' id='word_1_279' title='bbox 935 2404 1268 2471; x_wconf 54' lang='lat' dir='ltr'>oeconomis,</span> <span class='ocrx_word' id='word_1_280' title='bbox 1313 2405 1603 2459; x_wconf 87' lang='lat' dir='ltr'>solvantur</span> <span class='ocrx_word' id='word_1_281' title='bbox 1633 2422 1765 2459; x_wconf 89' lang='lat' dir='ltr'>vero</span> <span class='ocrx_word' id='word_1_282' title='bbox 1799 2422 1902 2475; x_wconf 90' lang='lat' dir='ltr'>per</span> <span class='ocrx_word' id='word_1_283' title='bbox 1931 2405 2185 2474; x_wconf 79' lang='lat' dir='ltr'>singulos</span> 
     </span>
    </p>
   </div>
   <div class='ocr_carea' id='block_1_40' title="bbox 546 2498 2179 2569">
    <p class='ocr_par' dir='ltr' id='par_1_40' title="bbox 546 2498 2179 2569">
     <span class='ocr_line' id='line_1_40' title="bbox 546 2498 2179 2569; baseline 0.002 -18"><span class='ocrx_word' id='word_1_284' title='bbox 546 2515 641 2551; x_wconf 88' lang='lat' dir='ltr'>sex</span> <span class='ocrx_word' id='word_1_285' title='bbox 671 2515 918 2565; x_wconf 86' lang='lat' dir='ltr'>menses,</span> <span class='ocrx_word' id='word_1_286' title='bbox 951 2498 1157 2569; x_wconf 88' lang='lat' dir='ltr'>quibus</span> <span class='ocrx_word' id='word_1_287' title='bbox 1190 2504 1244 2551; x_wconf 90' lang='lat' dir='ltr'>et</span> <span class='ocrx_word' id='word_1_288' title='bbox 1284 2501 1455 2551; x_wconf 85' lang='lat' dir='ltr'>antea</span> <span class='ocrx_word' id='word_1_289' title='bbox 1502 2498 1717 2568; x_wconf 88' lang='lat' dir='ltr'>percipi</span> <span class='ocrx_word' id='word_1_290' title='bbox 1745 2506 2179 2554; x_wconf 85' lang='lat' dir='ltr'>consueverunt.</span> 
     </span>
    </p>
   </div>
   <div class='ocr_carea' id='block_1_41' title="bbox 546 2591 2179 2663">
    <p class='ocr_par' dir='ltr' id='par_1_41' title="bbox 546 2591 2179 2663">
     <span class='ocr_line' id='line_1_41' title="bbox 546 2591 2179 2663; baseline 0.002 -19"><span class='ocrx_word' id='word_1_291' title='bbox 546 2591 788 2662; x_wconf 88' lang='lat' dir='ltr'>Oportet</span> <span class='ocrx_word' id='word_1_292' title='bbox 809 2595 1004 2645; x_wconf 90' lang='lat' dir='ltr'>autem</span> <span class='ocrx_word' id='word_1_293' title='bbox 1031 2608 1160 2645; x_wconf 88' lang='lat' dir='ltr'>eam</span> <span class='ocrx_word' id='word_1_294' title='bbox 1189 2591 1421 2661; x_wconf 87' lang='lat' dir='ltr'>quidem</span> <span class='ocrx_word' id='word_1_295' title='bbox 1449 2608 1574 2645; x_wconf 78' lang='lat' dir='ltr'>auri</span> <span class='ocrx_word' id='word_1_296' title='bbox 1600 2596 1844 2662; x_wconf 87' lang='lat' dir='ltr'>partem,</span> <span class='ocrx_word' id='word_1_297' title='bbox 1871 2610 1999 2663; x_wconf 63' lang='lat' dir='ltr'>quae</span> <span class='ocrx_word' id='word_1_298' title='bbox 2025 2611 2179 2648; x_wconf 87' lang='lat' dir='ltr'>asce-</span> 
     </span>
    </p>
   </div>
   <div class='ocr_carea' id='block_1_42' title="bbox 543 2683 2178 2756">
    <p class='ocr_par' dir='ltr' id='par_1_42' title="bbox 543 2683 2178 2756">
     <span class='ocr_line' id='line_1_42' title="bbox 543 2683 2178 2756; baseline 0.003 -20"><span class='ocrx_word' id='word_1_299' title='bbox 543 2683 666 2737; x_wconf 89' lang='lat' dir='ltr'>triis</span> <span class='ocrx_word' id='word_1_300' title='bbox 711 2685 1004 2754; x_wconf 87' lang='lat' dir='ltr'>competit,</span> <span class='ocrx_word' id='word_1_301' title='bbox 1037 2702 1068 2738; x_wconf 89' lang='lat' dir='ltr'>a</span> <span class='ocrx_word' id='word_1_302' title='bbox 1106 2685 1205 2738; x_wconf 92' lang='lat' dir='ltr'>Dei</span> <span class='ocrx_word' id='word_1_303' title='bbox 1238 2683 1647 2738; x_wconf 85' lang='lat' dir='ltr'>amantissimis</span> <span class='ocrx_word' id='word_1_304' title='bbox 1682 2686 1998 2740; x_wconf 74' lang='lat' dir='ltr'>oeconomis</span> <span class='ocrx_word' id='word_1_305' title='bbox 2033 2704 2178 2756; x_wconf 85' lang='lat' dir='ltr'>prae-</span> 
     </span>
    </p>
   </div>
   <div class='ocr_carea' id='block_1_43' title="bbox 544 2775 2179 2847">
    <p class='ocr_par' dir='ltr' id='par_1_43' title="bbox 544 2775 2179 2847">
     <span class='ocr_line' id='line_1_43' title="bbox 544 2775 2179 2847; baseline 0.003 -17"><span class='ocrx_word' id='word_1_306' title='bbox 544 2775 696 2832; x_wconf 91' lang='lat' dir='ltr'>dicto</span> <span class='ocrx_word' id='word_1_307' title='bbox 731 2777 977 2832; x_wconf 90' lang='lat' dir='ltr'>termino</span> <span class='ocrx_word' id='word_1_308' title='bbox 1009 2777 1129 2832; x_wconf 89' lang='lat' dir='ltr'>dari</span> <span class='ocrx_word' id='word_1_309' title='bbox 1157 2778 1412 2847; x_wconf 81' lang='lat' dir='ltr'>Eugenio</span> <span class='ocrx_word' id='word_1_310' title='bbox 1446 2778 1542 2831; x_wconf 85' lang='lat' dir='ltr'>Dei</span> <span class='ocrx_word' id='word_1_311' title='bbox 1570 2778 1959 2834; x_wconf 90' lang='lat' dir='ltr'>amantissimo</span> <span class='ocrx_word' id='word_1_312' title='bbox 1990 2780 2179 2835; x_wconf 84' lang='lat' dir='ltr'>diaco-</span> 
     </span>
    </p>
   </div>
   <div class='ocr_carea' id='block_1_44' title="bbox 540 2871 2181 2942">
    <p class='ocr_par' dir='ltr' id='par_1_44' title="bbox 540 2871 2181 2942">
     <span class='ocr_line' id='line_1_44' title="bbox 540 2871 2181 2942; baseline 0.002 -17"><span class='ocrx_word' id='word_1_313' title='bbox 540 2887 637 2937; x_wconf 90' lang='lat' dir='ltr'>no,</span> <span class='ocrx_word' id='word_1_314' title='bbox 672 2874 729 2924; x_wconf 91' lang='lat' dir='ltr'>et</span> <span class='ocrx_word' id='word_1_315' title='bbox 767 2871 945 2942; x_wconf 89' lang='lat' dir='ltr'>ipsius</span> <span class='ocrx_word' id='word_1_316' title='bbox 976 2872 1347 2942; x_wconf 90' lang='lat' dir='ltr'>Sampsorum</span> <span class='ocrx_word' id='word_1_317' title='bbox 1379 2872 1662 2941; x_wconf 81' lang='lat' dir='ltr'>religiosae</span> <span class='ocrx_word' id='word_1_318' title='bbox 1691 2873 1985 2927; x_wconf 67' lang='lat' dir='ltr'>memoria:</span> <span class='ocrx_word' id='word_1_319' title='bbox 2015 2890 2181 2928; x_wconf 88' lang='lat' dir='ltr'>xeno-</span> 
     </span>
    </p>
   </div>
   <div class='ocr_carea' id='block_1_45' title="bbox 538 2964 2176 3037">
    <p class='ocr_par' dir='ltr' id='par_1_45' title="bbox 538 2964 2176 3037">
     <span class='ocr_line' id='line_1_45' title="bbox 538 2964 2176 3037; baseline 0.002 -18"><span class='ocrx_word' id='word_1_320' title='bbox 538 2964 647 3032; x_wconf 89' lang='lat' dir='ltr'>nis,</span> <span class='ocrx_word' id='word_1_321' title='bbox 675 2965 1035 3037; x_wconf 87' lang='lat' dir='ltr'>aliorumque</span> <span class='ocrx_word' id='word_1_322' title='bbox 1056 2982 1087 3018; x_wconf 91' lang='lat' dir='ltr'>a</span> <span class='ocrx_word' id='word_1_323' title='bbox 1114 2966 1279 3020; x_wconf 89' lang='lat' dir='ltr'>nobis</span> <span class='ocrx_word' id='word_1_324' title='bbox 1309 2966 1391 3020; x_wconf 91' lang='lat' dir='ltr'>illi</span> <span class='ocrx_word' id='word_1_325' title='bbox 1423 2966 1961 3021; x_wconf 90' lang='lat' dir='ltr'>commendatorum</span> <span class='ocrx_word' id='word_1_326' title='bbox 1998 2985 2176 3022; x_wconf 85' lang='lat' dir='ltr'>xeno-</span> 
     </span>
    </p>
   </div>
   <div class='ocr_carea' id='block_1_46' title="bbox 538 3058 2176 3131">
    <p class='ocr_par' dir='ltr' id='par_1_46' title="bbox 538 3058 2176 3131">
     <span class='ocr_line' id='line_1_46' title="bbox 538 3058 2176 3131; baseline 0.001 -18"><span class='ocrx_word' id='word_1_327' title='bbox 538 3059 743 3129; x_wconf 91' lang='lat' dir='ltr'>docho,</span> <span class='ocrx_word' id='word_1_328' title='bbox 770 3063 826 3113; x_wconf 91' lang='lat' dir='ltr'>et</span> <span class='ocrx_word' id='word_1_329' title='bbox 853 3058 951 3131; x_wconf 91' lang='lat' dir='ltr'>qui</span> <span class='ocrx_word' id='word_1_330' title='bbox 971 3076 1224 3130; x_wconf 90' lang='lat' dir='ltr'>unquam</span> <span class='ocrx_word' id='word_1_331' title='bbox 1252 3059 1437 3131; x_wconf 92' lang='lat' dir='ltr'>ipsum</span> <span class='ocrx_word' id='word_1_332' title='bbox 1468 3060 1567 3115; x_wconf 91' lang='lat' dir='ltr'>Dei</span> <span class='ocrx_word' id='word_1_333' title='bbox 1589 3061 2053 3115; x_wconf 90' lang='lat' dir='ltr'>amantissimum</span> <span class='ocrx_word' id='word_1_334' title='bbox 2078 3062 2176 3116; x_wconf 88' lang='lat' dir='ltr'>ho-</span> 
     </span>
    </p>
   </div>
   <div class='ocr_carea' id='block_1_47' title="bbox 537 3153 2177 3226">
    <p class='ocr_par' dir='ltr' id='par_1_47' title="bbox 537 3153 2177 3226">
     <span class='ocr_line' id='line_1_47' title="bbox 537 3153 2177 3226; baseline 0.002 -19"><span class='ocrx_word' id='word_1_335' title='bbox 537 3169 667 3207; x_wconf 90' lang='lat' dir='ltr'>rum</span> <span class='ocrx_word' id='word_1_336' title='bbox 697 3169 991 3207; x_wconf 89' lang='lat' dir='ltr'>xenonum</span> <span class='ocrx_word' id='word_1_337' title='bbox 1026 3153 1349 3207; x_wconf 85' lang='lat' dir='ltr'>xenodochi</span> <span class='ocrx_word' id='word_1_338' title='bbox 1390 3154 1637 3209; x_wconf 88' lang='lat' dir='ltr'>secuturi</span> <span class='ocrx_word' id='word_1_339' title='bbox 1663 3160 1791 3209; x_wconf 90' lang='lat' dir='ltr'>sunt</span> <span class='ocrx_word' id='word_1_340' title='bbox 1824 3171 1836 3209; x_wconf 89' lang='lat'><strong>:</strong></span> <span class='ocrx_word' id='word_1_341' title='bbox 1874 3161 2177 3226; x_wconf 86' lang='lat' dir='ltr'>propterea</span> 
     </span>
    </p>
   </div>
   <div class='ocr_carea' id='block_1_48' title="bbox 2289 1934 3933 2005">
    <p class='ocr_par' dir='ltr' id='par_1_48' title="bbox 2289 1934 3933 2005">
     <span class='ocr_line' id='line_1_48' title="bbox 2289 1934 3933 2005; baseline -0.002 -16"><span class='ocrx_word' id='word_1_342' title='bbox 2289 1935 2498 1989; x_wconf 87' lang='lat' dir='ltr'>centia.</span> <span class='ocrx_word' id='word_1_343' title='bbox 2545 1935 2827 1989; x_wconf 65' lang='lat' dir='ltr'>Caeterum</span> <span class='ocrx_word' id='word_1_344' title='bbox 2858 1950 3044 2005; x_wconf 91' lang='lat' dir='ltr'>neque</span> <span class='ocrx_word' id='word_1_345' title='bbox 3070 1934 3178 1989; x_wconf 93' lang='lat' dir='ltr'>hoc</span> <span class='ocrx_word' id='word_1_346' title='bbox 3204 1934 3727 1989; x_wconf 87' lang='lat' dir='ltr'>indeterminatum</span> <span class='ocrx_word' id='word_1_347' title='bbox 3760 1934 3933 1986; x_wconf 71' lang='lat' dir='ltr'>relin~</span> 
     </span>
    </p>
   </div>
   <div class='ocr_carea' id='block_1_49' title="bbox 2290 2027 3932 2100">
    <p class='ocr_par' dir='ltr' id='par_1_49' title="bbox 2290 2027 3932 2100">
     <span class='ocr_line' id='line_1_49' title="bbox 2290 2027 3932 2100; baseline -0.001 -18"><span class='ocrx_word' id='word_1_348' title='bbox 2290 2029 2539 2100; x_wconf 88' lang='lat' dir='ltr'>quimus,</span> <span class='ocrx_word' id='word_1_349' title='bbox 2560 2027 2827 2082; x_wconf 89' lang='lat' dir='ltr'>eamdem</span> <span class='ocrx_word' id='word_1_350' title='bbox 2846 2027 2939 2083; x_wconf 90' lang='lat' dir='ltr'>hic</span> <span class='ocrx_word' id='word_1_351' title='bbox 2954 2044 3186 2100; x_wconf 90' lang='lat' dir='ltr'>quoque</span> <span class='ocrx_word' id='word_1_352' title='bbox 3214 2044 3551 2083; x_wconf 88' lang='lat' dir='ltr'>mensuram</span> <span class='ocrx_word' id='word_1_353' title='bbox 3571 2028 3631 2081; x_wconf 91' lang='lat' dir='ltr'>in</span> <span class='ocrx_word' id='word_1_354' title='bbox 3650 2028 3932 2093; x_wconf 88' lang='lat' dir='ltr'>ascetriis,</span> 
     </span>
    </p>
   </div>
   <div class='ocr_carea' id='block_1_50' title="bbox 2288 2121 3932 2194">
    <p class='ocr_par' dir='ltr' id='par_1_50' title="bbox 2288 2121 3932 2194">
     <span class='ocr_line' id='line_1_50' title="bbox 2288 2121 3932 2194; baseline -0.001 -18"><span class='ocrx_word' id='word_1_355' title='bbox 2288 2122 2578 2177; x_wconf 90' lang='lat' dir='ltr'>canonicis</span> <span class='ocrx_word' id='word_1_356' title='bbox 2605 2125 2662 2176; x_wconf 91' lang='lat' dir='ltr'>et</span> <span class='ocrx_word' id='word_1_357' title='bbox 2688 2121 2965 2177; x_wconf 89' lang='lat' dir='ltr'>acoluthis</span> <span class='ocrx_word' id='word_1_358' title='bbox 2993 2122 3091 2193; x_wconf 91' lang='lat' dir='ltr'>qui</span> <span class='ocrx_word' id='word_1_359' title='bbox 3128 2139 3232 2194; x_wconf 89' lang='lat' dir='ltr'>per</span> <span class='ocrx_word' id='word_1_360' title='bbox 3280 2122 3752 2178; x_wconf 88' lang='lat' dir='ltr'>muniﬁcentiam</span> <span class='ocrx_word' id='word_1_361' title='bbox 3778 2138 3932 2175; x_wconf 72' lang='lat' dir='ltr'>assu~</span> 
     </span>
    </p>
   </div>
   <div class='ocr_carea' id='block_1_51' title="bbox 2286 2215 3933 2287">
    <p class='ocr_par' dir='ltr' id='par_1_51' title="bbox 2286 2215 3933 2287">
     <span class='ocr_line' id='line_1_51' title="bbox 2286 2215 3933 2287; baseline -0.002 -16"><span class='ocrx_word' id='word_1_362' title='bbox 2286 2220 2525 2271; x_wconf 89' lang='lat' dir='ltr'>muntur</span> <span class='ocrx_word' id='word_1_363' title='bbox 2563 2232 2685 2270; x_wconf 91' lang='lat' dir='ltr'>esse</span> <span class='ocrx_word' id='word_1_364' title='bbox 2714 2216 2968 2271; x_wconf 82' lang='lat' dir='ltr'>volentes</span> <span class='ocrx_word' id='word_1_365' title='bbox 3014 2233 3185 2287; x_wconf 88' lang='lat' dir='ltr'>quam</span> <span class='ocrx_word' id='word_1_366' title='bbox 3235 2233 3405 2287; x_wconf 88' lang='lat' dir='ltr'>supra</span> <span class='ocrx_word' id='word_1_367' title='bbox 3436 2215 3831 2282; x_wconf 83' lang='lat' dir='ltr'>deﬁnivimus,</span> <span class='ocrx_word' id='word_1_368' title='bbox 3866 2232 3933 2268; x_wconf 87' lang='lat' dir='ltr'>ne</span> 
     </span>
    </p>
   </div>
   <div class='ocr_carea' id='block_1_52' title="bbox 2286 2309 3933 2381">
    <p class='ocr_par' dir='ltr' id='par_1_52' title="bbox 2286 2309 3933 2381">
     <span class='ocr_line' id='line_1_52' title="bbox 2286 2309 3933 2381; baseline 0 -18"><span class='ocrx_word' id='word_1_369' title='bbox 2286 2310 2584 2381; x_wconf 89' lang='lat' dir='ltr'>pauciores</span> <span class='ocrx_word' id='word_1_370' title='bbox 2616 2309 2829 2364; x_wconf 88' lang='lat' dir='ltr'>scilicet</span> <span class='ocrx_word' id='word_1_371' title='bbox 2855 2324 3025 2381; x_wconf 89' lang='lat' dir='ltr'>quam</span> <span class='ocrx_word' id='word_1_372' title='bbox 3054 2315 3180 2365; x_wconf 92' lang='lat' dir='ltr'>octo</span> <span class='ocrx_word' id='word_1_373' title='bbox 3213 2312 3467 2365; x_wconf 74' lang='lat' dir='ltr'>ascetrize</span> <span class='ocrx_word' id='word_1_374' title='bbox 3514 2310 3605 2364; x_wconf 88' lang='lat' dir='ltr'>vel</span> <span class='ocrx_word' id='word_1_375' title='bbox 3636 2310 3933 2363; x_wconf 65' lang='lat' dir='ltr'>canonica:</span> 
     </span>
    </p>
   </div>
   <div class='ocr_carea' id='block_1_53' title="bbox 2286 2404 3931 2475">
    <p class='ocr_par' dir='ltr' id='par_1_53' title="bbox 2286 2404 3931 2475">
     <span class='ocr_line' id='line_1_53' title="bbox 2286 2404 3931 2475; baseline -0.001 -17"><span class='ocrx_word' id='word_1_376' title='bbox 2286 2420 2353 2458; x_wconf 87' lang='lat' dir='ltr'>ex</span> <span class='ocrx_word' id='word_1_377' title='bbox 2370 2421 2481 2458; x_wconf 89' lang='lat' dir='ltr'>uno</span> <span class='ocrx_word' id='word_1_378' title='bbox 2495 2420 2727 2475; x_wconf 89' lang='lat' dir='ltr'>quoque</span> <span class='ocrx_word' id='word_1_379' title='bbox 2740 2404 3019 2459; x_wconf 85' lang='lat' dir='ltr'>asceterio</span> <span class='ocrx_word' id='word_1_380' title='bbox 3034 2409 3418 2475; x_wconf 86' lang='lat' dir='ltr'>assumantur,</span> <span class='ocrx_word' id='word_1_381' title='bbox 3433 2410 3489 2460; x_wconf 92' lang='lat' dir='ltr'>et</span> <span class='ocrx_word' id='word_1_382' title='bbox 3510 2408 3628 2459; x_wconf 88' lang='lat' dir='ltr'>tres</span> <span class='ocrx_word' id='word_1_383' title='bbox 3638 2405 3713 2458; x_wconf 89' lang='lat' dir='ltr'>ad</span> <span class='ocrx_word' id='word_1_384' title='bbox 3726 2420 3931 2457; x_wconf 77' lang='lat' dir='ltr'>unum-</span> 
     </span>
    </p>
   </div>
   <div class='ocr_carea' id='block_1_54' title="bbox 2286 2497 3924 2568">
    <p class='ocr_par' dir='ltr' id='par_1_54' title="bbox 2286 2497 3924 2568">
     <span class='ocr_line' id='line_1_54' title="bbox 2286 2497 3924 2568; baseline -0.001 -17"><span class='ocrx_word' id='word_1_385' title='bbox 2286 2497 2553 2568; x_wconf 90' lang='lat' dir='ltr'>quodque</span> <span class='ocrx_word' id='word_1_386' title='bbox 2600 2498 2943 2552; x_wconf 90' lang='lat' dir='ltr'>asceterium</span> <span class='ocrx_word' id='word_1_387' title='bbox 2970 2499 3241 2553; x_wconf 86' lang='lat' dir='ltr'>acoluthi.</span> <span class='ocrx_word' id='word_1_388' title='bbox 3282 2500 3503 2553; x_wconf 90' lang='lat' dir='ltr'>Dentur</span> <span class='ocrx_word' id='word_1_389' title='bbox 3545 2502 3742 2553; x_wconf 88' lang='lat' dir='ltr'>autem</span> <span class='ocrx_word' id='word_1_390' title='bbox 3773 2514 3924 2551; x_wconf 79' lang='lat' dir='ltr'>asce-</span> 
     </span>
    </p>
   </div>
   <div class='ocr_carea' id='block_1_55' title="bbox 2284 2591 3921 2663">
    <p class='ocr_par' dir='ltr' id='par_1_55' title="bbox 2284 2591 3921 2663">
     <span class='ocr_line' id='line_1_55' title="bbox 2284 2591 3921 2663; baseline 0.001 -19"><span class='ocrx_word' id='word_1_391' title='bbox 2284 2591 2406 2645; x_wconf 90' lang='lat' dir='ltr'>triis</span> <span class='ocrx_word' id='word_1_392' title='bbox 2434 2593 2547 2645; x_wconf 85' lang='lat' dir='ltr'>sive</span> <span class='ocrx_word' id='word_1_393' title='bbox 2578 2592 2868 2646; x_wconf 90' lang='lat' dir='ltr'>canonicis</span> <span class='ocrx_word' id='word_1_394' title='bbox 2899 2610 3028 2663; x_wconf 65' lang='lat' dir='ltr'>quae</span> <span class='ocrx_word' id='word_1_395' title='bbox 3062 2594 3213 2647; x_wconf 87' lang='lat' dir='ltr'>ultra</span> <span class='ocrx_word' id='word_1_396' title='bbox 3252 2593 3307 2647; x_wconf 91' lang='lat' dir='ltr'>id</span> <span class='ocrx_word' id='word_1_397' title='bbox 3341 2593 3526 2663; x_wconf 90' lang='lat' dir='ltr'>ipsum</span> <span class='ocrx_word' id='word_1_398' title='bbox 3556 2592 3921 2655; x_wconf 87' lang='lat' dir='ltr'>asceterium,</span> 
     </span>
    </p>
   </div>
   <div class='ocr_carea' id='block_1_56' title="bbox 2284 2684 3921 2757">
    <p class='ocr_par' dir='ltr' id='par_1_56' title="bbox 2284 2684 3921 2757">
     <span class='ocr_line' id='line_1_56' title="bbox 2284 2684 3921 2757; baseline 0 -18"><span class='ocrx_word' id='word_1_399' title='bbox 2284 2684 2440 2755; x_wconf 89' lang='lat' dir='ltr'>quod</span> <span class='ocrx_word' id='word_1_400' title='bbox 2471 2686 2649 2756; x_wconf 86' lang='lat' dir='ltr'>gratis</span> <span class='ocrx_word' id='word_1_401' title='bbox 2679 2685 3067 2741; x_wconf 88' lang='lat' dir='ltr'>ministerium</span> <span class='ocrx_word' id='word_1_402' title='bbox 3116 2687 3462 2741; x_wconf 89' lang='lat' dir='ltr'>funerationi</span> <span class='ocrx_word' id='word_1_403' title='bbox 3496 2686 3742 2757; x_wconf 64' lang='lat' dir='ltr'>praebet,</span> <span class='ocrx_word' id='word_1_404' title='bbox 3776 2704 3921 2740; x_wconf 82' lang='lat' dir='ltr'>assu-</span> 
     </span>
    </p>
   </div>
   <div class='ocr_carea' id='block_1_57' title="bbox 2282 2779 3917 2851">
    <p class='ocr_par' dir='ltr' id='par_1_57' title="bbox 2282 2779 3917 2851">
     <span class='ocr_line' id='line_1_57' title="bbox 2282 2779 3917 2851; baseline 0.001 -20"><span class='ocrx_word' id='word_1_405' title='bbox 2282 2783 2555 2833; x_wconf 88' lang='lat' dir='ltr'>muntur:</span> <span class='ocrx_word' id='word_1_406' title='bbox 2581 2779 2863 2849; x_wconf 89' lang='lat' dir='ltr'>siquidem</span> <span class='ocrx_word' id='word_1_407' title='bbox 2908 2780 3060 2834; x_wconf 88' lang='lat' dir='ltr'>intra</span> <span class='ocrx_word' id='word_1_408' title='bbox 3096 2797 3274 2835; x_wconf 87' lang='lat' dir='ltr'>novos</span> <span class='ocrx_word' id='word_1_409' title='bbox 3318 2798 3515 2835; x_wconf 90' lang='lat' dir='ltr'>muros</span> <span class='ocrx_word' id='word_1_410' title='bbox 3542 2780 3719 2851; x_wconf 88' lang='lat' dir='ltr'>hujus</span> <span class='ocrx_word' id='word_1_411' title='bbox 3752 2782 3917 2834; x_wconf 66' lang='lat' dir='ltr'>alma:</span> 
     </span>
    </p>
   </div>
   <div class='ocr_carea' id='block_1_58' title="bbox 2282 2872 3917 2944">
    <p class='ocr_par' dir='ltr' id='par_1_58' title="bbox 2282 2872 3917 2944">
     <span class='ocr_line' id='line_1_58' title="bbox 2282 2872 3917 2944; baseline 0.002 -19"><span class='ocrx_word' id='word_1_412' title='bbox 2282 2872 2437 2925; x_wconf 88' lang='lat' dir='ltr'>urbis</span> <span class='ocrx_word' id='word_1_413' title='bbox 2463 2872 2634 2926; x_wconf 90' lang='lat' dir='ltr'>elatio</span> <span class='ocrx_word' id='word_1_414' title='bbox 2649 2880 2974 2944; x_wconf 80' lang='lat' dir='ltr'>peragatur,</span> <span class='ocrx_word' id='word_1_415' title='bbox 3000 2890 3179 2944; x_wconf 91' lang='lat' dir='ltr'>usque</span> <span class='ocrx_word' id='word_1_416' title='bbox 3206 2874 3275 2927; x_wconf 90' lang='lat' dir='ltr'>ad</span> <span class='ocrx_word' id='word_1_417' title='bbox 3306 2877 3420 2928; x_wconf 91' lang='lat' dir='ltr'>tres</span> <span class='ocrx_word' id='word_1_418' title='bbox 3435 2874 3664 2942; x_wconf 89' lang='lat' dir='ltr'>solidos,</span> <span class='ocrx_word' id='word_1_419' title='bbox 3684 2874 3831 2928; x_wconf 80' lang='lat' dir='ltr'>nihil</span> <span class='ocrx_word' id='word_1_420' title='bbox 3854 2891 3917 2927; x_wconf 81' lang='lat' dir='ltr'>ex</span> 
     </span>
    </p>
   </div>
   <div class='ocr_carea' id='block_1_59' title="bbox 2280 2965 3914 3039">
    <p class='ocr_par' dir='ltr' id='par_1_59' title="bbox 2280 2965 3914 3039">
     <span class='ocr_line' id='line_1_59' title="bbox 2280 2965 3914 3039; baseline 0.001 -20"><span class='ocrx_word' id='word_1_421' title='bbox 2280 2965 2389 3019; x_wconf 91' lang='lat' dir='ltr'>hoc</span> <span class='ocrx_word' id='word_1_422' title='bbox 2420 2966 2648 3037; x_wconf 90' lang='lat' dir='ltr'>penitus</span> <span class='ocrx_word' id='word_1_423' title='bbox 2671 2967 3061 3022; x_wconf 87' lang='lat' dir='ltr'>auferentibus</span> <span class='ocrx_word' id='word_1_424' title='bbox 3086 2968 3385 3035; x_wconf 88' lang='lat' dir='ltr'>acoluthis,</span> <span class='ocrx_word' id='word_1_425' title='bbox 3412 2985 3600 3039; x_wconf 90' lang='lat' dir='ltr'>neque</span> <span class='ocrx_word' id='word_1_426' title='bbox 3617 2969 3914 3038; x_wconf 85' lang='lat' dir='ltr'>partienti-</span> 
     </span>
    </p>
   </div>
   <div class='ocr_carea' id='block_1_60' title="bbox 2278 3058 3915 3117">
    <p class='ocr_par' dir='ltr' id='par_1_60' title="bbox 2278 3058 3915 3117">
     <span class='ocr_line' id='line_1_60' title="bbox 2278 3058 3915 3117; baseline 0.002 -5"><span class='ocrx_word' id='word_1_427' title='bbox 2278 3058 2384 3112; x_wconf 87' lang='lat' dir='ltr'>bus</span> <span class='ocrx_word' id='word_1_428' title='bbox 2413 3059 2519 3114; x_wconf 89' lang='lat' dir='ltr'>ista</span> <span class='ocrx_word' id='word_1_429' title='bbox 2547 3077 2677 3113; x_wconf 89' lang='lat' dir='ltr'>cum</span> <span class='ocrx_word' id='word_1_430' title='bbox 2704 3061 3188 3116; x_wconf 91' lang='lat' dir='ltr'>reverendissimis</span> <span class='ocrx_word' id='word_1_431' title='bbox 3229 3062 3482 3116; x_wconf 83' lang='lat' dir='ltr'>ascetriis</span> <span class='ocrx_word' id='word_1_432' title='bbox 3514 3066 3570 3117; x_wconf 87' lang='lat' dir='ltr'>et</span> <span class='ocrx_word' id='word_1_433' title='bbox 3605 3063 3915 3117; x_wconf 83' lang='lat' dir='ltr'>canonicis.</span> 
     </span>
    </p>
   </div>
   <div class='ocr_carea' id='block_1_61' title="bbox 2278 3153 3917 3227">
    <p class='ocr_par' dir='ltr' id='par_1_61' title="bbox 2278 3153 3917 3227">
     <span class='ocr_line' id='line_1_61' title="bbox 2278 3153 3917 3227; baseline 0.001 -20"><span class='ocrx_word' id='word_1_434' title='bbox 2278 3153 2386 3207; x_wconf 88' lang='lat' dir='ltr'>Sed</span> <span class='ocrx_word' id='word_1_435' title='bbox 2415 3153 2694 3207; x_wconf 90' lang='lat' dir='ltr'>acoluthis</span> <span class='ocrx_word' id='word_1_436' title='bbox 2731 3154 2826 3225; x_wconf 92' lang='lat' dir='ltr'>qui</span> <span class='ocrx_word' id='word_1_437' title='bbox 2872 3158 3001 3226; x_wconf 85' lang='lat' dir='ltr'>post</span> <span class='ocrx_word' id='word_1_438' title='bbox 3043 3161 3157 3210; x_wconf 90' lang='lat' dir='ltr'>tres</span> <span class='ocrx_word' id='word_1_439' title='bbox 3200 3156 3325 3209; x_wconf 88' lang='lat' dir='ltr'>illos</span> <span class='ocrx_word' id='word_1_440' title='bbox 3364 3156 3539 3227; x_wconf 87' lang='lat' dir='ltr'>gratis</span> <span class='ocrx_word' id='word_1_441' title='bbox 3570 3156 3917 3211; x_wconf 89' lang='lat' dir='ltr'>funerationi</span> 
     </span>
    </p>
   </div>
   <div class='ocr_carea' id='block_1_62' title="bbox 538 3213 3913 3320">
    <p class='ocr_par' dir='ltr' id='par_1_62' title="bbox 538 3213 3913 3320">
     <span class='ocr_line' id='line_1_62' title="bbox 538 3213 3913 3320; baseline 0.001 -22"><span class='ocrx_word' id='word_1_442' title='bbox 538 3246 693 3315; x_wconf 89' lang='lat' dir='ltr'>quod</span> <span class='ocrx_word' id='word_1_443' title='bbox 716 3246 971 3300; x_wconf 78' lang='lat' dir='ltr'>ascetrice</span> <span class='ocrx_word' id='word_1_444' title='bbox 999 3263 1125 3316; x_wconf 69' lang='lat' dir='ltr'>quae</span> <span class='ocrx_word' id='word_1_445' title='bbox 1148 3247 1205 3300; x_wconf 92' lang='lat' dir='ltr'>in</span> <span class='ocrx_word' id='word_1_446' title='bbox 1237 3247 1387 3301; x_wconf 90' lang='lat' dir='ltr'>hunc</span> <span class='ocrx_word' id='word_1_447' title='bbox 1416 3264 1584 3302; x_wconf 88' lang='lat' dir='ltr'>usum</span> <span class='ocrx_word' id='word_1_448' title='bbox 1613 3249 1960 3302; x_wconf 86' lang='lat' dir='ltr'>adhibentur</span> <span class='ocrx_word' id='word_1_449' title='bbox 1985 3252 2040 3302; x_wconf 85' lang='lat' dir='ltr'>et</span> <span class='ocrx_word' id='word_1_450' title='bbox 2067 3250 2172 3303; x_wconf 92' lang='lat' dir='ltr'>mi-</span> <span class='ocrx_word' id='word_1_451' title='bbox 2197 3213 2250 3286; x_wconf 82' lang='lat' dir='ltr'><strong>C</strong></span> <span class='ocrx_word' id='word_1_452' title='bbox 2277 3246 2667 3301; x_wconf 87' lang='lat' dir='ltr'>ministrantes</span> <span class='ocrx_word' id='word_1_453' title='bbox 2685 3252 3072 3317; x_wconf 88' lang='lat' dir='ltr'>assumuntur,</span> <span class='ocrx_word' id='word_1_454' title='bbox 3101 3250 3383 3320; x_wconf 82' lang='lat' dir='ltr'>siquidem</span> <span class='ocrx_word' id='word_1_455' title='bbox 3417 3255 3534 3303; x_wconf 89' lang='lat' dir='ltr'>tres</span> <span class='ocrx_word' id='word_1_456' title='bbox 3564 3251 3660 3303; x_wconf 87' lang='lat' dir='ltr'>alii</span> <span class='ocrx_word' id='word_1_457' title='bbox 3686 3251 3809 3304; x_wconf 88' lang='lat' dir='ltr'>sint</span> <span class='ocrx_word' id='word_1_458' title='bbox 3828 3252 3913 3304; x_wconf 72' lang='lat' dir='ltr'>tri~</span> 
     </span>
    </p>
   </div>
   <div class='ocr_carea' id='block_1_63' title="bbox 537 3338 2178 3410">
    <p class='ocr_par' dir='ltr' id='par_1_63' title="bbox 537 3338 2178 3410">
     <span class='ocr_line' id='line_1_63' title="bbox 537 3338 2178 3410; baseline 0.004 -19"><span class='ocrx_word' id='word_1_459' title='bbox 537 3338 837 3393; x_wconf 90' lang='lat' dir='ltr'>nisterium</span> <span class='ocrx_word' id='word_1_460' title='bbox 862 3344 1155 3410; x_wconf 60' lang='lat' dir='ltr'>praestant,</span> <span class='ocrx_word' id='word_1_461' title='bbox 1187 3339 1291 3394; x_wconf 91' lang='lat' dir='ltr'>sub</span> <span class='ocrx_word' id='word_1_462' title='bbox 1320 3339 1731 3410; x_wconf 74' lang='lat' dir='ltr'>praedictorum</span> <span class='ocrx_word' id='word_1_463' title='bbox 1757 3343 2178 3399; x_wconf 82' lang='lat' dir='ltr'>venerabilium‘</span> 
     </span>
    </p>
   </div>
   <div class='ocr_carea' id='block_1_64' title="bbox 536 3434 2175 3504">
    <p class='ocr_par' dir='ltr' id='par_1_64' title="bbox 536 3434 2175 3504">
     <span class='ocr_line' id='line_1_64' title="bbox 536 3434 2175 3504; baseline 0.005 -19"><span class='ocrx_word' id='word_1_464' title='bbox 536 3448 824 3486; x_wconf 87' lang='lat' dir='ltr'>xenonum</span> <span class='ocrx_word' id='word_1_465' title='bbox 854 3450 955 3503; x_wconf 90' lang='lat' dir='ltr'>pro</span> <span class='ocrx_word' id='word_1_466' title='bbox 982 3437 1243 3504; x_wconf 88' lang='lat' dir='ltr'>tempore</span> <span class='ocrx_word' id='word_1_467' title='bbox 1272 3434 1620 3488; x_wconf 84' lang='lat' dir='ltr'>xenodocliis</span> <span class='ocrx_word' id='word_1_468' title='bbox 1642 3441 2014 3504; x_wconf 82' lang='lat' dir='ltr'>censeantur;</span> <span class='ocrx_word' id='word_1_469' title='bbox 2042 3439 2175 3493; x_wconf 88' lang='lat' dir='ltr'>alte-</span> 
     </span>
    </p>
   </div>
   <div class='ocr_carea' id='block_1_65' title="bbox 533 3526 2173 3599">
    <p class='ocr_par' dir='ltr' id='par_1_65' title="bbox 533 3526 2173 3599">
     <span class='ocr_line' id='line_1_65' title="bbox 533 3526 2173 3599; baseline 0.003 -19"><span class='ocrx_word' id='word_1_470' title='bbox 533 3542 661 3580; x_wconf 89' lang='lat' dir='ltr'>ram</span> <span class='ocrx_word' id='word_1_471' title='bbox 688 3543 821 3581; x_wconf 90' lang='lat' dir='ltr'>vero</span> <span class='ocrx_word' id='word_1_472' title='bbox 849 3526 1003 3581; x_wconf 90' lang='lat' dir='ltr'>illam</span> <span class='ocrx_word' id='word_1_473' title='bbox 1025 3544 1152 3598; x_wconf 67' lang='lat' dir='ltr'>quae</span> <span class='ocrx_word' id='word_1_474' title='bbox 1180 3532 1295 3582; x_wconf 81' lang='lat' dir='ltr'>tam</span> <span class='ocrx_word' id='word_1_475' title='bbox 1318 3529 1597 3582; x_wconf 87' lang='lat' dir='ltr'>acoluthis</span> <span class='ocrx_word' id='word_1_476' title='bbox 1622 3545 1795 3599; x_wconf 90' lang='lat' dir='ltr'>quam</span> <span class='ocrx_word' id='word_1_477' title='bbox 1824 3532 2173 3585; x_wconf 85' lang='lat' dir='ltr'>reverendis-</span> 
     </span>
    </p>
   </div>
   <div class='ocr_carea' id='block_1_66' title="bbox 530 3618 2171 3695">
    <p class='ocr_par' dir='ltr' id='par_1_66' title="bbox 530 3618 2171 3695">
     <span class='ocr_line' id='line_1_66' title="bbox 530 3618 2171 3695; baseline 0.003 -20"><span class='ocrx_word' id='word_1_478' title='bbox 530 3618 686 3675; x_wconf 83' lang='lat' dir='ltr'>simis</span> <span class='ocrx_word' id='word_1_479' title='bbox 714 3620 1001 3675; x_wconf 86' lang='lat' dir='ltr'>canonicis</span> <span class='ocrx_word' id='word_1_480' title='bbox 1036 3622 1309 3693; x_wconf 90' lang='lat' dir='ltr'>competit</span> <span class='ocrx_word' id='word_1_481' title='bbox 1339 3639 1350 3677; x_wconf 93' lang='lat'><strong>:</strong></span> <span class='ocrx_word' id='word_1_482' title='bbox 1384 3622 1764 3677; x_wconf 90' lang='lat' dir='ltr'>consimiliter</span> <span class='ocrx_word' id='word_1_483' title='bbox 1806 3624 1876 3677; x_wconf 90' lang='lat' dir='ltr'>ab</span> <span class='ocrx_word' id='word_1_484' title='bbox 1904 3624 2039 3695; x_wconf 87' lang='lat' dir='ltr'>ipsis</span> <span class='ocrx_word' id='word_1_485' title='bbox 2071 3627 2171 3680; x_wconf 93' lang='lat' dir='ltr'>Dei</span> 
     </span>
    </p>
   </div>
   <div class='ocr_carea' id='block_1_67' title="bbox 531 3714 2170 3787">
    <p class='ocr_par' dir='ltr' id='par_1_67' title="bbox 531 3714 2170 3787">
     <span class='ocr_line' id='line_1_67' title="bbox 531 3714 2170 3787; baseline 0.004 -19"><span class='ocrx_word' id='word_1_486' title='bbox 531 3714 943 3769; x_wconf 84' lang='lat' dir='ltr'>amantissimis</span> <span class='ocrx_word' id='word_1_487' title='bbox 983 3715 1297 3770; x_wconf 67' lang='lat' dir='ltr'>oeconomis</span> <span class='ocrx_word' id='word_1_488' title='bbox 1332 3716 1449 3769; x_wconf 91' lang='lat' dir='ltr'>dari</span> <span class='ocrx_word' id='word_1_489' title='bbox 1498 3716 1583 3770; x_wconf 91' lang='lat' dir='ltr'>his</span> <span class='ocrx_word' id='word_1_490' title='bbox 1623 3717 1721 3787; x_wconf 92' lang='lat' dir='ltr'>qui</span> <span class='ocrx_word' id='word_1_491' title='bbox 1759 3721 1814 3771; x_wconf 89' lang='lat' dir='ltr'>et</span> <span class='ocrx_word' id='word_1_492' title='bbox 1852 3719 2022 3773; x_wconf 91' lang='lat' dir='ltr'>modo</span> <span class='ocrx_word' id='word_1_493' title='bbox 2062 3719 2170 3775; x_wconf 92' lang='lat' dir='ltr'>illis</span> 
     </span>
    </p>
   </div>
   <div class='ocr_carea' id='block_1_68' title="bbox 527 3808 2169 3882">
    <p class='ocr_par' dir='ltr' id='par_1_68' title="bbox 527 3808 2169 3882">
     <span class='ocr_line' id='line_1_68' title="bbox 527 3808 2169 3882; baseline 0.004 -21"><span class='ocrx_word' id='word_1_494' title='bbox 527 3808 781 3878; x_wconf 65' lang='lat' dir='ltr'>praefecti</span> <span class='ocrx_word' id='word_1_495' title='bbox 814 3812 964 3876; x_wconf 90' lang='lat' dir='ltr'>sunt,</span> <span class='ocrx_word' id='word_1_496' title='bbox 996 3812 1053 3863; x_wconf 92' lang='lat' dir='ltr'>ct</span> <span class='ocrx_word' id='word_1_497' title='bbox 1083 3810 1181 3880; x_wconf 89' lang='lat' dir='ltr'>qui</span> <span class='ocrx_word' id='word_1_498' title='bbox 1217 3827 1317 3881; x_wconf 80' lang='lat' dir='ltr'>pro</span> <span class='ocrx_word' id='word_1_499' title='bbox 1362 3812 1616 3881; x_wconf 88' lang='lat' dir='ltr'>tempore</span> <span class='ocrx_word' id='word_1_500' title='bbox 1661 3827 1915 3882; x_wconf 88' lang='lat' dir='ltr'>unquam</span> <span class='ocrx_word' id='word_1_501' title='bbox 1958 3812 2016 3865; x_wconf 91' lang='lat' dir='ltr'>in</span> <span class='ocrx_word' id='word_1_502' title='bbox 2060 3814 2169 3869; x_wconf 89' lang='lat' dir='ltr'>illis</span> 
     </span>
    </p>
   </div>
   <div class='ocr_carea' id='block_1_69' title="bbox 527 3901 2168 3979">
    <p class='ocr_par' dir='ltr' id='par_1_69' title="bbox 527 3901 2168 3979">
     <span class='ocr_line' id='line_1_69' title="bbox 527 3901 2168 3979; baseline 0.005 -25"><span class='ocrx_word' id='word_1_503' title='bbox 527 3901 912 3973; x_wconf 90' lang='lat' dir='ltr'>principatum</span> <span class='ocrx_word' id='word_1_504' title='bbox 953 3903 1231 3972; x_wconf 88' lang='lat' dir='ltr'>obtinent,</span> <span class='ocrx_word' id='word_1_505' title='bbox 1262 3909 1327 3958; x_wconf 91' lang='lat' dir='ltr'>ut</span> <span class='ocrx_word' id='word_1_506' title='bbox 1370 3921 1475 3975; x_wconf 87' lang='lat' dir='ltr'>per</span> <span class='ocrx_word' id='word_1_507' title='bbox 1504 3904 1655 3975; x_wconf 90' lang='lat' dir='ltr'>ipsos</span> <span class='ocrx_word' id='word_1_508' title='bbox 1693 3910 1824 3961; x_wconf 81' lang='lat' dir='ltr'>ante.</span> <span class='ocrx_word' id='word_1_509' title='bbox 1854 3907 2168 3979; x_wconf 88' lang='lat' dir='ltr'>designatis</span> 
     </span>
    </p>
   </div>
   <div class='ocr_carea' id='block_1_70' title="bbox 527 3995 2169 4069">
    <p class='ocr_par' dir='ltr' id='par_1_70' title="bbox 527 3995 2169 4069">
     <span class='ocr_line' id='line_1_70' title="bbox 527 3995 2169 4069; baseline 0.005 -21"><span class='ocrx_word' id='word_1_510' title='bbox 527 3997 586 4049; x_wconf 89' lang='lat' dir='ltr'>et</span> <span class='ocrx_word' id='word_1_511' title='bbox 635 3995 739 4049; x_wconf 90' lang='lat' dir='ltr'>sub</span> <span class='ocrx_word' id='word_1_512' title='bbox 793 3996 929 4066; x_wconf 88' lang='lat' dir='ltr'>ipsis</span> <span class='ocrx_word' id='word_1_513' title='bbox 993 3997 1219 4051; x_wconf 90' lang='lat' dir='ltr'>censitis</span> <span class='ocrx_word' id='word_1_514' title='bbox 1287 3997 1572 4066; x_wconf 88' lang='lat' dir='ltr'>ascetriis,</span> <span class='ocrx_word' id='word_1_515' title='bbox 1633 4004 1692 4053; x_wconf 94' lang='lat' dir='ltr'>et</span> <span class='ocrx_word' id='word_1_516' title='bbox 1740 4001 2056 4069; x_wconf 85' lang='lat' dir='ltr'>canonicis,</span> <span class='ocrx_word' id='word_1_517' title='bbox 2113 4007 2169 4057; x_wconf 92' lang='lat' dir='ltr'>et</span> 
     </span>
    </p>
   </div>
   <div class='ocr_carea' id='block_1_71' title="bbox 524 4083 2165 4159">
    <p class='ocr_par' dir='ltr' id='par_1_71' title="bbox 524 4083 2165 4159">
     <span class='ocr_line' id='line_1_71' title="bbox 524 4083 2165 4159; baseline 0.005 -17"><span class='ocrx_word' id='word_1_518' title='bbox 524 4083 761 4159; x_wconf 84' lang='lat' dir='ltr'>insuper</span> <span class='ocrx_word' id='word_1_519' title='bbox 813 4084 989 4143; x_wconf 90' lang='lat' dir='ltr'>etiam</span> <span class='ocrx_word' id='word_1_520' title='bbox 1036 4088 1317 4144; x_wconf 88' lang='lat' dir='ltr'>acoluthis</span> <span class='ocrx_word' id='word_1_521' title='bbox 1375 4090 1698 4147; x_wconf 89' lang='lat' dir='ltr'>distributio</span> <span class='ocrx_word' id='word_1_522' title='bbox 1754 4094 1871 4148; x_wconf 82' lang='lat' dir='ltr'>fiat.</span> <span class='ocrx_word' id='word_1_523' title='bbox 1922 4094 1977 4150; x_wconf 93' lang='lat' dir='ltr'>Si</span> <span class='ocrx_word' id='word_1_524' title='bbox 2032 4113 2165 4151; x_wconf 90' lang='lat' dir='ltr'>vero</span> 
     </span>
    </p>
   </div>
   <div class='ocr_carea' id='block_1_72' title="bbox 524 4180 2162 4252">
    <p class='ocr_par' dir='ltr' id='par_1_72' title="bbox 524 4180 2162 4252">
     <span class='ocr_line' id='line_1_72' title="bbox 524 4180 2162 4252; baseline 0.005 -16"><span class='ocrx_word' id='word_1_525' title='bbox 524 4194 755 4236; x_wconf 89' lang='lat' dir='ltr'>moram</span> <span class='ocrx_word' id='word_1_526' title='bbox 805 4180 950 4236; x_wconf 90' lang='lat' dir='ltr'>circa</span> <span class='ocrx_word' id='word_1_527' title='bbox 996 4181 1278 4252; x_wconf 90' lang='lat' dir='ltr'>ejusmodi</span> <span class='ocrx_word' id='word_1_528' title='bbox 1325 4184 1670 4239; x_wconf 89' lang='lat' dir='ltr'>solutionem</span> <span class='ocrx_word' id='word_1_529' title='bbox 1717 4186 2023 4244; x_wconf 87' lang='lat' dir='ltr'>admittant</span> <span class='ocrx_word' id='word_1_530' title='bbox 2067 4191 2162 4245; x_wconf 90' lang='lat' dir='ltr'>Dei</span> 
     </span>
    </p>
   </div>
   <div class='ocr_carea' id='block_1_73' title="bbox 523 4274 2165 4348">
    <p class='ocr_par' dir='ltr' id='par_1_73' title="bbox 523 4274 2165 4348">
     <span class='ocr_line' id='line_1_73' title="bbox 523 4274 2165 4348; baseline 0.003 -15"><span class='ocrx_word' id='word_1_531' title='bbox 523 4274 907 4333; x_wconf 79' lang='lat' dir='ltr'>amantissimi</span> <span class='ocrx_word' id='word_1_532' title='bbox 948 4276 1253 4343; x_wconf 77' lang='lat' dir='ltr'>oeconomi,</span> <span class='ocrx_word' id='word_1_533' title='bbox 1294 4276 1464 4348; x_wconf 90' lang='lat' dir='ltr'>idque</span> <span class='ocrx_word' id='word_1_534' title='bbox 1505 4278 1721 4332; x_wconf 88' lang='lat' dir='ltr'>clarum</span> <span class='ocrx_word' id='word_1_535' title='bbox 1753 4281 1979 4348; x_wconf 81' lang='lat' dir='ltr'>existat,</span> <span class='ocrx_word' id='word_1_536' title='bbox 2020 4283 2165 4339; x_wconf 85' lang='lat' dir='ltr'>forte</span> 
     </span>
    </p>
   </div>
   <div class='ocr_carea' id='block_1_74' title="bbox 523 4369 2165 4442">
    <p class='ocr_par' dir='ltr' id='par_1_74' title="bbox 523 4369 2165 4442">
     <span class='ocr_line' id='line_1_74' title="bbox 523 4369 2165 4442; baseline 0.004 -16"><span class='ocrx_word' id='word_1_537' title='bbox 523 4386 618 4427; x_wconf 76' lang='lat' dir='ltr'>sex</span> <span class='ocrx_word' id='word_1_538' title='bbox 645 4371 839 4425; x_wconf 88' lang='lat' dir='ltr'>alteris</span> <span class='ocrx_word' id='word_1_539' title='bbox 864 4369 988 4441; x_wconf 86' lang='lat' dir='ltr'>jam</span> <span class='ocrx_word' id='word_1_540' title='bbox 1016 4370 1309 4423; x_wconf 90' lang='lat' dir='ltr'>mensibus</span> <span class='ocrx_word' id='word_1_541' title='bbox 1334 4377 1463 4442; x_wconf 86' lang='lat' dir='ltr'>post</span> <span class='ocrx_word' id='word_1_542' title='bbox 1494 4371 1652 4441; x_wconf 86' lang='lat' dir='ltr'>prius</span> <span class='ocrx_word' id='word_1_543' title='bbox 1678 4378 1948 4429; x_wconf 87' lang='lat' dir='ltr'>semestre</span> <span class='ocrx_word' id='word_1_544' title='bbox 1970 4376 2165 4431; x_wconf 88' lang='lat' dir='ltr'>decur-</span> 
     </span>
    </p>
   </div>
   <div class='ocr_carea' id='block_1_75' title="bbox 521 4464 2161 4537">
    <p class='ocr_par' dir='ltr' id='par_1_75' title="bbox 521 4464 2161 4537">
     <span class='ocr_line' id='line_1_75' title="bbox 521 4464 2161 4537; baseline 0.004 -17"><span class='ocrx_word' id='word_1_545' title='bbox 521 4465 809 4531; x_wconf 88' lang='lat' dir='ltr'>rentibus,</span> <span class='ocrx_word' id='word_1_546' title='bbox 854 4480 986 4519; x_wconf 91' lang='lat' dir='ltr'>cum</span> <span class='ocrx_word' id='word_1_547' title='bbox 1024 4464 1176 4518; x_wconf 88' lang='lat' dir='ltr'>nulla</span> <span class='ocrx_word' id='word_1_548' title='bbox 1216 4465 1400 4519; x_wconf 90' lang='lat' dir='ltr'>adhuc</span> <span class='ocrx_word' id='word_1_549' title='bbox 1449 4466 1653 4521; x_wconf 91' lang='lat' dir='ltr'>solutio</span> <span class='ocrx_word' id='word_1_550' title='bbox 1694 4467 1843 4523; x_wconf 90' lang='lat' dir='ltr'>facta</span> <span class='ocrx_word' id='word_1_551' title='bbox 1883 4469 1973 4537; x_wconf 92' lang='lat' dir='ltr'>sit,</span> <span class='ocrx_word' id='word_1_552' title='bbox 2026 4476 2161 4527; x_wconf 91' lang='lat' dir='ltr'>tunc</span> 
     </span>
    </p>
   </div>
   <div class='ocr_carea' id='block_1_76' title="bbox 2274 3339 3911 3416">
    <p class='ocr_par' dir='ltr' id='par_1_76' title="bbox 2274 3339 3911 3416">
     <span class='ocr_line' id='line_1_76' title="bbox 2274 3339 3911 3416; baseline 0.002 -23"><span class='ocrx_word' id='word_1_553' title='bbox 2274 3339 2378 3393; x_wconf 91' lang='lat' dir='ltr'>bus</span> <span class='ocrx_word' id='word_1_554' title='bbox 2406 3342 2622 3412; x_wconf 85' lang='lat' dir='ltr'>siliquis</span> <span class='ocrx_word' id='word_1_555' title='bbox 2647 3344 2963 3409; x_wconf 88' lang='lat' dir='ltr'>contentis;</span> <span class='ocrx_word' id='word_1_556' title='bbox 2992 3344 3039 3397; x_wconf 94' lang='lat' dir='ltr'>si</span> <span class='ocrx_word' id='word_1_557' title='bbox 3066 3361 3180 3413; x_wconf 83' lang='lat' dir='ltr'>sex,</span> <span class='ocrx_word' id='word_1_558' title='bbox 3211 3344 3429 3416; x_wconf 90' lang='lat' dir='ltr'>siliquis</span> <span class='ocrx_word' id='word_1_559' title='bbox 3448 3361 3572 3409; x_wconf 89' lang='lat' dir='ltr'>sex;</span> <span class='ocrx_word' id='word_1_560' title='bbox 3607 3349 3667 3398; x_wconf 90' lang='lat' dir='ltr'>ut</span> <span class='ocrx_word' id='word_1_561' title='bbox 3689 3346 3763 3399; x_wconf 90' lang='lat' dir='ltr'>ad</span> <span class='ocrx_word' id='word_1_562' title='bbox 3787 3362 3911 3399; x_wconf 89' lang='lat' dir='ltr'>eum</span> 
     </span>
    </p>
   </div>
   <div class='ocr_carea' id='block_1_77' title="bbox 2274 3435 3910 3509">
    <p class='ocr_par' dir='ltr' id='par_1_77' title="bbox 2274 3435 3910 3509">
     <span class='ocr_line' id='line_1_77' title="bbox 2274 3435 3910 3509; baseline 0.002 -21"><span class='ocrx_word' id='word_1_563' title='bbox 2274 3435 2511 3489; x_wconf 90' lang='lat' dir='ltr'>modum</span> <span class='ocrx_word' id='word_1_564' title='bbox 2549 3453 2903 3508; x_wconf 87' lang='lat' dir='ltr'>quaecunque</span> <span class='ocrx_word' id='word_1_565' title='bbox 2964 3438 3069 3491; x_wconf 89' lang='lat' dir='ltr'>hoc</span> <span class='ocrx_word' id='word_1_566' title='bbox 3110 3442 3461 3493; x_wconf 89' lang='lat' dir='ltr'>concernnnt</span> <span class='ocrx_word' id='word_1_567' title='bbox 3508 3439 3589 3493; x_wconf 87' lang='lat' dir='ltr'>ita</span> <span class='ocrx_word' id='word_1_568' title='bbox 3642 3440 3910 3509; x_wconf 84' lang='lat' dir='ltr'>deinceps</span> 
     </span>
    </p>
   </div>
   <div class='ocr_carea' id='block_1_78' title="bbox 2274 3531 3910 3605">
    <p class='ocr_par' dir='ltr' id='par_1_78' title="bbox 2274 3531 3910 3605">
     <span class='ocr_line' id='line_1_78' title="bbox 2274 3531 3910 3605; baseline 0.003 -24"><span class='ocrx_word' id='word_1_569' title='bbox 2274 3535 2547 3599; x_wconf 87' lang='lat' dir='ltr'>gerantur</span> <span class='ocrx_word' id='word_1_570' title='bbox 2567 3531 2785 3585; x_wconf 91' lang='lat' dir='ltr'>ordine.</span> <span class='ocrx_word' id='word_1_571' title='bbox 2812 3532 2958 3587; x_wconf 91' lang='lat' dir='ltr'>Illud</span> <span class='ocrx_word' id='word_1_572' title='bbox 2981 3549 3115 3586; x_wconf 87' lang='lat' dir='ltr'>sane</span> <span class='ocrx_word' id='word_1_573' title='bbox 3142 3532 3516 3587; x_wconf 90' lang='lat' dir='ltr'>manifestum</span> <span class='ocrx_word' id='word_1_574' title='bbox 3536 3538 3640 3600; x_wconf 87' lang='lat' dir='ltr'>est,</span> <span class='ocrx_word' id='word_1_575' title='bbox 3657 3533 3707 3587; x_wconf 93' lang='lat' dir='ltr'>si</span> <span class='ocrx_word' id='word_1_576' title='bbox 3733 3536 3910 3605; x_wconf 83' lang='lat' dir='ltr'>majus</span> 
     </span>
    </p>
   </div>
   <div class='ocr_carea' id='block_1_79' title="bbox 2271 3622 3907 3700">
    <p class='ocr_par' dir='ltr' id='par_1_79' title="bbox 2271 3622 3907 3700">
     <span class='ocr_line' id='line_1_79' title="bbox 2271 3622 3907 3700; baseline 0.004 -25"><span class='ocrx_word' id='word_1_577' title='bbox 2271 3622 2633 3678; x_wconf 83' lang='lat' dir='ltr'>intervallum</span> <span class='ocrx_word' id='word_1_578' title='bbox 2657 3625 2748 3692; x_wconf 90' lang='lat' dir='ltr'>sit,</span> <span class='ocrx_word' id='word_1_579' title='bbox 2767 3630 2823 3679; x_wconf 90' lang='lat' dir='ltr'>et</span> <span class='ocrx_word' id='word_1_580' title='bbox 2850 3626 2951 3697; x_wconf 90' lang='lat' dir='ltr'>qui</span> <span class='ocrx_word' id='word_1_581' title='bbox 2976 3627 3188 3681; x_wconf 88' lang='lat' dir='ltr'>feretro</span> <span class='ocrx_word' id='word_1_582' title='bbox 3218 3627 3541 3682; x_wconf 89' lang='lat' dir='ltr'>inserviunt</span> <span class='ocrx_word' id='word_1_583' title='bbox 3563 3628 3774 3682; x_wconf 88' lang='lat' dir='ltr'>decani</span> <span class='ocrx_word' id='word_1_584' title='bbox 3795 3630 3907 3700; x_wconf 91' lang='lat' dir='ltr'>plu-</span> 
     </span>
    </p>
   </div>
   <div class='ocr_carea' id='block_1_80' title="bbox 2270 3717 3905 3794">
    <p class='ocr_par' dir='ltr' id='par_1_80' title="bbox 2270 3717 3905 3794">
     <span class='ocr_line' id='line_1_80' title="bbox 2270 3717 3905 3794; baseline 0.003 -24"><span class='ocrx_word' id='word_1_585' title='bbox 2270 3733 2362 3770; x_wconf 90' lang='lat' dir='ltr'>res</span> <span class='ocrx_word' id='word_1_586' title='bbox 2392 3717 2523 3786; x_wconf 87' lang='lat' dir='ltr'>sint,</span> <span class='ocrx_word' id='word_1_587' title='bbox 2554 3723 2611 3773; x_wconf 90' lang='lat' dir='ltr'>et</span> <span class='ocrx_word' id='word_1_588' title='bbox 2628 3720 2794 3789; x_wconf 88' lang='lat' dir='ltr'>plura</span> <span class='ocrx_word' id='word_1_589' title='bbox 2818 3721 3111 3787; x_wconf 88' lang='lat' dir='ltr'>asceteria,</span> <span class='ocrx_word' id='word_1_590' title='bbox 3138 3722 3291 3792; x_wconf 88' lang='lat' dir='ltr'>quod</span> <span class='ocrx_word' id='word_1_591' title='bbox 3315 3728 3555 3794; x_wconf 88' lang='lat' dir='ltr'>propter</span> <span class='ocrx_word' id='word_1_592' title='bbox 3572 3723 3747 3793; x_wconf 88' lang='lat' dir='ltr'>hujus</span> <span class='ocrx_word' id='word_1_593' title='bbox 3767 3739 3905 3794; x_wconf 82' lang='lat' dir='ltr'>pon-</span> 
     </span>
    </p>
   </div>
   <div class='ocr_carea' id='block_1_81' title="bbox 2271 3810 3904 3884">
    <p class='ocr_par' dir='ltr' id='par_1_81' title="bbox 2271 3810 3904 3884">
     <span class='ocr_line' id='line_1_81' title="bbox 2271 3810 3904 3884; baseline 0.004 -20"><span class='ocrx_word' id='word_1_594' title='bbox 2271 3810 2376 3865; x_wconf 85' lang='lat' dir='ltr'>dus</span> <span class='ocrx_word' id='word_1_595' title='bbox 2390 3815 2446 3866; x_wconf 89' lang='lat' dir='ltr'>et</span> <span class='ocrx_word' id='word_1_596' title='bbox 2462 3811 2598 3883; x_wconf 90' lang='lat' dir='ltr'>ipsis</span> <span class='ocrx_word' id='word_1_597' title='bbox 2611 3814 2906 3883; x_wconf 85' lang='lat' dir='ltr'>paululum</span> <span class='ocrx_word' id='word_1_598' title='bbox 2929 3815 3173 3884; x_wconf 86' lang='lat' dir='ltr'>dabitur,</span> <span class='ocrx_word' id='word_1_599' title='bbox 3197 3817 3267 3871; x_wconf 90' lang='lat' dir='ltr'>ad</span> <span class='ocrx_word' id='word_1_600' title='bbox 3289 3816 3738 3871; x_wconf 89' lang='lat' dir='ltr'>similitudinem</span> <span class='ocrx_word' id='word_1_601' title='bbox 3765 3834 3904 3871; x_wconf 81' lang='lat' dir='ltr'>asce-</span> 
     </span>
    </p>
   </div>
   <div class='ocr_carea' id='block_1_82' title="bbox 2268 3904 3897 3977">
    <p class='ocr_par' dir='ltr' id='par_1_82' title="bbox 2268 3904 3897 3977">
     <span class='ocr_line' id='line_1_82' title="bbox 2268 3904 3897 3977; baseline 0.004 -19"><span class='ocrx_word' id='word_1_602' title='bbox 2268 3904 2507 3959; x_wconf 88' lang='lat' dir='ltr'>triarum</span> <span class='ocrx_word' id='word_1_603' title='bbox 2539 3923 2666 3977; x_wconf 72' lang='lat' dir='ltr'>quos</span> <span class='ocrx_word' id='word_1_604' title='bbox 2696 3908 2847 3962; x_wconf 89' lang='lat' dir='ltr'>circa</span> <span class='ocrx_word' id='word_1_605' title='bbox 2868 3909 3290 3966; x_wconf 89' lang='lat' dir='ltr'>funerationem</span> <span class='ocrx_word' id='word_1_606' title='bbox 3315 3911 3577 3966; x_wconf 89' lang='lat' dir='ltr'>laborem</span> <span class='ocrx_word' id='word_1_607' title='bbox 3603 3911 3897 3967; x_wconf 88' lang='lat' dir='ltr'>sustinent.</span> 
     </span>
    </p>
   </div>
   <div class='ocr_carea' id='block_1_83' title="bbox 2269 4000 3902 4076">
    <p class='ocr_par' dir='ltr' id='par_1_83' title="bbox 2269 4000 3902 4076">
     <span class='ocr_line' id='line_1_83' title="bbox 2269 4000 3902 4076; baseline 0.004 -24"><span class='ocrx_word' id='word_1_608' title='bbox 2269 4000 2339 4053; x_wconf 91' lang='lat' dir='ltr'>Ut</span> <span class='ocrx_word' id='word_1_609' title='bbox 2386 4005 2623 4071; x_wconf 87' lang='lat' dir='ltr'>propter</span> <span class='ocrx_word' id='word_1_610' title='bbox 2660 4002 2988 4058; x_wconf 90' lang='lat' dir='ltr'>distantiam</span> <span class='ocrx_word' id='word_1_611' title='bbox 3039 4009 3096 4059; x_wconf 90' lang='lat' dir='ltr'>et</span> <span class='ocrx_word' id='word_1_612' title='bbox 3144 4004 3253 4076; x_wconf 91' lang='lat' dir='ltr'>ipsi</span> <span class='ocrx_word' id='word_1_613' title='bbox 3293 4006 3559 4076; x_wconf 74' lang='lat' dir='ltr'>copiastze</span> <span class='ocrx_word' id='word_1_614' title='bbox 3604 4006 3902 4061; x_wconf 89' lang='lat' dir='ltr'>videantur</span> 
     </span>
    </p>
   </div>
   <div class='ocr_carea' id='block_1_84' title="bbox 2267 4092 3897 4170">
    <p class='ocr_par' dir='ltr' id='par_1_84' title="bbox 2267 4092 3897 4170">
     <span class='ocr_line' id='line_1_84' title="bbox 2267 4092 3897 4170; baseline 0.004 -24"><span class='ocrx_word' id='word_1_615' title='bbox 2267 4092 2468 4148; x_wconf 82' lang='lat' dir='ltr'>exinde</span> <span class='ocrx_word' id='word_1_616' title='bbox 2488 4094 2750 4150; x_wconf 91' lang='lat' dir='ltr'>nonnihil</span> <span class='ocrx_word' id='word_1_617' title='bbox 2773 4097 2982 4153; x_wconf 88' lang='lat' dir='ltr'>habere</span> <span class='ocrx_word' id='word_1_618' title='bbox 3002 4098 3210 4170; x_wconf 88' lang='lat' dir='ltr'>solatii,</span> <span class='ocrx_word' id='word_1_619' title='bbox 3225 4098 3528 4154; x_wconf 88' lang='lat' dir='ltr'>videantur</span> <span class='ocrx_word' id='word_1_620' title='bbox 3545 4103 3745 4155; x_wconf 87' lang='lat' dir='ltr'>autem</span> <span class='ocrx_word' id='word_1_621' title='bbox 3764 4103 3897 4154; x_wconf 87' lang='lat' dir='ltr'>intra</span> 
     </span>
    </p>
   </div>
   <div class='ocr_carea' id='block_1_85' title="bbox 2268 4192 3891 4260">
    <p class='ocr_par' dir='ltr' id='par_1_85' title="bbox 2268 4192 3891 4260">
     <span class='ocr_line' id='line_1_85' title="bbox 2268 4192 3891 4260; baseline 0.004 -21"><span class='ocrx_word' id='word_1_622' title='bbox 2268 4202 2443 4241; x_wconf 91' lang='lat' dir='ltr'>novos</span> <span class='ocrx_word' id='word_1_623' title='bbox 2470 4205 2686 4257; x_wconf 90' lang='lat' dir='ltr'>muros,</span> <span class='ocrx_word' id='word_1_624' title='bbox 2722 4196 2779 4245; x_wconf 91' lang='lat' dir='ltr'>et</span> <span class='ocrx_word' id='word_1_625' title='bbox 2818 4192 3131 4247; x_wconf 90' lang='lat' dir='ltr'>terminum</span> <span class='ocrx_word' id='word_1_626' title='bbox 3170 4193 3587 4248; x_wconf 83' lang='lat' dir='ltr'>Justinianeum</span> <span class='ocrx_word' id='word_1_627' title='bbox 3626 4200 3683 4248; x_wconf 90' lang='lat' dir='ltr'>et</span> <span class='ocrx_word' id='word_1_628' title='bbox 3726 4194 3891 4260; x_wconf 83' lang='lat' dir='ltr'>Ficus,</span> 
     </span>
    </p>
   </div>
   <div class='ocr_carea' id='block_1_86' title="bbox 2266 4281 3891 4359">
    <p class='ocr_par' dir='ltr' id='par_1_86' title="bbox 2266 4281 3891 4359">
     <span class='ocr_line' id='line_1_86' title="bbox 2266 4281 3891 4359; baseline 0.002 -24"><span class='ocrx_word' id='word_1_629' title='bbox 2266 4281 2740 4353; x_wconf 86' lang='lat' dir='ltr'>quandoquidem</span> <span class='ocrx_word' id='word_1_630' title='bbox 2786 4303 2899 4341; x_wconf 89' lang='lat' dir='ltr'>non</span> <span class='ocrx_word' id='word_1_631' title='bbox 2940 4288 3112 4357; x_wconf 87' lang='lat' dir='ltr'>longe</span> <span class='ocrx_word' id='word_1_632' title='bbox 3155 4287 3388 4355; x_wconf 88' lang='lat' dir='ltr'>distant,</span> <span class='ocrx_word' id='word_1_633' title='bbox 3423 4304 3613 4358; x_wconf 89' lang='lat' dir='ltr'>neque</span> <span class='ocrx_word' id='word_1_634' title='bbox 3646 4306 3791 4359; x_wconf 88' lang='lat' dir='ltr'>opus</span> <span class='ocrx_word' id='word_1_635' title='bbox 3819 4291 3891 4342; x_wconf 87' lang='lat' dir='ltr'>est</span> 
     </span>
    </p>
   </div>
   <div class='ocr_carea' id='block_1_87' title="bbox 2264 4375 3888 4453">
    <p class='ocr_par' dir='ltr' id='par_1_87' title="bbox 2264 4375 3888 4453">
     <span class='ocr_line' id='line_1_87' title="bbox 2264 4375 3888 4453; baseline 0.005 -25"><span class='ocrx_word' id='word_1_636' title='bbox 2264 4375 2522 4447; x_wconf 86' lang='lat' dir='ltr'>longiore</span> <span class='ocrx_word' id='word_1_637' title='bbox 2544 4380 2823 4449; x_wconf 86' lang='lat' dir='ltr'>tempore,</span> <span class='ocrx_word' id='word_1_638' title='bbox 2846 4381 3132 4451; x_wconf 87' lang='lat' dir='ltr'>majoreve</span> <span class='ocrx_word' id='word_1_639' title='bbox 3156 4381 3368 4449; x_wconf 89' lang='lat' dir='ltr'>labore,</span> <span class='ocrx_word' id='word_1_640' title='bbox 3393 4386 3452 4435; x_wconf 92' lang='lat' dir='ltr'>ut</span> <span class='ocrx_word' id='word_1_641' title='bbox 3468 4382 3564 4436; x_wconf 89' lang='lat' dir='ltr'>illo</span> <span class='ocrx_word' id='word_1_642' title='bbox 3594 4384 3888 4453; x_wconf 81' lang='lat' dir='ltr'>pervenia-</span> 
     </span>
    </p>
   </div>
   <div class='ocr_carea' id='block_1_88' title="bbox 2262 4466 3886 4543">
    <p class='ocr_par' dir='ltr' id='par_1_88' title="bbox 2262 4466 3886 4543">
     <span class='ocr_line' id='line_1_88' title="bbox 2262 4466 3886 4543; baseline 0.006 -26"><span class='ocrx_word' id='word_1_643' title='bbox 2262 4468 2373 4519; x_wconf 93' lang='lat' dir='ltr'>tur.</span> <span class='ocrx_word' id='word_1_644' title='bbox 2404 4466 2461 4519; x_wconf 91' lang='lat' dir='ltr'>Si</span> <span class='ocrx_word' id='word_1_645' title='bbox 2493 4483 2629 4522; x_wconf 90' lang='lat' dir='ltr'>vero</span> <span class='ocrx_word' id='word_1_646' title='bbox 2658 4472 2813 4523; x_wconf 88' lang='lat' dir='ltr'>extra</span> <span class='ocrx_word' id='word_1_647' title='bbox 2857 4487 3037 4525; x_wconf 88' lang='lat' dir='ltr'>novos</span> <span class='ocrx_word' id='word_1_648' title='bbox 3084 4489 3279 4527; x_wconf 87' lang='lat' dir='ltr'>muros</span> <span class='ocrx_word' id='word_1_649' title='bbox 3319 4473 3491 4543; x_wconf 91' lang='lat' dir='ltr'>hujus</span> <span class='ocrx_word' id='word_1_650' title='bbox 3527 4473 3699 4527; x_wconf 67' lang='lat' dir='ltr'>almae</span> <span class='ocrx_word' id='word_1_651' title='bbox 3727 4474 3886 4539; x_wconf 85' lang='lat' dir='ltr'>urbis,</span> 
     </span>
    </p>
   </div>
   <div class='ocr_carea' id='block_1_89' title="bbox 522 4559 3881 4666">
    <p class='ocr_par' dir='ltr' id='par_1_89' title="bbox 522 4559 3881 4666">
     <span class='ocr_line' id='line_1_89' title="bbox 522 4559 3881 4666; baseline 0.003 -56"><span class='ocrx_word' id='word_1_652' title='bbox 522 4559 806 4632; x_wconf 84' lang='lat' dir='ltr'>quidquid</span> <span class='ocrx_word' id='word_1_653' title='bbox 831 4562 961 4631; x_wconf 90' lang='lat' dir='ltr'>post</span> <span class='ocrx_word' id='word_1_654' title='bbox 990 4559 1149 4630; x_wconf 90' lang='lat' dir='ltr'>prius</span> <span class='ocrx_word' id='word_1_655' title='bbox 1178 4565 1452 4617; x_wconf 89' lang='lat' dir='ltr'>semestre</span> <span class='ocrx_word' id='word_1_656' title='bbox 1490 4560 1744 4615; x_wconf 89' lang='lat' dir='ltr'>debitum</span> <span class='ocrx_word' id='word_1_657' title='bbox 1777 4563 1967 4631; x_wconf 89' lang='lat' dir='ltr'>fuerit,</span> <span class='ocrx_word' id='word_1_658' title='bbox 2000 4566 2105 4619; x_wconf 90' lang='lat' dir='ltr'>hoc</span> <span class='ocrx_word' id='word_1_659' title='bbox 2127 4584 2159 4620; x_wconf 87' lang='lat' dir='ltr'>a</span> <span class='ocrx_word' id='word_1_660' title='bbox 2178 4594 2238 4666; x_wconf 85' lang='lat' dir='ltr'><strong>D</strong></span> <span class='ocrx_word' id='word_1_661' title='bbox 2262 4563 2363 4613; x_wconf 80' lang='lat' dir='ltr'>aut</span> <span class='ocrx_word' id='word_1_662' title='bbox 2387 4560 2460 4613; x_wconf 88' lang='lat' dir='ltr'>ad</span> <span class='ocrx_word' id='word_1_663' title='bbox 2490 4561 2628 4615; x_wconf 91' lang='lat' dir='ltr'>alios</span> <span class='ocrx_word' id='word_1_664' title='bbox 2658 4564 2945 4619; x_wconf 87' lang='lat' dir='ltr'>terminos</span> <span class='ocrx_word' id='word_1_665' title='bbox 2968 4582 3139 4635; x_wconf 90' lang='lat' dir='ltr'>quam</span> <span class='ocrx_word' id='word_1_666' title='bbox 3180 4567 3393 4621; x_wconf 89' lang='lat' dir='ltr'>dictum</span> <span class='ocrx_word' id='word_1_667' title='bbox 3427 4570 3532 4634; x_wconf 88' lang='lat' dir='ltr'>est,</span> <span class='ocrx_word' id='word_1_668' title='bbox 3571 4568 3749 4623; x_wconf 87' lang='lat' dir='ltr'>elatio</span> <span class='ocrx_word' id='word_1_669' title='bbox 3778 4572 3881 4635; x_wconf 77' lang='lat' dir='ltr'>fiat,</span> 
     </span>
    </p>
   </div>
   <div class='ocr_carea' id='block_1_90' title="bbox 521 4654 2159 4724">
    <p class='ocr_par' dir='ltr' id='par_1_90' title="bbox 521 4654 2159 4724">
     <span class='ocr_line' id='line_1_90' title="bbox 521 4654 2159 4724; baseline 0.004 -16"><span class='ocrx_word' id='word_1_670' title='bbox 521 4654 619 4708; x_wconf 78' lang='lat' dir='ltr'>Dei</span> <span class='ocrx_word' id='word_1_671' title='bbox 650 4654 1057 4708; x_wconf 87' lang='lat' dir='ltr'>amantissimis</span> <span class='ocrx_word' id='word_1_672' title='bbox 1084 4654 1395 4709; x_wconf 71' lang='lat' dir='ltr'>osconomis</span> <span class='ocrx_word' id='word_1_673' title='bbox 1415 4655 1683 4724; x_wconf 82' lang='lat' dir='ltr'>exigatur</span> <span class='ocrx_word' id='word_1_674' title='bbox 1708 4674 1836 4711; x_wconf 91' lang='lat' dir='ltr'>cum</span> <span class='ocrx_word' id='word_1_675' title='bbox 1861 4659 2159 4714; x_wconf 88' lang='lat' dir='ltr'>trientibus</span> 
     </span>
    </p>
   </div>
   <div class='ocr_carea' id='block_1_91' title="bbox 516 4747 2157 4820">
    <p class='ocr_par' dir='ltr' id='par_1_91' title="bbox 516 4747 2157 4820">
     <span class='ocr_line' id='line_1_91' title="bbox 516 4747 2157 4820; baseline 0.005 -20"><span class='ocrx_word' id='word_1_676' title='bbox 516 4747 708 4801; x_wconf 89' lang='lat' dir='ltr'>usuris</span> <span class='ocrx_word' id='word_1_677' title='bbox 750 4747 1023 4817; x_wconf 69' lang='lat' dir='ltr'>legitima:</span> <span class='ocrx_word' id='word_1_678' title='bbox 1066 4748 1413 4817; x_wconf 70' lang='lat' dir='ltr'>centesimze,</span> <span class='ocrx_word' id='word_1_679' title='bbox 1454 4748 1875 4820; x_wconf 87' lang='lat' dir='ltr'>providentiam</span> <span class='ocrx_word' id='word_1_680' title='bbox 1913 4753 1973 4806; x_wconf 89' lang='lat' dir='ltr'>in</span> <span class='ocrx_word' id='word_1_681' title='bbox 2012 4752 2157 4809; x_wconf 91' lang='lat' dir='ltr'>hanc</span> 
     </span>
    </p>
   </div>
   <div class='ocr_carea' id='block_1_92' title="bbox 518 4841 2158 4919">
    <p class='ocr_par' dir='ltr' id='par_1_92' title="bbox 518 4841 2158 4919">
     <span class='ocr_line' id='line_1_92' title="bbox 518 4841 2158 4919; baseline 0.004 -23"><span class='ocrx_word' id='word_1_682' title='bbox 518 4856 643 4896; x_wconf 88' lang='lat' dir='ltr'>rem</span> <span class='ocrx_word' id='word_1_683' title='bbox 663 4841 971 4895; x_wconf 90' lang='lat' dir='ltr'>collocante</span> <span class='ocrx_word' id='word_1_684' title='bbox 999 4841 1427 4912; x_wconf 85' lang='lat' dir='ltr'>religiosissimo</span> <span class='ocrx_word' id='word_1_685' title='bbox 1459 4860 1561 4915; x_wconf 92' lang='lat' dir='ltr'>pro</span> <span class='ocrx_word' id='word_1_686' title='bbox 1595 4848 1857 4917; x_wconf 90' lang='lat' dir='ltr'>tempore</span> <span class='ocrx_word' id='word_1_687' title='bbox 1886 4848 2158 4919; x_wconf 81' lang='lat' dir='ltr'>archiepi-</span> 
     </span>
    </p>
   </div>
   <div class='ocr_carea' id='block_1_93' title="bbox 518 4935 2156 5005">
    <p class='ocr_par' dir='ltr' id='par_1_93' title="bbox 518 4935 2156 5005">
     <span class='ocr_line' id='line_1_93' title="bbox 518 4935 2156 5005; baseline 0.005 -17"><span class='ocrx_word' id='word_1_688' title='bbox 518 4951 686 5005; x_wconf 92' lang='lat' dir='ltr'>scopo</span> <span class='ocrx_word' id='word_1_689' title='bbox 724 4940 781 4989; x_wconf 91' lang='lat' dir='ltr'>et</span> <span class='ocrx_word' id='word_1_690' title='bbox 812 4935 1148 5005; x_wconf 59' lang='lat' dir='ltr'>patriarcha</span> <span class='ocrx_word' id='word_1_691' title='bbox 1179 4941 1557 4992; x_wconf 77' lang='lat' dir='ltr'>sacrosanctae</span> <span class='ocrx_word' id='word_1_692' title='bbox 1598 4937 1657 4993; x_wconf 92' lang='lat' dir='ltr'>in</span> <span class='ocrx_word' id='word_1_693' title='bbox 1690 4939 1797 4994; x_wconf 89' lang='lat' dir='ltr'>hac</span> <span class='ocrx_word' id='word_1_694' title='bbox 1825 4942 1979 4995; x_wconf 88' lang='lat' dir='ltr'>alma</span> <span class='ocrx_word' id='word_1_695' title='bbox 2018 4943 2156 4998; x_wconf 89' lang='lat' dir='ltr'>urbe</span> 
     </span>
    </p>
   </div>
   <div class='ocr_carea' id='block_1_94' title="bbox 516 5028 2151 5107">
    <p class='ocr_par' dir='ltr' id='par_1_94' title="bbox 516 5028 2151 5107">
     <span class='ocr_line' id='line_1_94' title="bbox 516 5028 2151 5107; baseline 0.004 -24"><span class='ocrx_word' id='word_1_696' title='bbox 516 5028 752 5100; x_wconf 88' lang='lat' dir='ltr'>majoris</span> <span class='ocrx_word' id='word_1_697' title='bbox 781 5028 1050 5081; x_wconf 69' lang='lat' dir='ltr'>ecclesiae.</span> <span class='ocrx_word' id='word_1_698' title='bbox 1085 5028 1140 5085; x_wconf 91' lang='lat' dir='ltr'>Si</span> <span class='ocrx_word' id='word_1_699' title='bbox 1177 5047 1309 5084; x_wconf 90' lang='lat' dir='ltr'>vero</span> <span class='ocrx_word' id='word_1_700' title='bbox 1341 5034 1398 5085; x_wconf 89' lang='lat' dir='ltr'>et</span> <span class='ocrx_word' id='word_1_701' title='bbox 1431 5032 1574 5085; x_wconf 89' lang='lat' dir='ltr'>alter</span> <span class='ocrx_word' id='word_1_702' title='bbox 1612 5049 1797 5107; x_wconf 86' lang='lat' dir='ltr'>annus</span> <span class='ocrx_word' id='word_1_703' title='bbox 1826 5039 2151 5106; x_wconf 67' lang='lat' dir='ltr'>praetereat,</span> 
     </span>
    </p>
   </div>
   <div class='ocr_carea' id='block_1_95' title="bbox 517 5120 2156 5193">
    <p class='ocr_par' dir='ltr' id='par_1_95' title="bbox 517 5120 2156 5193">
     <span class='ocr_line' id='line_1_95' title="bbox 517 5120 2156 5193; baseline 0.004 -16"><span class='ocrx_word' id='word_1_704' title='bbox 517 5128 573 5177; x_wconf 89' lang='lat' dir='ltr'>et</span> <span class='ocrx_word' id='word_1_705' title='bbox 604 5139 676 5177; x_wconf 91' lang='lat' dir='ltr'>ne</span> <span class='ocrx_word' id='word_1_706' title='bbox 707 5125 831 5175; x_wconf 90' lang='lat' dir='ltr'>tum</span> <span class='ocrx_word' id='word_1_707' title='bbox 854 5120 1087 5192; x_wconf 91' lang='lat' dir='ltr'>quidem</span> <span class='ocrx_word' id='word_1_708' title='bbox 1116 5122 1331 5193; x_wconf 89' lang='lat' dir='ltr'>aliquid</span> <span class='ocrx_word' id='word_1_709' title='bbox 1349 5125 1453 5179; x_wconf 90' lang='lat' dir='ltr'>Dei</span> <span class='ocrx_word' id='word_1_710' title='bbox 1477 5126 1853 5182; x_wconf 85' lang='lat' dir='ltr'>amantissimi</span> <span class='ocrx_word' id='word_1_711' title='bbox 1870 5131 2156 5184; x_wconf 85' lang='lat' dir='ltr'>oeconomi</span> 
     </span>
    </p>
   </div>
   <div class='ocr_carea' id='block_1_96' title="bbox 516 5216 2151 5293">
    <p class='ocr_par' dir='ltr' id='par_1_96' title="bbox 516 5216 2151 5293">
     <span class='ocr_line' id='line_1_96' title="bbox 516 5216 2151 5293; baseline 0.005 -22"><span class='ocrx_word' id='word_1_712' title='bbox 516 5217 808 5283; x_wconf 87' lang='lat' dir='ltr'>solverint,</span> <span class='ocrx_word' id='word_1_713' title='bbox 860 5216 1220 5270; x_wconf 89' lang='lat' dir='ltr'>sanctissimo</span> <span class='ocrx_word' id='word_1_714' title='bbox 1252 5234 1354 5287; x_wconf 91' lang='lat' dir='ltr'>pro</span> <span class='ocrx_word' id='word_1_715' title='bbox 1396 5221 1653 5289; x_wconf 89' lang='lat' dir='ltr'>tempore</span> <span class='ocrx_word' id='word_1_716' title='bbox 1704 5223 2045 5293; x_wconf 69' lang='lat' dir='ltr'>patriarcha:</span> <span class='ocrx_word' id='word_1_717' title='bbox 2086 5225 2151 5278; x_wconf 88' lang='lat' dir='ltr'>li-</span> 
     </span>
    </p>
   </div>
   <div class='ocr_carea' id='block_1_97' title="bbox 518 5311 2151 5382">
    <p class='ocr_par' dir='ltr' id='par_1_97' title="bbox 518 5311 2151 5382">
     <span class='ocr_line' id='line_1_97' title="bbox 518 5311 2151 5382; baseline 0.006 -19"><span class='ocrx_word' id='word_1_718' title='bbox 518 5311 704 5365; x_wconf 90' lang='lat' dir='ltr'>centia</span> <span class='ocrx_word' id='word_1_719' title='bbox 732 5311 801 5364; x_wconf 92' lang='lat' dir='ltr'>sit</span> <span class='ocrx_word' id='word_1_720' title='bbox 832 5327 947 5364; x_wconf 92' lang='lat' dir='ltr'>non</span> <span class='ocrx_word' id='word_1_721' title='bbox 979 5311 1159 5364; x_wconf 90' lang='lat' dir='ltr'>solum</span> <span class='ocrx_word' id='word_1_722' title='bbox 1191 5311 1345 5382; x_wconf 89' lang='lat' dir='ltr'>quod</span> <span class='ocrx_word' id='word_1_723' title='bbox 1376 5314 1864 5370; x_wconf 85' lang='lat' dir='ltr'>reverendissimis</span> <span class='ocrx_word' id='word_1_724' title='bbox 1890 5318 2151 5373; x_wconf 53' lang='lat' dir='ltr'>mulieri-</span> 
     </span>
    </p>
   </div>
   <div class='ocr_carea' id='block_1_98' title="bbox 511 5403 2153 5475">
    <p class='ocr_par' dir='ltr' id='par_1_98' title="bbox 511 5403 2153 5475">
     <span class='ocr_line' id='line_1_98' title="bbox 511 5403 2153 5475; baseline 0.006 -18"><span class='ocrx_word' id='word_1_725' title='bbox 511 5403 616 5458; x_wconf 89' lang='lat' dir='ltr'>bus</span> <span class='ocrx_word' id='word_1_726' title='bbox 636 5409 691 5459; x_wconf 91' lang='lat' dir='ltr'>et</span> <span class='ocrx_word' id='word_1_727' title='bbox 718 5404 1006 5475; x_wconf 59' lang='lat' dir='ltr'>praedictis</span> <span class='ocrx_word' id='word_1_728' title='bbox 1024 5404 1258 5458; x_wconf 87' lang='lat' dir='ltr'>decanis</span> <span class='ocrx_word' id='word_1_729' title='bbox 1279 5405 1536 5473; x_wconf 88' lang='lat' dir='ltr'>debetur,</span> <span class='ocrx_word' id='word_1_730' title='bbox 1562 5425 1594 5461; x_wconf 87' lang='lat' dir='ltr'>a</span> <span class='ocrx_word' id='word_1_731' title='bbox 1619 5409 1713 5462; x_wconf 79' lang='lat' dir='ltr'>Dei</span> <span class='ocrx_word' id='word_1_732' title='bbox 1741 5412 2153 5467; x_wconf 89' lang='lat' dir='ltr'>amantissimis</span> 
     </span>
    </p>
   </div>
   <div class='ocr_carea' id='block_1_99' title="bbox 512 5498 2151 5573">
    <p class='ocr_par' dir='ltr' id='par_1_99' title="bbox 512 5498 2151 5573">
     <span class='ocr_line' id='line_1_99' title="bbox 512 5498 2151 5573; baseline 0.006 -22"><span class='ocrx_word' id='word_1_733' title='bbox 512 5498 828 5552; x_wconf 79' lang='lat' dir='ltr'>oeconomis</span> <span class='ocrx_word' id='word_1_734' title='bbox 856 5514 984 5551; x_wconf 89' lang='lat' dir='ltr'>cum</span> <span class='ocrx_word' id='word_1_735' title='bbox 1026 5498 1279 5568; x_wconf 68' lang='lat' dir='ltr'>praefatis</span> <span class='ocrx_word' id='word_1_736' title='bbox 1327 5500 1509 5554; x_wconf 89' lang='lat' dir='ltr'>usuris</span> <span class='ocrx_word' id='word_1_737' title='bbox 1539 5502 1785 5573; x_wconf 84' lang='lat' dir='ltr'>exigere,</span> <span class='ocrx_word' id='word_1_738' title='bbox 1831 5506 1931 5559; x_wconf 86' lang='lat' dir='ltr'>sed</span> <span class='ocrx_word' id='word_1_739' title='bbox 1976 5508 2151 5561; x_wconf 90' lang='lat' dir='ltr'>etiam</span> 
     </span>
    </p>
   </div>
   <div class='ocr_carea' id='block_1_100' title="bbox 508 5590 2146 5669">
    <p class='ocr_par' dir='ltr' id='par_1_100' title="bbox 508 5590 2146 5669">
     <span class='ocr_line' id='line_1_100' title="bbox 508 5590 2146 5669; baseline 0.005 -25"><span class='ocrx_word' id='word_1_740' title='bbox 508 5590 666 5663; x_wconf 88' lang='lat' dir='ltr'>ipsos</span> <span class='ocrx_word' id='word_1_741' title='bbox 692 5607 897 5661; x_wconf 89' lang='lat' dir='ltr'>cogere</span> <span class='ocrx_word' id='word_1_742' title='bbox 930 5595 992 5645; x_wconf 88' lang='lat' dir='ltr'>ut</span> <span class='ocrx_word' id='word_1_743' title='bbox 1023 5592 1214 5646; x_wconf 85' lang='lat' dir='ltr'>omnia</span> <span class='ocrx_word' id='word_1_744' title='bbox 1237 5610 1364 5665; x_wconf 63' lang='lat' dir='ltr'>quae</span> <span class='ocrx_word' id='word_1_745' title='bbox 1386 5593 1660 5665; x_wconf 87' lang='lat' dir='ltr'>deputata</span> <span class='ocrx_word' id='word_1_746' title='bbox 1685 5601 1820 5651; x_wconf 90' lang='lat' dir='ltr'>sunt</span> <span class='ocrx_word' id='word_1_747' title='bbox 1844 5602 2146 5669; x_wconf 66' lang='lat' dir='ltr'>praestent;</span> 
     </span>
    </p>
   </div>
   <div class='ocr_carea' id='block_1_101' title="bbox 506 5684 2146 5757">
    <p class='ocr_par' dir='ltr' id='par_1_101' title="bbox 506 5684 2146 5757">
     <span class='ocr_line' id='line_1_101' title="bbox 506 5684 2146 5757; baseline 0.005 -18"><span class='ocrx_word' id='word_1_748' title='bbox 506 5690 562 5739; x_wconf 90' lang='lat' dir='ltr'>et</span> <span class='ocrx_word' id='word_1_749' title='bbox 590 5686 637 5740; x_wconf 92' lang='lat' dir='ltr'>si</span> <span class='ocrx_word' id='word_1_750' title='bbox 671 5684 1061 5739; x_wconf 88' lang='lat' dir='ltr'>sanctissimus</span> <span class='ocrx_word' id='word_1_751' title='bbox 1088 5686 1410 5757; x_wconf 85' lang='lat' dir='ltr'>patriarcha</span> <span class='ocrx_word' id='word_1_752' title='bbox 1435 5689 1698 5757; x_wconf 86' lang='lat' dir='ltr'>voluerit,</span> <span class='ocrx_word' id='word_1_753' title='bbox 1730 5695 1791 5745; x_wconf 92' lang='lat' dir='ltr'>ut</span> <span class='ocrx_word' id='word_1_754' title='bbox 1828 5693 2004 5747; x_wconf 86' lang='lat' dir='ltr'>etiam</span> <span class='ocrx_word' id='word_1_755' title='bbox 2035 5695 2146 5748; x_wconf 90' lang='lat' dir='ltr'>sol-</span> 
     </span>
    </p>
   </div>
   <div class='ocr_carea' id='block_1_102' title="bbox 507 5777 2145 5857">
    <p class='ocr_par' dir='ltr' id='par_1_102' title="bbox 507 5777 2145 5857">
     <span class='ocr_line' id='line_1_102' title="bbox 507 5777 2145 5857; baseline 0.005 -24"><span class='ocrx_word' id='word_1_756' title='bbox 507 5778 808 5835; x_wconf 88' lang='lat' dir='ltr'>licitudine</span> <span class='ocrx_word' id='word_1_757' title='bbox 839 5777 1153 5833; x_wconf 88' lang='lat' dir='ltr'>fundorum</span> <span class='ocrx_word' id='word_1_758' title='bbox 1186 5780 1340 5851; x_wconf 88' lang='lat' dir='ltr'>ipsos</span> <span class='ocrx_word' id='word_1_759' title='bbox 1370 5781 1574 5853; x_wconf 86' lang='lat' dir='ltr'>ejiciat,</span> <span class='ocrx_word' id='word_1_760' title='bbox 1603 5786 1660 5839; x_wconf 90' lang='lat' dir='ltr'>et</span> <span class='ocrx_word' id='word_1_761' title='bbox 1682 5790 1908 5857; x_wconf 89' lang='lat' dir='ltr'>repetat</span> <span class='ocrx_word' id='word_1_762' title='bbox 1933 5785 2145 5842; x_wconf 88' lang='lat' dir='ltr'>horum</span> 
     </span>
    </p>
   </div>
   <div class='ocr_carea' id='block_1_103' title="bbox 504 5869 2141 5953">
    <p class='ocr_par' dir='ltr' id='par_1_103' title="bbox 504 5869 2141 5953">
     <span class='ocr_line' id='line_1_103' title="bbox 504 5869 2141 5953; baseline 0.007 -28"><span class='ocrx_word' id='word_1_763' title='bbox 504 5869 947 5945; x_wconf 84' lang='lat' dir='ltr'>inspectionem,</span> <span class='ocrx_word' id='word_1_764' title='bbox 972 5872 1460 5943; x_wconf 85' lang='lat' dir='ltr'>quemadmodum</span> <span class='ocrx_word' id='word_1_765' title='bbox 1482 5876 1655 5933; x_wconf 91' lang='lat' dir='ltr'>modo</span> <span class='ocrx_word' id='word_1_766' title='bbox 1675 5879 1829 5951; x_wconf 89' lang='lat' dir='ltr'>apud</span> <span class='ocrx_word' id='word_1_767' title='bbox 1856 5880 2010 5953; x_wconf 90' lang='lat' dir='ltr'>ipsos</span> <span class='ocrx_word' id='word_1_768' title='bbox 2031 5887 2141 5937; x_wconf 89' lang='lat' dir='ltr'>est:</span> 
     </span>
    </p>
   </div>
   <div class='ocr_carea' id='block_1_104' title="bbox 2259 4656 3883 4727">
    <p class='ocr_par' dir='ltr' id='par_1_104' title="bbox 2259 4656 3883 4727">
     <span class='ocr_line' id='line_1_104' title="bbox 2259 4656 3883 4727; baseline 0.005 -20"><span class='ocrx_word' id='word_1_769' title='bbox 2259 4656 2394 4708; x_wconf 91' lang='lat' dir='ltr'>tunc</span> <span class='ocrx_word' id='word_1_770' title='bbox 2409 4656 2665 4710; x_wconf 68' lang='lat' dir='ltr'>ascetriaz</span> <span class='ocrx_word' id='word_1_771' title='bbox 2684 4658 2920 4727; x_wconf 90' lang='lat' dir='ltr'>quidem</span> <span class='ocrx_word' id='word_1_772' title='bbox 2939 4660 3054 4714; x_wconf 89' lang='lat' dir='ltr'>sive</span> <span class='ocrx_word' id='word_1_773' title='bbox 3066 4662 3359 4715; x_wconf 71' lang='lat' dir='ltr'>canonicze</span> <span class='ocrx_word' id='word_1_774' title='bbox 3378 4665 3493 4715; x_wconf 91' lang='lat' dir='ltr'>tres</span> <span class='ocrx_word' id='word_1_775' title='bbox 3516 4667 3574 4717; x_wconf 91' lang='lat' dir='ltr'>ct</span> <span class='ocrx_word' id='word_1_776' title='bbox 3593 4662 3883 4717; x_wconf 87' lang='lat' dir='ltr'>dimidium</span> 
     </span>
    </p>
   </div>
   <div class='ocr_carea' id='block_1_105' title="bbox 2259 4747 3881 4828">
    <p class='ocr_par' dir='ltr' id='par_1_105' title="bbox 2259 4747 3881 4828">
     <span class='ocr_line' id='line_1_105' title="bbox 2259 4747 3881 4828; baseline 0.006 -27"><span class='ocrx_word' id='word_1_777' title='bbox 2259 4747 2505 4803; x_wconf 90' lang='lat' dir='ltr'>solidum</span> <span class='ocrx_word' id='word_1_778' title='bbox 2559 4751 2901 4822; x_wconf 91' lang='lat' dir='ltr'>percipiant,</span> <span class='ocrx_word' id='word_1_779' title='bbox 2943 4771 3127 4826; x_wconf 90' lang='lat' dir='ltr'>neque</span> <span class='ocrx_word' id='word_1_780' title='bbox 3169 4756 3258 4809; x_wconf 90' lang='lat' dir='ltr'>hic</span> <span class='ocrx_word' id='word_1_781' title='bbox 3299 4755 3615 4828; x_wconf 88' lang='lat' dir='ltr'>quidquam</span> <span class='ocrx_word' id='word_1_782' title='bbox 3660 4759 3881 4812; x_wconf 89' lang='lat' dir='ltr'>omnino</span> 
     </span>
    </p>
   </div>
   <div class='ocr_carea' id='block_1_106' title="bbox 2258 4843 3884 4922">
    <p class='ocr_par' dir='ltr' id='par_1_106' title="bbox 2258 4843 3884 4922">
     <span class='ocr_line' id='line_1_106' title="bbox 2258 4843 3884 4922; baseline 0.007 -27"><span class='ocrx_word' id='word_1_783' title='bbox 2258 4843 2679 4898; x_wconf 89' lang='lat' dir='ltr'>communionis</span> <span class='ocrx_word' id='word_1_784' title='bbox 2701 4846 3044 4902; x_wconf 85' lang='lat' dir='ltr'>habentibus</span> <span class='ocrx_word' id='word_1_785' title='bbox 3069 4849 3364 4905; x_wconf 87' lang='lat' dir='ltr'>acoluthis.</span> <span class='ocrx_word' id='word_1_786' title='bbox 3387 4851 3527 4922; x_wconf 83' lang='lat' dir='ltr'>ipsis</span> <span class='ocrx_word' id='word_1_787' title='bbox 3554 4855 3754 4907; x_wconf 87' lang='lat' dir='ltr'>autem</span> <span class='ocrx_word' id='word_1_788' title='bbox 3780 4868 3884 4907; x_wconf 83' lang='lat' dir='ltr'>aco—</span> 
     </span>
    </p>
   </div>
   <div class='ocr_carea' id='block_1_107' title="bbox 2258 4937 3882 5016">
    <p class='ocr_par' dir='ltr' id='par_1_107' title="bbox 2258 4937 3882 5016">
     <span class='ocr_line' id='line_1_107' title="bbox 2258 4937 3882 5016; baseline 0.009 -26"><span class='ocrx_word' id='word_1_789' title='bbox 2258 4937 2431 4991; x_wconf 87' lang='lat' dir='ltr'>luthis</span> <span class='ocrx_word' id='word_1_790' title='bbox 2449 4938 2518 4992; x_wconf 89' lang='lat' dir='ltr'>ad</span> <span class='ocrx_word' id='word_1_791' title='bbox 2541 4939 2770 5011; x_wconf 86' lang='lat' dir='ltr'>singula</span> <span class='ocrx_word' id='word_1_792' title='bbox 2797 4943 3071 4997; x_wconf 88' lang='lat' dir='ltr'>asceteria</span> <span class='ocrx_word' id='word_1_793' title='bbox 3091 4948 3393 5016; x_wconf 85' lang='lat' dir='ltr'>quaternas</span> <span class='ocrx_word' id='word_1_794' title='bbox 3416 4947 3811 5005; x_wconf 85' lang='lat' dir='ltr'>auferentibus</span> <span class='ocrx_word' id='word_1_795' title='bbox 3825 4953 3882 5005; x_wconf 88' lang='lat' dir='ltr'>si-</span> 
     </span>
    </p>
   </div>
   <div class='ocr_carea' id='block_1_108' title="bbox 2256 5031 3881 5111">
    <p class='ocr_par' dir='ltr' id='par_1_108' title="bbox 2256 5031 3881 5111">
     <span class='ocr_line' id='line_1_108' title="bbox 2256 5031 3881 5111; baseline 0.009 -27"><span class='ocrx_word' id='word_1_796' title='bbox 2256 5031 2457 5103; x_wconf 88' lang='lat' dir='ltr'>liquas,</span> <span class='ocrx_word' id='word_1_797' title='bbox 2478 5036 2536 5086; x_wconf 90' lang='lat' dir='ltr'>et</span> <span class='ocrx_word' id='word_1_798' title='bbox 2561 5039 2845 5104; x_wconf 68' lang='lat' dir='ltr'>prmterea</span> <span class='ocrx_word' id='word_1_799' title='bbox 2863 5036 3040 5092; x_wconf 91' lang='lat' dir='ltr'>nihil:</span> <span class='ocrx_word' id='word_1_800' title='bbox 3072 5040 3387 5093; x_wconf 89' lang='lat' dir='ltr'>secundum</span> <span class='ocrx_word' id='word_1_801' title='bbox 3408 5042 3749 5111; x_wconf 71' lang='lat' dir='ltr'>praedictam</span> <span class='ocrx_word' id='word_1_802' title='bbox 3765 5045 3881 5100; x_wconf 83' lang='lat' dir='ltr'>divi-</span> 
     </span>
    </p>
   </div>
   <div class='ocr_carea' id='block_1_109' title="bbox 2257 5126 3875 5211">
    <p class='ocr_par' dir='ltr' id='par_1_109' title="bbox 2257 5126 3875 5211">
     <span class='ocr_line' id='line_1_109' title="bbox 2257 5126 3875 5211; baseline 0.011 -33"><span class='ocrx_word' id='word_1_803' title='bbox 2257 5126 2475 5180; x_wconf 90' lang='lat' dir='ltr'>sionem</span> <span class='ocrx_word' id='word_1_804' title='bbox 2506 5129 2778 5184; x_wconf 87' lang='lat' dir='ltr'>asceterio</span> <span class='ocrx_word' id='word_1_805' title='bbox 2796 5147 2927 5184; x_wconf 90' lang='lat' dir='ltr'>cum</span> <span class='ocrx_word' id='word_1_806' title='bbox 2950 5132 3131 5186; x_wconf 86' lang='lat' dir='ltr'>tribus</span> <span class='ocrx_word' id='word_1_807' title='bbox 3154 5134 3432 5188; x_wconf 89' lang='lat' dir='ltr'>acoluthis</span> <span class='ocrx_word' id='word_1_808' title='bbox 3455 5136 3742 5194; x_wconf 88' lang='lat' dir='ltr'>feretrum</span> <span class='ocrx_word' id='word_1_809' title='bbox 3764 5156 3875 5211; x_wconf 84' lang='lat' dir='ltr'>gra-</span> 
     </span>
    </p>
   </div>
   <div class='ocr_carea' id='block_1_110' title="bbox 2256 5219 3877 5307">
    <p class='ocr_par' dir='ltr' id='par_1_110' title="bbox 2256 5219 3877 5307">
     <span class='ocr_line' id='line_1_110' title="bbox 2256 5219 3877 5307; baseline 0.009 -35"><span class='ocrx_word' id='word_1_810' title='bbox 2256 5219 2327 5273; x_wconf 91' lang='lat' dir='ltr'>tis</span> <span class='ocrx_word' id='word_1_811' title='bbox 2358 5221 2664 5291; x_wconf 70' lang='lat' dir='ltr'>praebitum</span> <span class='ocrx_word' id='word_1_812' title='bbox 2693 5230 2990 5294; x_wconf 90' lang='lat' dir='ltr'>sequente,</span> <span class='ocrx_word' id='word_1_813' title='bbox 3010 5230 3066 5281; x_wconf 91' lang='lat' dir='ltr'>et</span> <span class='ocrx_word' id='word_1_814' title='bbox 3093 5228 3333 5283; x_wconf 90' lang='lat' dir='ltr'>omnino</span> <span class='ocrx_word' id='word_1_815' title='bbox 3358 5229 3438 5284; x_wconf 89' lang='lat' dir='ltr'>illi</span> <span class='ocrx_word' id='word_1_816' title='bbox 3460 5233 3778 5289; x_wconf 87' lang='lat' dir='ltr'>accedente</span> <span class='ocrx_word' id='word_1_817' title='bbox 3790 5250 3877 5307; x_wconf 86' lang='lat' dir='ltr'>per</span> 
     </span>
    </p>
   </div>
   <div class='ocr_carea' id='block_1_111' title="bbox 2256 5316 3871 5396">
    <p class='ocr_par' dir='ltr' id='par_1_111' title="bbox 2256 5316 3871 5396">
     <span class='ocr_line' id='line_1_111' title="bbox 2256 5316 3871 5396; baseline 0.009 -30"><span class='ocrx_word' id='word_1_818' title='bbox 2256 5319 2381 5369; x_wconf 90' lang='lat' dir='ltr'>octo</span> <span class='ocrx_word' id='word_1_819' title='bbox 2408 5316 2679 5371; x_wconf 85' lang='lat' dir='ltr'>ascetrias</span> <span class='ocrx_word' id='word_1_820' title='bbox 2708 5319 2821 5373; x_wconf 87' lang='lat' dir='ltr'>sive</span> <span class='ocrx_word' id='word_1_821' title='bbox 2864 5322 3170 5375; x_wconf 90' lang='lat' dir='ltr'>canonicas</span> <span class='ocrx_word' id='word_1_822' title='bbox 3199 5327 3257 5377; x_wconf 92' lang='lat' dir='ltr'>et</span> <span class='ocrx_word' id='word_1_823' title='bbox 3279 5327 3395 5377; x_wconf 87' lang='lat' dir='ltr'>tres</span> <span class='ocrx_word' id='word_1_824' title='bbox 3427 5326 3509 5395; x_wconf 91' lang='lat' dir='ltr'>(ut</span> <span class='ocrx_word' id='word_1_825' title='bbox 3540 5326 3763 5383; x_wconf 89' lang='lat' dir='ltr'>dictum</span> <span class='ocrx_word' id='word_1_826' title='bbox 3789 5330 3871 5396; x_wconf 84' lang='lat' dir='ltr'>est)</span> 
     </span>
    </p>
   </div>
   <div class='ocr_carea' id='block_1_112' title="bbox 2252 5409 3870 5490">
    <p class='ocr_par' dir='ltr' id='par_1_112' title="bbox 2252 5409 3870 5490">
     <span class='ocr_line' id='line_1_112' title="bbox 2252 5409 3870 5490; baseline 0.011 -29"><span class='ocrx_word' id='word_1_827' title='bbox 2252 5409 2561 5477; x_wconf 85' lang='lat' dir='ltr'>acoluthos,</span> <span class='ocrx_word' id='word_1_828' title='bbox 2580 5411 2722 5466; x_wconf 90' lang='lat' dir='ltr'>nihil</span> <span class='ocrx_word' id='word_1_829' title='bbox 2737 5429 2973 5484; x_wconf 89' lang='lat' dir='ltr'>prorsus</span> <span class='ocrx_word' id='word_1_830' title='bbox 2992 5417 3339 5488; x_wconf 87' lang='lat' dir='ltr'>auferentes,</span> <span class='ocrx_word' id='word_1_831' title='bbox 3360 5423 3457 5472; x_wconf 89' lang='lat' dir='ltr'>aut</span> <span class='ocrx_word' id='word_1_832' title='bbox 3475 5437 3582 5490; x_wconf 88' lang='lat' dir='ltr'>per</span> <span class='ocrx_word' id='word_1_833' title='bbox 3595 5421 3870 5478; x_wconf 86' lang='lat' dir='ltr'>dationem</span> 
     </span>
    </p>
   </div>
   <div class='ocr_carea' id='block_1_113' title="bbox 2252 5507 3870 5589">
    <p class='ocr_par' dir='ltr' id='par_1_113' title="bbox 2252 5507 3870 5589">
     <span class='ocr_line' id='line_1_113' title="bbox 2252 5507 3870 5589; baseline 0.011 -34"><span class='ocrx_word' id='word_1_834' title='bbox 2252 5519 2550 5558; x_wconf 89' lang='lat' dir='ltr'>cereorum</span> <span class='ocrx_word' id='word_1_835' title='bbox 2596 5507 2909 5577; x_wconf 87' lang='lat' dir='ltr'>exigentes,</span> <span class='ocrx_word' id='word_1_836' title='bbox 2938 5514 3035 5563; x_wconf 87' lang='lat' dir='ltr'>aut</span> <span class='ocrx_word' id='word_1_837' title='bbox 3062 5511 3166 5565; x_wconf 89' lang='lat' dir='ltr'>sub</span> <span class='ocrx_word' id='word_1_838' title='bbox 3193 5512 3304 5566; x_wconf 89' lang='lat' dir='ltr'>alio</span> <span class='ocrx_word' id='word_1_839' title='bbox 3334 5514 3664 5571; x_wconf 89' lang='lat' dir='ltr'>velamento</span> <span class='ocrx_word' id='word_1_840' title='bbox 3697 5533 3870 5589; x_wconf 83' lang='lat' dir='ltr'>quem-</span> 
     </span>
    </p>
   </div>
   <div class='ocr_carea' id='block_1_114' title="bbox 2251 5600 3867 5677">
    <p class='ocr_par' dir='ltr' id='par_1_114' title="bbox 2251 5600 3867 5677">
     <span class='ocr_line' id='line_1_114' title="bbox 2251 5600 3867 5677; baseline 0.009 -27"><span class='ocrx_word' id='word_1_841' title='bbox 2251 5613 2475 5669; x_wconf 91' lang='lat' dir='ltr'>cunque</span> <span class='ocrx_word' id='word_1_842' title='bbox 2508 5600 2821 5655; x_wconf 87' lang='lat' dir='ltr'>exactionis</span> <span class='ocrx_word' id='word_1_843' title='bbox 2848 5605 3085 5659; x_wconf 92' lang='lat' dir='ltr'>modum</span> <span class='ocrx_word' id='word_1_844' title='bbox 3107 5606 3517 5677; x_wconf 85' lang='lat' dir='ltr'>excogitantes.</span> <span class='ocrx_word' id='word_1_845' title='bbox 3540 5610 3674 5664; x_wconf 69' lang='lat' dir='ltr'>Haec</span> <span class='ocrx_word' id='word_1_846' title='bbox 3703 5618 3867 5666; x_wconf 82' lang='lat' dir='ltr'>autem</span> 
     </span>
    </p>
   </div>
   <div class='ocr_carea' id='block_1_115' title="bbox 2250 5691 3866 5775">
    <p class='ocr_par' dir='ltr' id='par_1_115' title="bbox 2250 5691 3866 5775">
     <span class='ocr_line' id='line_1_115' title="bbox 2250 5691 3866 5775; baseline 0.009 -31"><span class='ocrx_word' id='word_1_847' title='bbox 2250 5691 2444 5747; x_wconf 89' lang='lat' dir='ltr'>omnia</span> <span class='ocrx_word' id='word_1_848' title='bbox 2463 5693 2531 5747; x_wconf 93' lang='lat' dir='ltr'>de</span> <span class='ocrx_word' id='word_1_849' title='bbox 2548 5694 2635 5749; x_wconf 91' lang='lat' dir='ltr'>his</span> <span class='ocrx_word' id='word_1_850' title='bbox 2658 5699 2883 5751; x_wconf 88' lang='lat' dir='ltr'>tantum</span> <span class='ocrx_word' id='word_1_851' title='bbox 2905 5698 3234 5768; x_wconf 83' lang='lat' dir='ltr'>definimus,</span> <span class='ocrx_word' id='word_1_852' title='bbox 3252 5702 3346 5771; x_wconf 90' lang='lat' dir='ltr'>qui</span> <span class='ocrx_word' id='word_1_853' title='bbox 3367 5717 3486 5756; x_wconf 91' lang='lat' dir='ltr'>non</span> <span class='ocrx_word' id='word_1_854' title='bbox 3504 5719 3614 5775; x_wconf 91' lang='lat' dir='ltr'>per</span> <span class='ocrx_word' id='word_1_855' title='bbox 3629 5706 3866 5761; x_wconf 86' lang='lat' dir='ltr'>ambitio-</span> 
     </span>
    </p>
   </div>
   <div class='ocr_carea' id='block_1_116' title="bbox 2249 5788 3867 5873">
    <p class='ocr_par' dir='ltr' id='par_1_116' title="bbox 2249 5788 3867 5873">
     <span class='ocr_line' id='line_1_116' title="bbox 2249 5788 3867 5873; baseline 0.01 -34"><span class='ocrx_word' id='word_1_856' title='bbox 2249 5801 2383 5840; x_wconf 90' lang='lat' dir='ltr'>nem</span> <span class='ocrx_word' id='word_1_857' title='bbox 2414 5790 2468 5841; x_wconf 92' lang='lat' dir='ltr'>et</span> <span class='ocrx_word' id='word_1_858' title='bbox 2490 5788 2944 5847; x_wconf 75' lang='lat' dir='ltr'>munificentiam</span> <span class='ocrx_word' id='word_1_859' title='bbox 2972 5810 3183 5866; x_wconf 86' lang='lat' dir='ltr'>magna</span> <span class='ocrx_word' id='word_1_860' title='bbox 3205 5795 3301 5850; x_wconf 88' lang='lat' dir='ltr'>illa</span> <span class='ocrx_word' id='word_1_861' title='bbox 3320 5795 3432 5851; x_wconf 91' lang='lat' dir='ltr'>duo</span> <span class='ocrx_word' id='word_1_862' title='bbox 3453 5797 3670 5854; x_wconf 88' lang='lat' dir='ltr'>feretra</span> <span class='ocrx_word' id='word_1_863' title='bbox 3688 5801 3745 5855; x_wconf 91' lang='lat' dir='ltr'>in</span> <span class='ocrx_word' id='word_1_864' title='bbox 3768 5815 3867 5873; x_wconf 82' lang='lat' dir='ltr'>pre-</span> 
     </span>
    </p>
   </div>
   <div class='ocr_carea' id='block_1_117' title="bbox 2247 5879 3866 5969">
    <p class='ocr_par' dir='ltr' id='par_1_117' title="bbox 2247 5879 3866 5969">
     <span class='ocr_line' id='line_1_117' title="bbox 2247 5879 3866 5969; baseline 0.011 -35"><span class='ocrx_word' id='word_1_865' title='bbox 2247 5879 2525 5937; x_wconf 88' lang='lat' dir='ltr'>tiosarum</span> <span class='ocrx_word' id='word_1_866' title='bbox 2553 5900 2748 5941; x_wconf 83' lang='lat' dir='ltr'>rerum</span> <span class='ocrx_word' id='word_1_867' title='bbox 2761 5886 3033 5946; x_wconf 89' lang='lat' dir='ltr'>thesauro</span> <span class='ocrx_word' id='word_1_868' title='bbox 3050 5890 3597 5966; x_wconf 88' lang='lat' dir='ltr'>recondita,nempe</span> <span class='ocrx_word' id='word_1_869' title='bbox 3626 5896 3866 5969; x_wconf 66' lang='lat' dir='ltr'>gloriose</span> 
     </span>
    </p>
   </div>
  </div>
