4034 6228
32 314 189 367 99⁸7

981 315 1348 374 IUSTlNIANl
1386 316 1715 374 NOVELLE
1753 314 2085 375 SELECT.E.
2127 317 2436 375 NOVELLA
2474 318 2622 375 LXV.

3394 322 3495 381 998

30 422 407 477 memoria:
436 422 641 491 Studii,
679 428 733 479 ct
763 424 1079 497 magniﬁcas
1125 427 1418 482 memoriae
1460 426 1752 498 Stephani,
1779 447 1835 520 Α
1856 428 2093 499 alicujus
2118 428 2471 483 funeratione
2498 426 2682 483 danda
2709 427 2798 483 sit.
2832 426 2993 483 Nulla
3018 428 3166 484 inter
3194 430 3491 487 defuncto-

32 521 434 591 rcquirunt.
467 522 520 577 Si
552 522 678 593 quis
724 523 878 578 enim
914 524 1008 578 illa
1046 524 1255 580 habere
1296 525 1505 596 cupiat,
1537 529 1599 580 ut
1628 541 1757 596 qua:
1861 538 1988 576 rum
2015 538 2282 593 personas
2326 521 2683 577 distinctione
2722 523 3170 589 introducenda;
3200 524 3315 579 sive
3347 525 3492 580 divi-

39 615 123 666 et
148 616 383 669 multis
395 616 724 671 hominibus
739 616 1116 689 indigeant,et
1130 620 1403 689 majorem
1420 620 1753 683 custodiam,

36 710 273 778 atque
303 709 365 763 in
396 726 619 763 summa
642 711 873 781 plenam
898 712 1115 783 negotii
1145 713 1582 767 asservationem
1616 712 1758 767 desi-

40 798 331 871 derant,
379 803 488 858 hoc
535 803 818 874 praedictis
868 821 983 859 non
1023 805 1429 874 connectimus,
1458 806 1554 860 sed
1595 806 1755 877 quasi

40 894 183 963 qui
241 895 605 950 ambitiosius
634 902 891 952 mortuos
920 915 1047 952 suos
1071 897 1262 953 efferri
1292 898 1552 969 gestiant,
1585 899 1751 969 quid-

40 986 235 1056 quid
266 1006 378 1059 pro
403 989 600 1044 labore
631 1007 688 1044 se
716 991 965 1060 decanis,
989 996 1087 1045 aut
1108 990 1591 1046 reverendissimis
1608 1008 1755 1045 asce-

40 1080 219 1147 tris,
253 1088 361 1137 aut
386 1083 671 1138 canonicis
714 1084 943 1139 daturos
979 1084 1492 1157 compromiserint,
1532 1088 1755 1139 tantum

41 1178 121 1227 et
152 1180 474 1245 praestent,
504 1182 569 1231 ut
596 1182 789 1232 tamen
820 1179 889 1232 ad
930 1178 1117 1249 ipsum
1165 1179 1223 1232 in
1269 1178 1487 1233 duobus
1531 1178 1752 1232 feretris

46 1266 312 1323 Studiii
342 1275 398 1324 et
418 1270 689 1341 Stephani
712 1271 1010 1326 duodecim
1038 1271 1344 1326 solidorum
1378 1272 1752 1343 quantitatem

46 1363 382 1418 excedere
409 1369 671 1436 nequeat.
692 1366 800 1419 Pro
817 1382 882 1420 eo
902 1382 1033 1420 vero
1051 1366 1201 1437 quod
1213 1382 1352 1421 auro
1381 1366 1751 1421 intertextum

51 1460 197 1524 est,
232 1456 398 1528 quod
442 1457 501 1511 in
541 1462 895 1513 sacrosancta
923 1460 1137 1529 majore
1176 1460 1410 1514 ecclesia
1436 1460 1748 1530 reponitur,

51 1549 113 1601 si
154 1550 414 1620 quidem
441 1567 556 1606 uno
582 1553 701 1606 solo
745 1552 804 1607 in
835 1552 957 1623 ejus
997 1553 1181 1607 locum
1213 1554 1294 1623 (ut
1320 1553 1615 1624 probabile
1647 1556 1749 1621 est)

52 1645 456 1713 apparando,
502 1652 750 1716 quatuor
811 1645 1035 1714 solidis;
1087 1646 1336 1701 ascetriis
1378 1651 1589 1715 autem,
1637 1646 1751 1700 sive

53 1736 411 1805 canonicis,
458 1738 571 1793 sive
617 1737 909 1807 acoluthis,
940 1739 1113 1810 duplo
1151 1740 1367 1811 majora
1406 1756 1578 1811 quam
1620 1745 1750 1794 ante

1858 616 1949 670 tiis
1976 619 2235 681 afﬂuant,
2267 618 2381 672 sive
2412 622 2747 687 premantur
2770 616 2980 688 inopia,
3012 617 3116 671 nisi
3139 618 3283 673 forte
3306 619 3387 685 (ut
3414 620 3498 675 di-

1858 713 2062 782 ximus)
2087 726 2263 766 unam
2289 727 2355 764 ex
2387 711 2568 765 tribus
2594 711 2706 764 illis
2731 711 2953 765 feretris
2978 711 3240 782 diligant,
3264 712 3322 766 in
3361 715 3488 784 qui-

1854 807 1960 861 bus
2006 812 2063 860 et
2102 805 2211 877 ipsi
2239 804 2626 858 convenientia
2676 804 3076 874 disposuimus.
3113 806 3492 877 Volumusque

1856 901 1948 955 illa
1977 906 2031 954 et
2058 900 2129 954 ad
2155 898 2305 952 hunc
2333 897 2587 952 obtinere
2615 898 2872 967 modum,
2902 903 2959 952 et
2994 898 3204 969 absque
3234 902 3490 970 praefini-

1852 995 2006 1048 tione
2035 992 2306 1063 temporis
2334 992 2567 1046 immota
2597 1006 2828 1046 manere
2854 996 2911 1045 et
2938 995 3169 1047 aeterna.
3197 995 3379 1063 Atque
3405 1011 3491 1048 sa-

1854 1104 1949 1142 cra
1998 1088 2103 1141 hac
2159 1084 2507 1157 pragmatica
2566 1085 2691 1155 lege
2746 1085 2805 1139 in
2855 1089 3195 1155 perpetuum
3248 1087 3489 1155 valente,

1853 1179 2130 1252 quamdiu
2158 1178 2418 1232 homines
2443 1182 2595 1243 sunt,
2617 1194 2906 1249 quamque
2933 1178 3029 1232 diu
3057 1195 3328 1249 magnum
3352 1180 3491 1234 illud

1852 1277 1910 1328 et
1956 1273 2125 1343 longe
2150 1271 2583 1327 celeberrimum
2611 1270 3057 1325 Christianorum
3096 1289 3307 1327 nomen
3344 1273 3493 1329 inter

1851 1366 2113 1422 homines
2137 1364 2464 1428 habebitur,
2493 1364 2743 1435 quotidie
2765 1365 2938 1418 etiam
2970 1365 3189 1419 domini
3221 1368 3318 1421 Dei
3338 1366 3491 1421 beni-

1854 1460 2068 1532 gnitate
2096 1454 2513 1514 incrementum
2539 1456 2798 1528 accipiat.
2822 1458 2959 1511 lluic
2984 1457 3239 1513 videlicet
3259 1462 3490 1531 negotio

1850 1571 1970 1626 pra:
2009 1552 2226 1608 caeteris
2271 1551 2534 1606 omnibus
2561 1551 2682 1621 ipso
2710 1550 3130 1622 religiosissime
3172 1554 3490 1623 patriarcha

1851 1648 2021 1717 hujus
2044 1647 2208 1700 almae
2237 1644 2394 1699 urbis
2419 1642 2820 1715 prospiciente,
2853 1661 2924 1697 ne
2956 1645 3059 1699 hac
3085 1662 3251 1699 causa
3276 1663 3378 1717 pro
3400 1665 3485 1701 sa-

1852 1738 2117 1795 cerdotali
2146 1741 2418 1810 potestate
2462 1753 2600 1791 usus
2636 1736 2974 1806 committat,
3007 1741 3073 1791 ut
3114 1738 3185 1792 ab
3215 1740 3329 1792 ulla
3360 1756 3488 1810 per-

57 1829 151 1884 de
215 1830 296 1885 iis
342 1832 755 1903 praeﬁnivimus
803 1832 1118 1887 ferentibus
1148 1850 1161 1887 :
1194 1837 1255 1888 ut
1280 1834 1543 1889 videlicet
1565 1831 1990 1905 ipsumBsona
2029 1834 2115 1887 vel
2164 1831 2515 1900 sacerdotali,
2563 1831 2652 1884 vel
2700 1830 3037 1902 magistratu
3085 1832 3364 1899 decorata,
3402 1834 3489 1888 vel

56 1939 332 1996 quoque
400 1926 789 2000 ascetriarun;
812 1942 909 1981 seu
943 1927 1351 1983 canonicamm
1389 1928 1745 1997 asceterium,

59 2018 253 2088 quod
290 2019 465 2091 gratis
484 2025 687 2076 caetera
715 2021 927 2076 feretra
951 2020 1247 2093 praecedit,
1278 2021 1539 2076 eamdem
1564 2038 1744 2093 quan-

58 2111 331 2167 titatem
359 2114 633 2185 percipiat
658 2131 832 2186 quam
869 2119 925 2170 et
967 2115 1185 2187 reliqua
1214 2115 1505 2170 asceteria.
1536 2116 1745 2170 Eodem

58 2204 221 2275 hoc,
253 2207 409 2277 quod
457 2207 850 2279 praediximus,
896 2213 951 2263 et
994 2208 1051 2262 in
1073 2208 1347 2263 acoluthis
1374 2209 1742 2277 observando,

60 2304 148 2353 ut
181 2304 244 2354 et
269 2301 332 2353 hi
365 2300 603 2372 duplum
630 2319 827 2357 eorum
853 2318 982 2375 qua;
1003 2303 1127 2374 jam
1157 2319 1190 2356 a
1216 2302 1379 2357 nobis
1422 2302 1745 2357 constituta:

66 2398 229 2447 sunt
249 2394 515 2449 auferant
538 2414 551 2449 :
576 2394 851 2450 nimirum
864 2396 908 2449 si
935 2396 993 2450 id
1019 2397 1076 2450 in
1094 2413 1206 2467 quo
1222 2396 1503 2450 funeratio
1522 2397 1749 2467 peragi-

64 2492 207 2557 tur,
244 2504 432 2541 unum
464 2489 533 2542 de
559 2488 740 2543 tribus
767 2489 873 2543 illis
900 2489 1123 2544 feretris
1144 2490 1234 2555 sit,
1263 2491 1369 2544 hoc
1397 2490 1607 2544 scilicet
1644 2507 1741 2544 v0-

64 2580 247 2635 lente
274 2597 344 2635 eo
362 2581 453 2635 cui
473 2582 846 2637 funerationis
868 2600 1002 2637 cura
1025 2582 1324 2638 incumbit.
1346 2583 1741 2638 Necessitatem

68 2674 310 2727 scilicet
364 2677 757 2730 tantummodo
808 2676 1149 2732 habentibus
1197 2677 1295 2731 Dei
1339 2677 1744 2731 amantissimis

69 2767 511 2835 defensoribus,
543 2774 604 2823 ut
643 2770 985 2825 decanorum
1023 2787 1258 2842 corpora
1302 2787 1371 2825 ex
1403 2771 1743 2841 octingentis

73 2860 204 2915 illis
236 2862 501 2932 officinis,
525 2880 663 2935 quas
692 2864 824 2935 ipsis
850 2864 1281 2935 assignavimus,
1306 2870 1361 2919 et
1378 2864 1518 2918 item
1536 2864 1743 2918 feretra

75 2955 427 3025 exhibeant,
455 2973 570 3010 non
597 2962 787 3011 autem
820 2962 881 3011 ut
906 2962 1201 3028 sumptum
1235 2958 1482 3029 aliquem
1512 2957 1736 3029 impen—

77 3047 255 3103 dant.
289 3049 387 3103 Dei
414 3066 547 3104 vero
586 3050 994 3105 amantissimis
1030 3051 1335 3105 (economis
1373 3051 1658 3122 cogendis,
1679 3055 1744 3105 ut

76 3145 215 3195 tam
248 3158 321 3196 ex
354 3143 537 3198 reditu
563 3161 595 3197 a
622 3144 998 3198 sacratissimo
1025 3144 1281 3216 principe
1324 3145 1619 3199 Anastasio
1649 3162 1738 3199 re-

75 3233 247 3305 licto,
282 3253 456 3307 quam
487 3253 555 3291 ex
584 3238 847 3292 trecentis
880 3237 1119 3313 officinis
1150 3239 1210 3293 in
1232 3238 1524 3309 praedictas
1550 3255 1741 3309 persoo

76 3345 215 3398 nas,
247 3330 563 3384 secundum
580 3348 611 3384 a
629 3331 790 3385 nobis
806 3331 863 3385 in
877 3332 1142 3386 omnibus
1168 3332 1533 3387 constitutam
1558 3333 1742 3387 distri-

78 3422 414 3493 butionem,
434 3441 629 3479 omnes
649 3426 914 3497 praefatas
936 3425 1219 3498 impensas
1245 3426 1470 3481 faciant.
1496 3428 1574 3480 Ita
1595 3426 1740 3481 nihil

77 3516 607 3572 indetermiuatum
634 3518 761 3589 erit,
790 3519 884 3573 sed
915 3524 970 3574 et
994 3519 1092 3592 qui
1121 3519 1527 3575 moderatiores
1556 3521 1740 3592 sepul-

75 3614 249 3665 turas
280 3610 404 3664 fieri
432 3612 649 3680 volunt,
678 3628 747 3667 ex
796 3613 899 3667 hac
943 3613 1311 3685 dispositione
1351 3614 1602 3669 fructum
1641 3632 1735 3668 ca-

76 3704 257 3775 pient
277 3721 296 3773 ;
324 3709 381 3759 et
404 3705 503 3776 qui
529 3705 600 3760 ad
619 3705 987 3761 ambitionem
999 3707 1460 3779 respiciunt,non
1485 3725 1589 3779 per
1607 3708 1737 3763 inde

83 3797 328 3869 magnis
351 3797 706 3853 involventur
725 3799 1053 3871 dispendiis,
1074 3802 1170 3855 sed
1198 3800 1346 3855 intra
1372 3806 1589 3856 certum
1619 3818 1740 3856 mo-

81 3890 231 3945 dum
261 3891 518 3946 muniﬁci
560 3898 747 3948 erunt.
780 3894 907 3948 Haec
932 3910 1036 3949 nos
1062 3894 1239 3966 igitur
1263 3900 1380 3949 tam
1405 3895 1474 3951 de
1502 3894 1738 3950 ofﬁcinis

82 4001 273 4056 quam
302 3985 599 4054 reditibus,
631 3990 688 4041 et
707 3986 975 4042 funerum
1006 3988 1365 4057 elationibus,
1396 3989 1511 4046 sive
1540 3990 1735 4060 gratis,

83 4078 206 4135 sive
237 4095 374 4134 cum
387 4080 953 4151 quadamambitione
975 4088 1342 4154 peragantur,
1357 4083 1735 4139 deﬁnivimus.

83 4173 161 4227 Ut
185 4177 387 4227 autem
403 4173 763 4228 ofﬁcinarum
781 4191 1055 4230 numerus
1073 4177 1229 4230 nullo
1249 4194 1503 4249 unquam
1524 4182 1739 4248 tempo-

84 4282 150 4320 re
178 4266 628 4322 diminutionem
659 4268 927 4340 patiatur,
967 4271 1224 4325 custodes
1258 4271 1378 4341 ejus
1419 4272 1499 4325 rei
1525 4272 1735 4325 consti-

84 4361 235 4413 tuim
246 4378 333 4429 us,
350 4377 465 4415 non
489 4364 711 4415 tantum
730 4362 1197 4433 gloriosissimum
1216 4364 1384 4435 hujus
1399 4365 1563 4419 almae
1583 4365 1737 4419 urbis

83 4455 449 4524 praefectum,
499 4459 551 4509 et
606 4455 1102 4527 obtemperantem
1154 4457 1232 4511 illi
1280 4459 1590 4525 cohortem,
1641 4459 1736 4512 sed

1848 1943 2207 2000 quacunque,
2237 1926 2296 1980 in
2323 1928 2515 1980 nostra
2544 1925 2909 1996 delinquatur
2933 1925 3258 1980 constituta.
3290 1927 3395 1981 Sed
3433 1933 3490 1982 et

1847 2027 1911 2076 ut
1937 2022 2059 2093 ipsa
2085 2020 2350 2091 majestas
2378 2018 2744 2089 imperatoria
2772 2018 2830 2071 in
2870 2022 2987 2073 tam
3025 2019 3278 2090 amplam
3308 2019 3490 2091 digni-

1845 2116 1975 2170 tatis
2000 2120 2057 2169 et
2101 2112 2332 2168 honoris
2372 2112 2565 2167 sedem
2614 2111 2896 2166 conversis
2936 2113 3133 2180 oculis,
3165 2114 3488 2186 quicunque

1845 2208 2075 2262 tandem
2112 2205 2341 2278 imperii
2369 2209 2590 2275 sceptra
2637 2204 2874 2273 tenebit,
2905 2205 3036 2259 huic
3066 2207 3150 2259 rei
3176 2207 3484 2277 provideat,

1844 2301 2219 2356 decernimus.
2251 2300 2440 2370 Neque
2469 2296 2624 2352 enim
2645 2314 2747 2369 pro
2769 2298 3045 2351 defunctis
3070 2302 3288 2353 tantum
3314 2299 3485 2365 istud,

1846 2395 1943 2449 sed
1970 2395 2140 2449 etiam
2167 2411 2270 2465 pro
2297 2392 2628 2458 viventium,
2657 2392 2909 2462 adeoque
2930 2391 3377 2462 imperitantium
3405 2411 3487 2448 sa-

1843 2489 1959 2542 lute
1989 2494 2093 2557 est,
2126 2490 2189 2541 ut
2216 2486 2547 2541 omnimodo
2582 2485 2689 2556 piae
2720 2485 2967 2539 actiones
2997 2486 3068 2540 ad
3098 2486 3359 2542 effectum
3381 2488 3480 2543 de-

1843 2581 2144 2649 ducantur,
2164 2597 2348 2652 neque
2370 2580 2637 2651 praeclara
2661 2578 2947 2649 majorum
2973 2579 3235 2635 instituta
3262 2598 3363 2653 per
3390 2599 3490 2638 ne-

1846 2675 2179 2747 gligentiam
2222 2677 2583 2746 posterorum
2634 2672 2962 2743 depereant.
2990 2675 3483 2738 Quemadmodum

1841 2774 2033 2825 autem
2062 2774 2290 2824 centum
2332 2768 2454 2821 illas
2481 2771 2536 2821 et
2563 2766 2716 2820 mille
2749 2766 3003 2821 ofﬁcinas
3032 2769 3403 2824 indiminutas
3431 2778 3485 2826 et

1842 2863 2129 2917 immunes
2162 2861 2427 2916 custodiri
2459 2861 2860 2932 disposuimus,
2892 2861 2968 2914 ita
3014 2878 3212 2917 omnes
3239 2864 3482 2935 reliquas

1844 2956 2096 3011 ofﬁcinas
2138 2955 2441 3027 praestandi
2469 2954 2833 3025 vectigalibus
2860 2954 3140 3009 sancimus
3165 2973 3281 3011 esse
3306 2958 3478 3013 obno-

1843 3050 1962 3105 xias
1990 3067 2003 3104 :
2034 3048 2263 3104 nemine
2292 3048 2531 3103 omnino
2558 3047 2851 3101 licentiam
2884 3048 3126 3103 habente
3156 3055 3217 3104 ut
3241 3065 3333 3105 eas
3359 3051 3477 3106 exis

1842 3149 1979 3213 mat,
2009 3144 2124 3197 sive
2162 3143 2232 3197 ad
2276 3158 2462 3196 sacras
2501 3141 2667 3207 aedes,
2701 3140 2815 3195 sive
2859 3142 2928 3195 ad
2971 3158 3238 3211 xenonas,
3268 3144 3382 3199 sive
3410 3144 3479 3200 ad

1843 3238 2134 3303 asceteria,
2180 3236 2292 3290 sive
2322 3234 2685 3303 monasteria,
2720 3233 2833 3288 sive
2881 3236 3262 3307 quodcunque
3304 3238 3476 3307 aliud,

1840 3332 1936 3386 sed
1965 3346 2149 3402 neque
2178 3331 2221 3383 si
2250 3330 2319 3384 ad
2352 3329 2541 3400 regias
2572 3332 2796 3382 nostras
2816 3327 3043 3398 domus,
3075 3332 3163 3384 vel
3188 3331 3483 3402 magistra-

1840 3430 1923 3493 tu,
1953 3429 2051 3479 aut
2074 3424 2327 3495 potentia
2357 3423 2626 3494 praeditos
2663 3423 2991 3493 pertineant
3012 3424 3173 3497 ;-sed
3208 3440 3278 3478 ex
3316 3443 3479 3497 aequo

1841 3517 2107 3571 omnibus
2149 3516 2385 3571 officinis
2430 3514 2793 3583 vectigalium
2849 3516 3268 3586 praestationem
3309 3536 3481 3589 agno.

1839 3611 2145 3680 scentibus,
2175 3626 2246 3665 ne
2274 3610 2321 3664 si
2347 3609 2623 3680 paulatim
2657 3608 3043 3679 unusquisque
3073 3618 3391 3682 excusetur,
3423 3620 3479 3668 et

1838 3704 2076 3776 quisque
2112 3719 2216 3758 sua
2265 3703 2492 3771 relevet,
2539 3701 2732 3773 paucis
2766 3701 3122 3771 quibusdam,
3164 3705 3264 3774 qui
3311 3707 3477 3761 relin-

1838 3802 2103 3869 quantur,
2152 3801 2336 3852 totum
2376 3795 2805 3868 praestationum
2849 3811 2990 3848 onus
3031 3796 3374 3866 imponatur,
3417 3804 3476 3854 et

1838 3908 2117 3963 magnum
2170 3891 2375 3946 exinde
2427 3888 2789 3961 dispendium
2839 3888 3154 3945 sustineant
3187 3890 3247 3944 hi
3284 3890 3383 3962 qui
3415 3892 3474 3947 id

1840 3986 1989 4042 ferre
2018 3989 2325 4057 nequeant.

1908 4079 2249 4150 Qum-igitur
2282 4092 2383 4149 per
2412 4081 2754 4148 praesentem
2805 4091 3021 4133 sacram
3057 4078 3469 4151 pragmaticam

1836 4173 2079 4228 formam
2132 4172 2298 4227 nobis
2349 4171 2706 4243 placuerunt,
2758 4187 2820 4227 ea
2870 4175 2988 4227 tam
3023 4173 3353 4229 excellentia
3377 4180 3474 4230 tua

1838 4284 2009 4339 quam
2042 4268 2139 4338 qui
2170 4270 2295 4338 post
2329 4271 2383 4319 te
2414 4265 2681 4319 eumdem
2708 4266 3105 4338 magistratum
3158 4268 3475 4340 suscepturi

1838 4365 1991 4428 sunt,
2021 4366 2075 4415 et
2100 4361 2504 4431 obtemperans
2530 4358 2631 4413 tibi
2663 4362 2866 4415 cohors
2893 4362 3228 4416 custodient.
3256 4363 3375 4417 Dat.
3409 4365 3475 4417 ΙΙΙ

1838 4456 1970 4509 Nov.
2001 4456 2271 4511 Constant
2298 4453 2437 4524 imp.
2477 4454 2533 4508 d.
2576 4471 2634 4506 n.
2663 4454 2868 4510 Justin.
2902 4456 3004 4510 PP.
3033 4459 3178 4526 Aug.
3212 4471 3346 4510 ann.
3384 4459 3468 4525 ll,

84 4548 268 4601 etiam
294 4548 475 4602 multo
488 4548 670 4620 magis
687 4549 1076 4604 excellentiam
1097 4553 1273 4619 tuam,
1290 4556 1346 4606 et
1364 4553 1733 4624 quiunquam
1756 4579 1815 4651 D
1834 4552 1966 4622 post
1994 4548 2145 4602 Bilis.
2176 4564 2230 4601 v.
2263 4563 2312 4601 c.
2336 4561 2488 4601 cons.
2521 4563 2672 4601 anno
2699 4551 2756 4603 2.

84 4641 195 4695 hoc
225 4641 523 4712 dignitatis
547 4642 860 4714 fastigium,
891 4644 980 4697 cui
1005 4648 1069 4698 tu
1107 4646 1277 4700 modo
1303 4663 1503 4717 ρτωρε,
1532 4651 1735 4701 tenue-

82 4736 227 4790 rint.
262 4737 332 4790 Et
374 4735 608 4806 insuper
655 4752 883 4808 poenam
922 4738 1139 4792 cohorti
1170 4744 1282 4793 tuas
1326 4740 1738 4812 quinquaginta

82 4830 281 4901 pondo
316 4829 441 4883 auri
480 4830 818 4901 irrogamus,
851 4831 895 4885 si
925 4832 1305 4903 negligentius
1343 4834 1565 4905 egerit:
1600 4834 1736 4889 item

84 4923 379 4995 duplicem
411 4926 605 4977 contra
637 4941 732 4979 eos
760 4925 858 4996 qui
886 4942 1140 4997 unquam
1168 4926 1436 4981 thronum
1459 4930 1623 4981 tuum
1649 4945 1737 4981 su-

86 5017 341 5089 scepturi
369 5023 518 5087 sunt,
550 5034 664 5089 quo
693 5018 885 5072 minus
906 5020 1267 5076 committant
1294 5027 1355 5076 ut
1375 5021 1683 5075 secundum
1704 5038 1735 5075 a

82 5111 252 5166 nobis
279 5110 487 5166 dictam
518 5111 850 5166 divisionem
877 5113 1029 5168 mille
1052 5117 1109 5169 et
1134 5121 1361 5169 centum
1383 5115 1734 5169 ofﬁcinarum

82 5221 368 5260 numerus
397 5205 637 5261 deﬁciat.
674 5206 781 5262 Sed
820 5206 867 5260 si
911 5208 1020 5262 hoc
1071 5207 1361 5276 doceatur,
1384 5214 1447 5264 ut
1478 5210 1561 5263 vel
1594 5209 1731 5280 ipse,

84 5299 173 5354 vel
201 5315 552 5355 successores
574 5300 677 5367 tui,
706 5301 765 5355 in
794 5301 938 5355 hanc
966 5318 1087 5355 rem
1115 5302 1528 5373 providentiam
1549 5304 1735 5357 confe-

83 5392 247 5460 ratis,
266 5394 699 5465 procuretisque
726 5400 788 5450 ut
802 5412 903 5466 per
916 5396 1103 5449 omnia
1130 5396 1176 5450 is
1193 5395 1312 5449 sine
1331 5396 1729 5465 diminutione,

83 5488 209 5542 sine
237 5503 431 5555 onere,
452 5489 575 5544 sine
605 5488 1024 5544 machinatione
1050 5489 1255 5561 aliqua,
1278 5495 1401 5544 tum
1429 5506 1531 5560 per
1556 5490 1733 5544 excel-

84 5580 328 5637 lentiam
351 5588 529 5651 tuam,
560 5588 679 5638 tum
712 5600 813 5655 per
832 5583 1090 5655 quamvis
1107 5584 1273 5638 aliam
1288 5601 1589 5655 personam
1610 5600 1733 5654 per-

84 5680 354 5731 maneat:
385 5692 457 5731 ne
479 5677 684 5732 exinde
710 5694 854 5733 nova
875 5677 1163 5732 oboriatur
1180 5679 1419 5749 occasio,
1444 5682 1509 5733 ut
1526 5683 1734 5750 praeter

86 5768 483 5829 deﬁnitionem
531 5776 783 5828 nostram
826 5772 1015 5828 denuo
1055 5787 1272 5828 merces
1330 5789 1434 5846 pro
1477 5788 1733 5846 personae

2409 4697 2724 4755 NOVELLA
2753 4700 2897 4757 LXV.

2050 4800 2123 4851 De
2151 4796 2236 4850 his
2264 4810 2383 4865 qua
2405 4795 2599 4850 relicta
2628 4799 2756 4850 sunt
2785 4796 3016 4850 ecclesia;
3042 4795 3253 4864 Mysia.

1908 4924 2126 4981 Scimus
2153 4930 2317 4980 antea
2342 4924 2551 4997 legem,
2582 4930 2685 4979 etc.
2732 4924 2941 4979 Relicta
2996 4927 3243 4982 ecclesiae
3286 4928 3473 5002 Mysia

1836 5020 1905 5075 ad
1952 5020 2401 5091 redemptionem
2448 5020 2799 5090 captivorum
2852 5024 2909 5073 et
2958 5038 3274 5093 pauperum
3336 5026 3469 5080 sub-

1837 5114 2234 5169 stentationem
2294 5114 2635 5182 venduntor,
2688 5114 2735 5168 si
2780 5113 3005 5185 longius
3043 5117 3112 5170 ab
3158 5134 3223 5171 eo
3265 5119 3383 5173 loco
3411 5120 3469 5173 in

1836 5208 2053 5263 aedibus
2100 5211 2198 5261 aut
2248 5206 2425 5261 vineis
2472 5208 2784 5263 consistant
2835 5225 2847 5261 :
2899 5212 2964 5262 ut
3013 5214 3203 5263 tamen
3254 5211 3349 5282 qui
3406 5229 3472 5267 ea

1835 5301 2085 5372 reliquit,
2137 5318 2205 5354 ex
2259 5300 2583 5354 venditione
2627 5302 2950 5354 relictorum
2991 5300 3226 5371 jusserit
3270 5320 3471 5375 eroga-

1831 5396 2050 5451 tionem
2078 5394 2218 5449 ﬁeri.
2256 5395 2303 5447 Is
2330 5395 2428 5466 qui
2472 5394 2528 5447 in
2566 5394 2699 5464 jure
2730 5394 3067 5464 postulatur,
3114 5395 3158 5448 si
3189 5411 3247 5449 se
3270 5396 3468 5452 absen-

1834 5494 1931 5558 tet,
1963 5489 2389 5556 condemnator,
2422 5488 2683 5541 videlieet
2708 5487 2914 5540 malam
2946 5504 3068 5542 rem
3094 5506 3288 5561 agens,
3316 5492 3469 5561 quod

1834 5587 2140 5637 contestata
2178 5582 2274 5636 lite
2313 5585 2368 5635 et
2396 5580 2649 5650 legitime
2692 5582 2939 5646 vocatus,
2972 5598 3088 5636 non
3111 5583 3469 5654 obtempera-

1832 5676 1996 5732 verit.
2022 5675 2149 5743 PP.,
2180 5691 2374 5730 mense
2404 5673 2603 5745 Aprili,
2633 5689 2783 5728 anno
2815 5673 3041 5747 imperii
3085 5676 3140 5733 d.
3173 5676 3470 5734 Iustiniani

1834 5773 1921 5840 l2,
1951 5772 2166 5825 Joanne
2193 5786 2246 5825 v.
2280 5786 2332 5825 c.
2370 5783 2483 5825 cos.
