4034 6228
1067 381 1375 445 NOVELLA
1403 386 1578 442 LXVII
1589 428 1602 442 .

521 485 602 542 Ne
625 484 746 553 quis
771 485 1070 538 oratorium
1095 484 1231 536 citra
1257 484 1536 536 scientiam
1565 483 1798 550 episcopi
1823 482 2062 550 a’diﬁcct.
2085 485 2156 538 Et

591 561 653 607 ut
676 557 835 623 prius
861 555 1087 623 deﬁniat
1107 570 1228 622 quae
1246 555 1321 606 ad
1349 569 1535 605 curam
1554 558 1605 605 et
1630 555 2019 606 institutionem
2039 569 2160 606 ora-

591 627 719 679 torii
744 626 1051 693 aediﬁcandi
1093 626 1390 676 necessaria
1418 626 1617 690 futura
1659 625 1788 676 sint.
1826 627 1892 678 Et
1922 639 1988 676 ne
2024 627 2159 692 epis-

590 699 709 764 copi
736 698 916 750 absint
945 713 978 748 a
1005 697 1114 749 suis
1145 695 1414 755 Ecclesiis,
1451 711 1516 748 ac
1537 695 1602 748 de
1625 695 1950 750 alienatione
1974 697 2159 748 immo-

592 768 780 822 bitium
807 782 987 821 rerum
1007 767 1508 820 ecclesiasticarum.

593 871 902 942 Imperator
931 867 1282 922 Justinianus
1308 869 1595 938 Augustus
1623 867 1841 922 Menum
1870 865 2154 920 sanctissi-

517 979 612 1018 mo
639 968 694 1016 et
717 961 1037 1015 beatissimo
1063 961 1490 1032 archiepiscopo
1529 959 2157 1031 Constantinopolitano

519 1061 575 1111 et
601 1052 846 1109 universi
876 1054 997 1123 ejus
1023 1058 1234 1108 tractus
1266 1054 1626 1124 patriarchae.

589 1150 922 1218 Quanquam
950 1147 1140 1202 multis
1156 1147 1277 1218 jam
1298 1148 1520 1219 legibus
1545 1165 1608 1202 ea
1629 1164 1757 1219 qua:
1780 1152 2157 1202 sacrosanctus

515 1244 865 1296 conceruuut
923 1242 1200 1306 ecclesias,
1231 1241 1787 1312 conim'ehendimus,
1832 1240 2156 1311 indigemus

513 1329 706 1390 tamen
761 1335 948 1389 adhuc
987 1335 1102 1389 alia
1139 1335 1403 1406 quadam,
1437 1351 1566 1406 quae
1606 1336 1676 1388 ad
1722 1339 2076 1406 emergentes
2101 1337 2158 1388 et

517 1431 704 1484 denuo
731 1435 1084 1484 renascentes
1103 1445 1262 1483 casus
1289 1429 1553 1483 sufﬁciat.
1572 1428 1728 1483 Multi
1751 1427 1908 1483 enim
1936 1444 2157 1498 compa-

516 1523 682 1578 randi
709 1523 957 1578 nominis
987 1539 1123 1592 ergo
1149 1523 1407 1577 animum
1442 1523 1632 1577 solent
1669 1522 1739 1576 ad
1778 1526 2154 1575 sacrosancta-

514 1633 647 1673 rum
675 1617 1040 1672 ecclesiarum
1065 1617 1482 1671 extructiouem
1511 1615 1820 1687 appellere,
1867 1615 2157 1685 simulque

518 1715 584 1765 ut
607 1727 699 1766 eas
725 1710 1168 1776 exaediﬁcarunt,
1200 1710 1417 1764 nullam
1447 1713 1726 1780 prasterea
1749 1725 1947 1763 curam
1990 1707 2153 1762 adbi-

1667 273 1919 336 SECULI
1958 271 2150 332 SEXTI
2191 267 2747 334 SUPPLEMENTUM.

2176 405 2234 478 Α
2254 387 2567 460 provincias
2591 403 2910 442 (economos
2937 401 3213 459 expensas
3238 385 3347 440 sibi
3397 385 3810 451 transmittere,
3839 393 3888 440 et

3766 273 3889 331 1000

2255 481 2609 536 sanctissima
2639 482 2872 536 ecclesia
2891 481 3178 553 expendat
3205 479 3461 552 quidem,
3492 479 3648 550 quod
3679 479 3794 550 ipse
3822 480 3896 533 ei-

2255 591 2366 646 que
2410 575 2540 629 inde
2582 574 2884 629 observare
2913 591 3028 628 non
3057 574 3326 646 patiatur.
3356 574 3662 628 Saucimus
3701 573 3888 642 igitur,

2248 669 2368 737 jam
2395 685 2428 721 a
2454 669 2616 722 nobis
2634 669 3070 739 positamlegem
3092 667 3150 721 in
3173 684 3270 720 sua
3294 683 3526 721 manere
3557 667 3767 720 virtute
3786 667 3891 720 sive

2257 761 2501 816 defuerit
2529 763 2639 815 Deo
2669 760 2931 816 amabilis
2962 761 3259 832 episcOpus
3305 759 3572 818 Ecclesia:
3613 776 3754 826 suae,
3787 758 3890 813 sive
3921 812 3932 822 ,

2255 855 2500 926 amplius
2523 858 2750 926 tempus
2766 855 2982 909 nullam
3005 854 3057 908 ei
3078 853 3225 908 mitti
3247 869 3556 924 expensam
3587 853 3658 907 de
3679 854 3894 923 provin-

2257 948 2364 1018 cia,
2399 949 2494 1002 sed
2528 949 2682 1002 illam
2709 948 2941 1019 quidem
2979 948 3128 1002 circa
3173 953 3331 1001 actus
3375 947 3498 1018 pios
3529 952 3587 1001 et
3611 947 3888 1000 sanctissi-

2256 1058 2409 1097 mam
2437 1042 2740 1096 Eeclesiam
2770 1042 3035 1112 expendi,
3067 1041 3254 1112 ipsum
3299 1058 3434 1096 vero
3479 1041 3576 1095 hic
3612 1047 3889 1095 errantem

2258 1153 2370 1189 non
2405 1136 2666 1208 expensis
2696 1135 3107 1189 sanctissimam
3142 1135 3444 1189 Ecclesiam
3490 1150 3846 1205 pra'gmvare
3878 1151 3890 1187 :

2255 1245 2384 1282 cum
2419 1236 2634 1284 certum
2664 1229 2735 1282 sit
2783 1229 2934 1299 quod
2975 1228 3020 1282 si
3066 1228 3318 1298 plurimo
3350 1233 3608 1298 tempore
3635 1227 3892 1290 defuerit,

2255 1339 2382 1394 qua:
2401 1323 2524 1393 jam
2543 1339 2576 1375 a
2591 1322 2750 1376 nobis
2763 1339 2934 1394 super
2953 1321 3172 1376 eisdem
3196 1322 3406 1376 sancita
3429 1326 3585 1388 sunt,
3608 1319 3891 1374 valebunt.

2255 1416 2532 1480 Quoniam
2562 1433 2691 1470 vero
2728 1415 3010 1487 contingit
3045 1415 3167 1485 jam
3213 1433 3315 1469 nos
3342 1414 3594 1469 sanxisse
3624 1419 3690 1469 ut
3714 1413 3758 1467 si
3787 1430 3895 1484 qua

2256 1507 2313 1562 in
2337 1509 2641 1580 provinciis
2665 1509 2933 1563 alienatio
2965 1509 3045 1563 rei
3065 1508 3370 1563 immobilis
3395 1507 3796 1579 ecclesiasticae
3821 1507 3894 1561 fa-

2257 1601 2456 1657 cienda
2485 1609 2586 1672 est,
2616 1603 2928 1656 secundum
2957 1602 3248 1657 decretum
3282 1601 3428 1656 hanc
3457 1601 3788 1673 procedere,
3819 1601 3890 1654 si-

2257 1695 2370 1750 cuti
2397 1695 2614 1750 dudum
2644 1697 2861 1768 prolata
2884 1695 3094 1750 anobis
3125 1695 3452 1752 constitutio
3474 1695 3635 1763 dicit,
3658 1693 3749 1765 agi
3769 1709 3893 1748 vero

516 1803 800 1876 bere,quo
831 1805 1090 1859 decentes
1119 1804 1256 1858 item
1283 1808 1542 1875 sumptus
1570 1803 1677 1857 illis
1703 1808 1825 1857 tum
1855 1802 1929 1856 ad
1957 1801 2152 1856 iucen-
2176 1783 2232 1854 B
2258 1788 2549 1843 decretum
2577 1807 2690 1844 non
2720 1791 2902 1844 solum
2924 1795 3203 1862 praesente
3233 1789 3342 1843 Deo
3369 1787 3608 1842 amabili
3633 1787 3895 1858 episcopo

522 1897 710 1953 denda
736 1898 1064 1966 luminaria,
1096 1902 1217 1952 tum
1238 1897 1308 1952 ad
1335 1897 1800 1951 sustentationem
1828 1912 2028 1950 eorum
2057 1895 2158 1966 qui

516 1989 626 2046 illis
651 1998 850 2046 vacent
875 1997 932 2046 et
957 1990 1260 2058 assideant,
1290 2007 1477 2062 neque
1507 2008 1618 2044 non
1646 1991 1719 2044 ad
1751 2006 1973 2044 sacrum
1993 1988 2156 2043 mini-

519 2085 752 2140 sterium
782 2085 1088 2150 deﬁniant;
1122 2085 1220 2138 sed
1250 2084 1584 2156 relinquunt
1611 2101 1704 2138 eas
1735 2084 1791 2138 in
1819 2083 1987 2137 nudis
2014 2083 2154 2137 tedi-

517 2178 678 2248 ﬁciis,
724 2179 810 2233 vel
836 2179 1047 2234 iterum
1073 2177 1462 2246 destruendus,
1492 2177 1580 2232 vel
1606 2194 1764 2232 sacro
1789 2176 2013 2232 orbatas
2043 2176 2152 2230 mi-

521 2273 775 2328 nisterio.

589 2366 886 2421 Saucimus
909 2363 1087 2436 igitur
1113 2369 1176 2419 ut
1199 2367 1329 2419 ante
1357 2365 1550 2419 omnia
1571 2364 1803 2436 quidem
1831 2363 1967 2418 illud
1998 2379 2157 2435 pera-

521 2465 710 2532 gatur,
738 2475 811 2513 ne
837 2459 963 2530 quis
1002 2457 1294 2512 licentiam
1331 2457 1535 2512 habeat
1561 2459 1646 2512 vel
1676 2457 2030 2526 monasterii,
2067 2457 2153 2511 vel

519 2553 788 2620 ecclesiae,
822 2552 912 2606 vel
949 2551 1179 2605 oratorii
1218 2551 1650 2606 aediﬁcationem
1693 2550 1963 2622 incipere,
1993 2551 2154 2622 prius

519 2663 690 2718 quam
721 2645 815 2700 Dei
859 2645 1278 2699 amantissimus
1307 2644 1544 2698 civitatis
1580 2643 1875 2716 episcopus
1911 2645 2150 2698 interve-

518 2740 704 2807 niens,
732 2739 789 2792 in
817 2739 938 2792 loco
966 2753 1160 2809 preces
1188 2737 1408 2804 fundat,
1435 2740 1492 2791 et
1513 2737 1741 2808 publico
1777 2737 1909 2791 illuc
1935 2753 2156 2808 proces-

519 2849 586 2887 su
611 2833 891 2900 instituto,
915 2847 1140 2886 crucem
1172 2832 1330 2902 ligat,
1363 2834 1419 2884 et
1442 2831 1655 2885 factum
1683 2831 1949 2884 omnibus
1979 2829 2155 2884 mani-

516 2925 728 2981 festum
777 2925 996 2980 reddat.
1036 2925 1192 2978 Multi
1239 2924 1399 2978 enim
1449 2924 1780 2978 simulantes
1821 2941 1878 2978 se
1908 2925 2155 2978 oratoria

515 3019 906 3085 fabricaturos,
935 3017 1048 3072 suis
1099 3017 1491 3088 obsequuntur
1520 3016 1812 3071 affectibus
1845 3022 1902 3071 et
1942 3017 2155 3071 morbis

518 3112 722 3180 animi,
752 3129 866 3166 non
897 3116 962 3166 ut
985 3110 1434 3164 orthodoxarum
1461 3110 1847 3178 ecclesiarum,
1873 3111 1968 3165 sed
1997 3110 2154 3164 illici-

515 3209 705 3260 tarum
730 3204 1128 3276 speluncarum
1157 3203 1480 3258 conditores
1507 3203 1642 3257 sint.
1670 3203 1882 3257 Deinde
1901 3220 1972 3258 ne
1991 3203 2156 3258 aliter

517 3298 588 3353 de
613 3315 762 3352 novo
790 3297 1084 3352 ecclesiam
1110 3296 1366 3365 aediﬁcet,
1396 3312 1572 3367 quam
1598 3312 1725 3349 cum
1758 3297 1856 3350 Dei
1889 3296 2156 3350 amantis-

519 3391 663 3446 simo
691 3391 952 3462 episcopo
981 3407 1045 3444 ea
1063 3390 1130 3444 de
1151 3406 1212 3443 re
1241 3390 1411 3444 verba
1441 3390 1626 3458 faciat,
1652 3395 1707 3444 et
1725 3395 1840 3444 tam
1869 3390 1940 3444 ad
1968 3390 2156 3444 incen-

519 3485 706 3539 denda
730 3483 1036 3538 luminaria
1062 3486 1122 3536 et
1139 3483 1207 3536 ad
1235 3499 1456 3538 sacrum
1477 3483 1876 3553 ministerium,
1901 3500 2074 3554 quam
2097 3487 2158 3537 ut.

520 3578 669 3633 aedes
690 3581 837 3631 sarta
865 3583 1010 3632 tecta
1034 3577 1327 3646 habeatur,
1357 3582 1412 3630 et
1448 3577 1518 3630 ad
1557 3577 2022 3632 sustentationem
2059 3595 2154 3631 eo-

517 3687 648 3728 rum
677 3671 775 3743 qui
817 3671 924 3724 illis
949 3674 1154 3724 vacent
1197 3670 1592 3736 et.assideant,
1636 3675 1855 3725 certum
1899 3670 2156 3742 pecuniae

518 3765 759 3821 modum
798 3765 1025 3820 finierit.
1055 3767 1130 3818 Ac
1181 3763 1226 3817 si
1269 3763 1527 3818 sufﬁcere
1559 3764 1835 3830 videatur,
1889 3769 1955 3818 ut
1999 3763 2158 3835 prius

519 3875 720 3915 eorum
765 3875 891 3930 quae
932 3857 1252 3928 deputanda
1297 3860 1431 3911 sunt
1483 3857 1844 3911 donationem
1892 3857 2154 3926 celebret,

519 3957 644 4008 tum
666 3951 900 4008 demum
925 3967 1142 4006 sacram
1165 3951 1347 4006 eadem
1369 3954 1634 4006 exstruat.
1651 3951 1930 4006 Caeterum
1951 3949 1994 4005 si
2019 3967 2156 4006 cum

519 4045 648 4118 quis
665 4046 736 4100 ad
752 4046 808 4100 id
829 4063 943 4100 non
957 4044 1215 4113 sufﬁciat,
1236 4044 1379 4098 nihil
1399 4044 1594 4099 ominu
1607 4061 1628 4098 s
1647 4047 1832 4098 tamen
1851 4043 2156 4115 cupiditate

519 4145 579 4195 et
602 4157 796 4194 amore
826 4137 1194 4210 comparandi
1225 4137 1494 4207 nominis,
1522 4141 1588 4192 ut
1617 4137 1827 4192 scilicet
1847 4138 1964 4210 ipse
1988 4138 2159 4192 eccle-

517 4233 614 4290 siae
635 4234 896 4290 conditor
919 4232 1258 4304 appelletur,
1283 4231 1389 4285 hoc
1415 4232 1550 4285 velit
1574 4231 1784 4300 facere,
1815 4231 1948 4302 quia
1977 4231 2158 4286 multa

517 4334 652 4386 sunt
681 4328 813 4382 hinc
843 4327 994 4396 inde,
1038 4331 1160 4380 tam
1201 4325 1257 4380 in
1306 4325 1410 4379 hac
1460 4324 1623 4395 regia
1674 4325 1836 4391 urbe,
1885 4341 2057 4396 quam
2096 4323 2155 4378 in

513 4422 816 4498 provinciis
842 4419 1110 4489 ecclesiae,
1141 4420 1200 4474 in
1229 4419 1438 4492 quibus
1471 4417 1703 4472 tametsi
1755 4417 2158 4473 convenienter

2256 1882 2496 1937 civitatis
2525 1884 2759 1954 ejusque
2790 1884 2957 1950 clero,
2989 1884 3087 1938 sed
3132 1883 3300 1937 etiam
3353 1882 3746 1954 metropoleos
3785 1881 3897 1952 epi-

2257 1993 2445 2048 scopo,
2476 1993 2581 2032 nec
2611 1994 2725 2030 non
2757 1982 2814 2031 et
2840 1977 2977 2032 illud
3007 1977 3240 2048 insuper
3267 1983 3352 2032 est
3399 1976 3708 2044 sancitum,
3753 1981 3816 2030 ut
3853 1975 3896 2028 si

2256 2071 2635 2142 metropoleos
2663 2067 3047 2125 sanctissimus
3090 2071 3390 2142 episcOpus
3435 2070 3669 2125 futurus
3695 2072 3780 2123 est
3801 2085 3892 2123 ve-

2255 2163 2536 2234 nundare,
2568 2165 2683 2219 sive
2734 2164 2856 2236 ejus
2903 2165 3151 2218 ecclesiae
3198 2163 3544 2218 sanctissimi
3589 2159 3890 2229 oeconomi,

2256 2257 2394 2328 quid
2417 2262 2672 2329 oporteat
2697 2258 2839 2327 ﬁeri,
2869 2257 3040 2312 etiam
3075 2258 3181 2312 hoc
3209 2257 3534 2328 adjicimus,
3577 2261 3648 2311 ut
3680 2257 3791 2310 duo
3827 2271 3894 2310 ex

2255 2351 2470 2423 synodo
2495 2368 2623 2422 quae
2651 2351 2754 2406 sub
2776 2368 2842 2406 eo
2867 2355 2948 2406 est
2979 2353 3092 2406 Deo
3121 2351 3453 2405 amabilium
3473 2350 3891 2421 episcoporum,

2255 2461 2626 2517 quoscunque
2637 2446 2892 2517 elegerit,
2911 2444 3312 2517 ipsiintersint,
3333 2445 3515 2500 etalia
3536 2443 3890 2498 omniobser-

2254 2538 2477 2594 vatione
2508 2539 2805 2605 custodita,
2822 2556 2948 2610 quae
2961 2539 3082 2610 jam
3095 2539 3306 2593 sancita
3322 2545 3425 2607 est,
3442 2537 3745 2610 praesentia
3763 2536 3894 2590 duo-

2255 2649 2385 2687 rum
2401 2633 2511 2688 Deo
2527 2632 2854 2687 amabilium
2870 2633 3266 2704 episcoporum
3291 2632 3596 2702 adjiciatur
3624 2635 3686 2686 ut
3706 2647 3896 2685 secun-

2256 2725 2395 2779 dum
2419 2743 2476 2780 se
2499 2725 2755 2780 videatur
2778 2743 2908 2781 cum
2929 2743 3029 2780 sua
3056 2726 3271 2797 synodo
3297 2742 3424 2780 rem
3453 2742 3628 2797 agere
3655 2731 3712 2779 et
3755 2725 3894 2796 sicut

2254 2819 2374 2890 ipse
2402 2837 2523 2874 rem
2551 2820 2683 2874 facit
2705 2820 3051 2887 credibilem,
3081 2823 3138 2873 et
3161 2819 3537 2873 sufﬁcientem
3569 2819 3623 2872 ei
3665 2819 3761 2891 qui
3792 2817 3892 2871 sub

2255 2929 2320 2968 eo
2345 2915 2684 2968 constitutus
2711 2919 2812 2979 est,
2853 2914 2989 2968 dum
3018 2930 3266 2986 praesens
3304 2916 3410 2981 est,
3444 2913 3523 2967 ita
3552 2919 3608 2967 et
3638 2913 3744 2983 ipsi
3769 2929 3894 2982 quae

2254 3007 2360 3061 sub
2400 3024 2465 3061 eo
2503 3013 2587 3061 est
2634 3007 2878 3078 synodus
2923 3023 3172 3078 praisens
3214 3024 3316 3078 per
3350 3007 3495 3061 duos
3537 3007 3651 3060 Deo
3691 3005 3894 3059 amabi-

2255 3101 2394 3155 lium
2419 3101 2815 3172 episcoporum
2844 3100 3126 3155 videbitur
3153 3117 3276 3154 rem
3303 3101 3570 3172 praebere
3607 3099 3891 3154 sanctissi-

2175 3155 2231 3229 Ο
2255 3211 2410 3248 mam
2436 3200 2695 3249 sumente
2733 3211 2802 3250 ex
2833 3193 3159 3265 hujusmodi
3185 3195 3402 3265 synodo
3422 3194 3835 3248 testimonium.

2328 3289 2477 3342 Hanc
2506 3305 2634 3342 vero
2659 3293 2913 3342 nostram
2951 3280 3159 3360 legem,
3189 3291 3308 3342 tam
3330 3287 3400 3342 ad
3431 3289 3634 3342 sedem
3661 3287 3896 3342 beatitu-

2257 3381 2404 3436 dinis
2427 3387 2540 3436 tua:
2567 3399 2736 3453 quam
2757 3381 2827 3436 ad
2853 3387 3086 3436 caeteros
3110 3380 3500 3436 transmissam
3523 3381 3890 3453 patriarchas,

2257 3474 2358 3546 ipsi
2375 3492 2476 3546 per
2486 3475 2741 3546 proprias
2755 3475 2968 3530 litteras
2991 3475 3094 3530 sub
3111 3475 3267 3528 vobis
3283 3475 3606 3530 constitutis
3622 3479 3894 3545 metropo-

2255 3567 2444 3622 litanis
2460 3569 2821 3624 manifestam
2847 3568 3080 3623 facietis.
3108 3565 3212 3632 Qui
3230 3585 3459 3622 rursum
3483 3569 3591 3623 sub
3618 3586 3679 3623 se
3703 3565 3893 3641 positis

2257 3661 2532 3733 episcopis
2561 3679 2684 3716 eam
2713 3662 3196 3734 divulgabunt,ne
3210 3662 3536 3734 quidlateat
3556 3680 3757 3718 eorum
3773 3678 3892 3735 quze

2253 3771 2286 3809 a
2347 3755 2512 3810 nobis
2559 3756 2859 3810 constituta
2897 3761 3048 3810 sunt.
3101 3755 3201 3810 Dat
3245 3756 3308 3809 Κ.
3354 3755 3508 3810 Maii.
3540 3757 3888 3810 Constantia.

2255 3847 2394 3921 imp.
2425 3849 2522 3904 dn.
2545 3849 2745 3904 Justin.
2769 3849 2872 3904 PP.
2894 3853 3039 3921 Aug.
3065 3865 3200 3903 ann.
3229 3849 3570 3904 l2..toanne.
3593 3865 3650 3904 γ.
3673 3866 3724 3905 c.
3745 3865 3888 3905 cons.

2785 3987 3107 4044 NOMELLA
3157 3988 3344 4042 LXXV.

2253 4081 2380 4135 Haec
2405 4083 2709 4136 constitutio
2737 4084 3131 4152 interpretatur
3151 4085 3390 4152 priorem
3431 4086 3885 4144 constitutionem,

2327 4169 2447 4221 quae
2471 4153 2538 4206 de
2565 4153 2648 4208 his
2673 4153 2788 4207 lata
2809 4159 2906 4215 est,
2934 4156 3031 4223 qui
3053 4153 3440 4222 ingrediuntur
3466 4158 3821 4215 monasteria,
3842 4160 3886 4207 et

2327 4225 2662 4296 substantias
2681 4239 2808 4279 suas
2827 4231 3155 4288 consecrant,
3169 4229 3220 4279 et
3235 4241 3303 4279 ea:
3325 4241 3431 4295 quo
3457 4227 3640 4296 ipsam
3669 4232 3885 4296 tempore

2327 4295 2509 4350 valere
2533 4300 2797 4366 oporteat.

2331 4412 2485 4466 ldem
2515 4411 2828 4482 imperator
2843 4409 3046 4466 Joanni
3075 4410 3484 4482 gloriosissimo
3515 4405 3883 4469 Orientalium

515 4518 706 4574 omnia
735 4517 1014 4572 obeantur
1043 4513 1375 4579 ministeria,
1409 4517 1602 4566 tamen
1629 4511 1946 4583 perieulum
1977 4517 2061 4566 est
2084 4529 2155 4566 ne
2175 4530 2234 4602 D
2255 4503 2655 4576 praetoriorum
2673 4505 2964 4576 praefecto,
2992 4503 3198 4559 iterum
3215 4507 3526 4560 exconsule
3556 4513 3617 4562 et
3643 4507 3882 4579 patricio.

513 4629 635 4686 pra:
665 4616 942 4666 vetustate
985 4608 1302 4676 concidant,
1335 4611 1434 4660 aut
1455 4605 1625 4659 etiam
1670 4622 1854 4677 parva:
1883 4605 2151 4674 existant,

515 4713 616 4762 aut
642 4706 866 4760 minore
895 4707 1097 4757 ornatu
1129 4717 1302 4773 quam
1331 4701 1566 4771 cupiant
1591 4699 1652 4754 bi
1679 4700 1777 4771 qui
1805 4717 1963 4754 sacra
1989 4699 2047 4753 in
2091 4699 2156 4754 iis

515 4803 762 4855 tractant
785 4797 1064 4864 manibus,
1085 4795 1274 4850 licebit
1295 4810 1430 4848 sane
1458 4793 1510 4847 ei
1532 4809 1707 4847 uuam
1730 4810 1799 4847 ex
1824 4793 2153 4864 hujusmodi

517 4892 765 4948 ecclesiis
791 4891 1106 4959 desumere,
1137 4893 1194 4943 et
1227 4889 1375 4942 hanc
1401 4886 1775 4955 exmdiﬁcare,
1809 4887 1898 4940 bic
1927 4902 2153 4958 quoque

513 5003 646 5044 cum
697 4985 931 5040 scientia
974 4988 1030 5037 et
1066 4998 1344 5036 consensu
1389 4981 1486 5034 Dei
1546 4979 1922 5034 amantissimi
1967 4981 2154 5034 ortho-

517 5075 798 5131 doxorum
819 5071 1062 5144 episcopi
1082 5087 1146 5124 ea
1171 5086 1232 5124 re
1245 5069 1706 5124 conﬁciendaJta
1725 5069 1876 5124 enim
1892 5071 2152 5124 futurum

517 5175 602 5226 est
627 5173 693 5223 ut
720 5173 777 5222 et
801 5182 971 5220 sacrae
1002 5163 1138 5218 tedis
1184 5163 1452 5218 conditor
1489 5164 1827 5234 appelletur,
1856 5180 2043 5234 neque
2084 5164 2152 5218 de

515 5280 620 5318 suo
653 5261 966 5332 quidquam
1005 5262 1280 5329 prreterea
1306 5262 1565 5327 sumptus
1614 5257 1801 5325 addat,
1834 5257 2153 5328 sumptibus

515 5373 623 5429 pro
650 5371 806 5409 more
831 5353 952 5424 jam
977 5351 1044 5406 ad
1071 5351 1176 5405 hoc
1209 5350 1487 5422 deputatis
1515 5350 1945 5422 suppeditandis
1969 5351 2040 5406 ab
2067 5351 2155 5405 his

518 5449 617 5522 qui
644 5448 804 5521 prius
828 5461 1054 5518 quoque
1072 5461 1164 5498 eas
1195 5443 1555 5514 erogationes
1578 5443 1875 5499 faciebant.

589 5540 732 5596 lllud
754 5554 980 5610 quoque
1010 5537 1310 5606 sancimus,
1334 5539 1616 5608 quatenus
1644 5537 1952 5593 secundum
1971 5538 2093 5608 jam
2121 5555 2155 5593 a

516 5633 680 5690 nobis
709 5633 985 5702 prolatam
1010 5630 1218 5701 legem,
1244 5631 1354 5684 Deo
1380 5628 1652 5683 amabiles
1677 5629 1925 5702 episcopi
1948 5630 2004 5684 in
2035 5631 2152 5686 suis

519 5724 778 5782 Ecclesiis
805 5729 1069 5778 maneant
1087 5729 1144 5778 et
1171 5740 1284 5778 non
1310 5721 1881 5795 relinquantquidem
1906 5739 2018 5792 eas,
2048 5740 2154 5795 per

521 5821 752 5890 tempus
775 5831 908 5873 vero
933 5815 1179 5872 multum
1226 5815 1316 5872 hic
1353 5819 1670 5888 morentur,
1714 5821 1771 5874 et
1811 5821 2015 5890 cogant
2051 5834 2155 5892 per

2325 4600 2498 4653 Causa
2528 4600 2654 4652 talis
2683 4599 2753 4652 ad
2797 4615 2899 4652 nos
2925 4597 3202 4668 pervenit,
3241 4616 3414 4670 quam
3443 4601 3884 4655 existimavimus

2254 4695 2516 4764 oportere
2530 4690 2873 4764 competenti
2894 4689 2979 4745 uti
2996 4709 3026 4745 a
3053 4692 3212 4746 nobis
3232 4692 3715 4764 interpretatione
3734 4693 3884 4749 simul

2254 4790 2311 4840 et
2323 4787 2390 4840 ad
2389 4786 2624 4857 jutorio.
2641 4788 3019 4858 Cognovimus
3034 4787 3243 4842 etenim
3261 4787 3395 4858 quia
3407 4804 3462 4841 m
3473 4787 3621 4843 ulier
3637 4788 3886 4860 quaedam

2254 4879 2470 4934 habens
2497 4879 2702 4948 ﬁlium,
2730 4881 2834 4935 sibi
2862 4897 2931 4936 ex
2957 4882 3171 4954 nuptiis
3197 4880 3473 4952 legitimis
3509 4887 3883 4953 procreatum,

2252 4973 2429 5027 voluit
2453 4973 2682 5044 quidem
2712 4991 3011 5046 segregare
3043 4992 3101 5029 se
3133 4992 3164 5028 a
3191 4974 3489 5028 communi
3529 4975 3638 5030 ista
3665 4991 3884 5031 conver-

2253 5065 2488 5134 satione,
2515 5074 2572 5122 ct
2590 5067 2647 5122 in
2678 5069 2922 5139 quodam
2943 5069 3252 5123 mulierum
3277 5069 3632 5124 monasterio
3655 5085 3887 5125 comma-

2252 5176 2410 5230 nere,
2433 5161 2675 5232 plurima
2703 5161 2851 5217 bona
2877 5163 3090 5218 faciens
3118 5162 3457 5218 mulieribus
3483 5164 3882 5220 revereudissi-

2253 5253 2360 5308 mis
2385 5252 2595 5310 ibidem
2623 5257 3005 5328 congregatis.
3037 5256 3400 5328 thuoniam
3433 5264 3653 5313 nostra:
3675 5257 3879 5331 pietatis

2252 5347 2344 5402 lex
2373 5349 2493 5402 vult
2520 5365 2614 5404 eos
2638 5350 2735 5421 qui
2767 5367 2824 5405 se
2846 5350 3200 5406 monasteriis
3227 5349 3571 5420 dedicarint,
3599 5369 3705 5408 seu
3733 5353 3876 5416 viros,

2253 5457 2352 5496 seu
2376 5442 2664 5511 mulieres,
2695 5451 2999 5516 antequam
3027 5443 3434 5517 ingrediantur
3458 5448 3876 5510 monasterium,

2253 5551 2322 5590 eo
2346 5552 2459 5608 quo
2484 5535 2766 5593 voluerint
2791 5538 2959 5594 modo
2984 5555 3112 5610 qua:
3137 5554 3237 5592 sua
3269 5544 3406 5592 sunt
3433 5538 3765 5612 disponere,
3792 5554 3879 5594 nec

2252 5635 2739 5702 posse,postquam
2755 5631 3160 5703 ingrediuntur
3185 5633 3630 5698 monasterium,
3663 5633 3875 5690 ulterius

2251 5739 2422 5795 agere
2446 5723 2759 5798 quidquam
2789 5725 2858 5781 de
2896 5725 3161 5798 propriis,
3191 5729 3254 5781 ut
3280 5731 3414 5798 pote
3441 5725 3672 5784 domini
3704 5739 3871 5784 rerum

2251 5833 2369 5874 non
2415 5817 2654 5875 ulterius
2690 5817 3014 5893 existentes,
3045 5835 3112 5876 eo
3137 5814 3294 5897 quod
3350 5820 3432 5879 sic
3480 5823 3873 5884 sanciverimns
