4034 6228
167 398 297 449 1001

993 393 1357 451 IUSTINIANI
1397 393 1725 452 NOVELIuE
1763 392 2099 451 SELEC'I‘E.
2142 393 2448 450 NOVEILA
2488 391 2708 448 LXXIX.

3405 402 3538 456 1002

159 504 495 576 hujusmodi
526 504 675 559 viros
703 509 757 559 et
783 505 1047 560 mulieres
1081 524 1212 562 cum
1245 523 1480 578 corpore
1523 511 1580 562 et
1611 507 1803 562 anima
1823 519 2076 592 Aquam
2098 511 2163 561 ut
2188 507 2287 578 qui
2317 506 2444 560 ﬁdei
2476 511 2686 561 nostra:
2725 523 2758 559 a
2801 505 3031 560 domino
3072 508 3182 562 Deo
3233 513 3542 566 concrediti

157 599 284 668 ipso
319 599 579 669 ingressu
611 599 679 652 ad
708 599 1114 653 monasterium
1160 600 1418 655 dedicare
1463 617 1521 656 se
1563 618 1802 672 suasque

156 692 530 760 substantias,
560 697 616 746 et
641 691 921 762 siquidem
949 692 1326 760 discesserint,
1356 709 1584 749 manere
1628 695 1804 749 etiam

159 787 238 839 sic
265 801 470 840 eorum
501 785 842 840 substantias
867 785 927 840 in
953 787 1380 855 monasterium,
1413 804 1480 841 eo
1507 789 1658 859 quod
1703 789 1804 842 do-

158 879 309 933 mini
342 880 548 933 harum
581 878 820 933 ulterius
847 896 963 934 non
989 879 1238 935 existunt
1265 897 1276 934 :
1306 881 1437 934 hinc
1467 885 1657 935 autem
1684 898 1803 936 me-

157 979 347 1040 tuere,
399 989 470 1027 ne
520 973 660 1027 forte
697 974 976 1043 (quamvis
1015 979 1205 1027 nostra
1251 975 1575 1028 constitutio
1625 976 1804 1029 multo

158 1065 445 1136 posterior
474 1065 547 1119 sit
590 1081 760 1136 quam
804 1083 935 1120 cum
963 1067 1023 1121 in
1051 1067 1384 1138 praedictam
1429 1068 1806 1122 venerabilem

158 1159 401 1212 domum
434 1159 690 1228 ingressa
717 1164 800 1212 est
830 1159 1026 1230 (aliqui
1071 1160 1407 1231 prohibeant
1432 1176 1555 1215 eam
1585 1161 1805 1232 prospi-

159 1267 290 1306 cere
319 1268 426 1306 suo
455 1252 587 1318 filio,
607 1256 664 1306 et
693 1258 952 1323 oportere
974 1259 1206 1324 propter
1235 1254 1570 1324 prazdictum
1591 1258 1808 1310 metum

160 1345 286 1399 haec
315 1346 700 1416 interpretari,
724 1349 781 1399 et
801 1347 924 1417 lege
955 1352 1146 1400 nostra
1178 1346 1300 1400 fieri
1333 1347 1654 1412 manifesta,
1675 1349 1807 1418 quia

157 1439 304 1492 nihil
339 1440 476 1492 laesa
504 1439 594 1507 sit,
624 1444 722 1492 aut
768 1440 890 1510 ipsa
925 1450 1022 1493 aut
1057 1441 1204 1493 filius
1239 1442 1360 1509 ejus
1400 1441 1551 1494 circa
1592 1443 1714 1510 ejus
1743 1459 1808 1495 ex

157 1536 484 1586 memorata
545 1533 941 1587 constitutione
1004 1534 1434 1587 successionem.
1504 1536 1809 1605 Propterea

158 1626 473 1693 sancimus,
502 1626 548 1678 si
579 1626 706 1696 quis
748 1627 1153 1680 monasterium
1202 1627 1537 1681 habitaverit
1583 1628 1668 1680 vir
1711 1633 1810 1682 aut

157 1720 371 1773 mulier
401 1724 532 1772 ante
563 1720 898 1789 praedictam
931 1724 1182 1772 nostram
1210 1719 1690 1784 constitutionem,
1713 1725 1809 1773 aut

157 1812 440 1866 hactenus
468 1811 704 1880 habitat,
739 1816 793 1866 et
821 1813 1064 1866 maxime
1090 1813 1220 1866 liliis
1245 1813 1611 1866 existentibus
1634 1857 1648 1879 ,
1677 1816 1805 1867 nul-

157 1907 272 1960 lam
318 1906 535 1961 habere
575 1905 969 1960 necessitatem
1003 1923 1152 1960 nunc
1201 1923 1398 1960 eorum
1435 1907 1809 1962 substantiam

156 2000 218 2052 in
244 1999 682 2064 monasterium,
715 1999 808 2052 sed
836 1998 950 2052 filio
980 2005 1080 2052 aut
1109 2000 1238 2053 lilia:
1269 2000 1680 2066 transmittere,
1713 2005 1811 2053 aut

157 2097 340 2147 totam
380 2099 479 2146 aut
513 2092 685 2146 etiam
720 2098 944 2162 partem
983 2109 1098 2146 suae
1129 2093 1454 2146 substantiae
1474 2135 1486 2157 ,
1517 2099 1613 2146 aut
1639 2094 1808 2147 etiam

157 2203 273 2257 quo
305 2186 551 2238 voluerit
580 2186 750 2238 modo
793 2203 881 2239 res
921 2203 1048 2239 suas
1085 2186 1382 2256 disponere
1413 2203 1426 2240 :
1460 2192 1655 2257 utpote
1689 2187 1806 2256 pri-

157 2295 318 2332 mam
349 2279 504 2332 illam
523 2279 708 2348 legem
731 2279 841 2331 alia
865 2284 1060 2332 nostra
1083 2279 1187 2332 hac
1210 2280 1611 2334 constitutione
1641 2280 1810 2333 inter-

156 2376 426 2443 pretante
445 2362 554 2438 (eos
575 2372 727 2424 enim
740 2372 837 2442 qui
859 2373 1030 2425 semel
1048 2378 1177 2426 ante
1200 2377 1571 2426 memoratam
1593 2374 1809 2427 dudum

157 2471 420 2519 nostram
443 2466 630 2534 legem
643 2465 986 2518 monasteria
1000 2465 1353 2530 intraverint,
1377 2466 1434 2519 in
1449 2483 1484 2520 n
1494 2467 1608 2520 ullo
1630 2467 1810 2537 posita

157 2563 358 2629 postea
383 2559 474 2611 lex
501 2557 919 2625 contristatura,
952 2563 1051 2612 aut
1079 2558 1336 2612 ablatura
1363 2564 1449 2612 est
1479 2559 1566 2612 his
1587 2575 1647 2612 ea
1681 2575 1808 2630 quae

156 2653 320 2722 prius
352 2651 454 2716 eis,
489 2656 549 2704 ut
590 2651 741 2717 licet,
777 2651 906 2705 data
951 2654 1123 2717 sunt),
1167 2667 1353 2722 neque
1398 2653 1557 2722 prius
1598 2657 1808 2706 nostrae

159 2745 305 2816 legis
333 2745 809 2814 impedimentum
829 2745 1053 2813 penitus
1079 2745 1336 2810 faciente,
1357 2761 1423 2799 eo
1443 2745 1595 2815 quod
1621 2761 1807 2816 neque

158 2837 431 2909 possibile
451 2837 522 2890 sit
545 2837 656 2890 hoc
683 2837 829 2904 fieri,
853 2841 916 2890 ut
937 2837 1282 2908 oportuisset
1306 2838 1463 2907 prius
1484 2838 1804 2908 disponere,

161 2937 217 2986 et
240 2931 324 2984 ita
351 2931 575 3000 ingredi
614 2930 1039 2984 monasterium.
1071 2930 1130 2985 Si
1170 2947 1304 2984 vero
1334 2931 1492 2984 nulla
1529 2937 1662 2985 tunc
1709 2932 1807 2985 tali

159 3025 287 3095 lege
321 3023 510 3094 posita
537 3024 595 3076 in
622 3023 1032 3078 monasterium
1076 3023 1331 3093 ingressa
1371 3030 1490 3091 est,
1525 3026 1806 3094 quomodo

160 3117 284 3171 ﬁeri
312 3117 831 3188 potueritconverti
854 3117 1112 3171 ordinem
1139 3117 1302 3187 legis,
1322 3122 1377 3171 et
1389 3117 1615 3188 exigere
1633 3123 1693 3172 ut
1709 3118 1805 3189 qui

157 3212 322 3281 prius
348 3211 591 3282 ingressi
621 3214 754 3264 sunt
796 3210 1235 3277 monasterium,
1289 3211 1383 3264 illa
1421 3211 1628 3265 faciant
1676 3228 1805 3282 quae

157 3304 318 3374 prius
343 3303 626 3374 ignorata,
657 3309 852 3375 postea
877 3320 981 3374 per
1007 3319 1221 3357 sacram
1247 3309 1504 3358 nostram
1534 3305 1801 3359 constitu-

156 3398 376 3452 tionem
406 3402 538 3450 sunt
580 3397 866 3450 innovata.
904 3396 1012 3451 Sed
1046 3413 1512 3467 unumquemque
1539 3399 1808 3468 competit

158 3491 479 3545 secundum
523 3506 624 3543 sua
664 3495 927 3561 tempora
964 3495 1287 3560 exspectare
1327 3506 1426 3558 ea;
1472 3494 1530 3544 et
1577 3491 1806 3565 quidem

157 3601 286 3656 quae
307 3586 438 3654 post
457 3584 642 3653 legem
663 3587 815 3650 sunt,
831 3583 908 3636 ita
927 3599 1182 3652 quaerere
1213 3583 1354 3649 ﬁeri,
1383 3584 1527 3637 sicut
1556 3583 1644 3638 lex
1666 3584 1804 3637 vult.

161 3677 214 3732 Si
243 3677 387 3748 quid
413 3681 605 3730 autem
630 3679 761 3730 ante
784 3676 972 3746 legem
1003 3677 1366 3730 subsecutum
1393 3681 1507 3740 est,
1537 3677 1644 3731 hoc
1690 3693 1806 3730 non

159 3785 543 3835 commovere,
573 3785 758 3840 neque
787 3769 1126 3840 perscrutari
1150 3811 1163 3838 ,
1204 3769 1300 3824 sed
1327 3769 1386 3822 in
1415 3769 1593 3839 priori
1624 3770 1807 3839 figura

161 3865 509 3935 relinquere.
545 3864 669 3916 Hinc
703 3862 882 3932 igitur
926 3863 1015 3916 lex
1050 3879 1153 3932 pro
1186 3863 1651 3932 interpretatione
1681 3862 1806 3916 utili

161 3958 343 4030 posita
371 3957 445 4011 sit
471 3956 672 4028 prioris
703 3960 911 4010 nostra:
950 3956 1100 4010 illius
1149 3955 1591 4022 constitutionis,
1622 3959 1687 4009 ut
1711 3956 1808 4009 illa

159 4053 216 4105 in
247 4051 661 4122 posterioribus
690 4050 1064 4121 temporibus,
1089 4065 1153 4103 ex
1179 4065 1292 4120 quo
1317 4049 1460 4104 facta
1487 4053 1588 4114 est,
1619 4049 1804 4103 locum

160 4145 407 4209 habeat;
433 4148 489 4198 et
522 4143 609 4197 his
633 4144 731 4214 qui
755 4149 951 4214 postea
978 4147 1398 4208 convertentur,
1426 4142 1558 4196 viris
1584 4158 1647 4196 ac
1674 4158 1803 4196 mu-

159 4239 402 4293 lieribus
427 4237 607 4307 posita
637 4237 743 4304 sit,
782 4237 999 4308 sibique
1026 4239 1361 4307 potestatem
1386 4236 1447 4290 in
1477 4236 1591 4290 illis
1620 4242 1803 4290 custo-

159 4333 296 4396 diat,
328 4330 489 4384 nullo
516 4330 723 4384 horum
753 4346 881 4400 qua:
912 4335 1080 4384 antea
1113 4329 1326 4384 fuerint
1351 4330 1759 4401 perscrutanda
1788 4347 1801 4384 :

157 4441 293 4479 cum
321 4423 549 4477 licentia
569 4423 642 4476 sit
670 4422 955 4493 prioribus
976 4422 1108 4475 viris
1127 4439 1190 4476 ac
1217 4422 1550 4476 mulieribus
1574 4423 1673 4494 qui
1702 4423 1803 4477 ha-

153 4517 502 4584 bitaverunt,
523 4519 623 4570 aut
660 4515 831 4569 etiam
855 4515 1126 4569 hactenus
1147 4515 1408 4569 habitant
1434 4515 1495 4569 in
1521 4520 1802 4570 monaste-

1905 605 2056 668 sunt,
2078 601 2315 655 honeste
2344 601 2553 668 vivant,
2599 605 2656 653 et
2702 600 2823 670 ejus
2868 601 3316 658 benevolentiam
3356 605 3544 660 deme-

1906 697 2156 761 reantur,
2180 694 2498 765 praesertim
2522 710 2652 748 cum
2679 693 2777 747 Dei
2805 709 2939 764 erga
2965 694 3228 751 homines
3250 713 3411 752 amor
3429 717 3542 754 non

1907 788 2220 854 interitum,
2250 787 2349 842 sed
2379 788 2798 842 conversionem
2824 804 2888 841 ac
2915 789 3152 844 salutem
3179 791 3333 859 velit;
3364 797 3421 847 et
3449 810 3545 848 eos

1906 881 2005 952 qui
2029 881 2235 935 alicubi
2267 881 2644 949 offenderunt,
2679 882 2822 935 Deus
2846 881 3013 936 simul
3043 886 3546 956 atqueeriguntur

1907 980 1964 1028 et
1989 975 2049 1028 in
2076 975 2225 1028 viam
2252 974 2512 1043 redeunt,
2548 974 2832 1045 suscipiat.
2869 977 2989 1039 Qua
3020 977 3192 1030 etiam
3217 978 3285 1032 de
3325 996 3385 1034 re
3417 996 3543 1035 om-

1907 1085 2007 1123 nes
2036 1069 2420 1135 cohortamur,
2442 1071 2504 1122 ut
2521 1068 2618 1121 Dei
2634 1067 2899 1122 timorem
2922 1069 2980 1122 in
3000 1069 3189 1124 animo
3201 1073 3542 1143 concipiant,

1908 1167 1965 1216 et
1989 1163 2110 1231 ejus
2135 1161 2437 1231 implorent
2464 1161 2892 1230 benignitatem.
2936 1164 3000 1217 Et
3027 1164 3237 1217 scimus
3262 1166 3416 1236 quod
3445 1168 3545 1237 qui

1909 1255 2086 1308 Deum
2113 1254 2374 1324 diligunt,
2407 1254 2616 1325 quique
2645 1255 2764 1324 ejus
2803 1256 3197 1324 praestolamur
3221 1257 3542 1317 misericor-

1910 1348 2089 1415 diam,
2121 1348 2224 1400 hoc
2254 1350 2446 1416 agant.
2480 1348 2617 1410 Quia
2653 1364 2783 1401 vero
2820 1349 3092 1402 diabolica
3131 1351 3361 1421 quidam
3391 1353 3547 1408 insti-

1912 1443 2134 1509 gatioue
2164 1441 2400 1508 detenti,
2432 1441 2784 1510 gravioribus
2811 1442 3022 1511 seipsos
3052 1444 3288 1498 luxuriis
3317 1446 3546 1501 commi-

1911 1539 2124 1602 serunt,
2160 1540 2214 1587 et
2245 1535 2348 1604 ipsi
2379 1540 2596 1587 naturae
2620 1536 2899 1588 contraria
2920 1535 3152 1600 faciunt,
3175 1538 3546 1594 adhortamur

1911 1634 1966 1681 et
1987 1629 2172 1692 hosce,
2195 1633 2256 1681 ut
2278 1628 2374 1680 Dei
2404 1628 2663 1680 timorem
2685 1633 2739 1681 et
2759 1629 3013 1682 futurum
3029 1630 3308 1698 judicium
3335 1632 3392 1684 in
3419 1634 3544 1686 ani-

1910 1737 2004 1774 mo
2031 1721 2369 1792 concipiant,
2400 1726 2455 1774 et
2485 1721 2800 1774 istiusmodi
2834 1721 3125 1775 diabolicis
3159 1728 3215 1775 et
3235 1725 3436 1778 illicitis
3457 1725 3543 1779 lu-

1911 1813 2088 1867 xuriis
2118 1814 2458 1881 abstineant,
2491 1830 2560 1867 ne
2585 1830 2686 1884 per
2711 1819 2826 1867 tam
2857 1815 3030 1885 impia
3065 1817 3316 1870 facinora
3341 1835 3371 1871 a
3394 1819 3547 1888 justa

1830 1887 1886 1958 B
1912 1908 2006 1960 Dei
2037 1907 2120 1960 ira
2148 1907 2233 1959 vel
2276 1907 2444 1960 urbes
2487 1923 2617 1960 cum
2658 1907 2772 1960 suis
2811 1908 3007 1960 incolis
3037 1925 3262 1978 pessum
3290 1910 3371 1964 ire
3400 1911 3548 1964 inve-

1911 2000 2158 2053 niantur.
2213 2001 2313 2052 Per
2367 2006 2587 2052 sanctas
2643 2001 2794 2053 enim
2843 2001 3162 2070 Scripturas
3218 2003 3543 2072 edocemur,

1909 2092 2062 2162 quod
2095 2093 2166 2146 ob
2213 2099 2328 2145 tam
2373 2093 2548 2161 impia
2593 2093 2838 2145 facinora
2879 2094 3047 2147 etiam
3081 2095 3246 2148 urbes
3274 2113 3385 2149 una
3416 2115 3545 2151 cum

1909 2186 2232 2239 hominibus
2263 2185 2552 2254 perierint.
2606 2189 2840 2256 Insuper
2885 2188 3018 2256 quia
3059 2188 3205 2241 ultra
3251 2191 3548 2258 pra-dictos

1910 2279 2141 2348 quidam
2169 2278 2527 2332 exsecrabilia
2549 2280 2718 2332 etiam
2735 2280 2905 2332 verba
2925 2286 2980 2333 et
2999 2281 3319 2350 juramenta
3343 2284 3410 2335 de
3437 2285 3546 2337 Deo

1910 2373 2224 2442 proferunt,
2258 2374 2435 2425 Deum
2471 2378 2836 2441 provocantes
2867 2374 2940 2426 ad
2971 2374 3342 2442 iracundiam,
3372 2379 3548 2429 consi-

1910 2465 2124 2519 militer
2171 2471 2226 2519 et
2278 2466 2382 2518 hos
2425 2465 2816 2532 admonemus,
2858 2473 2921 2520 ut
2963 2471 3076 2520 tam
3115 2469 3549 2523 exsecrabilibus

1909 2559 2112 2626 verbis,
2133 2564 2188 2612 et
2216 2558 2351 2611 item
2373 2575 2476 2629 per
2493 2559 2778 2628 capillum,
2804 2563 2860 2613 et
2877 2563 3046 2630 caput
3072 2561 3544 2631 adjurationibus,

1909 2657 1966 2706 et
2005 2652 2060 2705 id
2101 2668 2283 2721 genus
2308 2652 2430 2706 aliis
2467 2652 2651 2706 verbis
2691 2653 3029 2706 abstineant.
3061 2655 3199 2707 Nam
3227 2654 3270 2707 si
3298 2656 3549 2709 convicia

1909 2745 2238 2799 hominibus
2264 2746 2485 2815 ingesta
2530 2746 2728 2799 saltem
2762 2746 2939 2800 inulta
2966 2763 3076 2800 non
3119 2748 3546 2818 relinquuntur,

1907 2839 2089 2892 multo
2119 2839 2298 2908 magis
2325 2839 2419 2909 qui
2459 2837 2711 2892 divinum
2758 2855 2972 2893 numen
3017 2841 3277 2893 conviciis
3319 2841 3548 2896 incessit

1908 2933 2114 3001 dignus
2143 2937 2226 2985 est
2245 2932 2341 3002 qui
2373 2931 2716 3002 supplicium
2737 2932 3028 2986 sustineat.
3055 2934 3355 3003 Propterea
3376 2935 3551 3004 igitur

1906 3041 2101 3079 omnes
2144 3024 2472 3094 hujusmodi
2517 3025 2900 3090 cohortamur,
2937 3030 3001 3078 ut
3041 3027 3296 3096 praefatis
3334 3027 3549 3081 delictis

1907 3119 2241 3185 abstineant,
2271 3122 2327 3171 et
2354 3117 2452 3170 Dei
2482 3118 2744 3171 timorem
2795 3118 2850 3171 in
2901 3119 3152 3172 animum
3203 3127 3458 3189 sumant,
3492 3123 3550 3174 et

1906 3229 1998 3266 eos
2024 3211 2120 3282 qui
2147 3212 2379 3265 honeste
2403 3212 2573 3265 vitam
2602 3211 2944 3280 transigunt,
2977 3211 3293 3266 imitentur.
3316 3215 3549 3284 Propter

1910 3305 2240 3375 hujusmodi
2266 3304 2420 3358 enim
2452 3304 2656 3358 delicta
2678 3309 2733 3358 et
2766 3305 2974 3371 fames,
3007 3310 3064 3358 et
3087 3311 3460 3373 terraemotus,
3492 3311 3548 3360 et

1908 3399 2243 3469 pestilentiae
2272 3397 2630 3452 oboriuntur.
2663 3403 2841 3468 Atque
2881 3399 2985 3452 hoc
3017 3415 3197 3468 genus
3242 3400 3547 3454 hominum

1910 3497 2224 3562 propterea,
2243 3495 2303 3543 ut
2321 3492 2650 3545 memoratis
2671 3490 2872 3544 illicitis
2883 3491 3199 3546 actionibus
3210 3493 3546 3561 abstineant,

1907 3586 2300 3651 admonemus,
2346 3601 2419 3637 ne
2463 3601 2590 3638 suas
2629 3584 2882 3653 ipsorum
2916 3585 3132 3637 animas
3159 3584 3458 3655 conjiciant
3484 3587 3543 3640 in

1906 3677 2221 3732 interitum.
2253 3678 2391 3730 Nam
2418 3677 2464 3729 si
2496 3680 2621 3747 post
2651 3677 2796 3730 hanc
2823 3681 3077 3730 nostram
3102 3678 3546 3732 admonitionem

1908 3771 2108 3825 iisdem
2173 3770 2448 3823 inhaerere
2511 3769 2726 3823 delictis
2775 3769 2950 3839 aliqui
3027 3770 3542 3839 deprehendantur,

1907 3863 2186 3934 principio
2221 3862 2448 3933 quidem
2490 3862 2755 3932 indignos
2799 3879 2856 3915 se
2897 3862 3233 3933 praebebunt
3280 3864 3374 3917 Dei
3411 3880 3546 3934 erga

1909 3958 2167 4011 homines
2195 3972 2406 4023 amore,
2448 3955 2650 4009 deinde
2677 3955 2959 4026 legitimas
2989 3955 3157 4010 etiam
3189 3957 3549 4012 sustinebunt

1907 4068 2120 4122 ptenas.
2164 4050 2428 4104 Dedimus
2465 4049 2680 4103 etenim
2724 4049 3128 4119 gloriosissimo
3169 4049 3342 4121 regiae
3389 4050 3546 4104 urbis

1908 4144 2173 4215 praefecto
2201 4143 2520 4214 negotium,
2541 4146 2603 4196 ut
2626 4159 2719 4196 eos
2739 4143 2838 4213 qui
2858 4147 2984 4214 post
3010 4142 3152 4197 hanc
3174 4149 3424 4198 nostram
3445 4145 3541 4198 ad-

1907 4237 2277 4292 monitionem
2324 4235 2608 4307 praedictis
2653 4235 2861 4290 illicitis
2898 4241 2955 4290 et
3011 4236 3199 4306 impiis
3235 4237 3545 4291 actionibus

1907 4331 2186 4385 inhaerere
2212 4347 2325 4384 non
2354 4329 2754 4396 dubitaverint,
2777 4333 2834 4382 et
2852 4330 3319 4399 comprehendat,
3343 4335 3399 4383 et
3420 4330 3545 4383 ulti-

1907 4441 2001 4478 mo
2031 4424 2323 4477 submittat
2348 4422 2622 4492 supplicio
2647 4439 2658 4475 :
2683 4439 2755 4476 ne
2782 4421 3008 4492 quando
3034 4437 3100 4474 ex
3131 4421 3325 4475 talium
3351 4438 3545 4491 pecca-

1906 4523 2095 4571 torum
2111 4519 2460 4585 contemptu,
2486 4532 2586 4585 per
2602 4519 2716 4568 tam
2735 4514 2910 4584 impia
2928 4513 3204 4582 facinora,
3220 4514 3542 4568 inveniatur

157 4611 279 4674 riis,
303 4616 361 4664 et
380 4599 630 4663 maxime
651 4609 780 4662 ﬁliis
801 4609 1192 4676 existentibus,
1209 4625 1339 4663 suas
1355 4625 1444 4663 res
1471 4625 1592 4680 quo
1613 4609 1808 4664 volunt
1826 4625 1884 4696 D
1907 4616 2023 4665 tam
2044 4610 2165 4679 ipsa
2192 4610 2310 4662 haec
2327 4608 2540 4675 civitas,
2563 4623 2734 4677 quam
2754 4613 2872 4660 tota
2893 4605 3131 4659 civilitas
3151 4611 3206 4659 et
3232 4606 3544 4676 respublica

159 4705 468 4774 disponere
500 4703 687 4756 modo.
718 4703 838 4756 Tua
868 4702 1045 4772 igitur
1070 4702 1379 4757 eminentia
1409 4719 1537 4774 quae
1575 4703 1802 4774 placue-

159 4804 300 4852 runt
325 4797 508 4865 nobis,
543 4802 599 4851 et
619 4812 720 4867 per
747 4797 892 4850 hanc
911 4812 1126 4850 sacram
1146 4795 1422 4850 declarata
1443 4801 1577 4850 sunt
1596 4797 1802 4868 legem,

159 4889 494 4944 solemniter
539 4905 644 4960 per
696 4893 1118 4960 programmata
1168 4906 1267 4943 sua
1308 4890 1572 4944 omnibus
1619 4890 1805 4946 facere

161 4984 467 5038 manifesta
501 4983 748 5037 festinet.
792 4983 915 5036 Dat.
950 4983 1024 5037 Id.
1060 4983 1282 5050 Octob.,
1310 4983 1450 5053 imp.
1483 4983 1538 5038 d.
1571 5001 1629 5038 n.
1659 4985 1802 5039 Just.

156 5080 263 5133 PP.
297 5082 446 5148 Aug.
475 5093 609 5131 ann.
641 5081 728 5144 ll,
757 5077 970 5130 Joanne
997 5093 1049 5130 v.
1080 5093 1129 5130 c.
1158 5092 1336 5145 cons.,
1367 5077 1484 5130 ind.
1516 5080 1566 5130 2.

685 5199 997 5255 NOVELLA
1035 5199 1267 5253 LXXVII.

161 5293 229 5347 Ut
260 5294 356 5360 qui
385 5298 576 5347 contra
605 5299 865 5348 naturam
897 5294 1270 5354 lwruriantur,
1300 5297 1350 5346 et
1371 5308 1474 5362 per
1503 5296 1667 5347 Deum
1696 5293 1800 5347 ad-

220 5363 444 5428 jurant,
496 5367 623 5418 item
666 5365 1028 5435 blasphemias
1073 5368 1132 5418 in
1173 5367 1335 5418 Deum
1364 5367 1638 5431 ingerunt,
1684 5367 1800 5432 απε-

230 5435 454 5488 ciantur
478 5437 768 5506 supplicio.

233 5546 553 5616 Imperator
588 5545 936 5600 Justinianus
965 5548 1252 5618 Augustus
1292 5547 1799 5618 Constantinopoli-

153 5638 327 5692 tanis.

229 5733 507 5788 Omnibus
538 5735 660 5804 jam
684 5735 1010 5789 hominibus
1037 5735 1135 5806 qui
1162 5740 1311 5790 recte
1338 5737 1582 5806 sapiunt,
1615 5737 1800 5790 mani-

151 5837 366 5891 festum
392 5849 514 5887 esse
536 5836 824 5904 putamus,
856 5831 914 5884 in
935 5831 1147 5884 nullam
1173 5846 1275 5882 nos
1295 5845 1413 5883 rem
1434 5847 1592 5901 aeque
1614 5831 1802 5884 omnia

154 5932 426 5989 conferre
453 5927 657 5994 studia,
681 5931 782 5980 aut
802 5925 1039 5996 perinde
1069 5923 1283 5994 aliquid
1315 5923 1372 5978 in
1401 5924 1546 5976 votis
1575 5924 1799 5990 habere,

535 6025 810 6090 Pnaon
863 6023 1097 6087 LXXII.

1907 4702 2183 4757 sustinere
2215 4701 2503 4771 injuriam.
2553 4700 2604 4754 Si
2647 4700 2878 4769 quidem
2925 4705 2980 4752 et
3025 4699 3069 4752 si
3101 4705 3224 4769 post
3249 4699 3393 4753 hanc
3434 4717 3538 4754 no-

1906 4803 2076 4852 stram
2097 4794 2544 4850 cohortationem
2565 4793 2737 4863 aliqui
2758 4793 2897 4847 tales
2932 4793 3303 4862 invenientes,
3332 4809 3430 4848 eos
3455 4811 3544 4849 oc-

1906 4889 2258 4957 cultaverint,
2305 4886 2676 4942 consimiliter
2710 4889 2766 4939 et
2806 4886 2913 4956 ipsi
2940 4903 2973 4940 a
3001 4887 3236 4942 Domino
3264 4887 3378 4941 Deo
3404 4904 3538 4944 con-

1906 4983 2343 5040 demnabuntur.
2374 4979 2482 5035 Sed
2513 4986 2568 5034 et
2592 4980 2712 5050 ipse
2735 4979 3174 5050 gloriosissimus
3216 4982 3536 5052 praefectus,

1907 5079 1952 5132 si
1973 5094 2117 5149 quos
2145 5076 2252 5131 tale
2277 5074 2492 5145 aliquid
2515 5073 2846 5144 delinquere
2865 5075 3322 5145 deprehenderit,
3357 5090 3542 5145 neque

1906 5173 2014 5226 illis
2056 5169 2366 5226 secundum
2416 5168 2569 5237 leges
2621 5173 2840 5222 nostras
2880 5168 3183 5222 vindictam
3228 5167 3536 5235 induxerit,

1903 5265 2186 5338 principio
2217 5263 2447 5335 quidem
2480 5262 2580 5316 Dei
2603 5261 2819 5332 judicio
2850 5260 3130 5314 obnoxius
3173 5260 3302 5327 erit,
3334 5260 3540 5315 deinde

1903 5377 2036 5414 vero
2065 5360 2232 5414 etiam
2264 5375 2297 5410 a
2321 5356 2482 5411 nobis
2511 5355 2962 5426 indignationem
2994 5352 3253 5422 excipiet.

2443 5457 2754 5512 NOVELLA
2797 5455 3002 5509 LXXIX.

1939 5546 2110 5617 Apud
2136 5560 2266 5614 quos
2300 5546 2542 5614 Oporteat
2577 5543 2792 5608 litigare
2820 5539 3105 5591 monachos
3143 5544 3190 5593 et
3226 5544 3503 5598 ascet-rias.

1981 5641 2291 5710 Imperator
2325 5636 2667 5692 Justinianus
2705 5638 2990 5703 Augustus
3015 5633 3230 5687 Manna:
3258 5635 3539 5707 archiepi-

1905 5751 2074 5805 scopo
2101 5729 2720 5800 ConstantinOpolitano
2745 5769 2758 5792 ,
2791 5730 2847 5781 et
2873 5726 3123 5781 universi
3171 5727 3294 5798 ejus
3332 5731 3543 5784 tractus

1905 5828 2259 5899 patriarcha}.

1977 5923 2114 5974 Rern
2144 5921 2544 5989 cognoscentes
2583 5931 2697 5970 non
2735 5918 2950 5969 rectam
2996 5915 3114 5968 fieri
3165 5917 3221 5969 in
3261 5916 3361 5971 hac
3390 5919 3544 5988 regia

3151 6019 3226 6076 3'2
