4034 6228
584 374 718 429 1003

1736 369 1989 425 8ᾸΞΟΗΗ
2030 368 2224 425 SEXTI
2261 367 2818 425 SUPPLEMENTUM.

3817 368 3836 420 l
3847 369 3939 423 004

577 481 798 535 civitate
817 520 830 546 ,
863 475 1150 534 communi
1194 477 1320 547 lege
1349 475 1795 531 existimavimus
1833 479 1937 532 hoc
1963 479 2206 546 mederi,
2231 491 2289 563 Α
2310 479 2516 532 bilibus
2536 476 2897 532 monasteriis
2914 473 3293 531 habitantium
3309 474 3576 530 habuerit
3597 490 3845 530 causam.
3865 477 3936 530 De

577 573 907 628 inchoantes
951 573 1181 642 quidem
1221 570 1290 624 ab
1335 569 1440 623 hac
1476 569 1798 624 felicissima
1845 572 2105 639 civitate,
2149 572 2210 626 in

578 665 733 721 omni
760 683 890 720 vero
919 666 1038 718 loco
1077 679 1140 716 ea
1168 678 1296 733 qua:
1340 661 1592 732 subjecta
1632 669 1764 718 sunt
1804 664 2205 719 distendentes.

577 761 816 824 Quidam
842 758 996 811 enim
1033 757 1279 808 volentes
1317 771 1683 826 corrumpere
1720 757 2050 811 orthodoxa
2075 756 2209 812 ﬁdei

575 852 950 917 honestatem,
993 849 1038 902 si
1080 848 1311 918 quidem
1346 848 1502 902 litem
1543 849 1848 903 habuerint
1880 850 2039 920 quasi
2077 867 2206 905 cum

575 942 868 999 monachis
911 946 1009 995 aut
1047 940 1315 1009 ascetriis,
1349 941 1536 996 civiles
1563 942 1784 1012 judices
1823 943 2204 1014 interpellant.

574 1039 647 1090 At
690 1035 770 1089 illi
811 1034 1048 1088 mittunt
1091 1036 1448 1088 exsecutores
1493 1039 1906 1104 praesumentes
1943 1037 2207 1091 accedere

573 1128 724 1182 intra
759 1128 882 1181 loca
919 1132 1126 1193 sancta,
1169 1133 1225 1181 et
1261 1128 1567 1182 monachos
1605 1129 1851 1198 trahere,
1891 1132 2061 1200 atque
2090 1145 2206 1182 mo-

574 1225 834 1293 nastrias,
861 1226 948 1280 vel
973 1225 1235 1279 ascetrias
1260 1225 1579 1296 inquietare
1603 1226 1793 1280 forsan
1820 1243 1911 1281 eas
1937 1243 2061 1297 quae
2087 1243 2204 1282 non

572 1319 854 1374 videntur.
885 1320 952 1373 Et
977 1319 1109 1372 hinc
1145 1318 1414 1388 injuriam
1434 1324 1489 1373 et
1515 1319 1902 1373 confusionem
1928 1337 2044 1374 non
2073 1338 2201 1391 par-

571 1428 703 1465 vam
729 1412 1110 1466 adorabilibus
1148 1412 1270 1465 ﬁeri
1305 1412 1457 1465 locis.
1489 1413 1791 1482 Propterea
1823 1413 2000 1483 igitur
2032 1415 2204 1467 sanci-

571 1520 736 1574 mus,
791 1505 836 1557 si
882 1506 1008 1575 quis
1053 1520 1450 1576 quamcunque
1497 1505 1759 1559 habuerit
1810 1521 2032 1559 causam
2074 1523 2204 1560 cum

573 1598 854 1670 aliquibus
879 1595 1288 1652 venerabilibus
1315 1598 1852 1667 sanctimonialibus,
1896 1603 1996 1653 aut
2033 1599 2206 1653 sacris

569 1691 918 1762 virginibus,
958 1695 1055 1743 aut
1102 1690 1432 1744 mulieribus
1471 1691 1706 1745 omnino
1751 1691 1811 1745 in
1848 1692 2206 1747 monasteriis

575 1784 1027 1850 consistentibus,
1063 1785 1173 1837 Deo
1199 1783 1498 1838 amabilem
1533 1784 1771 1838 civitatis
1808 1784 1955 1838 illius
1998 1785 2205 1856 episco-

2309 571 2524 626 clericis
2544 571 2757 626 etenim
2782 576 2838 624 et
2865 570 3060 625 ordine
3081 569 3477 624 conventionis
3498 584 3702 623 eorum
3724 569 3842 638 jam
3864 569 3932 622 le-

2310 682 2408 736 ges
2432 664 2871 735 conscripsimus
2891 705 2904 731 ,
2949 679 3094 734 quas
3121 664 3307 717 valere
3333 666 3392 718 et
3418 663 3617 716 ﬁrmas
3638 676 3763 715 esse
3792 664 3935 715 omni

2306 759 2565 812 volumus
2607 757 2798 812 modo.
2835 757 3118 827 Scriptum
3150 755 3450 826 exemplar
3484 755 3607 809 viro
3634 754 3936 808 clarissimo

2305 850 2508 905 Joanni
2536 851 2802 922 praefecto
2831 866 3121 904 sacrorum
3151 849 3385 904 orientis
3413 847 3706 920 praetorio,
3738 847 3934 901 iterum

2306 944 2608 999 exconsule
2637 944 2923 998 ordinario
2952 948 3008 998 et
3034 943 3288 1014 patricio.
3333 942 3621 1012 Scriptum
3652 941 3936 1010 exemplar

2306 1037 2530 1092 Basilidi
2561 1035 2962 1108 gloriosissimo
2987 1036 3262 1108 magistro
3278 1049 3575 1089 sacrorum
3601 1032 3932 1106 ofﬁciorum.

2303 1129 2588 1200 Scriptum
2617 1129 2909 1201 exemplar
2945 1129 3198 1200 Longino
3241 1126 3652 1198 gloriosissimo
3679 1126 3937 1196 praefecto

2303 1223 2452 1277 urbi.
2499 1223 2617 1276 Dat.
2651 1239 2706 1278 v1
2748 1222 2829 1277 Id.
2873 1223 3054 1289 Mart,
3096 1223 3315 1286 Const.,
3359 1220 3504 1290 imp.
3535 1219 3594 1274 d.
3646 1220 3934 1274 n.1ustin.

2301 1317 2405 1372 PP.
2437 1318 2582 1388 Aug.
2614 1333 2748 1371 ann.
2781 1320 2866 1386 15,
2893 1316 3100 1370 Arione
3125 1329 3180 1370 v.
3209 1330 3260 1368 c.
3288 1329 3445 1368 cons.

2837 1430 3146 1485 NOVELLA
3196 1429 3405 1485 LXXXI.

2342 1526 2684 1586 Constitutio,
2723 1538 2841 1593 quae
2861 1539 2964 1593 per
2992 1524 3290 1592 dignitates
3313 1526 3365 1574 et
3395 1519 3698 1590 episcopale
3721 1533 3905 1572 munus

2684 1597 2826 1662 ﬁlias
2853 1593 3046 1649 liberat
3067 1597 3334 1665 potestate
3357 1593 3566 1661 patria.

2374 1689 2687 1759 Imperator
2707 1688 3053 1742 Justinianus
3079 1687 3364 1756 Augustus
3391 1699 3554 1739 sacro
3585 1683 3766 1754 regiae
3793 1682 3936 1736 urbis

2303 1780 2542 1834 senatui.

571 1892 714 1949 pum
743 1876 1080 1946 interpellet.
1114 1876 1209 1929 Ille
1234 1892 1365 1929 vero
1391 1876 1598 1944 mittat,
1617 1882 1674 1930 et
1698 1893 1829 1930 cum
1856 1877 2012 1931 omni
2031 1877 2204 1931 hone-
2223 1863 2280 1935 B
2375 1873 2432 1928 Si
2470 1872 2608 1944 quid
2633 1873 2707 1927 ad
2733 1871 3036 1927 utilitatem
3060 1876 3117 1926 et
3141 1870 3314 1925 decus
3342 1869 3567 1925 traditae
3594 1868 3759 1924 nobis
3778 1884 3807 1921 a
3829 1869 3937 1922 Deo

575 1973 718 2024 state
743 1985 871 2040 quae
917 1974 1050 2022 sunt
1092 1968 1161 2021 de
1191 1984 1560 2038 personarum
1594 1969 1891 2039 prmsentia
1925 1970 2203 2041 disponat,

576 2063 690 2117 sive
721 2066 941 2133 oportet
978 2077 1082 2132 per
1120 2061 1366 2130 abbates,
1400 2061 1514 2116 sive
1543 2077 1647 2132 per
1673 2065 2022 2133 responsales
2044 2105 2058 2132 ,
2092 2064 2206 2118 sive

573 2175 678 2231 per
702 2159 840 2213 alios
859 2158 1138 2229 quoslibet
1161 2159 1266 2212 hoc
1302 2158 1448 2212 ﬁeri.
1483 2160 1602 2228 Ipse
1634 2175 1765 2213 vero
1787 2176 1917 2214 cum
1936 2161 2094 2214 omni
2117 2176 2207 2214 ve-

575 2253 872 2308 neratione
899 2252 1228 2306 sacerdotali
1255 2267 1481 2306 causam
1503 2252 1786 2307 examinet
1805 2258 1860 2308 et
1881 2253 2119 2323 judicet,
2151 2259 2208 2308 et

574 2345 761 2401 civiles
797 2361 911 2399 non
949 2345 1062 2398 sint
1096 2345 1323 2414 penitus
1348 2345 1470 2415 ejus
1487 2345 1738 2414 judices,
1765 2361 1949 2416 neque
1975 2347 2207 2400 confun-

572 2439 709 2494 dant
726 2455 923 2494 eorum
953 2439 1325 2505 honestatem,
1351 2453 1484 2491 cum
1507 2439 1694 2492 idonei
1719 2439 1832 2493 sint
1858 2440 1972 2493 Deo
1997 2439 2206 2494 amabi-

569 2532 652 2586 les
695 2531 1049 2601 singularum
1090 2530 1380 2584 civitatum
1419 2530 1688 2601 episcopi,
1737 2535 1795 2585 et
1834 2547 1963 2602 quae
2003 2533 2071 2586 de
2106 2533 2205 2588 lite

573 2628 726 2691 sunt,
751 2629 808 2678 et
831 2624 900 2678 de
918 2624 1138 2677 cautela
1152 2622 1500 2693 judiciorum
1518 2623 1837 2694 disponere,
1863 2628 1920 2677 et
1925 2625 2201 2695 judicare,

572 2717 808 2771 honeste
835 2722 1003 2786 atque
1029 2715 1466 2782 sacerdotaliter,
1501 2721 1558 2770 et
1577 2716 1887 2770 secundum
1916 2718 2069 2787 leges
2097 2734 2202 2771 no-

569 2813 714 2864 stras
735 2816 792 2863 et
806 2808 1205 2863 sacratissimas
1219 2809 1462 2879 regulas.
1479 2808 1568 2863 Sic
1579 2808 1733 2863 enim
1755 2811 1811 2862 et
1830 2809 1927 2880 qui
1954 2810 2203 2880 aliquam

569 2901 1054 2957 ratiocinationem
1085 2901 1293 2956 habere
1317 2905 1610 2971 putantur,
1638 2902 2012 2956 merebuntur
2030 2901 2200 2973 justi-

569 2991 730 3059 tiam,
763 2996 822 3044 et
857 2991 1119 3045 honestas
1163 2994 1512 3044 sacratorum
1552 2990 1836 3059 inviolata,
1865 2992 2203 3063 integraque

569 3083 908 3138 servabitur.
925 3083 1256 3137 Communis
1274 3082 1452 3152 igitur
1463 3083 1534 3136 sit
1552 3084 1664 3152 lex,
1684 3084 2001 3154 habeatque
2025 3090 2202 3139 custo-

569 3177 723 3230 diam
752 3193 784 3228 a
811 3175 1224 3246 gloriosissimis
1249 3176 1546 3244 praefectis,
1578 3177 1677 3246 qui
1703 3193 1805 3246 per
1829 3182 2058 3232 cunctas
2077 3178 2196 3232 exi-

569 3273 728 3324 stunt
739 3267 1002 3322 dioeceses
1019 3269 1094 3335 (et
1109 3267 1311 3338 Illyrici
1327 3267 1584 3336 dicimus,
1601 3271 1658 3321 et
1680 3269 1867 3338 Libyas
1893 3270 2197 3340 Italiaeque,

569 3366 628 3415 et
653 3360 893 3415 Orientis
912 3360 1094 3430 totius)
1115 3365 1172 3413 et
1201 3377 1236 3413 a
1257 3359 1671 3430 gloriosissimis
1691 3361 1971 3431 praefectis
1992 3364 2197 3417 utrius-

568 3469 681 3525 que
694 3454 908 3519 Romse,
923 3457 979 3506 et
989 3451 1544 3523 magniﬁcentissimo
1563 3456 1807 3524 praetore
1827 3455 2196 3526 populorum,

567 3552 625 3602 et
645 3545 934 3618 judicibus
963 3545 1240 3616 gentium,
1269 3561 1580 3617 eorumque
1607 3547 1826 3616 ofﬁciis,
1851 3531 2096 3602 et'nulla
2119 3549 2200 3603 eis

565 3639 667 3694 ﬁat
694 3639 927 3693 omnino
956 3639 1268 3708 corruptio,
1285 3638 1382 3693 sed
1411 3639 1632 3710 integra
1651 3640 1720 3694 ad
1745 3641 2026 3695 honorem
2045 3657 2200 3695 reve-

564 3731 1032 3787 rendissimorum
1052 3731 1466 3785 monachorum
1479 3732 1848 3787 custodiatur.
1868 3734 1992 3787 Hasc
2005 3740 2200 3788 autem

565 3825 739 3881 etiam
767 3830 867 3878 tua
890 3823 1182 3878 beatitudo
1207 3839 1579 3895 cognoscens,
1609 3830 1668 3879 et
1691 3825 1811 3896 ipsa
1834 3826 2114 3880 custodiat
2137 3826 2199 3881 in

568 3919 672 3972 hac
693 3916 1016 3971 felicissima
1039 3917 1261 3972 civitate
1275 3922 1331 3972 et
1349 3917 1472 3988 ejus
1486 3918 1762 3972 conﬁniis.
1787 3919 1986 3973 Utatur
2002 3922 2198 3974 autem

565 4012 637 4066 ad
663 4012 778 4064 Deo
806 4009 1080 4064 amabiles
1116 4009 1404 4065 civitatum
1433 4011 1915 4082 metropolitanos,
1953 4028 2199 4084 quorum

563 4105 686 4174 ipse
711 4101 1005 4172 suscepisti
1026 4101 1466 4170 ordinationem,
1488 4120 1813 4174 proponens
1832 4105 2076 4175 propriis
2100 4105 2195 4160 lit-

563 4196 703 4251 teris
725 4196 874 4250 hanc
899 4199 1148 4249 nostram
1170 4211 1385 4249 sacram
1417 4196 1626 4266 legem.
1655 4198 1854 4252 Verum
1885 4197 1976 4252 ille
2002 4198 2107 4252 sub
2139 4215 2198 4254 se

563 4287 881 4345 constitutis
909 4287 1183 4358 episcopis
1208 4288 1332 4342 haec
1360 4289 1646 4351 nuntient,
1667 4296 1732 4344 ut
1751 4307 1821 4344 ex
1841 4291 2036 4362 paucis
2054 4291 2199 4346 litte-

561 4384 642 4439 ris
671 4399 788 4438 una
811 4380 1160 4436 continuatio
1183 4381 1324 4452 legis
1345 4383 1419 4436 ad
1449 4398 1680 4438 omnem
1705 4384 2000 4454 perveniat
2023 4385 2194 4439 ditio-

2219 3220 2275 3295 C

2305 1970 2519 2036 spectat
2536 1965 2882 2036 reipublicae,
2903 1964 2965 2018 id
2984 1980 3210 2036 semper
3225 1979 3357 2018 cum
3377 1979 3605 2018 summa
3621 1962 3804 2016 animi
3835 1961 3939 2014 ala-

2306 2058 2503 2113 critate
2526 2059 2819 2113 studemus
2847 2057 2919 2111 ad
2945 2057 3211 2111 effectum
3242 2056 3544 2111 deducere.
3569 2055 3706 2109 Inde
3725 2055 3867 2108 adeo
3887 2058 3937 2107 et

2298 2151 2422 2221 jam
2450 2157 2614 2206 antea
2650 2151 2841 2222 legem
2890 2151 2959 2205 de
3001 2149 3422 2221 gloriosissimis
3446 2148 3658 2203 nostris
3695 2147 3936 2218 patriciis

2305 2244 2765 2316 conscripsimus,
2788 2259 2919 2315 quae
2943 2243 3166 2297 datione
3183 2243 3472 2313 dignitatis
3495 2241 3828 2296 ostenderet
3846 2257 3936 2294 eos

2303 2338 2486 2409 patria
2503 2337 2768 2392 liberatos
2795 2353 2914 2392 esse
2950 2339 3244 2408 potestate.
3286 2335 3621 2390 Iudaeorum
3638 2334 3792 2390 enim
3822 2350 3936 2387 esse

2303 2430 2648 2502 putavimus,
2677 2434 2741 2484 ut
2760 2429 2821 2484 hi
2840 2430 2944 2484 sub
2973 2429 3204 2484 alterius
3233 2428 3448 2499 degant
3474 2433 3772 2499 potestate,
3796 2443 3935 2497 quos

2303 2523 2366 2578 in
2389 2523 2512 2579 loco
2536 2539 2637 2578 nos
2657 2527 2957 2594 parentum
2977 2523 3256 2576 ducimus.
3280 2522 3419 2575 Nam
3441 2521 3489 2574 si
3508 2524 3667 2574 actus
3687 2520 3932 2574 emanci-

2301 2616 2562 2687 pationis,
2585 2617 2684 2688 qui
2710 2616 2843 2671 olim
2872 2616 2976 2670 sub
3001 2615 3142 2686 legis
3167 2613 3416 2668 actiones
3455 2615 3538 2673 (ut
3562 2613 3780 2682 vocant)
3800 2628 3930 2665 con-

2300 2708 2657 2777 stituebatur,
2675 2709 2763 2764 vel
2781 2725 2914 2764 cum
2940 2707 3299 2763 contumeliis
3324 2712 3381 2761 et
3395 2706 3590 2776 alapis,
3612 2704 3934 2774 hujusmodi

2303 2818 2399 2857 eos
2423 2803 2659 2856 vinculis
2684 2802 2978 2866 liberabat,
3006 2800 3299 2872 quomodo
3333 2815 3450 2853 non
3489 2799 3629 2852 item
3665 2796 3930 2863 codicilli,

2302 2895 2400 2966 qui
2421 2896 2685 2950 omnibus
2710 2895 3036 2949 hominibus
3059 2893 3338 2964 dignitate
3365 2896 3654 2963 praestant,
3693 2889 3818 2945 dari
3845 2907 3930 2943 so-

2299 2988 2386 3042 liti
2432 3005 2467 3042 a
2508 2989 2804 3059 majestate
2856 2987 3241 3058 imperatoria,
3287 3002 3419 3058 quae
3457 3000 3699 3039 summa:
3740 3000 3934 3038 rerum

2300 3081 2584 3152 praesidet,
2613 3081 2810 3152 patrias
2828 3079 3124 3151 potestatis
3144 3080 3275 3150 jure
3293 3078 3445 3148 ipsos
3461 3077 3752 3132 libarent?
3780 3077 3934 3131 Nunc

2298 3191 2431 3230 vero
2455 3191 2586 3229 cum
2613 3174 3009 3228 humaniorem
3037 3171 3348 3244 quamdam
3371 3176 3429 3224 et
3454 3171 3584 3242 plus
3607 3169 3931 3240 amplitudi-

2299 3268 2386 3322 nis
2436 3268 2735 3322 allaturam
2783 3266 3108 3337 reipublicae
3150 3263 3494 3319 sententiam
3543 3264 3829 3334 agitemus
3879 3264 3932 3316 in

2297 3359 2507 3427 animo,
2537 3360 2708 3414 etiam
2752 3360 2821 3413 de
2851 3357 3267 3428 gloriosissimis
3292 3356 3652 3423 consulibus,
3687 3357 3788 3426 qui
3813 3359 3931 3425 post

2299 3453 2653 3523 majestatem
2676 3451 3103 3523 imperatoriam
3124 3466 3337 3505 nomen
3367 3465 3539 3504 suum
3565 3449 3784 3503 addunt
3801 3453 3932 3503 tem-

2298 3544 2445 3615 pori,
2461 3560 2647 3615 neque
2665 3560 2777 3598 non
2799 3544 2870 3598 de
2892 3543 2980 3597 his
3008 3544 3109 3614 qui
3131 3543 3518 3598 consularibus
3539 3541 3932 3596 tantummodo

2298 3638 2655 3692 honorantur
2691 3636 2980 3703 codicillis,
3025 3639 3201 3706 atque
3245 3635 3668 3706 magistratibus
3705 3652 3738 3688 a
3784 3651 3930 3688 nexu

2299 3729 2468 3784 curias
2493 3730 2730 3785 liberare
2759 3729 3122 3800 queuntibus,
3151 3730 3258 3783 hoc
3299 3734 3384 3782 est
3411 3728 3752 3798 praefectura
3769 3728 3928 3798 juxta

2298 3832 2356 3883 et
2378 3826 2704 3899 magisterio
2733 3826 2978 3880 militum
2994 3825 3110 3896 (qui
3135 3830 3331 3881 tamen
3350 3826 3412 3880 in
3437 3825 3574 3897 ipsis
3594 3825 3820 3880 thronis
3848 3830 3925 3878 at-

2297 3937 2409 3992 que
2432 3926 2560 3975 actu
2578 3919 2792 3974 fuerint
2820 3919 3074 3990 cogniti),
3102 3919 3208 3974 hoc
3231 3919 3384 3974 idem
3409 3919 3715 3987 sancimus,
3729 3923 3794 3973 ut
3809 3934 3923 3971 om-

2297 4014 2385 4068 nis
2410 4012 2692 4084 ejusmodi
2711 4011 2960 4083 dignitas
2979 4011 3222 4084 talisque
3235 4012 3601 4082 magistratus
3616 4011 3923 4075 nonnullis,

2295 4123 2438 4178 quos
2462 4105 2573 4177 ipsi
2601 4121 2704 4160 nos
2728 4105 3176 4176 probaverimus,
3208 4103 3535 4176 acquisitus,
3563 4104 3663 4175 qui
3693 4109 3750 4157 et
3773 4121 3806 4157 a
3842 4119 3927 4156 cu-

2295 4199 2380 4254 ria
2406 4199 2558 4270 ipsos
2583 4198 2791 4253 liberos
2830 4198 3052 4268 reddit,
3087 4199 3136 4252 is
3171 4199 3356 4251 valeat
3381 4196 3555 4251 etiam
3575 4197 3711 4266 jure
3737 4197 3924 4267 patria:

2297 4295 2399 4348 aut
2434 4292 2598 4347 avitae
2623 4307 2720 4346 eos
2747 4291 3040 4362 potestatis
3066 4290 3327 4345 liberare.
3361 4288 3421 4344 Si
3445 4288 3602 4343 enim
3626 4290 3755 4360 lege
3781 4288 3921 4342 cavi-

2293 4403 2422 4441 mus
2452 4390 2513 4439 ut
2542 4385 2590 4439 si
2617 4399 2811 4439 servus
2849 4383 3053 4454 aliquis
3091 4383 3300 4438 sciente
3337 4381 3572 4436 domino
3605 4382 3810 4436 militia
3835 4387 3924 4434 aut

563 4493 721 4532 nem.
756 4475 865 4532 Sed
891 4475 1066 4531 etiam
1089 4475 1401 4530 accelerare
1435 4475 1558 4530 lites
1593 4477 1872 4531 sancimus
1905 4477 2198 4532 monachis
2293 4479 2483 4549 aliqua
2507 4478 2652 4532 forte
2679 4476 2956 4548 dignitate
2987 4493 3020 4530 a
3043 4476 3335 4546 majestate
3361 4475 3635 4545 dignatus
3665 4474 3738 4529 sit
3760 4475 3921 4544 impe-

563 4570 823 4638 illibatis,
859 4573 920 4624 ut
959 4584 1076 4624 non
1115 4583 1279 4622 mens
1313 4584 1509 4623 eorum
1551 4575 1858 4641 occupetur
1896 4571 2046 4625 circa
2083 4571 2274 4656 litisD
2297 4572 2525 4639 ratoria,
2553 4571 2814 4642 protinus
2844 4571 3138 4638 liberetur,
3166 4574 3224 4623 et
3253 4568 3325 4622 ad
3354 4569 3542 4639 ipsam
3570 4568 3824 4638 rapiatur
3849 4566 3923 4619 in-

564 4662 1027 4728 sollicitudinem,
1057 4662 1153 4716 sed
1191 4661 1461 4716 velociter
1489 4663 1712 4717 liberati
1737 4665 1908 4718 sacris
1933 4665 2195 4736 operibus
2296 4666 2668 4739 genuitatem,
2685 4664 2968 4735 quomodo
2987 4679 3104 4717 non
3114 4663 3336 4734 justum
3354 4661 3530 4716 fuerit
3550 4677 3687 4715 eum
3707 4675 3920 4732 quoque

562 4755 964 4810 obsecundant.
994 4756 1184 4811 Sciant
1221 4753 1398 4826 igitur
1436 4755 1535 4826 qui
1579 4761 1790 4826 praeter
1831 4758 1953 4812 haec
1981 4760 2195 4830 aliquid

565 4847 806 4919 egerint,
835 4847 881 4901 si
909 4847 1140 4917 quidem
1162 4847 1343 4917 judex
1369 4846 1442 4902 sit
1466 4847 1565 4934 qui
1585 4849 1758 4903 talem
1787 4850 2038 4920 proferre
2063 4868 2191 4906 sen-

561 4941 798 4996 tentiam
837 4939 1283 5010 praesumpserit,
1316 4940 1469 5011 quod
1491 4941 1560 4995 ab
1583 4941 2072 4999 administratione
2098 4962 2191 5000 re-

558 5034 805 5107 pelletur
841 5036 1110 5103 tanquam
1138 5032 1419 5088 Divinitati
1446 5036 1844 5089 contumeliam
1873 5037 2103 5104 faciens,
2136 5043 2197 5094 et

561 5141 730 5196 poena
755 5123 950 5178 decem
977 5122 1250 5176 librarum
1274 5121 1398 5174 auri
1426 5139 1538 5176 una
1563 5139 1696 5177 cum
1723 5124 1905 5180 ofﬁcio
1930 5143 2030 5180 suo
2050 5129 2195 5182 mul-

559 5219 792 5284 tabitur,
817 5215 1195 5272 sacratissimo
1222 5219 1419 5269 nostro
1446 5216 1631 5270 danda
1649 5219 1868 5273 aerario.
1894 5221 2193 5276 Exsecuto-

558 5329 651 5368 res
679 5316 778 5367 aut
805 5314 1215 5382 pmsumentes
1234 5307 1438 5362 offerre
1455 5309 1690 5364 omnino
1715 5311 2189 5382 admonitionem,

559 5407 629 5460 ab
658 5405 798 5478 ipsis
843 5405 958 5457 Deo
995 5401 1327 5457 amabilibus
1360 5401 1640 5474 episcopis
1679 5405 2108 5476 prohibeantur,
2137 5411 2194 5462 et

559 5498 927 5553 retrudantur
947 5495 1004 5548 in
1024 5495 1158 5549 locis
1178 5511 1306 5565 quae
1327 5495 1593 5550 decanica
1621 5501 2056 5567 nuncupantur:
2079 5515 2192 5571 poe~

555 5608 659 5648 nas
678 5594 1068 5660 competentes
1096 5588 1338 5659 passuri,
1360 5588 1719 5643 exactionem
1747 5591 1964 5646 nullam
1983 5592 2052 5647 de
2077 5609 2187 5646 caa-

553 5691 679 5741 tero
699 5699 868 5754 agere
883 5680 1269 5752 permittendi.
1294 5681 1405 5734 Hac
1429 5681 1649 5735 valente
1670 5682 1814 5752 lege,
1842 5684 1886 5738 si
1907 5684 2031 5754 quis
2060 5701 2191 5740 cum

555 5779 750 5848 aliquo
785 5772 1387 5830 reverendissimorum
1422 5774 1863 5845 monachorum,
1891 5783 1991 5831 aut
2012 5777 2188 5848 virgi-

556 5884 720 5934 num,
749 5871 852 5920 aut
878 5865 1185 5920 mulierum
1211 5865 1446 5920 omnino
1459 5882 1775 5938 sacrarum,
1802 5871 1860 5924 et
1883 5869 1944 5924 in
1965 5886 2193 5926 venera-

2293 4760 2394 4833 qui
2410 4763 2530 4814 tam
2561 4757 2769 4828 amplis
2799 4756 3067 4811 codicillis
3086 4756 3348 4827 dignatus
3377 4755 3471 4822 sit,
3502 4754 3574 4808 ab
3597 4754 3800 4809 aliena:
3829 4770 3919 4823 po—

2291 4853 2509 4909 testatis
2531 4851 2664 4922 jure
2701 4851 2948 4905 liberum
2988 4848 3155 4903 ﬁeri?
3191 4850 3265 4902 Ea
3304 4851 3541 4919 propter
3585 4846 3920 4918 amplissima

2293 4948 2402 5002 hac
2431 4946 2557 5017 lege
2581 4945 2690 5013 usi,
2721 4942 3002 4998 sancimus
3037 4945 3099 4995 ut
3135 4941 3408 4995 ordinarii
3437 4941 3695 4995 consules
3715 4983 3729 5008 ,
3759 4939 3807 4993 si
3831 4937 3921 4992 sub

2295 5039 2526 5094 alterius
2554 5039 2827 5108 potestate
2856 5035 3088 5106 degant,
3118 5050 3235 5089 una
3263 5050 3394 5088 cum
3414 5033 3588 5098 dicto,
3605 5031 3762 5103 quod
3781 5031 3922 5086 hunc

2294 5131 2588 5203 dignitatis
2630 5130 2871 5201 gradum
2915 5127 3051 5199 ipsis
3095 5126 3354 5197 largitur,
3398 5126 3470 5180 ad
3499 5141 3616 5178 suae
3648 5123 3922 5195 potestatis

2291 5224 2591 5280 arbitrium
2612 5223 2958 5278 deferantur.
2989 5222 3224 5291 Insuper
3238 5223 3302 5274 ut
3321 5217 3410 5272 his
3428 5234 3659 5290 quoque
3677 5218 3776 5289 qui
3793 5233 3916 5269 con-

2291 5317 2570 5372 sularibus
2587 5315 2857 5371 codicillis
2873 5331 2906 5368 a
2924 5314 3218 5384 majestate
3238 5312 3617 5367 honestantur
3635 5311 3920 5381 imperato-

2291 5411 2397 5478 ria,
2432 5408 2715 5480 siquidem
2739 5409 2844 5462 sub
2871 5423 3049 5461 manu
3075 5408 3310 5476 patrum
3335 5404 3629 5458 constituti
3657 5409 3805 5470 sunt,
3833 5417 3914 5453 co-

2291 5503 2510 5559 dicillus
2555 5499 3022 5572 emancipationis
3065 5499 3186 5552 loco
3227 5498 3320 5553 sit.
3366 5499 3540 5552 Porro
3570 5501 3630 5552 et
3675 5497 3721 5550 si
3761 5508 3912 5566 quem

2291 5596 2603 5666 cuicunque
2632 5596 2838 5648 harum
2864 5591 3441 5658 administrationum,
3475 5590 3688 5660 quibus
3719 5587 3910 5660 glorio-

2290 5688 2492 5744 sissimi
2529 5687 2781 5759 praefecti
2820 5701 3114 5740 sacrorum
3154 5690 3482 5739 nostrorum
3532 5682 3908 5754 praetoriorum

2289 5786 2561 5853 praesunt,
2602 5779 3024 5851 praefecerimus
3049 5819 3062 5846 ,
3105 5784 3204 5833 aut
3239 5778 3312 5832 ad
3349 5776 3694 5830 urbicariam
3731 5772 3906 5845 praefe-

2290 5877 2509 5929 cturam
2519 5871 2816 5943 utriusque
2839 5873 3038 5929 Romae
3058 5869 3524 5941 produxerimus,
3540 5867 3903 5940 magisterium
