4034 6228
281 385 423 437 1005

273 584 507 637 testatis
530 582 874 637 efficiantur.
893 584 1037 639 Nam
1058 586 1121 637 ut
1138 584 1184 637 is
1199 584 1298 654 qui
1314 587 1400 638 tot
1421 584 1754 639 hominibus
1772 600 1912 654 pra:-

274 675 465 729 iturus
493 679 580 729 est
608 675 878 745 imperio,
918 678 1118 745 totque
1168 676 1501 731 hominibus
1543 676 1782 732 daturus
1827 680 1913 731 est

274 768 578 835 mandata,
613 767 717 822 sub
740 767 977 822 alterius
1002 768 1326 823 etiamnum
1348 771 1633 839 potestate
1650 772 1907 836 maneat,

275 877 472 931 neque
492 860 645 915 inter
660 863 856 931 patres
879 861 1241 917 familiarum
1252 866 1571 928 censeatur,
1594 862 1819 932 legibus
1834 861 1907 916 si-

274 954 403 1008 mul
439 957 498 1007 et
524 953 754 1007 sedibus
776 953 986 1008 nostris
1014 954 1321 1025 indignum
1352 954 1637 1009 duximus.
1677 956 1823 1010 Sane
1849 955 1908 1010 in

273 1062 496 1116 genere
530 1046 727 1117 (prout
755 1046 974 1101 dictum
1005 1049 1106 1116 est)
1138 1049 1425 1103 sancimus
1460 1050 1523 1101 ut
1551 1064 1908 1118 quaecunque

277 1138 887 1210 dignitas,quicunque
903 1140 1396 1212 magistratus,qui
1408 1158 1444 1194 a
1460 1140 1618 1195 curia
1629 1139 1908 1195 liberandi

271 1234 625 1302 potestatem
656 1232 851 1299 habet,
885 1232 932 1285 is
963 1235 1023 1286 et
1051 1249 1166 1287 suae
1212 1233 1513 1303 potestatis
1534 1233 1630 1303 jus
1666 1232 1724 1287 in
1760 1249 1903 1303 prae-

273 1324 463 1379 mium
480 1324 603 1395 ipso
630 1324 928 1379 honoratis
944 1325 1220 1396 praebeat.
1248 1329 1360 1381 Hoc
1382 1330 1534 1381 certe
1565 1329 1756 1396 patres
1772 1342 1910 1396 quo-

273 1433 388 1488 que
410 1417 856 1472 venerabiliores
869 1417 1083 1486 reddit,
1098 1435 1229 1473 cum
1253 1420 1455 1473 talium
1476 1424 1668 1489 patres
1685 1418 1799 1472 sint
1809 1419 1907 1489 qui

269 1508 357 1564 ita
380 1509 454 1563 ab
481 1510 859 1580 imperatoria
884 1510 1189 1579 majestate
1217 1511 1549 1565 afﬁciuntur
1570 1510 1902 1567 honoribus.

269 1603 472 1673 Neque
500 1601 657 1656 enim
679 1605 978 1673 tantOpere
998 1603 1209 1658 horum
1228 1604 1465 1659 nomine
1492 1603 1753 1674 precibus
1790 1620 1908 1658 ma-

261 1695 539 1765 jestatem
572 1694 911 1764 fatigassent
956 1695 1414 1766 imperatoriam,
1454 1695 1561 1750 nisi
1590 1695 1907 1766 conjunctis

268 1786 479 1841 studiis
508 1804 621 1841 una
651 1803 782 1841 cum
810 1787 940 1841 filiis
978 1787 1040 1841 id
1089 1789 1541 1843 contendissent.
1594 1787 1754 1843 Unde
1787 1788 1903 1843 sive

270 1880 386 1933 hoc
423 1883 686 1950 tempore
731 1880 937 1950 aliquis
968 1880 1359 1935 filiusfamilias
1404 1881 1557 1935 hisce
1588 1860 1982 1936 honoribusB

270 1978 374 2027 aut
390 1972 819 2043 magistratibus
846 1973 1071 2040 fruitur,
1091 1990 1234 2043 quos
1254 1978 1388 2028 ante
1410 1973 1900 2041 enumeravimus,

269 2065 390 2119 sive
410 2065 598 2119 etiam
627 2068 828 2135 postea
862 2065 1139 2120 fruiturus
1164 2071 1270 2132 est,
1299 2066 1669 2136 consequitor
1701 2083 1905 2121 omnes

268 2157 445 2213 hosce
470 2158 772 2229 potestatis
798 2174 911 2212 sua:
920 2157 1035 2227 jus,
1065 2159 1220 2228 quod
1249 2159 1361 2213 illis
1386 2164 1444 2213 et
1468 2160 1758 2229 peculium
1786 2160 1900 2213 lar-

270 2250 484 2322 giatur,
500 2255 559 2305 et
573 2252 808 2321 plenam
829 2250 1049 2305 arbitrii
1072 2251 1399 2306 libertatem
1416 2252 1646 2319 tribuat,
1665 2256 1727 2306 ut
1740 2252 1904 2307 etho-

268 2360 439 2413 nore,
464 2347 523 2396 et
541 2343 829 2413 imperiali
856 2344 926 2397 de
955 2343 1093 2414 ipsis
1114 2343 1335 2413 judicio
1369 2343 1548 2415 digna
1574 2344 1805 2399 faciant.
1823 2347 1905 2400 lta

269 2437 430 2492 enim
458 2436 720 2507 patribus
744 2436 953 2506 majori
978 2453 1049 2491 ea
1073 2452 1166 2491 res
1190 2436 1345 2491 laudi
1377 2437 1504 2504 erit,
1538 2441 1597 2492 et
1626 2453 1902 2508 magnam

270 2529 356 2584 eis
385 2529 601 2583 latitius
623 2545 826 2584 ansam
856 2528 1159 2599 praebebit.

346 2621 461 2677 Sed
486 2624 545 2676 et
564 2620 708 2676 illud
723 2622 958 2692 insuper
982 2622 1111 2692 lege
1138 2620 1464 2689 statuimus,
1486 2639 1559 2677 ne
1581 2621 1903 2679 istiusmodi

265 2730 392 2769 sua;
419 2714 719 2785 potestatis
731 2714 866 2783 jura
885 2713 1208 2769 consimilia
1233 2714 1576 2785 largiantur,
1599 2718 1773 2786 atque
1791 2717 1903 2770 alia

269 2822 403 2878 qua:
432 2823 535 2878 per
550 2806 1048 2878 emancipationes
1062 2806 1442 2877 proveniunt;
1464 2807 1567 2861 sed
1597 2807 1904 2879 imperato-

266 2900 360 2955 ria
387 2900 658 2970 majestas
686 2916 792 2971 per
818 2899 1153 2971 hujusmodi
1180 2916 1294 2954 sum
1325 2899 1777 2971 potestatisjura
1796 2902 1905 2956 exi-

266 2992 459 3048 mium
485 2991 780 3063 quoddam
806 3008 1016 3047 munus
1042 2992 1315 3063 praebeat.
1346 2992 1541 3064 Neque
1563 2993 1720 3047 enim
1752 2995 1905 3049 volu-

267 3102 402 3140 mus
431 3084 615 3155 utqui
636 3101 704 3140 eo
726 3085 902 3140 modo
930 3085 1347 3156 paterfamilias
1372 3086 1555 3141 factus
1574 3090 1679 3153 est,
1703 3091 1803 3142 aut
1818 3088 1900 3156 ﬁt,

269 3176 493 3249 aliquid
517 3177 923 3248 legitimijuris
939 3178 1188 3243 amittat,
1217 3178 1319 3233 sed
1334 3182 1451 3233 tam
1468 3179 1707 3235 familiae
1720 3180 1795 3235 ad
1812 3180 1899 3251 ip-
1923 3216 1979 3290 Ο

268 3285 366 3325 sos
394 3285 571 3340 quam
596 3269 733 3341 ipsis
762 3270 836 3324 ad
864 3267 1146 3324 familiam
1166 3269 1427 3342 legitima
1459 3271 1631 3326 simul
1657 3277 1714 3327 et
1734 3276 1902 3328 natu-

266 3360 413 3417 ralia
431 3362 565 3432 jura
594 3362 810 3418 intacta
838 3366 1040 3431 sunto;
1065 3366 1124 3417 et
1151 3362 1254 3417 ﬁlii
1280 3379 1482 3418 eorum
1502 3368 1633 3435 post
1661 3382 1903 3421 avorum

267 3458 523 3511 mortem
544 3456 605 3510 in
634 3455 892 3527 ipsorum
924 3458 1271 3527 potestatem
1302 3456 1603 3515 recidunto
1630 3457 1785 3513 haud
1807 3458 1904 3513 ali-

267 3552 362 3604 ter
391 3564 568 3620 quam
594 3547 643 3602 si
657 3548 865 3603 horum
882 3552 1071 3618 patres
1099 3551 1286 3604 morte
1309 3565 1544 3605 suorum
1572 3554 1899 3621 parentum,

269 3657 391 3696 non
412 3645 610 3696 autem
630 3657 699 3696 ex
713 3641 985 3712 praesenti
1015 3641 1163 3696 forte
1182 3642 1311 3713 lege
1338 3644 1530 3713 patres
1548 3634 1903 3705 familiarum

267 3734 408 3790 facti
420 3738 631 3804 essent,
646 3737 705 3789 et
719 3733 928 3789 merito
944 3734 1092 3789 filios
1109 3750 1243 3798 suos
1257 3738 1388 3805 post
1403 3739 1654 3791 mortem
1669 3753 1905 3792 suorum

267 3826 582 3894 parentum
601 3823 662 3876 in
692 3825 978 3893 potestate
1003 3822 1307 3892 haberent,
1328 3828 1390 3878 ut
1413 3823 1474 3877 in
1503 3825 1659 3879 nullo
1690 3841 1757 3879 ea
1774 3842 1903 3897 quae

268 3931 305 3970 a
335 3915 641 3986 majestate
662 3915 1013 3987 proveniunt
1027 3914 1423 3987 iuiperatoria,
1440 3917 1657 3989 aliquid
1677 3917 1813 3989 ipsis
1828 3917 1904 3972 vi-

268 4006 518 4063 deantur
547 4008 826 4077 adimere,
864 4025 997 4063 cum
1024 4008 1304 4080 quidquid
1331 4008 1445 4063 sive
1475 4027 1504 4063 a
1549 4011 1689 4077 Deo,
1722 4010 1837 4066 sive
1869 4029 1904 4067 a

268 4102 577 4172 majestate
595 4100 964 4173 imperatoria
980 4102 1159 4157 Deum
1181 4101 1445 4157 imitante
1466 4100 1796 4159 hominibus
1816 4120 1904 4160 ac-

269 4194 444 4260 cedit,
470 4195 691 4249 bonum
712 4194 803 4264 sit,
837 4198 896 4248 et
925 4195 1125 4249 deceat
1157 4210 1280 4249 esse
1310 4211 1667 4264 mansurum,
1698 4202 1755 4252 et
1777 4214 1899 4252 om-

268 4286 361 4342 nis
386 4286 624 4341 malitiaa
651 4289 710 4340 et
729 4284 1128 4351 diminutionis
1153 4290 1513 4343 extraneum.
1542 4289 1739 4344 Palam
1766 4307 1901 4345 vero

272 4382 361 4434 est
384 4378 681 4433 neminem
706 4378 947 4434 existere
979 4379 1075 4452 qui
1096 4379 1328 4451 ignoret
1346 4397 1464 4451 prae
1495 4380 1762 4437 omnibus
1791 4383 1900 4437 uti-

272 4489 386 4544 que
412 4470 855 4543 religiosissimis
883 4472 1056 4527 etiam
1076 4472 1357 4545 episcopis
1378 4490 1491 4528 una
1517 4490 1647 4529 cum
1677 4474 1904 4530 ordina-

1059 383 1425 439 JUSTINIANI
1465 384 1793 439 NOVEU..E
1832 383 2081 440 SELECT
2105 385 2163 437 Ε.
2210 384 2518 440 Νυνκιιιλ
2562 383 2842 440 LXXXIII.

272 506 344 543 ve
366 486 603 560 aliquod
649 487 919 555 militum,
946 493 1009 543 ut
1034 490 1090 544 hi
1115 507 1345 561 quoque
1374 492 1635 561 protinus
1660 508 1777 545 sua:
1808 509 1912 562 ρο·
1934 505 1992 576 Α

3484 402 3487 403 ⁷
3506 394 3637 444 1006

2514 510 2831 563 NUVELLA
2878 508 3133 563 LXXXIII.

2016 603 2081 657 Ut
2104 603 2285 657 clerici
2309 603 2462 672 apud
2482 606 2733 671 promtus
2757 604 3026 671 episcopos
3050 606 3284 671 primum
3313 609 3638 662 convenian-

2282 679 2392 735 tur,
2423 678 2474 728 et
2497 678 2624 743 post
2653 676 2747 727 hoc
2776 674 2928 742 apud
2951 675 3136 727 civiles
3150 674 3382 743 judices.

2082 770 2239 823 Idem
2257 771 2545 840 Augustus
2561 770 2767 825 Joanni
2787 769 3193 839 gloriosissimo
3213 787 3316 841 per
3340 771 3634 828 Orientem

2010 861 2409 932 praetoriorum
2443 864 2737 933 prefecto,
2772 862 2980 916 iterum
3010 865 3315 918 exconsule
3346 864 3635 920 ordinario

2010 961 2068 1009 et
2096 954 2353 1025 patricio.

2079 1047 2360 1105 Plurimas
2380 1063 2568 1102 sacras
2593 1048 2907 1103 scribentes
2935 1048 3111 1118 leges,
3135 1053 3193 1104 et
3221 1050 3293 1105 de
3324 1052 3442 1106 Deo
3468 1066 3629 1107 ama-

2005 1140 2218 1194 bilibus
2246 1140 2545 1211 episcOp‘is,
2574 1145 2632 1194 et
2674 1140 2897 1211 reliquo
2942 1142 3101 1196 omni
3136 1143 3479 1210 sacerdotio,
3527 1160 3633 1198 nec

2008 1249 2125 1289 non
2149 1232 2219 1287 de
2236 1232 2727 1287 reverendissimis
2753 1235 3051 1290 monachis
3066 1239 3125 1289 et
3141 1253 3327 1307 nuper
3340 1236 3449 1291 hoc
3460 1251 3635 1306 agen-

2006 1328 2113 1391 tes,
2156 1325 2215 1379 in
2245 1326 2452 1396 quibus
2478 1327 2738 1380 volumus
2774 1327 3283 1382 reverendissimos
3321 1329 3637 1384 monachos

2005 1418 2160 1488 apud
2189 1419 2339 1472 solos
2363 1418 2606 1472 civitatis
2636 1418 2952 1490 episcopos,
2981 1421 3084 1475 sub
3112 1421 3316 1491 quibus
3342 1425 3477 1475 sunt
3503 1437 3628 1475 mo-

2007 1510 2276 1576 nasteria,
2300 1512 2708 1565 conventiones
2724 1512 3010 1583 suscipere
3032 1513 3196 1583 petiti
3212 1529 3410 1568 sumus
3430 1530 3463 1566 a
3482 1514 3631 1569 Men-

2004 1619 2084 1656 na
2107 1604 2225 1657 Deo
2252 1603 2489 1657 amabili
2515 1604 2945 1676 archiepiscopo
2977 1606 3146 1676 hujus
3176 1606 3517 1665 felicissimae
3551 1613 3629 1666 ci-

2004 1695 2212 1763 vitatis,
2256 1700 2315 1750 et
2362 1696 2670 1751 universali
2721 1698 3078 1768 patriarcha,
3135 1703 3632 1761 reverendissimis

2005 1789 2225 1843 clericis
2261 1790 2370 1843 hoc
2402 1789 2540 1843 dare
2584 1790 2969 1860 privilegium,
3001 1797 3061 1845 ut
3091 1791 3139 1845 si
3167 1793 3295 1862 quis
3322 1794 3499 1851 habet
3526 1799 3629 1853 ad-

2004 1897 2199 1935 versus
2229 1898 2329 1935 eos
2347 1882 2665 1952 quemlibet
2685 1883 3079 1953 pecuniariam
3108 1900 3359 1954 causam,
3382 1889 3541 1959 prius
3559 1892 3632 1946 ad

2004 1974 2122 2028 Deo
2144 1973 2453 2028 amabilem
2475 1974 2969 2046 archiepiscopum
2992 1981 3217 2047 pergat,
3240 1979 3343 2033 sub
3365 1998 3479 2050 quo
3502 2000 3633 2038 con-

2003 2066 2232 2121 stitutus
2263 2070 2365 2133 est,
2387 2070 2443 2119 et
2469 2066 2797 2137 interpellet
2816 2084 2970 2135 eum,
2991 2072 3049 2122 et
3077 2086 3143 2122 ex
3170 2087 3286 2125 non
3318 2074 3529 2144 scripto
3542 2077 3630 2146 ju-

2006 2159 2218 2213 dicium
2249 2163 2561 2213 mereatur.
2596 2161 2665 2213 Et
2690 2160 2733 2213 si
2762 2161 2870 2215 hoc
2908 2161 3027 2230 fiat,
3059 2178 3131 2215 ne
3160 2179 3293 2219 eum
3324 2165 3627 2238 inquietet,

2005 2252 2333 2306 necetrahat
2361 2252 2435 2305 ad
2472 2251 2759 2307 auditoria
2787 2252 2991 2318 civilia,
3021 2270 3211 2325 neque
3244 2274 3278 2311 a
3308 2275 3465 2314 sacro
3496 2278 3629 2317 eum

2003 2360 2206 2398 vacare
2233 2344 2407 2398 faciat
2431 2344 2769 2410 ministerio,
2802 2345 2903 2399 sed
2935 2362 3001 2399 ex
3032 2364 3145 2401 non
3174 2349 3383 2420 scripto
3410 2353 3626 2409 exami-

2005 2440 2176 2491 netur
2198 2436 2499 2507 negotium
2515 2438 2637 2492 sine
2660 2437 2906 2505 damnis,
2923 2441 2981 2491 et
2998 2439 3241 2509 accipiat
3257 2442 3497 2498 formam
3521 2447 3629 2501 for-

2004 2547 2107 2585 san
2124 2528 2293 2584 etiam
2313 2529 2602 2600 scriptam,
2618 2528 2663 2583 si
2678 2531 2788 2585 hoc
2805 2546 3033 2601 quoque
3046 2536 3235 2601 partes
3252 2536 3551 2604 voluerint,
3573 2544 3631 2594 et

2003 2621 2388 2694 poposcerint,
2419 2624 2477 2677 et
2495 2622 2814 2677 liberentur
2843 2626 3044 2678 mutuo
3067 2627 3479 2683 certamine.Si
3499 2647 3631 2685 vero

1984 2719 2104 2785 aut
2132 2719 2368 2786 propter
2399 2731 2583 2770 causae
2611 2719 2903 2784 naturam,
2936 2720 3036 2770 aut
3059 2722 3295 2788 propter
3316 2722 3628 2789 quamdam

2002 2808 2151 2862 forte
2181 2807 2582 2862 difficultatem
2605 2825 2720 2863 non
2749 2809 2923 2862 fuerit
2951 2808 3219 2878 possibile
3248 2812 3363 2866 Deo
3394 2815 3630 2871 amabili

2005 2900 2271 2972 episcopo
2290 2900 2557 2955 decidere
2588 2900 2909 2971 negotium,
2938 2904 3073 2955 tunc
3100 2902 3393 2959 licentiam
3417 2923 3542 2961 esse
3574 2915 3631 2963 et

2002 2992 2076 3047 ad
2120 2992 2312 3047 civiles
2348 2993 2571 3064 judices
2618 3009 2878 3064 pergere,
2908 2997 2966 3047 et
3003 2993 3317 3065 privilegiis
3357 2999 3628 3055 omnibus

2005 3085 2320 3152 custoditis,
2354 3102 2484 3156 quae
2514 3084 3007 3140 reverendissimis
3032 3087 3252 3141 clericis
3276 3105 3452 3144 sacrm
3480 3108 3626 3161 prae-

2003 3181 2155 3233 stent
2194 3177 2649 3243 constitutiones,
2684 3181 2742 3231 et
2764 3178 3012 3248 litigare,
3057 3183 3115 3232 et
3138 3180 3628 3239 examinationem

2002 3271 2149 3337 fieri,
2176 3274 2235 3325 et
2263 3271 2579 3325 terminum
2614 3269 2839 3341 imponi
2870 3270 2976 3337 liti,
3010 3275 3068 3324 et
3100 3272 3182 3326 ita
3223 3273 3469 3329 liberam
3498 3276 3627 3331 ﬁeri

2004 3380 2256 3430 causam,
2278 3363 2899 3432 clarissimisjudicibus
2909 3363 3225 3419 secundum
3242 3372 3469 3422 nostras
3489 3384 3626 3423 con-

2003 3456 2347 3523 stitutiones,
2369 3457 2455 3510 vel
2488 3457 2645 3527 leges
2673 3455 3055 3523 studentibus,
3083 3472 3214 3512 cum
3236 3461 3627 3529 magnanimi-

2004 3552 2121 3603 tate
2149 3551 2207 3603 et
2237 3548 2507 3603 velociter
2530 3548 2657 3611 lites
2688 3547 2977 3615 decidere,
2999 3551 3066 3602 ut
3089 3565 3208 3605 non
3247 3555 3485 3621 propter
3520 3554 3626 3609 hu-

1995 3640 2254 3712 jusmodi
2274 3657 2472 3695 causas
2487 3640 2662 3695 sacris
2682 3644 3060 3695 amoveantur
3079 3641 3399 3712 obsequiis;
3421 3648 3481 3699 et
3496 3661 3629 3702 cum

2004 3735 2269 3804 oporteat
2306 3734 2483 3787 Deum
2527 3731 2763 3804 placari,
2791 3734 2849 3785 et
2874 3731 3135 3787 decentia
3164 3749 3199 3788 a
3240 3735 3631 3794 sacerdotibus

2004 3825 2118 3896 agi,
2147 3825 2445 3880 auditoriis
2476 3828 2534 3879 et
2561 3825 2791 3879 illorum
2821 3824 2999 3879 turbis
3025 3826 3412 3898 detineantur,
3454 3837 3627 3902 atque

2004 3919 2254 3972 tumultu
2279 3918 2629 3989 litigantium
2650 3917 3001 3973 inhaerentes
3031 3927 3282 3975 noceant
3303 3923 3625 3981 animabus.

2003 4011 2062 4067 Si
2095 4015 2288 4066 tamen
2312 4010 2384 4066 de
2416 4010 2753 4066 criminibus
2784 4011 3217 4081 conveniantur,
3240 4014 3527 4086 siquidem
3549 4019 3626 4073 ci-

2002 4103 2226 4170 vilibus,
2250 4103 2341 4158 hic
2367 4103 2603 4175 quidem
2627 4107 3019 4174 competentes
3039 4105 3285 4176 judices,
3316 4108 3377 4163 in
3407 4111 3632 4180 provin-

2002 4196 2102 4252 ciis
2130 4199 2327 4251 autem
2354 4213 2553 4251 earum
2586 4196 2858 4268 praesides
2886 4197 3002 4251 sint
3030 4198 3289 4273 judices:
3318 4217 3437 4257 non
3468 4207 3624 4260 tran-
3668 4272 3675 4273 ί

2003 4289 2314 4344 scendente
2343 4289 2441 4344 lite
2468 4290 2758 4345 mensium
2781 4290 3029 4368 duorum
3060 4293 3326 4362 spatium,
3347 4311 3412 4348 ex
3427 4311 3543 4366 quo
3560 4297 3625 4352 li-

2001 4383 2075 4436 tis
2099 4382 2440 4437 contestatio
2466 4383 2551 4448 fit,
2575 4388 2858 4453 quatenus
2880 4383 3065 4438 brevis
3084 4383 3418 4454 imponatur
3441 4404 3629 4445 causa!

2002 4474 2306 4538 terminus.
2348 4474 2491 4529 Illud
2522 4476 2714 4545 palam
2745 4478 2850 4543 est,
2893 4475 2936 4528 si
2969 4491 3132 4529 reum
3168 4492 3290 4530 esse
3322 4478 3629 4548 provinciae

268 4565 430 4620 tione
461 4581 579 4620 sua:
608 4564 907 4637 potestatis
928 4564 1023 4635 jus
1043 4565 1333 4620 accedere.
1356 4567 1499 4621 Nam
1528 4567 1624 4638 qui
1640 4568 1901 4622 omnium
1919 4577 1980 4650 D
2003 4583 2215 4638 praeses
2250 4566 2536 4638 putaverit
2565 4583 2698 4621 eum
2735 4566 2831 4639 qui
2862 4567 3218 4636 convenitur,
3251 4573 3309 4623 et
3341 4587 3513 4641 poena
3534 4574 3626 4644 ju-

269 4656 557 4729 spiritales
584 4660 780 4731 patres
804 4660 957 4725 sunt,
982 4657 1271 4730 quomodo
1300 4656 1546 4714 aliorum
1578 4659 1766 4715 adhuc
1794 4676 1898 4733 po-

267 4750 465 4807 testati
497 4750 711 4805 subditi
736 4749 888 4805 sint?
920 4750 1033 4805 Sed
1063 4750 1331 4808 convenit
1368 4752 1522 4823 ipsos
1553 4769 1783 4824 quoque
1804 4752 1905 4807 tali

271 4842 497 4899 honore
525 4844 765 4914 perfrui,
798 4848 970 4915 atque
999 4843 1154 4899 hunc
1171 4860 1238 4898 ex
1266 4844 1629 4917 legislatione
1660 4845 1768 4901 hac
1806 4862 1907 4901 no-

272 4939 393 4992 stra
422 4936 672 4990 fructum
700 4935 1017 5007 percipere.
1059 4935 1195 5001 Quae
1227 4936 1402 5009 igitur
1439 4937 1605 4992 nobis
1632 4938 1706 4993 ad
1742 4956 1903 4994 reve-

270 5028 526 5084 rentiam
570 5029 975 5101 honoremque
1002 5032 1275 5099 vestrum,
1310 5031 1649 5102 amplissimi
1691 5034 1904 5104 patres,

267 5122 633 5195 placuerunt,
664 5139 733 5177 ea
749 5121 809 5177 in
825 5124 1170 5194 perpetuum
1189 5123 1470 5192 volumus,
1495 5126 1619 5179 tum
1644 5125 1716 5180 ad
1741 5142 1908 5181 orna-

271 5220 400 5271 tum
426 5220 698 5282 vestrum,
720 5220 844 5270 tum
870 5215 1288 5288 adlargitatem
1313 5220 1592 5287 nostram,
1617 5234 1791 5291 quam
1812 5236 1909 5291 pa-

272 5306 458 5364 tribus
508 5308 737 5376 nostris,
781 5308 1109 5363 consulibus
1151 5312 1210 5365 et
1240 5310 1634 5366 sacerdotibus
1663 5313 1909 5368 contuli-

274 5417 430 5469 mus,
464 5399 1001 5470 demonstrandam,
1034 5408 1244 5458 nostraa
1275 5403 1448 5458 decus
1475 5403 1687 5461 addere
1718 5405 1907 5477 reipu-

274 5492 459 5550 blicae.
483 5493 607 5548 Dat.
630 5511 697 5549 xv
719 5495 785 5549 Κ.
808 5494 1009 5565 April.,
1033 5496 1248 5563 Const.,
1270 5495 1409 5568 imp.
1435 5497 1491 5552 d.
1516 5498 1908 5554 n..lustin.PP.

275 5588 451 5658 Aug.,
474 5586 686 5643 Arione
716 5604 770 5643 v.
801 5604 850 5643 c.
882 5604 1039 5643 cons.

870 5762 1272 5775 ——————-——--

2003 4658 2278 4713 dicaverit
2295 4658 2561 4728 dignum,
2580 4658 2738 4730 prius
2758 4659 2910 4713 hunc
2930 4659 3167 4729 spoliari
3192 4677 3226 4714 a
3252 4663 3370 4717 Deo
3394 4666 3629 4722 amabili

2004 4750 2272 4823 episcopo
2303 4752 2635 4807 sacerdotali
2652 4752 2953 4823 dignitate,
2973 4757 3031 4806 et
3059 4752 3140 4807 ita
3161 4754 3266 4809 sub
3295 4756 3492 4826 legum
3506 4759 3631 4815 ﬁeri

2004 4860 2205 4899 manu.
2237 4844 2295 4900 Si
2316 4860 2450 4899 vero
2479 4844 2922 4899 ecclesiasticum
2953 4842 3023 4899 sit
3043 4844 3337 4916 delictum,
3355 4865 3634 4921 egensca-

2007 4937 2316 5008 stigatione
2344 4937 2725 4992 ecclesiastica
2755 4940 2814 4991 et
2842 4938 3047 5005 multa,
3076 4940 3194 4995 Deo
3222 4942 3482 4998 amabilis
3511 4946 3629 5017 epi-

2007 5046 2213 5101 scopus
2228 5030 2337 5083 hoc
2354 5029 2661 5097 discernat,
2678 5029 2818 5084 nihil
2831 5031 3386 5088 communicantibus
3399 5036 3638 5092 clarissi-

2008 5122 2117 5176 mis
2147 5121 2772 5194 provinciaajudicibus.
2803 5123 2997 5194 Neque
3026 5125 3183 5179 enim
3212 5126 3471 5181 volumus
3498 5131 3635 5187 talia

2010 5214 2243 5287 negotia
2271 5214 2508 5269 omnino
2537 5215 2681 5270 scire
2719 5215 2938 5275 sciviles
2961 5217 3205 5286 judices,
3233 5234 3365 5272 cum
3406 5227 3636 5292 oportet

2008 5308 2146 5363 talia
2162 5308 2539 5363 ecclesiastice
2558 5308 2893 5375 examinari,
2914 5311 2972 5362 et
2987 5310 3289 5365 emendari
3299 5312 3523 5369 animas
3543 5316 3636 5373 de.-

2011 5402 2397 5474 linquentium
2428 5418 2530 5473 per
2556 5400 2996 5457 ecclesiasticam
3038 5403 3280 5458 multam
3322 5410 3637 5467 secundum

2014 5512 2203 5551 sacras
2233 5501 2291 5550 et
2317 5494 2536 5549 divinas
2567 5495 2814 5565 regulas,
2848 5510 2990 5564 quas
3024 5495 3200 5551 etiam
3237 5502 3448 5556 nostra:
3473 5505 3637 5576 sequi

2011 5604 2131 5643 non
2166 5587 2553 5659 dedignantur
2579 5587 2756 5657 leges.
2789 5585 2846 5640 Si
2874 5602 3008 5641 vero
3034 5588 3301 5660 quaedam
3324 5594 3482 5663 prius
3510 5613 3641 5653 cons

2014 5684 2232 5738 testatae
2271 5682 2403 5735 sunt
2440 5678 2588 5747 lites,
2634 5679 2724 5733 has
2754 5683 3025 5733 maneant
3068 5680 3128 5735 in
3168 5681 3293 5753 ipso
3326 5686 3637 5757 schemate,

2016 5776 2269 5829 velocem
2312 5772 2656 5843 accipientes
2694 5772 2891 5837 ﬁnem,
2942 5774 3208 5830 omnibus
3256 5794 3385 5848 quae
3426 5780 3552 5850 jam
3608 5800 3641 5836 a
