4034 6228
3995 380 4013 419 71

534 455 630 513 991
1690 459 1942 514 secum
1984 457 2176 513 SEXTI
2217 455 2774 517 SUPPLEMENTUM.
3808 456 3906 515 992

533 565 595 621 in
640 564 791 622 illius
835 570 1030 623 autem
1066 566 1320 624 ofﬁcium
1360 567 1594 623 introire
1634 569 1735 640 qui
1796 569 2003 623 missus
2058 573 2162 638 est,
2187 578 2514 652 Amenses,
2555 585 2622 623 ex
2654 584 2767 639 quo
2788 568 2913 623 haac
2931 568 3020 623 lex
3042 567 3330 623 insinuata
3349 566 3544 634 fuerit,
3572 566 3701 622 haec
3726 579 3908 621 corre-
4009 546 4034 624 ές

536 664 594 715 et
618 661 766 716 hanc
806 678 939 717 eum
987 663 1235 716 avaritiae
1272 662 1424 716 ferre
1463 663 1812 717 mercedem.
1864 664 2163 719 Custodire

534 771 671 809 vero
703 756 825 810 haec
865 756 1040 810 etiam
1074 756 1188 809 Deo
1221 755 1645 810 amantissimos
1671 757 2006 812 defensores
2032 776 2163 814 san-

537 848 802 904 ctissima:
849 849 1086 919 majoris
1127 849 1399 915 ecclesiae,
1443 866 1673 920 poenam
1709 852 2089 907 formidantes
2130 870 2167 907 ιε

535 943 811 997 librarum
862 941 1008 1009 auri,
1063 942 1109 996 si
1164 943 1305 1013 quid
1375 944 1750 1014 neglexerint.
1816 946 1928 999 Sed
1991 948 2168 1017 gratis

539 1036 735 1090 omnia
780 1036 1112 1105 procedere.
1146 1036 1359 1091 Deinde
1396 1037 1610 1092 etenim
1658 1038 2074 1094 defunctiones-
2111 1044 2168 1094 et

537 1128 877 1197 ministeria,
900 1146 1016 1183 non
1052 1146 1156 1200 per
1175 1130 1584 1195 venditionem,
1606 1148 1711 1185 nec
1740 1150 1842 1203 per
1872 1134 2170 1188 mercatio-

537 1239 669 1276 nem
716 1223 839 1276 ﬁeri
884 1222 1136 1294 aliquam
1164 1225 1447 1291 volumus,
1497 1225 1598 1279 sed
1642 1242 1781 1296 pure
1824 1232 1881 1280 et
1908 1226 2049 1282 citra
2075 1245 2164 1283 re-

534 1316 948 1387 demptionem.
994 1317 1085 1371 Sic
1113 1318 1267 1371 enim
1300 1318 1380 1373 rei
1411 1318 1569 1388 digni
1606 1320 1748 1373 fient
1780 1321 1937 1375 nulla
1974 1322 2168 1376 vendi-

536 1410 691 1463 tione
720 1426 785 1464 ac
807 1411 1156 1465 mercatione
1178 1411 1473 1486 lfacienda.
1506 1414 1625 1466 Tua
1656 1413 1831 1483 igitur
1850 1415 2165 1485 beatitudo,

535 1508 591 1557 et
622 1504 721 1575 qui
747 1507 946 1574 postea
976 1504 1034 1558 in
1065 1504 1418 1575 pontiﬁcales
1444 1507 1789 1561 accesserint
1821 1508 2005 1577 sedes,
2039 1526 2166 1580 quae

535 1596 756 1651 anobis
782 1596 1045 1651 ordinata
1072 1600 1223 1667 sunt,
1257 1600 1317 1652 et
1357 1615 1464 1670 per
1504 1599 1653 1654 hanc
1699 1600 1989 1656 declarata
2036 1605 2169 1656 sunt

535 1691 745 1759 legem,
790 1690 950 1761 operi
984 1690 1323 1762 effectuique
1373 1693 1602 1747 tradere
1642 1694 1894 1749 festinet.
1937 1696 2061 1750 Dat.
2107 1713 2167 1751 ιιι

535 1783 660 1836 Kal.
690 1784 827 1837 Nov.
858 1784 1154 1839 Constant.
1188 1785 1331 1856 imp.
1360 1786 1414 1841 d.
1448 1786 1503 1840 ιι.
1532 1788 1735 1842 Justin.
1769 1792 1916 1860 Aug.
1949 1805 2044 1843 an.
2079 1793 2164 1859 H,

535 1880 665 1949 post
688 1877 837 1932 Bilis.
866 1893 919 1932 v.
950 1894 997 1932 c.
1022 1894 1178 1933 cons.
1210 1895 1345 1933 ann.
1375 1883 1427 1944 2.

1098 1981 1417 2036 NOVELLA
1444 1984 1597 2038 LVll.

613 2065 681 2117 Ut
713 2065 773 2117 in
799 2066 1038 2132 privatis
1065 2064 1310 2119 domibus
1334 2081 1492 2121 sacra
1517 2071 1778 2136 mysteria
1802 2084 1910 2124 non
1936 2073 2091 2139 ﬁant.

606 2157 925 2227 imperator
946 2157 1299 2213 Justinianus
1324 2162 1606 2230 Augustus
1631 2162 1852 2217 Mennae
1878 2163 2164 2235 archiepi-

535 2264 706 2320 scopo
732 2249 908 2319 rcgia:
937 2250 1177 2305 civitatis
1204 2253 1863 2325 Constantinopolitano.

604 2344 672 2396 Et
695 2343 893 2414 priscis
913 2345 1193 2399 sancitum
1218 2350 1304 2400 est
1319 2347 1696 2419 legibusfnulli
1716 2350 1943 2420 penitus
1965 2367 2086 2406 esse
2106 2351 2168 2405 li-

532 2435 783 2490 centiam
805 2436 965 2490 domi
983 2454 1108 2508 quae
1129 2440 1507 2496 sacratissima
1521 2446 1650 2496 sunt
1667 2458 1860 2512 agere,
1876 2444 1976 2498 sed
1988 2444 2169 2514 publi-

535 2545 598 2583 ce
612 2529 800 2583 sinere
813 2532 1128 2601 procedere
1142 2533 1667 2590 incredulitatemet
1679 2536 1775 2590 Dei
1789 2538 2071 2591 culturam
2085 2555 2169 2591 se-

533 2623 781 2676 cundum
805 2625 1159 2680 sanctionem
1181 2627 1251 2681 de
1277 2628 1366 2681 his
1378 2629 1614 2683 sacratis
1634 2630 1853 2684 actibus
1874 2631 2164 2702 traditam,

535 2719 592 2771 et
607 2732 713 2771 nos
734 2717 906 2771 etiam
929 2719 1076 2774 hanc
1096 2720 1155 2773 in
1175 2723 1446 2791 praesenti
1464 2723 1732 2793 ponimus
1760 2725 1970 2794 legem,
1992 2742 2167 2796 quam

534 2825 664 2863 cum
687 2810 844 2864 omni
859 2813 1082 2867 cautela
1097 2816 1296 2868 tenere
1311 2816 1594 2869 volumus.
1620 2816 1897 2871 Omnibus
1917 2818 2071 2872 enim
2086 2818 2169 2872 in-
2256 2818 2261 2821 ⁷

533 2902 862 2958 ter-dicimus
875 2921 1101 2976 magna:
1115 2907 1283 2977 hujus
1296 2907 1531 2962 civitatis
1543 2909 2167 2982 habitatoribus,magis

534 2999 727 3050 autem
752 2997 924 3051 etiam
960 2999 1135 3053 totius
1160 3004 1367 3055 nostrze
1395 3002 1641 3069 ditionis,
1665 3002 1723 3057 in
1750 3003 2012 3058 domibus
2054 3005 2169 3059 suis

533 3088 747 3143 habere
776 3092 1055 3160 quasdam
1081 3094 1244 3163 quasi
1284 3095 1612 3150 orationum
1651 3096 1876 3164 domos,
1906 3100 1963 3151 et
1991 3097 2051 3151 in
2080 3098 2169 3152 his

533 3198 694 3236 sacra
714 3184 1001 3239 celebrare
1018 3188 1311 3256 mysteria,
1327 3192 1383 3242 et
1396 3189 1528 3243 hinc
1544 3190 1850 3261 fieriquaad
1860 3207 1955 3245 am
1969 3191 2165 3246 catho-

532 3275 655 3390 ljicee
683 3279 738 3330 et
758 3278 1085 3348 apostolicze
1112 3280 1405 3336 traditioni
1424 3287 1713 3338 extranea.
1736 3284 1845 3339 Sed
1864 3285 1911 3338 si
1929 3285 2165 3355 quidem
2186 3317 2242 3390 Ο

534 3368 742 3423 domos
770 3370 849 3424 ita
874 3371 1207 3443 simpliciter
1228 3375 1402 3446 aliqui
1430 3376 1644 3432 habere
1666 3380 1873 3448 putant
1898 3381 2165 3449 oportere

532 3461 593 3515 in
639 3463 811 3516 sacris
850 3464 986 3531 suis,
1025 3467 1301 3522 orationis
1344 3469 1610 3524 videlicet
1641 3470 1815 3525 solius
1858 3471 2063 3542 gratia,
2110 3475 2169 3526 et

532 3556 691 3610 nullo
727 3557 1074 3614 celebrando
1123 3562 1355 3632 penitus
1395 3562 1623 3630 horum,
1669 3581 1797 3635 quin
1850 3565 1996 3619 sacri
2035 3569 2170 3619 sunt

532 3650 811 3720 mysterii,
841 3651 948 3706 hoc
980 3653 1061 3707 eis
1092 3655 1501 3724 permittimus.
1543 3656 1762 3712 Invidia
1810 3658 1968 3712 enim
2008 3660 2166 3714 nulla

533 3747 637 3809 est,
661 3742 707 3796 si
723 3744 1076 3800 voluntcitra
1092 3746 1213 3801 haec
1227 3748 1439 3803 habere
1454 3749 1778 3806 habitacula
1796 3752 2085 3823 qumdam,
2110 3755 2167 3807 et

530 3835 591 3889 in
620 3835 702 3890 eis
726 3842 1007 3909 tanquam
1033 3839 1092 3893 in
1120 3840 1294 3895 sacris
1320 3857 1502 3909 orare,
1530 3843 1654 3898 aliis
1680 3848 1876 3899 autem
1898 3845 2165 3901 omnibus

533 3930 841 3986 abstinere.
875 3932 994 3987 Nisi
1018 3936 1213 3988 tamen
1242 3934 1300 3989 in
1333 3935 1416 3990 eis
1441 3937 1726 3992 voluerint
1756 3939 1973 4010 aliquos
2021 3940 2164 3994 invi-

533 4027 653 4078 tare
680 4025 936 4094 clericos,
969 4025 1061 4080 hic
1088 4027 1325 4098 quidem
1359 4030 1736 4086 sanctissimae
1780 4032 2018 4104 majoris
2069 4050 2162 4088 ec-

531 4116 717 4171 clesiae
751 4121 810 4172 et
834 4118 939 4173 sub
981 4135 1047 4174 ea
1088 4122 1581 4178 sanctissimarum
1619 4125 1920 4193 domuum,
1969 4128 2165 4181 volun-

531 4213 650 4265 tate
672 4226 737 4265 ac
762 4212 1103 4283 probatione
1129 4216 1470 4271 sanctissimi
1498 4218 1911 4290 archiepiscopi
1945 4220 2019 4274 ad
2054 4221 2166 4275 hoc

531 4302 852 4374 deputatos,
876 4305 933 4359 in
961 4308 1254 4377 provincia
1274 4325 1410 4364 vero
1430 4312 1545 4365 Deo
1567 4311 1906 4366 amabilium
1945 4313 2161 4384 episco-

531 4412 755 4467 porum.
780 4399 942 4454 Nulla
964 4400 1215 4455 novitate
1242 4402 1365 4455 sedi
1386 4404 1508 4472 ejus
1528 4403 1900 4459 beatitudinis
1927 4422 1992 4459 ex
2024 4423 2167 4477 prae-

530 4490 675 4544 senti
705 4494 901 4546 nostra
928 4494 1054 4563 lege
1089 4494 1369 4563 facienda,
1392 4496 1543 4551 circa
1572 4496 1869 4552 existentia
1897 4498 1947 4553 ei
1980 4499 2162 4570 quoli-

529 4584 627 4638 bet
670 4585 842 4640 modo
882 4585 942 4639 in
983 4586 1461 4656 ordinationibus,
1511 4594 1611 4644 aut
1652 4591 2165 4660 gubernationibus

2186 1948 2244 2020 B

2266 663 2470 728 xerint,
2490 666 2547 717 et
2573 662 2645 717 ad
2665 662 2912 733 ﬁguram
2943 679 2975 715 a
2996 661 3159 716 nobis
3181 661 3511 716 ordinatam
3541 660 3904 727 deduxerint,

2267 757 2371 810 sub
2400 756 2670 829 praedicta
2690 772 2856 826 poena
2888 756 3048 810 ﬁent.
3071 757 3196 809 Hinc
3214 759 3409 809 autem
3435 754 3529 825 agi
3548 770 3679 807 cum
3700 754 3905 807 verita-

2268 856 2343 917 te,
2376 867 2492 904 non
2525 867 2627 920 per
2649 846 2905 920 aliquam
2924 849 3576 915 calumniamvolumus,
3616 846 3907 901 veracium

2270 944 2424 998 enim
2462 943 2831 999 solummodo
2878 959 3074 996 sumus
3108 947 3413 997 amatores.
3451 942 3578 995 Haec
3618 940 3910 995 sancimus

2266 1042 2427 1091 tuam
2449 1036 2734 1091 custodire
2750 1035 3170 1103 celsitudinem,
3188 1039 3246 1089 et
3267 1035 3409 1089 nihil
3425 1036 3539 1089 tale
3560 1035 3689 1089 fieri
3709 1050 3908 1089 conce-

2270 1131 2424 1185 dere.
2443 1130 2595 1185 Scito
2609 1130 2764 1184 enim
2781 1130 2915 1200 quia
2943 1129 3398 1194 sididicerimus,
3429 1128 3526 1182 tibi
3554 1129 3667 1182 tale
3694 1127 3911 1197 aliquid

2270 1223 2697 1289 denuntiatum,
2714 1222 2923 1277 deinde
2946 1239 3060 1277 non
3078 1222 3443 1294 prohibuisti,
3464 1225 3562 1276 aut
3580 1225 3665 1287 tu,
3682 1225 3786 1275 aut
3799 1237 3914 1275 suc-

2268 1333 2521 1371 cessores
2546 1316 2631 1371 tui
2652 1316 2980 1387 quicunque
2998 1316 3193 1382 futuri,
3218 1316 3337 1386 ipse
3358 1315 3591 1385 quidem
3619 1313 3913 1385 quinqua-

2270 1410 2429 1481 ginta
2451 1410 2723 1464 librarum
2743 1410 2867 1463 auri
2893 1426 3148 1480 expones
3169 1424 3421 1479 poenam,
3446 1408 3545 1462 sed
3575 1411 3635 1462 et
3665 1406 3766 1477 qui
3796 1423 3914 1461 suc-
4004 1440 4034 1475 ςιι

2268 1520 2520 1558 cessores
2552 1503 2768 1573 cinguli
2795 1504 3028 1557 fuerint.
3050 1504 3265 1556 Parens
3286 1505 3478 1555 autem
3510 1501 3613 1555 tibi
3651 1501 3912 1555 officium

2269 1596 2571 1651 sustinebit
2602 1596 2758 1650 idem
2805 1596 3108 1663 damnum,
3144 1596 3189 1649 si
3217 1611 3340 1649 rem
3379 1595 3545 1649 nobis
3590 1594 3911 1649 studiosam

2269 1695 2327 1745 et
2358 1690 2730 1745 sanctissima:
2762 1689 3024 1744 Ecclesiae
3060 1688 3480 1743 custodientem
3514 1688 3826 1754 unitatem,
3859 1692 3918 1741 et
4009 1724 4034 1754 τ)

2266 1783 2677 1857 prohibentem
2701 1799 2829 1854 quae
2856 1799 2889 1837 a
2907 1782 3071 1838 nobis
3095 1786 3293 1853 aperte
3313 1782 3622 1838 interdicta
3638 1784 3797 1848 sunt,
3821 1781 3914 1851 agi

2267 1879 2517 1933 latenter
2555 1893 2785 1949 passum
2818 1880 2923 1945 est,
2963 1879 3023 1931 et
3054 1876 3348 1947 despicere
3397 1875 3804 1941 commissum,
3862 1880 3917 1928 et

2267 1972 2416 2027 circa
2429 1971 2618 2042 ipsum
2632 1970 2929 2041 cingulum
2945 1970 3381 2042 periclitabitur,
3405 1969 3643 2040 insuper
3655 1972 3716 2023 et
3732 1968 3915 2039 ipsam

2268 2065 2507 2119 domum
2535 2065 2597 2119 in
2634 2080 2750 2134 qua
2788 2063 3007 2135 aliquid
3047 2064 3162 2118 tale
3190 2063 3401 2134 agitur,
3433 2062 3562 2117 ﬁeri
3590 2061 3910 2133 publicam,

2268 2162 2327 2213 et
2374 2158 2477 2213 sub
2523 2157 2970 2213 sacratissimum
3007 2157 3203 2211 venire
3254 2157 3544 2212 aerarium.
3615 2156 3911 2226 Scriptum
3966 2224 3985 2235 ἡ

2269 2252 2560 2323 exemplar
2585 2269 2619 2306 a
2650 2251 2814 2306 nobis
2841 2254 2900 2305 et
2940 2251 3301 2306 sanctissimo
3343 2250 3691 2321 patriarchae
3734 2248 3913 2303 felicis

2268 2346 2437 2417 hujus
2480 2345 2652 2412 urbis,
2687 2347 2751 2399 ut
2789 2349 2847 2399 et
2885 2344 3006 2416 ipse
3047 2345 3217 2415 hujus
3248 2347 3428 2415 ponat
3467 2343 3553 2398 rei
3599 2342 3910 2413 providen-

2267 2440 2426 2495 tiam.
2468 2440 2740 2493 Volumus
2779 2438 2935 2493 enim
2974 2438 3411 2492 sacerdotaliter
3459 2440 3519 2491 et
3555 2435 3913 2507 judicialiter

2268 2534 2391 2588 haec
2418 2536 2639 2587 servata
2662 2531 2870 2586 durare
2892 2532 2949 2585 in
2965 2531 3253 2602 reliquum
3270 2534 3495 2602 tempus
3524 2535 3583 2583 et
3599 2528 3915 2583 immutila-
4004 2548 4008 2555 δ

2266 2632 2344 2682 ta.
2378 2628 2505 2681 Dat.
2533 2643 2595 2681 ιιι
2624 2643 2676 2682 Ν.
2705 2626 2846 2680 Nov.
2871 2626 3164 2680 Constant.
3200 2625 3342 2697 imp.
3371 2623 3426 2678 d.
3458 2641 3515 2678 ιι.
3560 2622 3771 2679 Justin.
3807 2623 3909 2676 PP.

2266 2724 2436 2792 Aug.,
2470 2737 2607 2775 ann.
2635 2723 2691 2774 11
2726 2722 2854 2790 post
2881 2718 3030 2773 Bilis.
3055 2735 3106 2773 ν,
3131 2735 3179 2772 c.
3209 2734 3365 2773 cons.

2821 2836 3136 2891 NOVELLA
3178 2836 3355 2889 LVlll.

2268 2935 2343 2987 De
2366 2933 2590 2993 clericis,
2621 2932 2769 3000 quia
2798 2933 2912 2984 suis
2942 2930 3266 2984 destiterunt
3285 2930 3537 2982 ecclesiis.
3570 2929 3704 2981 Item
3734 2927 3804 2981 de
3831 2928 3917 2981 his

2738 3004 2833 3072 qui
2856 3004 3099 3056 oratoria
3130 3000 3425 3069 aediﬁcant.

2338 3097 2657 3167 Imperator
2682 3094 3034 3150 Justinianus
3067 3096 3356 3164 Augustus
3404 3092 3627 3147 Meunaa
3669 3090 3911 3144 sanctis-

2267 3190 2412 3245 simo
2434 3190 2601 3260 hujus
2648 3189 2826 3260 regiae
2873 3187 3028 3242 urbis
3075 3186 3527 3258 archiepiscopo,
3570 3187 3630 3237 et
3661 3182 3914 3238 universi

2269 3283 2392 3354 ejus
2420 3286 2635 3338 tractus
2662 3282 3023 3354 patriarchas.

2337 3376 2491 3431 Multi
2508 3392 2699 3447 scepen
2707 3392 2908 3430 umero
2920 3372 3132 3441 clerici,
3151 3373 3321 3428 certis
3333 3373 3605 3426 vacantes
3619 3371 3909 3436 oratoriis,

2268 3474 2367 3525 aut
2391 3471 2565 3524 etiam
2586 3486 2690 3540 pro
2704 3468 2990 3540 aliquibus
3014 3468 3162 3523 forte
3192 3465 3512 3537 subrogati,
3536 3465 3707 3519 simul
3737 3467 3913 3534 atque

2266 3565 2588 3619 solemnem
2609 3562 3010 3633 erogationem
3028 3563 3437 3633 perceperunt,
3457 3576 3491 3612 a
3511 3557 3692 3612 sacris
3712 3574 3773 3612 se
3796 3574 3915 3627 my-

2266 3657 2453 3713 steriis
2469 3657 2528 3711 in
2545 3656 2878 3711 universum
2901 3658 3215 3727 segregant
3236 3654 3400 3725 (quas
3424 3653 3497 3707 ob
3525 3668 3754 3719 causas,
3786 3667 3911 3705 me-

2266 3751 2375 3805 lius
2401 3750 2511 3822 ipsi
2530 3750 2825 3820 noverunt)
2844 3752 2943 3804 aut
2962 3763 3325 3819 quacumque
3340 3745 3641 3800 occasione
3673 3761 3710 3799 a
3726 3760 3916 3798 sacro-

2266 3847 2462 3899 sancta
2488 3843 2723 3899 omnino
2748 3842 2985 3898 ecclesia
3013 3842 3071 3896 in
3101 3858 3215 3913 qua
3253 3839 3576 3894 consistunt
3604 3837 3909 3893 recedunt.

2266 3938 2564 3994 Sancimus
2589 3938 2767 4008 igitur
2802 3953 2876 3991 ne
2917 3952 3077 3991 sacro
3115 3934 3173 3989 id
3213 3933 3702 4005 impedimentum
3742 3930 3914 3986 mini-

2266 4032 2436 4087 sterio
2462 4032 2777 4102 ingeratur,
2810 4030 2908 4085 sed
2937 4047 2971 4084 a
3001 4029 3101 4084 Dei
3147 4026 3553 4083 amantissimis
3601 4026 3914 4098 episcopis,

2266 4126 2370 4181 sub
2389 4141 2635 4196 quorum
2649 4124 2825 4179 tutela
2844 4124 2935 4178 ha:
2952 4122 3200 4178 ecclesia!
3221 4121 3543 4177 constitutae
3570 4126 3727 4185 sunt,
3748 4120 3811 4173 in
3839 4119 3913 4172 il-

2266 4220 2454 4274 lorum
2474 4219 2660 4273 locum
2688 4218 2781 4272 alii
2803 4217 3173 4283 sufﬁciantur,
3191 4215 3415 4286 quiista
3435 4212 3776 4285 percipiant.
3798 4213 3915 4267 Ne-

2266 4329 2376 4384 que
2395 4312 2553 4366 enim
2576 4310 2704 4365 ullis
2727 4310 3044 4365 concedere
3068 4309 3333 4363 volumus
3348 4311 3413 4361 ut
3438 4323 3507 4361 ea
3525 4322 3661 4377 qua:
3676 4306 3748 4360 ab
3768 4305 3914 4376 ipsis

2263 4408 2362 4459 aut
2391 4421 2495 4475 per
2519 4404 2671 4475 ipsos
2697 4402 3071 4458 sacrosanctis
3108 4403 3230 4472 jam
3269 4400 3519 4455 ecclesiis
3559 4404 3909 4470 erogantur,

2265 4499 2324 4552 in
2352 4516 2521 4553 suum
2554 4499 2779 4552 lucrum
2826 4499 3183 4551 convertant.
3226 4494 3528 4565 Siquidem
3569 4494 3729 4547 nullo
3759 4510 3908 4564 pra:-

2264 4595 2420 4647 textu
2448 4596 2549 4647 aut
2579 4591 2877 4646 occasione
2903 4591 3165 4645 volumus
3195 4592 3257 4642 ut
3285 4605 3352 4641 ex
3388 4587 3638 4642 aliorum
3684 4587 3914 4641 defrau«

529 4676 642 4745 hic,
672 4683 769 4733 aut
794 4678 851 4733 in
876 4680 1181 4750 provinciis
1204 4681 1360 4752 jura,
1389 4682 1491 4736 sed
1514 4684 1783 4737 omnibus
1805 4685 1982 4739 etiam
2008 4702 2163 4741 com-
2181 4686 2241 4758 Ι)
2265 4686 2494 4740 datione
2521 4686 2644 4740 aliis
2659 4686 2884 4740 lucrum
2909 4683 3148 4738 accedat
3170 4700 3183 4748 ;
3204 4682 3301 4737 sed
3319 4685 3380 4735 ut
3401 4680 3909 4752 quemadmodum

527 4772 855 4842 petentibus
873 4774 1195 4846 eiquolibet
1210 4776 1384 4831 modo
1401 4780 1457 4831 et
1474 4780 1737 4848 tempore
1764 4778 1902 4833 ratis
1923 4797 2074 4834 nunc
2105 4784 2164 4834 et

530 4866 587 4918 in
602 4881 775 4920 omne
794 4868 1079 4940 reliquum
1103 4873 1326 4941 tempus
1347 4871 1668 4926 servandis:
1693 4872 1979 4927 sancimus
2000 4877 2161 4928 tuam

528 4958 651 5012 haec
685 4975 1024 5016 conservare
1056 4963 1325 5033 gloriam,
1362 4968 1421 5018 et
1445 4964 1747 5020 manifesta
1769 4967 2036 5021 omnibus
2060 4983 2164 5039 per

528 5052 748 5107 litteras
761 5055 1021 5126 proprias
1041 5058 1406 5124 constituere,
1432 5063 1716 5129 quatenus
1729 5076 1831 5130 per
1857 5061 2053 5115 omnia
2074 5078 2163 5116 va-

528 5147 645 5201 leat
670 5146 778 5202 lex.
814 5150 943 5203 Haec
970 5148 1125 5203 enim
1155 5153 1213 5204 et
1237 5151 1651 5221 gloriosissimo
1678 5154 1950 5224 praefecto
1984 5154 2163 5209 felicis

524 5240 696 5311 hujus
720 5241 893 5308 urbis,
927 5246 986 5297 et
1011 5244 1368 5299 sanctissimo
1387 5246 1839 5318 archiepiscopo,
1864 5253 1921 5302 et
1944 5248 2165 5303 univer-

526 5335 628 5390 sali
658 5335 998 5406 patriarchac
1020 5336 1403 5408 praecipimus,
1431 5344 1495 5394 ut
1519 5356 1588 5394 ex
1624 5341 1771 5395 civili
1811 5345 1866 5397 et
1909 5318 2166 5398 sacerdo-

523 5428 624 5483 tali
645 5429 852 5485 virtute
878 5430 1000 5485 hinc
1019 5438 1298 5503 perpetue
1332 5431 1746 5489 custodiantur.
1773 5435 1971 5491 Sciant
2008 5438 2163 5491 enim

522 5526 581 5576 et
614 5522 723 5594 ipsi
775 5525 1053 5581 domuum
1092 5525 1332 5594 domini,
1387 5527 1523 5599 quia
1570 5529 1613 5582 si
1658 5545 1775 5584 non
1817 5530 1938 5585 hac
1983 5534 2165 5585 custo-

523 5614 755 5686 dierint,
788 5617 894 5689 ipsi
933 5619 1170 5690 quidem
1206 5620 1310 5675 sub
1342 5620 1621 5692 imperiali
1663 5622 1806 5677 fient
1836 5627 2018 5694 motu,
2066 5624 2164 5679 do-

518 5725 649 5764 mus
672 5714 867 5766 autem
896 5712 955 5767 in
979 5713 1186 5784 quibus
1209 5714 1426 5786 aliquid
1456 5715 1567 5770 tale
1591 5716 1800 5788 agitur,
1835 5720 1892 5771 et
1920 5717 2164 5789 publica:

518 5802 678 5870 ﬂent,
703 5807 760 5857 et
778 5804 882 5858 sub
912 5807 1363 5863 sacratissimum
1397 5812 1657 5865 nostrum
1683 5811 1954 5865 aerarium
1989 5810 2164 5866 dedu-

522 5895 741 5947 centur.
765 5887 824 5949 Si
846 5900 1043 5950 autem
1072 5902 1131 5952 et
1161 5901 1382 5971 aliquos
1406 5902 1691 5973 contingit
1712 5905 1825 5959 tale
1855 5903 2069 5975 aliquid
2101 5904 2162 5959 in

526 5981 641 6035 suis
680 5983 892 6041 habere
939 5988 1209 6047 domibus
1257 5993 1452 6066 sciant
1487 5997 1640 6067 quod
1684 5997 1793 6054 nisi
1837 5998 1989 6055 intra
2043 6004 2162 6054 tres

2265 4796 2505 4850 qumque
2529 4779 2653 4850 jam
2672 4778 2806 4833 inde
2831 4778 2903 4832 ab
2930 4777 3092 4831 initio
3116 4779 3355 4846 erogata
3370 4778 3526 4841 sunt,
3550 4775 3633 4828 ita
3659 4777 3717 4828 et
3736 4789 3913 4845 porro

2261 4872 2476 4943 absque
2502 4873 2616 4927 ulla
2638 4871 2912 4943 temporis
2927 4869 3308 4943 prazﬁnitione
3331 4870 3698 4939 prmstentur,
3720 4883 3919 4938 neque

2264 4982 2488 5020 sacrum
2521 4983 2591 5021 ea
2628 4982 2690 5020 re
2723 4964 3104 5020 ministerium
3143 4964 3547 5033 corrumpatur
3583 4965 3643 5015 et
3678 4960 3918 5015 interci-

2264 5059 2381 5127 dat,
2415 5060 2636 5114 nullam
2674 5059 2961 5114 licentiam
2992 5056 3275 5113 habituris
3300 5056 3389 5110 his
3416 5054 3514 5126 qui
3544 5054 3621 5109 ab
3661 5053 3924 5108 ecclesiis

2265 5152 2628 5222 destiterunt,
2661 5155 2970 5224 postquam
2998 5153 3088 5206 vel
3119 5149 3530 5206 asanctissimo
3562 5147 3923 5219 patriarcha,

2264 5248 2350 5301 vel
2383 5246 2832 5317 provincialibus
2877 5244 3159 5318 episcopis
3190 5244 3249 5299 in
3290 5243 3521 5298 illorum
3574 5242 3771 5296 locum
3822 5241 3923 5296 alii

2264 5340 2553 5412 subrogati
2594 5343 2744 5409 sunt,
2778 5343 2843 5395 ut
2880 5343 2982 5394 aut
3008 5339 3148 5410 ipsis
3175 5338 3519 5408 subrogatos
3544 5334 3685 5390 inde
3715 5335 3919 5390 detru-

2265 5434 2423 5502 dant,
2453 5433 2498 5488 si
2526 5433 2755 5506 regredi
2778 5432 2974 5502 velint,
2992 5439 3091 5488 aut
3118 5449 3215 5488 eos
3237 5431 3335 5502 qui
3353 5430 3410 5484 id
3436 5428 3799 5499 erogationis
3828 5446 3925 5500 ge-

2264 5545 2372 5583 nus
2387 5527 2692 5598 sustinent,
2725 5526 3161 5599 conduplicatas
3188 5526 3487 5596 impensas
3512 5522 3917 5593 suppeditare,

2264 5625 2323 5677 et
2343 5626 2461 5677 tam
2481 5621 2827 5693 subrogatis,
2846 5636 3025 5693 quam
3043 5620 3179 5691 ipsis
3200 5619 3298 5691 qui
3312 5616 3505 5671 redire
3535 5616 3760 5684 volunt,
3778 5633 3920 5687 pre—

2261 5716 2401 5771 bere
2435 5716 2799 5787 compellant.
2821 5715 2934 5772 Sed
2956 5715 3041 5786 (ut
3071 5710 3491 5786 simplicissime
3521 5708 3811 5779 dicamus,
3842 5708 3913 5763 illi

2264 5809 2521 5882 quidem,
2558 5809 2605 5864 si
2637 5808 2898 5875 redeant,
2944 5824 3062 5864 non
3104 5806 3494 5881 recipiantur;
3538 5803 3633 5859 his
3660 5824 3792 5864 vero
3819 5803 3909 5877 qui

2262 5906 2392 5974 post
2434 5902 2694 5974 priorum
2734 5902 3054 5957 discessum
3088 5901 3309 5957 suffecti
3347 5907 3503 5972 sunt,
3541 5903 3905 5975 praebeantur

2262 5997 2618 6070 provisiones
2644 5996 3001 6069 annonariw,
3037 5997 3191 6055 nullo
3223 5997 3380 6054 lucro
3429 5996 3648 6056 exinde
3689 5996 3771 6053 his
3814 5992 3897 6067 qui
