4034 6228
110 290 213 351 993

990 284 1361 347 IUSTINIANI
1399 286 1728 346 NOVELLE
1765 286 2100 346 SELEC'UE.
2143 287 2450 347 NOVELLA
2486 290 2615 348 LIX.

3386 290 3489 350 994

110 399 492 473 suppeditare
514 399 701 455 solent
719 399 1046 454 accedente.
1066 400 1139 455 Ut
1154 399 1253 471 qui
1270 398 1404 454 talia
1422 397 1755 454 lucrifacere
1778 410 1837 483 Α
1858 398 2015 454 litate
2037 415 2140 454 sua
2161 415 2265 471 per
2283 397 2427 455 duas
2446 400 2835 471 pragmaticus
2858 400 3075 457 formas
3095 405 3317 457 certum
3340 402 3489 459 redi-

112 493 553 561 attentaverint,
587 494 746 550 omni
786 492 961 549 modo
1001 493 1325 563 subrogatis
1358 492 1430 546 ab
1468 491 1605 564 ipsis
1635 496 1756 546 tam

108 587 535 660 promissiones
579 587 930 641 annonarias
975 603 1151 657 quam
1183 585 1325 640 alias
1367 584 1753 655 erogationes,

110 688 232 735 tam
258 681 373 752 ipsi
400 697 576 751 quam
604 680 866 735 literedes
897 697 963 734 ac
993 696 1346 734 successores
1375 695 1578 733 eorum
1608 695 1752 749 prm-

110 775 316 829 beant:
341 774 587 829 scientes
608 774 763 845 quod
781 773 826 827 si
849 774 1023 827 etiam
1044 776 1245 843 postea
1263 772 1755 838 defraudaverint,

113 872 266 921 certa
301 884 371 922 ex
404 867 632 922 illorum
662 866 1009 938 patrimonio
1040 865 1322 937 possessio
1352 865 1527 920 sacris
1550 865 1758 919 nostris

111 962 286 1015 rebus
329 960 567 1031 privatis
598 960 1000 1031 segregabitur
1033 964 1094 1013 ut
1124 959 1235 1013 illis
1266 958 1472 1012 exinde
1501 959 1601 1013 ﬁat
1629 975 1753 1013 ero—

114 1054 289 1125 gatio.
326 1054 467 1108 Illud
497 1070 726 1125 quoque
750 1053 823 1107 ad
855 1053 1136 1107 honorem
1168 1056 1428 1106 nostrum
1455 1055 1513 1105 et
1542 1053 1757 1105 cultum

114 1148 267 1202 sedis
286 1154 398 1202 ture
424 1147 809 1211 decernimus,
830 1150 891 1200 ut
913 1145 957 1199 si
977 1146 1103 1217 quis
1124 1145 1415 1200 azdiﬁcans
1434 1144 1755 1222 ecclesiam,

114 1246 215 1295 aut
241 1242 422 1296 etiam
449 1242 618 1295 aliter
638 1239 972 1312 expendens
999 1240 1055 1293 in
1086 1256 1153 1293 ea
1180 1238 1642 1293 ministrantibus
1662 1238 1760 1292 ali-

112 1342 316 1390 menta
347 1334 596 1390 voluerit
636 1335 859 1406 aliquos
904 1333 1142 1389 clericos
1180 1336 1451 1399 statuere,
1486 1348 1602 1387 non
1637 1348 1757 1386 esse

112 1429 167 1483 ei
195 1429 479 1483 ﬁduciam
512 1430 707 1493 ullam,
742 1444 887 1499 quos
912 1428 1031 1485 vult
1058 1444 1163 1499 per
1200 1430 1544 1498 potestatem
1576 1425 1755 1480 dedu-

113 1539 248 1577 cere
271 1529 389 1576 tum
416 1522 754 1576 reverentiae
782 1521 855 1575 ad
880 1520 1232 1575 ordinandos
1258 1536 1385 1586 eos;
1419 1519 1518 1573 sed
1541 1518 1756 1573 exami-

114 1617 243 1671 nari
268 1632 302 1670 a
331 1620 429 1670 tua
461 1615 784 1681 sanctitate,
814 1614 1217 1684 sententiaque
1243 1617 1357 1681 tua,
1381 1612 1553 1684 etqui
1572 1612 1762 1684 ponti-

112 1711 347 1765 ﬁcalem
368 1710 567 1764 sedem
589 1710 867 1776 rexerint,
898 1725 1129 1778 semper
1148 1708 1254 1762 hos
1284 1707 1570 1777 suscipere
1603 1706 1756 1761 ordi-

1856 495 1981 546 tum
2006 493 2380 559 constituerit,
2406 499 2467 548 ut
2493 510 2696 548 aurum
2717 511 2785 549 ex
2808 511 2876 550 eo
2899 496 3081 551 reditu
3112 496 3407 552 redactum
3427 497 3485 552 in

1857 603 1987 640 eam
1999 603 2289 641 summam
2312 588 2590 657 proﬁciat,
2612 604 2739 658 quae,
2754 605 2788 642 a
2805 588 2898 642 Dei
2918 590 3329 645 amantissimis
3348 608 3489 646 meo-

1856 679 2041 733 nomis
2062 679 2232 733 datur
2255 681 2343 733 his
2370 681 2464 750 qui
2496 680 2646 734 circa
2668 681 2775 735 hoc
2805 680 3100 741 laborant:
3129 684 3293 737 multi
3316 684 3484 738 undi-

1858 789 1970 843 que
1991 790 2091 827 nos
2106 773 2391 841 adierunt,
2408 774 2663 828 dicentes
2688 790 2807 829 rem
2824 791 2939 830 non
2954 777 3268 846 procedere
3290 794 3486 849 sequa-

1856 865 2066 932 bilitcr,
2096 883 2281 937 neque
2313 866 2714 922 defunctorum
2743 867 3134 924 funerationes
3159 870 3372 941 absque
3394 888 3491 943 pa-

1857 962 1948 1013 cta
1967 959 2233 1013 mercede
2251 960 2542 1027 celebrari,
2574 961 2713 1032 quin
2742 961 2931 1032 potius
2957 964 3310 1017 amarulente
3336 981 3480 1019 mer-

1859 1054 2021 1107 cedes
2045 1053 2214 1123 exigi,
2230 1054 2412 1108 multa
2426 1054 2596 1108 etiam
2617 1055 2967 1109 extrinsecus
2986 1056 3227 1110 inveniri
3252 1058 3491 1112 nomina

1859 1150 1917 1200 et
1934 1147 2193 1216 collegia,
2218 1164 2344 1217 quin
2364 1148 2451 1201 vel
2474 1148 2531 1201 in
2553 1149 2744 1203 medio
2762 1148 2915 1202 luctu
2936 1150 3008 1203 ab
3032 1149 3219 1203 invitis
3235 1150 3486 1221 exigant,

1861 1244 1919 1292 et
1938 1256 2035 1293 cos
2057 1241 2156 1311 qui
2182 1240 2315 1295 dare
2344 1259 2457 1297 non
2491 1242 2730 1313 possint,
2761 1248 2821 1297 ut
2847 1243 3005 1309 dent,
3036 1244 3089 1296 vi
3118 1224 3485 1315 compellant.

1861 1334 1987 1387 Haec
2017 1350 2123 1388 nos
2152 1335 2512 1390 convenienti
2536 1336 2885 1391 correctione
2907 1335 3126 1407 dignari
3147 1337 3366 1407 justum
3392 1355 3490 1409 pu-

1859 1426 2124 1481 tavimus.
2170 1427 2303 1482 Inde
2347 1428 2491 1483 adeo
2535 1430 2785 1500 primum
2830 1430 3085 1484 omnium
3118 1436 3490 1486 sacrosanctae

1859 1520 2061 1590 majori
2092 1522 2343 1575 ecclesiae
2364 1522 2619 1577 ofﬁcinas
2643 1540 2919 1595 magnam
2941 1524 3231 1594 jacturam
3254 1531 3312 1580 et
3328 1525 3492 1580 dimi-

1859 1614 2162 1668 nutionem
2182 1631 2479 1685 perpessas
2496 1616 2571 1669 ad
2591 1616 2886 1687 integrum
2916 1633 3225 1672 numerum
3250 1635 3486 1690 repara-

1859 1706 2068 1775 vimus,
2100 1710 2419 1779 conscripta
2446 1709 2516 1764 de
2544 1710 2653 1764 hoc
2685 1726 2844 1765 sacra
2868 1711 3054 1765 forma
3089 1712 3161 1765 ad
3190 1714 3490 1783 przefectu-

111 1804 444 1871 nationem,
486 1802 772 1875 siquidem
825 1805 937 1856 tua:
987 1800 1354 1868 beatitudini,
1412 1803 1470 1855 et
1518 1785 1985 1871 posterisBram
2038 1802 2400 1869 urbicariam,
2459 1808 2519 1857 ut
2564 1803 2833 1858 omnibus
2874 1805 3059 1859 modis
3098 1821 3162 1859 ea
3210 1823 3321 1860 una
3362 1824 3493 1861 cum

117 1896 438 1969 Opportuni
455 1896 803 1951 videbuntur
823 1895 1082 1962 existere,
1110 1900 1168 1949 et
1194 1894 1295 1949 Dei
1318 1893 1640 1948 ministerio
1671 1893 1757 1948 di-

118 1992 243 2063 gni,
292 1994 357 2046 ut
397 2007 512 2045 non
542 1990 921 2061 profanentur
968 1994 1161 2043 sancta
1192 1988 1289 2043 Dei
1332 1988 1459 2058 (hoc
1496 1986 1763 2041 videlicet

119 2085 279 2157 quod
306 2084 482 2139 sacris
510 2083 762 2139 sancitur
795 2083 1075 2155 eloquiis),
1098 2081 1200 2136 sed
1226 2081 1441 2137 intacta
1472 2084 1530 2135 et
1552 2080 1758 2135 ineffa-

115 2178 258 2233 bilia
290 2178 708 2250 tremendaque
739 2178 1066 2243 constituta,
1096 2178 1291 2230 sancte
1317 2179 1376 2229 et
1404 2176 1518 2230 Deo
1548 2174 1764 2229 amabi-

114 2273 251 2327 liter
284 2276 345 2326 et
376 2272 705 2327 venerande
737 2274 1076 2326 tractentur.
1106 2268 1244 2334 Quas
1270 2268 1446 2339 igitur
1461 2267 1627 2322 nobis
1646 2268 1763 2338 pla-

118 2371 388 2433 cuerunt,
424 2369 481 2420 et
507 2382 609 2436 per
639 2365 790 2419 hanc
826 2380 1047 2418 sacram
1096 2363 1502 2435 exprimuntur
1546 2362 1758 2432 legem,

118 2476 191 2514 ea
220 2462 286 2514 ut
316 2459 379 2513 in
408 2463 754 2530 perpetuum
779 2457 1076 2511 beatitudo
1109 2462 1203 2511 tua
1244 2456 1540 2523 custodiat,
1574 2454 1760 2509 sanci-

118 2569 293 2607 mus:
323 2556 481 2606 certo
512 2552 758 2606 scientes
801 2550 955 2622 quod
997 2566 1115 2604 non
1164 2550 1356 2604 minus
1386 2549 1551 2604 nobis
1582 2564 1762 2602 sacro-

119 2652 460 2701 sanctarum
500 2644 867 2699 ecclesiarum
906 2643 1216 2698 commoda
1244 2659 1396 2697 curas
1421 2642 1555 2710 sint,
1588 2657 1761 2712 quam

119 2740 252 2810 ipsa
298 2739 435 2793 vita.
470 2740 596 2793 Dat.
630 2754 701 2792 xv
732 2738 801 2791 Κ.
847 2739 1080 2791 Novem.
1117 2739 1413 2792 Constant.
1442 2736 1581 2807 imp.
1611 2735 1668 2790 d.
1701 2752 1759 2788 n.

118 2832 326 2888 Justin.
354 2836 522 2904 Aug.,
555 2834 685 2904 post
712 2830 863 2885 Bilis.
900 2847 954 2885 v.
985 2846 1035 2886 e.
1063 2846 1221 2885 cons.
1257 2845 1393 2884 ann.
1422 2832 1473 2884 3.

704 2992 1020 3047 NOVELLA
1046 2992 1172 3046 LIX.

208 3112 285 3164 De
314 3107 608 3176 emsequz'is,
639 3120 775 3175 quas
798 3105 918 3174 ﬁeri
946 3107 1190 3173 oporteat
1214 3106 1273 3157 in
1299 3103 1677 3171 defunctorum

719 3177 1174 3243 funerationibus.

194 3306 524 3376 Imperator
548 3302 905 3381 Justinianus
931 3303 1222 3371 Augustus
1248 3301 1453 3356 Joanni
1478 3302 1764 3356 factorum

123 3415 231 3471 per
256 3398 553 3452 Orientem
581 3396 989 3468 praetoriorum
1018 3395 1289 3466 praefecto
1310 3395 1527 3451 iterum
1559 3411 1762 3451 excon-

124 3491 247 3547 sule
281 3496 341 3545 et
368 3489 631 3560 patricio.

196 3585 255 3641 Si
276 3584 558 3655 quidquid
577 3599 821 3655 usquam
843 3586 929 3637 est
946 3582 1233 3639 bonorum
1248 3599 1509 3653 operum,
1524 3582 1584 3636 id
1604 3598 1769 3653 opor-

124 3684 208 3735 tet
238 3677 487 3748 (volente
519 3678 651 3747 Deo)
683 3694 787 3749 per
812 3694 917 3731 nos
942 3676 1169 3731 initium
1192 3691 1399 3747 capere
1424 3692 1437 3729 :
1467 3676 1770 3730 conveniet

125 3774 273 3828 item
299 3776 365 3826 ut
391 3788 461 3826 ea
487 3772 644 3826 bona
670 3788 797 3842 quae
821 3787 925 3841 per
947 3770 1088 3825 alios
1116 3772 1432 3841 coeperunt,
1465 3770 1510 3823 si
1538 3770 1627 3823 his
1656 3769 1764 3823 im-

127 3868 357 3922 mineat
375 3864 632 3933 exitium,
656 3882 760 3936 per
774 3881 879 3919 nos
900 3864 1086 3919 denuo
1105 3866 1502 3918 restaurentur
1525 3866 1583 3917 et
1602 3862 1662 3917 in
1680 3879 1769 3918 ve-

127 3964 319 4015 terem
340 3959 692 4014 reducantur
710 3958 999 4029 ordinem,
1026 3962 1088 4013 ut
1108 3973 1337 4029 semper
1357 3956 1524 4012 nobis
1544 3957 1631 4011 vel
1650 3957 1769 4029 ipsa

125 4055 214 4109 rei
255 4053 639 4119 confectione,
673 4053 762 4106 vel
793 4052 1210 4107 restauratione
1244 4049 1313 4106 ad
1343 4052 1648 4123 prmelaras
1675 4067 1765 4105 ac-

125 4148 321 4203 tiones
341 4145 730 4207 contendendi
744 4146 1043 4200 facultates
1057 4145 1263 4200 adsint.
1283 4145 1382 4214 Cuj
1394 4144 1615 4198 usmodi
1633 4161 1768 4199 sane

124 4242 411 4313 quiddam
439 4257 568 4293 cum
586 4244 642 4294 et
659 4241 715 4294 in
738 4240 1143 4295 defunctorum
1170 4238 1630 4293 funerationibus
1645 4255 1769 4309 per-

124 4352 333 4409 peram
359 4334 815 4398 administretur,
847 4333 1136 4404 corrigere
1160 4332 1219 4386 id
1250 4331 1433 4386 visum
1457 4335 1562 4399 est,
1585 4335 1640 4385 et
1664 4331 1766 4385 ho-

126 4430 387 4486 minibus
416 4428 620 4482 exinde
648 4428 864 4498 largiri,
896 4445 967 4481 ne
1004 4427 1297 4498 geminam
1327 4425 1767 4480 incommodita-

1785 3155 1841 3229 C

1862 1894 2289 1950 obsecundante
2325 1896 2404 1949 illi
2435 1897 2669 1951 cohorte
2707 1898 2865 1952 mille
2892 1901 2950 1951 et
2977 1902 3207 1953 centum
3240 1900 3491 1955 ofﬁcinas

1860 1988 1957 2043 Dei
1974 1988 2382 2043 amantissimis
2395 1990 2789 2045 defensoribus
2809 1995 2865 2045 et
2884 1993 3189 2046 (economis
3208 1994 3490 2064 praedictae

1859 2086 2236 2137 sacrosanctae
2279 2083 2529 2139 ecclesia:
2563 2084 2831 2139 tradant:
2864 2085 3209 2154 octingentis
3256 2087 3491 2157 quidem

1863 2175 2107 2231 ofﬁcinis
2129 2193 2259 2231 cum
2283 2177 2613 2248 corporibus
2632 2178 2955 2248 praebendis
2976 2178 3072 2233 Dei
3090 2180 3495 2235 amantissimis

1863 2270 2277 2340 defensoribus,
2311 2271 2577 2325 trecentis
2601 2288 2734 2326 vero
2756 2271 3125 2343 pientissimis
3152 2290 3289 2344 erga
3313 2276 3491 2329 Deum

1861 2364 2174 2419 mconomis
2207 2381 2219 2419 :
2260 2370 2321 2419 ut
2350 2365 2453 2419 Dei
2496 2365 2729 2435 quidem
2776 2365 3160 2420 amantissimi
3209 2367 3493 2423 (nconomi

1861 2460 2143 2511 trecentas
2194 2457 2318 2512 illas
2373 2458 2628 2513 ofﬁcinas
2679 2463 2736 2512 et
2779 2458 3030 2513 reditum
3073 2459 3144 2513 ab
3197 2461 3495 2515 Anastasio

1864 2550 2239 2605 sacratissimo
2278 2551 2534 2623 principe
2577 2552 2859 2607 donatum
2890 2552 2947 2606 in
2989 2554 3174 2607 fructu
3222 2554 3491 2623 habeant,

1864 2643 2007 2697 nihil
2019 2644 2264 2715 amplius
2276 2645 2345 2699 ob
2361 2645 2709 2699 diminutum
2725 2650 3146 2717 conquerentes
3160 2664 3494 2719 numerum,

1864 2737 1965 2791 sed
1987 2737 2046 2792 in
2067 2740 2532 2809 supplementum
2554 2739 2832 2793 habentes
2851 2757 2977 2810 quin
3000 2742 3256 2811 praebent
3272 2747 3494 2796 trecen.

1862 2835 1936 2886 tte
1960 2832 2224 2899 ofﬁcinae,
2243 2836 2363 2886 tam
2382 2832 2611 2888 decanis
2627 2849 2802 2903 quam
2826 2834 3057 2905 reliquis
3076 2835 3313 2889 coetibus
3341 2852 3497 2890 men-

1865 2928 2151 2979 struarum
2196 2926 2629 2997 praestationum
2672 2927 3059 2997 erogationem
3107 2928 3363 2983 faciant:
3396 2929 3495 2984 Dei

1863 3031 1999 3070 vero
2045 3016 2428 3070 amantissimi
2456 3016 2788 3071 defensores
2822 3015 2895 3069 ad
2932 3033 3171 3071 manum
3217 3017 3497 3072 habentes

1867 3110 2227 3181 octingentas
2279 3110 2553 3177 ofﬁcinas,
2610 3113 2728 3163 tam
2771 3109 3088 3164 lecticarios
3150 3114 3230 3179 (ut
3274 3110 3498 3182 vocant)

1866 3203 2187 3269 exhibeant,
2220 3220 2395 3274 quam
2423 3203 2711 3274 reliquum
2760 3203 3164 3272 ministerium,
3212 3206 3365 3275 quod
3396 3206 3497 3259 de-

1864 3296 2196 3352 functorum
2209 3297 2489 3369 exsequiae
2509 3296 2828 3369 requirunt,
2850 3298 3154 3366 sufﬁciant,
3175 3315 3289 3370 quo
3313 3299 3501 3371 magis

1866 3407 1934 3446 ea
1963 3408 2025 3445 re
2054 3391 2354 3446 defunctos
2376 3408 2409 3445 a
2440 3392 2657 3446 damno
2698 3408 3021 3446 asseramus
3049 3396 3107 3446 et
3132 3392 3362 3463 injuria.
3394 3396 3500 3449 Eas

1866 3484 2043 3555 igitur
2066 3485 2371 3555 prazdietas
2390 3486 2545 3540 mille
2574 3489 2630 3540 et
2649 3488 2882 3540 centum
2905 3485 3160 3539 ofﬁcinas
3178 3487 3279 3540 Dei
3299 3504 3496 3542 aman-

1866 3577 2099 3632 tissimis
2127 3579 2442 3634 oeconomis
2472 3583 2530 3634 et
2560 3578 2955 3634 defensoribus
2980 3579 3191 3650 absque
3222 3580 3335 3633 ulla
3362 3586 3501 3635 tem-

1868 3671 2025 3743 poris
2043 3672 2423 3743 praeﬁnitione
2451 3690 2584 3728 cum
2615 3673 2975 3727 immunitate
3006 3676 3066 3726 et
3092 3673 3232 3726 citra
3258 3673 3502 3728 diminu-

1866 3765 2087 3820 tionem
2106 3767 2400 3837 custodiri,
2417 3767 2535 3821 etsi
2557 3782 2899 3839 quocunque
2919 3766 3093 3821 modo
3115 3768 3306 3838 aliqua
3331 3767 3502 3822 inter-

1868 3858 2037 3926 cidat,
2061 3860 2327 3915 lumenve
2358 3864 2563 3929 mutet,
2587 3864 2685 3915 aut
2712 3860 3146 3928 commercium,
3164 3877 3197 3915 a
3219 3861 3501 3932 gloriosis-

1870 3952 2017 4007 simo
2039 3952 2211 4023 hujus
2244 3953 2413 4008 alma:
2441 3954 2597 4008 urbis
2621 3954 3171 4029 praefectosuppleri
3196 3971 3499 4026 recupera-

1868 4047 2031 4118 rique
2063 4052 2310 4117 oportet,
2338 4051 2403 4101 ut
2423 4048 2523 4102 Dei
2556 4048 2792 4118 quidem
2820 4048 3195 4104 amantissimi
3221 4050 3502 4105 (nconomi

1868 4140 2202 4210 fundorum,
2228 4140 2323 4211 qui
2352 4142 2658 4212 sepulturis
2677 4142 2936 4196 attributi
2961 4146 3114 4210 sunt,
3142 4143 3505 4199 administra-

1870 4234 2083 4288 tionem
2135 4234 2428 4301 habentes,
2478 4235 2752 4290 habentes
2796 4236 2935 4290 item
2975 4240 3033 4290 et
3074 4254 3107 4291 a
3137 4237 3503 4308 vectigalium

1869 4327 2236 4397 praestatione
2258 4328 2550 4382 immunes
2568 4333 2853 4383 trecentas
2874 4329 3150 4397 ofﬁcinas,
3175 4330 3507 4385 defensores

1870 4436 2005 4475 vero
2032 4422 2390 4491 octingentas
2420 4422 2648 4489 alteras,
2669 4422 2895 4493 utrique
2922 4422 3317 4491 defunctorum
3344 4440 3502 4478 exse-

127 4528 247 4578 tem
266 4522 607 4586 sustineant,
631 4524 747 4575 tam
767 4537 898 4575 suos
914 4520 1242 4574 amittentes
1262 4536 1434 4590 quam
1454 4519 1627 4573 etiam
1650 4519 1768 4573 illo-
1787 4528 1847 4600 D
1871 4513 2033 4584 quias
2052 4514 2159 4568 rite
2178 4515 2521 4585 gubernent.
2539 4516 2887 4571 Omnimodo
2910 4532 3044 4572 sane
3057 4518 3210 4589 quod
3227 4535 3291 4572 ex
3311 4535 3504 4574 annuo

130 4633 264 4672 rum
307 4615 542 4669 nomine
575 4614 888 4669 subeuntes
918 4613 1239 4685 dispendia.
1273 4612 1388 4667 Sed
1427 4613 1582 4684 quod
1613 4613 1773 4667 divus

129 4710 403 4783 princeps
440 4708 843 4763 Constantinus
868 4712 1017 4762 recte
1047 4707 1431 4777 excogitatum
1473 4706 1769 4778 disposuit,

133 4808 193 4859 et
211 4802 587 4875 postmodum
606 4801 931 4856 Anastasius
950 4801 1338 4873 pientissimus
1357 4800 1626 4872 princeps
1643 4816 1774 4869 con-

130 4897 410 4963 ﬁrmavit,
449 4895 672 4967 adjecto
714 4895 949 4966 insuper
982 4899 1039 4949 et
1074 4895 1284 4961 reditu,
1317 4894 1374 4948 id
1407 4910 1512 4949 nos
1542 4893 1772 4948 ruinam

131 4991 416 5047 minitans
448 4994 767 5044 restaurare
793 4988 981 5056 simul,
1015 4992 1073 5043 et
1116 4988 1368 5060 undique
1398 4986 1473 5042 ad
1498 4988 1770 5042 stabilita-

132 5088 257 5140 tem
287 5083 587 5138 redactum
615 5082 1085 5137 convenientibus
1100 5082 1417 5153 astringere
1431 5079 1775 5152 juramentis

130 5193 541 5252 properamus,
593 5176 906 5232 efﬁcientes
946 5192 1014 5232 ea
1056 5191 1117 5231 re
1159 5182 1222 5229 ut
1263 5176 1586 5231 immortale
1642 5192 1770 5247 per-

131 5275 398 5329 maneat.

208 5366 356 5420 Nam
369 5382 501 5421 cum
521 5362 912 5438 pientissimus
931 5361 1193 5435 princeps
1209 5363 1619 5420 Constantinus
1636 5380 1777 5419 non-

136 5463 342 5533 gentas
367 5459 788 5532 quinquaginta
835 5457 1094 5515 ofﬁcinas
1131 5474 1196 5511 ex
1242 5457 1478 5512 diversis
1517 5457 1778 5528 collegiis

134 5554 311 5624 hujus
342 5554 508 5608 almae
541 5553 695 5608 urbis
724 5556 1101 5608 sacrosanctae
1134 5551 1334 5622 majori
1365 5551 1617 5607 ecclesiae
1644 5567 1776 5607 cum

136 5647 506 5704 immunitate
535 5645 778 5714 dederit,
808 5644 1133 5700 Anastasius
1164 5660 1393 5716 quoque
1433 5645 1569 5700 item
1608 5644 1775 5716 pien-

136 5741 393 5798 tissimus
428 5740 697 5813 princeps
730 5757 849 5796 non
888 5739 1073 5794 solum
1116 5738 1357 5793 ofﬁcinis
1399 5738 1511 5794 illis
1544 5741 1781 5794 centum

140 5835 565 5928 quinquaginta
592 5833 735 5893 alias
753 5830 1104 5910 apposuerit,
1127 5833 1227 5891 sed
1256 5831 1432 5891 etiam
1459 5849 1563 5908 pro
1578 5831 1782 5890 libera-

1872 4607 2183 4662 fundorum
2210 4607 2398 4661 reditu
2428 4609 2707 4679 provenit,
2735 4626 2767 4663 a
2797 4609 2895 4664 Dei
2922 4612 3329 4666 amantissimis
3353 4629 3503 4667 deco-

1872 4700 2060 4755 nomis
2080 4702 2137 4755 in
2160 4702 2579 4771 sepulturarum
2600 4720 2765 4756 usum
2783 4704 3125 4772 conferatur,
3140 4707 3509 4778 quemadmo-

1872 4795 2010 4849 dum
2038 4794 2275 4849 inferius
2294 4794 2351 4848 in
2370 4810 2678 4866 progressu
2699 4797 3341 4869 dicemus,apponentes
3370 4817 3509 4855 non-

1871 4888 2015 4943 nihil
2043 4888 2113 4943 de
2140 4891 2524 4943 trecentarum
2571 4889 2937 4945 ofﬁcinarum
2980 4893 3188 4960 reditu,
3218 4901 3390 4965 prout
3434 4895 3505 4951 de

1873 4982 2025 5037 facto
2058 4982 2115 5037 hi
2144 5000 2176 5035 a
2207 4982 2371 5036 nobis
2418 4998 2621 5053 capere
2669 4983 2972 5053 petierunt.
3004 4990 3079 5040 Ac
3116 4988 3390 5058 quoniam
3440 4989 3510 5045 de

1874 5076 2029 5131 mille
2051 5080 2107 5131 et
2128 5080 2358 5131 centum
2380 5075 2643 5144 ofﬁcinis,
2666 5092 2793 5147 qua:
2817 5077 2874 5132 in
2894 5077 3048 5132 alma
3065 5080 3171 5135 hac
3192 5081 3334 5136 urbe
3356 5089 3507 5152 sunt,

1876 5171 2158 5243 pleraeque
2205 5169 2641 5238 interciderunt,
2672 5170 3033 5241 praecipimus
3060 5172 3121 5226 in
3148 5191 3422 5245 praesens,
3449 5183 3513 5231 ut

1877 5265 1966 5320 hae
2020 5264 2422 5336 suppleantur,
2471 5269 2528 5319 et
2571 5264 2669 5319 Dei
2723 5263 3135 5319 amantissimis
3201 5271 3512 5325 osconomis

1876 5357 2364 5430 pientissimisqne
2392 5373 2531 5428 erga
2559 5359 2735 5412 Deum
2757 5356 3147 5412 defensoribus
3179 5360 3310 5430 (quo
3337 5363 3511 5418 modo

1877 5470 1910 5507 a
1950 5453 2112 5508 nobis
2152 5452 2371 5507 dictum
2420 5454 2520 5521 est)
2569 5452 2727 5506 mille
2773 5455 2830 5506 et
2865 5455 3095 5505 centum
3146 5452 3513 5512 ofﬁcinarum

1880 5564 2155 5602 numerus
2199 5545 2577 5603 indiminutus
2608 5551 2665 5601 et
2693 5544 3111 5618 simplicissime
3143 5545 3354 5601 divisus
3383 5564 3516 5605 eon-

1879 5646 2164 5709 servetur,
2216 5658 2291 5697 ne
2358 5658 2472 5715 quo
2534 5646 2701 5714 pacto
2771 5638 3064 5713 pauciores
3129 5640 3330 5695 decani
3397 5642 3515 5696 sive

1880 5735 2172 5806 copiastaa,
2201 5753 2373 5809 quam
2399 5735 2732 5808 octingenti,
2754 5734 2855 5791 Dei
2881 5733 3286 5791 amantissimis
3313 5733 3516 5791 defen-

1881 5828 2105 5893 soribus
2136 5831 2398 5893 attributi
2436 5830 2566 5888 sint.
2600 5831 2709 5908 Pro
2738 5829 3008 5890 trecentis
3032 5836 3222 5892 autem
3251 5829 3364 5889 illis
3389 5844 3519 5909 qua
