4034 6228
530 322 631 376 995

1663 314 1915 371 S/ECULI
1957 312 2148 370 SEXTI
2189 311 2746 369 SUPPLEME‘NTUM.

3813 312 3910 364 996

528 427 626 483 Dei
664 424 1065 482 amantissimis
1109 424 1242 479 viris
1273 423 1584 479 oeconomis
1627 423 2016 493 assignantur,
2045 422 2158 476 sive
2180 434 2239 506 Α
2261 421 2348 475 his
2377 421 2642 475 omnibus
2667 436 2863 475 curam
2887 419 3251 491 impertiente
3278 419 3617 474 beatissimo
3642 433 3752 489 pro
3770 421 3910 472 tem-

530 521 788 577 ofﬁcinas
816 521 873 575 in
905 519 1236 591 corporibus
1278 516 1569 588 percipere
1606 517 1802 583 velint,
1828 518 1917 571 vel
1962 534 2162 573 omnes

527 619 616 672 vel
646 617 919 688 quasdam
950 632 1014 669 ex
1052 613 1159 681 his,
1195 612 1309 665 sive
1355 611 1503 664 ferre
1544 627 1649 681 per
1696 627 1919 664 causam
1951 611 2032 680 (ut
2060 629 2159 667 vo-

529 712 677 783 cant)
705 716 1099 765 excusatarum
1130 705 1489 760 ofﬁcinarum
1515 704 1606 758 vel
1624 704 1900 769 omnium,
1919 706 2006 759 vel
2029 722 2164 776 qua-

527 806 794 861 rumdam
814 802 1101 874 pecunias,
1125 799 1492 853 insumantur
1513 802 1569 851 et
1595 799 1685 852 ha:
1707 797 1853 852 circa
1874 798 2164 854 defuncto—

527 916 658 953 rum
686 897 997 966 exsequias,
1017 899 1081 949 ut
1102 911 1165 947 ex
1189 893 1275 947 his
1297 892 1554 964 pecuniis
1582 891 1751 945 simul
1777 894 1834 944 et
1853 892 2161 947 fundorum

526 991 893 1063 proventibus
940 987 1260 1042 distributio
1300 989 1400 1041 ﬁat
1442 986 1502 1040 in
1558 986 1826 1051 decanos,
1870 987 2158 1053 ascetrias,

528 1084 852 1149 canonicas,
906 1082 1220 1147 acoluthos,
1273 1084 1331 1133 et
1379 1080 1540 1147 alios,
1594 1083 1764 1150 prout
1812 1079 2047 1134 inferius
2102 1080 2162 1134 in

525 1194 825 1250 progressu
870 1175 1288 1230 constituimus.
1318 1175 1461 1228 Nam
1491 1190 1623 1227 cum
1650 1173 1884 1243 digestis
1912 1173 1970 1227 in
2003 1173 2159 1227 ordi-

527 1289 662 1327 nem
692 1270 1003 1325 rationibus
1033 1269 1134 1323 Dei
1162 1267 1538 1322 amantissimi
1582 1267 1865 1321 oeconomi
1896 1268 2156 1321 ostende-

525 1366 642 1421 rint
670 1364 1013 1436 impossibile
1062 1380 1183 1417 esse
1228 1365 1293 1415 ut
1327 1378 1393 1415 ex
1442 1360 1635 1415 fundis
1663 1360 1734 1414 de
1764 1363 1971 1415 caetero
2006 1360 2159 1415 idem

524 1458 743 1514 reditus
771 1458 1088 1527 colligatur,
1117 1456 1320 1510 merito
1345 1459 1731 1509 trecentarum
1763 1472 1863 1507 nos
1896 1454 2156 1508 ofﬁcina-

523 1570 654 1607 rum
686 1552 1142 1607 additamentum
1172 1550 1306 1603 huic
1337 1548 1483 1620 parti
1513 1548 1897 1615 attribuimus,
1922 1552 1985 1601 ut
2005 1548 2159 1619 quod

524 1647 796 1701 hactenus
839 1645 986 1699 circa
1029 1644 1367 1698 cadaverum
1409 1642 1718 1697 elationem
1763 1641 2159 1697 laborantibus

525 1740 799 1806 dabatur,
851 1738 991 1792 citra
1049 1736 1553 1807 reprehensionem
1611 1735 1881 1806 deinceps
1928 1751 2157 1807 quoque

2264 531 2402 586 pore
2453 514 2881 585 archiepiscopo
2927 514 3098 583 hujus
3146 515 3312 567 alma":
3362 514 3520 567 urbis
3562 516 3620 566 et
3660 512 3909 566 universi

2266 608 2387 679 ejus
2414 611 2627 662 tractus
2656 608 3011 679 patriarchm,
3054 608 3158 660 sub
3192 608 3356 678 cujus
3382 607 3561 661 tutela
3597 608 3657 659 et
3689 605 3906 659 ditione

2265 706 2567 757 censentur
2590 705 2647 757 et
2675 701 2776 756 Dei
2797 701 3173 756 amantissimi
3206 700 3488 755 oeconomi
3516 704 3575 754 et
3607 700 3908 753 universus

2264 796 2468 864 clerus,
2510 800 2565 849 et
2596 798 2751 850 totus
2782 799 3154 850 sacrosanctzr
3196 795 3445 849 ecclesiae
3483 794 3651 848 ordo.
3710 793 3808 847 His
3833 794 3905 846 ita

2263 888 2672 955 evenientibus,
2705 904 2880 942 nemo
2902 888 3136 942 omnino
3165 887 3237 941 ab
3266 888 3443 942 invito
3462 904 3569 958 pro
3593 890 3797 941 curato
3818 886 3909 941 de-

2262 982 2475 1037 mortui
2495 997 2737 1053 corpore
2757 981 3072 1052 quidquam
3099 982 3342 1035 auferat.
3374 981 3484 1035 Sed
3505 984 3567 1033 ut
3591 985 3780 1034 totum
3801 980 3909 1033 dis-

2263 1091 2586 1145 cernamus,
2616 1075 2902 1129 sancimus
2922 1078 2983 1127 ut
3002 1074 3312 1145 unicuique
3334 1075 3572 1140 feretro,
3592 1072 3753 1144 quod
3774 1089 3903 1143 gra-

2262 1169 2333 1223 tis
2362 1169 2710 1236 conceditur,
2742 1184 2920 1223 unam
2948 1167 3179 1221 accedat
3205 1166 3579 1221 ascetriarum
3603 1171 3706 1220 aut
3735 1182 3904 1220 cano-

2262 1262 2519 1317 niearum
2545 1261 2908 1330 asceterium,
2933 1278 3049 1315 non
3068 1260 3257 1315 minus
3284 1264 3412 1314 octo
3439 1260 3787 1314 mulieribus
3818 1260 3906 1314 fe-

2260 1361 2480 1410 retrum
2526 1355 3007 1426 praecedentibus,
3062 1359 3118 1409 et
3172 1353 3568 1425 psallentibus,
3613 1358 3673 1407 et
3722 1352 3907 1407 tribus

2260 1448 2563 1517 acoluthis,
2600 1449 2697 1519 qui
2726 1464 2831 1503 nec
2860 1448 2969 1519 ipsi
2993 1447 3310 1519 quidquam
3354 1446 3656 1516 accipient.
3688 1445 3748 1500 Si
3780 1445 3905 1516 quis

2260 1559 2394 1597 vero
2418 1560 2483 1597 ex
2515 1542 2765 1597 defuncti
2796 1542 3054 1613 cognatis
3082 1547 3138 1597 et
3162 1540 3431 1595 affinibus
3460 1540 3563 1611 qui
3594 1540 3902 1595 elationem

2259 1642 2573 1708 procurant
2602 1636 2736 1691 velit
2774 1654 2875 1691 sua
2907 1641 3137 1707 sponte,
3178 1635 3409 1689 nemine
3439 1639 3710 1705 cogente,
3747 1633 3903 1687 aliud

2258 1731 2497 1802 insuper
2524 1731 2865 1785 asceterium
2886 1731 2975 1785 vel
3005 1746 3207 1795 unum,
3232 1729 3319 1782 vel
3344 1729 3481 1795 duo,
3504 1730 3593 1781 vel
3622 1729 3791 1798 plura
3815 1744 3905 1781 as-

521 1832 867 1904 praebeatur,
882 1848 985 1903 per
1011 1831 1266 1901 singulos
1281 1829 1494 1884 scilicet
1518 1845 1763 1897 menses,
1796 1833 1907 1882 tam
1927 1829 2157 1883 decanis
2176 1823 2233 1895 B
2258 1842 2506 1891 sumere,
2536 1828 2656 1879 esto
2684 1824 2825 1878 illud
2847 1823 3080 1895 quidem
3108 1824 3167 1877 in
3194 1824 3371 1895 ipsius
3396 1822 3647 1893 positum
3680 1821 3909 1875 muniﬁ-

524 1928 583 1979 et
610 1924 885 1980 acoluthis
904 1941 1076 1996 quam
1103 1923 1393 2003 canonicis
1422 1928 1479 1977 et
1506 1922 1775 1989 ascetriis,
1804 1927 1859 1976 et
1884 1922 2028 1989 aliis,
2057 1940 2160 1993 pro

522 2016 935 2073 consuetudine
977 2018 1252 2072 hactenus
1291 2016 1443 2087 apud
1492 2015 1644 2086 ipsos
1687 2016 2000 2071 obtinente.
2048 2018 2159 2071 Hoc

523 2117 609 2167 est
651 2111 883 2166 decanis
937 2110 1173 2182 quidem
1226 2126 1329 2181 per
1370 2109 1623 2180 singulos
1670 2126 1899 2163 menses
1948 2109 2159 2166 solidos

520 2222 686 2273 Lxxn,
725 2204 978 2259 ascetriis
1007 2207 1065 2257 et
1093 2203 1390 2272 acoluthis,
1433 2202 1595 2257 solid.
1630 2218 1738 2269 xm,
1768 2206 1826 2256 et
1870 2204 2158 2257 canonicis

520 2298 683 2354 solid.
716 2315 895 2354 xxxvr.
937 2298 1042 2363 Qui
1072 2298 1306 2368 quidem
1339 2297 1408 2351 ab
1447 2296 1582 2367 ipsis
1610 2297 1711 2351 Dei
1752 2298 2158 2351 amantissimis

521 2392 866 2463 colligantur
908 2391 1240 2455 oeconomis,
1285 2392 1576 2446 solvantur
1606 2408 1737 2445 vero
1772 2408 1874 2462 per
1904 2391 2158 2459 singulos

519 2504 614 2540 sex
644 2504 891 2554 menses,
925 2486 1130 2557 quibus
1164 2490 1217 2539 et
1257 2488 1427 2539 antea
1472 2484 1691 2555 percipi
1718 2490 2152 2539 consueverunt.

520 2580 761 2651 Oportet
782 2583 978 2633 autem
1004 2596 1134 2633 eam
1163 2579 1395 2650 quidem
1421 2596 1546 2632 auri
1572 2583 1817 2649 partem,
1844 2596 1972 2649 quae
1997 2596 2153 2633 asce-

517 2672 639 2726 triis
684 2674 977 2743 competit,
1010 2690 1042 2727 a
1080 2673 1178 2726 Dei
1211 2672 1619 2726 amantissimis
1655 2672 1971 2726 oeconomis
2006 2689 2151 2743 prae-

519 2764 670 2821 dicto
704 2766 951 2821 termino
982 2766 1102 2821 dari
1132 2766 1386 2835 Eugenio
1420 2766 1515 2819 Dei
1543 2765 1932 2819 amantissimo
1963 2766 2151 2820 diaco-

514 2876 611 2927 no,
646 2864 703 2914 et
741 2859 919 2931 ipsius
951 2860 1323 2930 Sampsorum
1354 2859 1635 2928 religiosae
1665 2860 1957 2914 memoria:
1990 2876 2155 2913 xeno-

513 2953 621 3022 nis,
649 2954 1010 3025 aliorumque
1031 2970 1062 3006 a
1089 2953 1254 3007 nobis
1284 2953 1365 3006 illi
1398 2952 1935 3007 commendatorum
1973 2970 2149 3008 xeno-

514 3048 718 3117 docho,
745 3052 801 3101 et
828 3047 927 3120 qui
946 3063 1199 3118 unquam
1226 3047 1411 3118 ipsum
1442 3047 1541 3101 Dei
1563 3047 2027 3101 amantissimum
2050 3048 2150 3101 ho-

511 3159 641 3196 rum
672 3158 966 3196 xenonum
1002 3140 1323 3195 xcnodochi
1365 3140 1611 3195 secuturi
1637 3145 1767 3194 sunt
1798 3157 1810 3194 :
1847 3146 2150 3211 prOpterea

513 3235 668 3305 quod
692 3234 946 3289 ascetrias
974 3251 1101 3305 qua:
1123 3235 1181 3287 in
1211 3235 1361 3288 hunc
1391 3251 1559 3289 usum
1588 3235 1934 3287 adhibentur
1960 3237 2015 3287 et
2042 3235 2147 3289 mi-

512 3328 813 3382 nisterium
838 3332 1131 3399 prmstant,
1163 3327 1266 3381 sub
1294 3326 1706 3397 praedictorum
1731 3329 2153 3384 venerabilium‘

510 3438 799 3475 xenonum
830 3438 931 3492 pro
959 3425 1219 3491 tempore
1247 3421 1594 3475 xenodoehis
1617 3427 1990 3491 censeantur;
2017 3424 2150 3478 alte-

509 3532 637 3571 ram
664 3532 797 3570 vero
824 3515 979 3569 illam
1002 3531 1127 3587 quas
1158 3518 1271 3569 tam
1294 3515 1572 3569 acoluthis
1596 3532 1770 3586 quam
1798 3517 2149 3571 reverendis-

506 3607 663 3665 simis
691 3608 978 3664 canonicis
1012 3610 1286 3680 competit
1315 3627 1326 3664 :
1360 3610 1739 3664 consimiliter
1780 3611 1851 3665 ab
1880 3611 2015 3682 ipsis
2047 3612 2147 3666 Dei

506 3702 920 3757 amantissimis
959 3702 1274 3757 (economis
1308 3703 1425 3757 dari
1474 3704 1559 3757 his
1599 3704 1697 3774 qui
1734 3708 1789 3758 et
1828 3705 1998 3759 modo
2038 3706 2146 3761 illis

504 3797 757 3868 praefecti
790 3800 941 3864 sunt,
973 3799 1030 3850 et
1060 3797 1158 3867 qui
1194 3814 1294 3868 pro
1339 3800 1593 3868 tempore
1636 3814 1890 3869 unquam
1933 3798 1993 3851 in
2036 3799 2145 3854 illis

504 3890 889 3963 principatum
930 3890 1208 3959 obtinent,
1239 3895 1305 3945 ut
1348 3908 1452 3962 per
1480 3891 1631 3962 ipsos
1669 3896 1801 3947 ante
1830 3893 2144 3964 designatis

503 3988 563 4039 et
611 3984 716 4038 sub
770 3984 907 4055 ipsis
970 3984 1197 4038 eensitis
1265 3984 1549 4053 ascetriis,
1610 3990 1668 4039 et
1717 3987 2033 4054 canonicis,
2089 3992 2146 4042 et

500 4075 738 4149 insuper
791 4073 967 4132 etiam
1013 4077 1295 4133 acoluthis
1352 4077 1675 4133 distributio
1730 4080 1848 4134 fiat.
1898 4081 1955 4135 Si
2008 4098 2141 4137 vero

500 4185 732 4227 moram
782 4171 927 4226 circa
973 4171 1256 4243 ejusmodi
1303 4172 1647 4227 solutionem
1694 4173 2000 4230 admittant
2044 4176 2140 4230 Dei

500 4266 883 4325 amantissimi
925 4266 1231 4333 oeconomi,
1272 4265 1442 4337 idque
1483 4266 1698 4319 clarum
1730 4268 1957 4334 existat,
1999 4269 2141 4324 forte

500 4377 596 4417 sex
621 4361 816 4416 alteris
841 4360 965 4431 jam
993 4359 1286 4414 mensibus
1312 4366 1442 4431 post
1471 4359 1630 4430 prius
1656 4365 1926 4416 semestre
1948 4363 2142 4417 decur-

499 4456 787 4521 rentibus,
832 4471 963 4509 cum
1002 4455 1154 4508 nulla
1195 4454 1378 4507 adhuc
1428 4454 1631 4508 solutio
1671 4454 1821 4509 facta
1861 4456 1951 4524 sit,
2004 4462 2139 4513 tunc

2260 1920 2469 1974 centia.
2517 1920 2798 1974 Czeterum
2830 1934 3015 1989 neque
3042 1918 3149 1972 hoc
3176 1917 3696 1971 indeterminatum
3726 1915 3903 1969 relin-

2261 2014 2511 2085 quimus,
2533 2012 2799 2066 eamdem
2818 2011 2911 2066 hic
2926 2028 3158 2084 quoque
3185 2027 3521 2065 mensuram
3542 2011 3601 2063 in
3621 2010 3903 2075 ascetriis,

2259 2106 2549 2162 canonicis
2576 2109 2634 2160 et
2661 2105 2937 2160 acoluthis
2964 2106 3063 2176 qui
3097 2122 3204 2177 per
3252 2105 3719 2161 muniﬁcentiam
3746 2120 3903 2157 assu-

2259 2206 2497 2256 muntur
2535 2217 2656 2254 esse
2686 2200 2940 2254 volentes
2986 2216 3159 2271 quam
3207 2216 3378 2270 supra
3408 2198 3796 2265 deﬁnivimus,
3829 2213 3905 2250 ne

2259 2295 2557 2365 pauciores
2588 2293 2802 2348 scilicet
2827 2310 2997 2365 quam
3025 2298 3152 2348 octo
3186 2294 3439 2348 ascetrize
3485 2293 3575 2346 vel
3608 2292 3904 2346 canonica:

2259 2404 2326 2442 ex
2344 2406 2455 2442 uno
2469 2403 2700 2459 quoque
2713 2387 2991 2443 asceterio
3006 2391 3391 2456 assumantur,
3406 2392 3460 2442 et
3480 2390 3599 2442 tres
3610 2387 3687 2440 ad
3698 2402 3905 2439 unum-

2259 2482 2527 2553 quodque
2573 2482 2917 2536 asceterium
2942 2481 3215 2537 acoluthi.
3256 2483 3474 2536 Dentur
3517 2484 3713 2534 autem
3743 2495 3897 2533 asce-

2259 2575 2379 2629 triis
2408 2577 2521 2630 sive
2552 2575 2841 2631 canonicis
2873 2593 3001 2647 quae
3034 2577 3186 2630 ultra
3226 2575 3282 2629 id
3314 2575 3498 2646 ipsum
3529 2574 3898 2639 asceterium,

2258 2669 2414 2740 quod
2445 2670 2622 2740 gratis
2653 2669 3038 2724 ministerium
3088 2669 3439 2724 funerationi
3468 2668 3713 2739 prmbet,
3747 2686 3899 2722 assu-

2256 2763 2836 2833 munturzsiquidem
2882 2763 3033 2817 intra
3070 2780 3248 2817 novos
3291 2780 3487 2817 muros
3516 2762 3691 2833 hujus
3724 2763 3897 2815 almae

2256 2857 2411 2910 urbis
2436 2857 2609 2911 elatio
2624 2863 2948 2927 peragatur,
2974 2873 3153 2927 usque
3180 2857 3249 2910 ad
3280 2861 3393 2911 tres
3409 2856 3639 2924 solidos,
3660 2856 3801 2910 nihil
3824 2872 3897 2909 ex

2254 2950 2365 3004 hoc
2395 2951 2622 3022 penitus
2646 2951 3035 3005 auferentibus
3059 2951 3358 3020 acoluthis,
3384 2967 3574 3022 neque
3590 2950 3896 3021 partienti-

2253 3043 2359 3097 bus
2387 3044 2493 3099 ista
2521 3061 2650 3098 cum
2680 3044 3162 3099 reverendissimis
3204 3045 3456 3099 ascetriis
3487 3048 3543 3099 et
3578 3044 3895 3098 canonicis.

2252 3138 2360 3192 Sed
2389 3138 2669 3192 acoluthis
2706 3138 2801 3209 qui
2846 3141 2975 3210 post
3020 3144 3131 3193 tres
3177 3139 3299 3192 illos
3339 3138 3512 3209 gratis
3542 3137 3899 3193 funerationi

2252 3231 2642 3286 ministrantes
2660 3236 3047 3299 assumuntur,
3077 3233 3359 3303 siquidem
3392 3238 3508 3286 tres
3538 3233 3635 3286 alii
3661 3232 3780 3286 sint
3799 3232 3897 3286 tri-

2248 3324 2353 3379 bus
2381 3326 2597 3397 siliquis
2622 3327 2938 3393 contentis;
2968 3327 3013 3380 si
3042 3344 3156 3395 sex,
3186 3326 3402 3398 siliquis
3422 3343 3547 3392 sex;
3580 3331 3641 3380 ut
3663 3328 3735 3381 ad
3758 3343 3894 3381 eum

2250 3420 2485 3473 modum
2524 3437 2878 3492 quascunque
2940 3420 3045 3475 hoc
3086 3425 3435 3476 concernunt
3482 3421 3563 3475 ita
3616 3421 3893 3492 deinceps

2250 3519 2522 3584 gerantur
2542 3515 2761 3569 ordine.
2788 3515 2934 3571 Illud
2957 3532 3091 3569 sane
3118 3515 3491 3569 manifestum
3511 3520 3615 3582 est,
3632 3515 3679 3568 si
3706 3517 3895 3586 majus

2247 3607 2609 3663 intervallum
2633 3609 2724 3677 sit,
2743 3614 2799 3663 et
2826 3609 2927 3680 qui
2952 3610 3164 3665 feretro
3193 3610 3515 3665 inserviunt
3539 3609 3746 3664 decani
3766 3611 3893 3681 plu-

2246 3718 2338 3755 res
2368 3702 2499 3771 sint,
2530 3707 2585 3757 et
2605 3704 2770 3774 plura
2794 3704 3087 3771 asceteria,
3115 3705 3267 3775 quod
3290 3710 3529 3776 propter
3547 3705 3721 3775 hujus
3740 3720 3890 3775 pon-

2247 3795 2351 3850 dus
2366 3800 2422 3851 et
2437 3796 2574 3868 ipsis
2588 3798 2883 3868 paululum
2905 3799 3149 3867 dabitur,
3173 3799 3243 3853 ad
3265 3798 3711 3853 similitudinem
3737 3816 3889 3853 asce-

2244 3889 2483 3945 triarum
2515 3908 2642 3961 quae
2673 3892 2825 3946 circa
2844 3893 3267 3949 funerationem
3291 3894 3553 3948 laborem
3577 3892 3884 3948 sustinent.

2244 3984 2316 4038 Ut
2360 3991 2600 4056 propter
2637 3987 2965 4042 distantiam
3016 3992 3073 4042 et
3121 3988 3229 4059 ipsi
3270 3989 3534 4059 capiastee
3579 3988 3890 4042 videantur

2244 4077 2444 4133 exinde
2464 4081 2726 4135 nonnihil
2751 4082 2959 4137 habere
2979 4082 3187 4153 solatii,
3203 4081 3503 4136 videantur
3521 4085 3717 4136 autem
3736 4083 3887 4136 intra

2244 4187 2420 4227 novos
2444 4190 2664 4241 muros,
2699 4181 2756 4229 et
2793 4176 3109 4230 terminum
3147 4175 3560 4231 Justinianeum
3600 4181 3655 4230 et
3699 4177 3880 4241 Ficus,

2243 4267 2717 4338 quandoquidem
2763 4287 2877 4324 non
2918 4271 3090 4341 longe
3133 4270 3366 4337 distant,
3400 4286 3587 4340 neque
3620 4286 3768 4341 opus
3800 4274 3881 4324 est

2241 4360 2499 4431 longiore
2522 4365 2801 4434 tempore,
2824 4364 3111 4435 majoreve
3132 4364 3346 4431 labore,
3370 4367 3429 4417 ut
3446 4364 3539 4418 illo
3569 4366 3879 4434 pervenia-

2239 4454 2351 4504 tur.
2382 4450 2440 4505 Si
2470 4468 2606 4506 vero
2636 4457 2790 4508 extra
2835 4471 3013 4509 novos
3060 4472 3258 4510 muros
3298 4455 3467 4525 hujus
3503 4454 3672 4509 alma:
3702 4455 3877 4523 urbis,

499 4549 784 4622 quidquid
809 4553 940 4620 post
968 4548 1127 4619 prius
1157 4553 1430 4605 semestre
1468 4548 1721 4602 debitum
1756 4550 1944 4617 fuerit,
1978 4552 2082 4605 hoc
2105 4570 2137 4606 a
2156 4580 2216 4652 D
2240 4548 2340 4599 aut
2365 4545 2437 4599 ad
2468 4546 2607 4600 alios
2637 4549 2922 4603 terminos
2946 4566 3117 4619 quam
3158 4549 3372 4603 dictum
3404 4552 3508 4616 est,
3546 4549 3724 4604 elatio
3756 4551 3873 4618 fiat,

499 4644 599 4699 Dei
628 4643 1036 4697 amantissimis
1064 4642 1374 4697 oeconomis
1394 4641 1661 4712 exigatur
1686 4661 1814 4697 cum
1839 4645 2138 4700 trientibus

495 4736 687 4791 usuris
729 4736 1002 4807 legitimae
1045 4736 1392 4805 centesimae,
1433 4736 1853 4807 providentiam
1892 4738 1951 4793 in
1990 4738 2137 4795 hanc

496 4847 621 4887 rem
642 4831 949 4886 collocante
978 4830 1406 4901 religiosissimo
1437 4848 1540 4902 pro
1575 4836 1835 4903 tempore
1865 4834 2137 4905 archiepi-

496 4942 665 4997 scopo
703 4931 760 4980 et
791 4926 1127 4996 patriarchas
1159 4929 1536 4980 sacrosancta:
1578 4924 1635 4980 in
1670 4926 1777 4981 hac
1804 4928 1958 4981 alma
1998 4929 2134 4984 urbe

495 5019 732 5089 majoris
760 5019 1029 5072 ecclesias.
1064 5017 1119 5073 Si
1156 5035 1289 5072 vero
1320 5022 1376 5072 et
1411 5020 1554 5074 alter
1592 5036 1777 5075 annus
1806 5025 2130 5092 praetereat,

497 5118 553 5167 et
583 5130 656 5167 ne
687 5116 811 5166 tum
835 5111 1067 5182 quidem
1096 5111 1311 5183 aliquid
1330 5113 1432 5167 Dei
1457 5114 1830 5169 amantissimi
1850 5116 2135 5170 (economi

496 5207 789 5273 solverint,
841 5205 1200 5259 sanctissimo
1231 5222 1333 5276 pro
1376 5210 1633 5277 tempore
1684 5210 2024 5279 patriarcha}
2064 5210 2130 5263 li-

499 5301 685 5355 centia
712 5300 783 5354 sit
812 5316 927 5354 non
960 5299 1139 5353 solum
1171 5298 1327 5371 quod
1355 5301 1843 5357 reverendissimis
1870 5303 2130 5359 mulieri-

491 5393 597 5449 bus
618 5398 673 5448 et
700 5393 987 5464 praedictis
1005 5392 1239 5447 decanis
1260 5393 1516 5461 debetur,
1542 5413 1573 5448 a
1599 5396 1693 5449 Dei
1722 5398 2133 5452 amantissimis

493 5487 809 5543 meonomis
837 5504 966 5541 cum
1004 5486 1261 5557 prmfatis
1307 5488 1489 5541 usuris
1519 5490 1765 5559 exigere,
1811 5491 1910 5544 sed
1956 5493 2131 5546 etiam

490 5581 648 5653 ipsos
674 5597 878 5650 cogere
912 5584 974 5634 ut
1004 5580 1197 5634 omnia
1218 5598 1345 5652 quae
1366 5581 1640 5652 deputata
1665 5587 1801 5637 sunt
1824 5588 2127 5654 prmstent;

489 5679 544 5729 et
573 5676 619 5729 si
653 5673 1043 5728 sanctissimus
1069 5673 1391 5745 patriarcha
1417 5675 1679 5744 voluerit,
1711 5681 1771 5731 ut
1809 5678 1985 5733 etiam
2017 5680 2126 5734 sol-

490 5766 791 5824 licitudine
821 5766 1136 5823 fundorum
1168 5768 1321 5839 ipsos
1351 5768 1555 5840 ejiciat,
1584 5774 1640 5826 et
1662 5777 1889 5843 repetat
1915 5772 2126 5828 horum

489 5857 931 5930 inspectionem,
955 5860 1443 5931 quemadmodum
1464 5863 1636 5919 modo
1657 5865 1811 5937 apud
1838 5865 1991 5938 ipsos
2013 5874 2124 5924 est:

2237 4642 2373 4694 tunc
2387 4641 2643 4695 ascetrias
2663 4642 2897 4711 quidem
2917 4644 3031 4697 sive
3043 4645 3335 4698 eanonicse
3355 4647 3470 4697 tres
3492 4649 3549 4699 et
3569 4644 3875 4699 dimidium

2238 4733 2483 4788 solidum
2539 4735 2879 4806 percipiant,
2921 4754 3105 4809 neque
3148 4739 3237 4792 hic
3277 4738 3590 4810 quidquam
3636 4741 3875 4793 omnino

2237 4829 2658 4882 communionis
2679 4830 3023 4885 habentibus
3047 4832 3342 4887 acoluthis.
3364 4833 3503 4903 Ipsis
3531 4836 3731 4888 autem
3757 4850 3879 4889 aco-

2236 4923 2409 4977 luthis
2427 4923 2497 4977 ad
2520 4923 2749 4995 singula
2776 4927 3051 4981 asceteria
3070 4930 3370 4999 quaternas
3393 4928 3796 4988 auferentibus
3812 4936 3876 4989 si-

2234 5016 2436 5088 liquas,
2457 5020 2514 5071 et
2539 5023 2823 5089 praeterea
2842 5021 3019 5075 nihil:
3050 5022 3365 5076 secundum
3386 5023 3726 5093 praedictam
3744 5026 3876 5081 divi-

2237 5110 2455 5165 sionem
2485 5114 2757 5168 asceterio
2775 5131 2907 5169 cum
2928 5116 3109 5169 tribus
3132 5116 3410 5170 acoluthis
3434 5118 3718 5174 feretrum
3742 5138 3872 5193 gra‘

2236 5204 2307 5258 tis
2339 5205 2642 5276 praebitum
2672 5214 2969 5278 sequente,
2989 5213 3045 5263 et
3072 5210 3311 5265 omnino
3336 5210 3417 5265 illi
3439 5214 3757 5270 accedente
3773 5234 3875 5288 per

2235 5304 2360 5354 octo
2388 5301 2659 5355 ascetrias
2687 5302 2802 5356 sive
2844 5304 3148 5359 canonicas
3178 5309 3235 5359 et
3258 5309 3373 5359 tres
3406 5306 3487 5375 (ut
3519 5307 3743 5365 dictum
3773 5314 3870 5383 est}

2232 5394 2541 5463 acoluthos,
2560 5396 2703 5451 nihil
2717 5414 2952 5467 prorsus
2972 5401 3318 5470 auferentes,
3340 5405 3437 5454 aut
3454 5419 3560 5472 per
3573 5403 3869 5460 dationem

2233 5505 2531 5543 cereoruin
2576 5491 2889 5560 exigentes,
2918 5497 3016 5547 aut
3042 5494 3145 5547 sub
3172 5495 3283 5549 alio
3313 5496 3643 5551 velamento
3677 5516 3870 5571 quem-

2233 5599 2456 5654 cunque
2488 5585 2801 5639 exactionis
2828 5588 3065 5642 modum
3087 5589 3497 5659 excogitantes.
3519 5591 3653 5646 Haec
3683 5598 3867 5648 autem

2231 5677 2425 5732 omnia
2445 5678 2512 5733 de
2529 5679 2617 5734 his
2639 5684 2863 5735 tantum
2885 5681 3213 5750 deﬁnimus,
3231 5683 3326 5753 qui
3347 5700 3466 5738 non
3483 5701 3592 5756 per
3608 5688 3865 5743 ambitio-

2231 5787 2364 5825 nem
2395 5776 2450 5826 et
2471 5774 2925 5830 muniﬁcentiam
2952 5792 3164 5847 magna
3186 5778 3280 5832 illa
3300 5778 3413 5832 duo
3431 5779 3651 5835 feretra
3670 5781 3729 5837 in
3753 5798 3867 5855 pre-

2229 5865 2508 5923 tiosarum
2534 5885 2730 5926 rerum
2741 5870 3013 5928 thesauro
3031 5872 3579 5946 recondita,nempe
3607 5878 3865 5950 gloriose
