4034 6228
106 284 229 336 99⁸7

1000 282 1369 342 IUSTINIANI
1405 284 1733 342 NOVELLE
1772 283 2104 344 SELEC'UE.
2147 286 2455 344 NOVELLA
2493 289 2640 345 LXV.

3412 293 3514 351 998

101 389 426 444 memoria:
456 389 661 458 Studii,
699 395 753 447 ct
782 392 1099 464 magnifica:
1144 395 1437 450 memoriae
1479 395 1770 467 Stephani,
1797 416 1855 489 Α
1876 396 2111 468 alicujus
2137 397 2490 453 funeratione
2516 396 2700 453 danda
2726 397 2816 453 sit.
2850 396 3010 452 Nulla
3036 398 3185 454 inter
3212 400 3509 456 defuncto-

103 488 453 559 requirunt.
486 489 540 544 Si
572 489 697 560 quis
743 490 896 545 enim
933 491 1027 546 illa
1065 492 1275 547 habere
1315 494 1525 565 cupiat,
1555 498 1618 549 ut
1647 510 1776 565 quae

106 584 175 635 et
195 583 402 637 multis
414 583 744 638 horninibus
757 584 1135 655 indigeant,et
1148 587 1422 657 majorem
1439 588 1772 653 custodiam,

104 679 295 746 atque
324 676 385 730 in
415 693 638 731 summa
661 678 890 749 plenam
918 680 1135 751 negotii
1164 680 1601 736 asservationem
1636 681 1777 735 desi-

105 767 350 838 derant,
397 770 506 825 hoc
554 770 837 841 praedictis
886 788 1002 827 non
1042 774 1448 842 connectimus,
1477 774 1574 828 sed
1614 775 1776 845 quasi

104 861 217 931 qui
264 862 624 918 ambitiosius
653 869 911 919 mortuos
939 882 1066 920 suos
1090 865 1282 921 efferri
1311 866 1571 937 gestiant,
1605 867 1770 937 quid-

103 953 261 1024 quid
288 973 397 1026 pro
421 956 619 1012 labore
650 974 707 1012 se
734 959 985 1028 dccanis,
1008 964 1107 1013 aut
1127 959 1610 1014 reverendissimis
1628 976 1774 1014 asce-

100 1048 243 1116 tris,
276 1055 379 1103 aut
405 1050 690 1106 canonicis
733 1052 962 1107 daturos
999 1052 1511 1125 compromiserint,
1552 1057 1775 1108 tantum

100 1145 169 1195 et
190 1148 492 1213 praestent,
523 1150 588 1199 ut
616 1149 808 1199 tamen
838 1146 907 1199 ad
950 1145 1136 1217 ipsum
1184 1146 1243 1200 in
1287 1146 1506 1200 duobus
1550 1147 1772 1201 feretris

104 1233 333 1290 Studiii
360 1242 415 1291 et
437 1237 708 1308 Slephani
731 1239 1031 1294 duodecim
1057 1239 1364 1294 solidorum
1396 1240 1772 1311 quantitatem

102 1329 400 1384 excedere
427 1336 689 1403 nequeat.
710 1333 819 1387 Pro
836 1349 901 1387 eo
920 1349 1052 1388 vero
1069 1333 1219 1404 quod
1233 1350 1371 1388 auro
1400 1334 1769 1389 intertextum

104 1428 222 1491 est,
257 1423 416 1494 quod
460 1424 520 1478 in
559 1429 913 1480 sacrosancta
942 1428 1155 1498 majore
1195 1428 1429 1482 ecclesia
1455 1428 1767 1498 reponitur,

104 1515 157 1569 si
188 1516 432 1587 quidem
459 1535 574 1573 uno
600 1520 720 1574 solo
766 1520 824 1574 in
854 1520 975 1591 ejus
1016 1522 1200 1574 locum
1232 1522 1312 1591 (ut
1338 1521 1634 1592 probabile
1667 1522 1767 1589 est)

102 1611 474 1681 apparando,
521 1620 768 1684 quatuor
830 1613 1054 1683 solidis;
1105 1614 1355 1668 ascetriis
1397 1618 1609 1683 autem,
1656 1614 1769 1668 sive

103 1703 428 1773 canonicis,
477 1705 590 1760 sive
635 1706 928 1774 acoluthis,
959 1707 1131 1778 duplo
1170 1708 1386 1779 majora
1425 1724 1598 1779 quam
1639 1713 1769 1762 ante

1880 507 2007 545 rum
2035 507 2302 562 personas
2344 491 2702 546 distinctione
2741 492 3189 561 introducenda;
3219 494 3333 550 sive
3365 495 3510 551 divi-

1876 584 1968 639 tiis
1995 587 2254 651 affluant,
2286 587 2400 641 sive
2430 591 2765 657 premantur
2788 586 2998 657 inopia,
3029 588 3134 642 nisi
3157 588 3302 643 forte
3325 589 3405 658 (ut
3432 591 3516 645 di-

1876 682 2080 753 ximus)
2104 696 2281 735 unam
2307 696 2375 733 ex
2406 680 2587 734 tribus
2613 680 2724 733 illis
2748 680 2971 735 feretris
2997 681 3259 752 diligant,
3282 682 3341 736 in
3379 685 3507 755 qui-

1873 776 1979 830 bus
2025 780 2082 830 et
2121 774 2228 846 ipsi
2257 773 2645 827 convenientia
2694 773 3093 843 disposuimus.
3132 776 3510 848 Volumusque

1873 870 1967 924 illa
1995 875 2050 924 et
2076 869 2146 922 ad
2172 867 2324 921 hunc
2351 866 2604 921 obtinere
2633 867 2890 937 modum,
2920 872 2977 921 et
3012 868 3223 939 absque
3253 871 3508 940 praeﬁni-

1871 963 2025 1017 tione
2053 961 2324 1032 temporis
2350 961 2585 1015 immota
2614 975 2846 1014 manere
2872 965 2929 1015 et
2956 964 3187 1016 aeterna.
3215 965 3398 1033 Atque
3424 982 3510 1018 sa-

1873 1073 1968 1111 cra
2018 1057 2121 1110 hac
2177 1053 2525 1126 pragmatica
2585 1053 2709 1124 lege
2762 1054 2824 1107 in
2871 1058 3213 1124 perpetuum
3266 1058 3507 1126 valente,

1872 1148 2148 1220 quamdiu
2175 1146 2436 1201 homines
2461 1151 2613 1212 sunt,
2636 1162 2925 1217 quamque
2951 1147 3049 1201 diu
3074 1164 3347 1219 magnum
3370 1149 3509 1204 illud

1871 1245 1929 1296 et
1976 1242 2143 1312 longe
2168 1239 2600 1295 celeberrimum
2629 1238 3075 1295 Christianorum
3114 1258 3326 1297 nomen
3362 1242 3511 1299 inter

1870 1334 2131 1390 homines
2156 1333 2482 1397 habebitur,
2511 1332 2761 1403 quotidie
2783 1333 2958 1387 etiam
2989 1334 3207 1389 domini
3239 1337 3337 1390 Dei
3356 1336 3509 1392 beni-

1873 1429 2087 1500 gnitate
2113 1422 2532 1482 incrementum
2557 1426 2817 1497 accipiat.
2842 1427 2977 1481 Huic
3002 1427 3256 1483 videlicet
3277 1432 3508 1501 negotio

1868 1539 1988 1594 pra:
2028 1520 2244 1577 caeteris
2289 1520 2553 1575 omnibus
2578 1520 2700 1590 ipso
2728 1520 3148 1591 religiosissimo
3188 1524 3507 1592 patriarcha

1870 1616 2040 1686 hujus
2062 1615 2227 1668 almae
2256 1613 2413 1668 urbis
2437 1612 2838 1684 prospiciente,
2870 1630 2942 1667 ne
2974 1614 3077 1668 hac
3103 1631 3269 1670 causa
3293 1633 3396 1687 pro
3418 1635 3502 1671 sa-

1870 1706 2135 1763 cerdotali
2163 1710 2436 1779 potestate
2480 1722 2618 1760 usus
2654 1706 2992 1775 committat,
3024 1710 3091 1761 ut
3131 1708 3201 1762 ab
3232 1709 3347 1763 ulla
3375 1727 3506 1780 per-

104 1796 185 1851 de
239 1797 313 1852 iis
359 1798 774 1870 praefinivimus
822 1800 1136 1855 ferentibus
1167 1818 1180 1855 :
1213 1807 1273 1855 ut
1299 1801 1562 1857 videlicet
1585 1799 2008 1873 ipsumBsona
2047 1802 2135 1856 vel
2182 1799 2534 1869 sacerdotali,
2581 1800 2669 1853 vel
2718 1799 3055 1871 magistratu
3102 1801 3381 1869 decorata,
3419 1804 3505 1859 vel

102 1906 350 1964 quoque
418 1894 809 1967 ascetriarun;
830 1910 928 1949 seu
962 1895 1370 1951 canonicamm
1407 1896 1764 1965 asceterium,

104 1986 273 2056 quod
308 1987 483 2058 gratis
502 1992 705 2044 caetera
734 1989 945 2044 feretra
969 1988 1266 2060 praecedit,
1296 1989 1557 2045 eamdem
1583 2005 1764 2061 quan-

103 2078 348 2134 titatem
376 2081 651 2153 percipiat
677 2099 851 2154 quam
887 2087 943 2138 et
984 2083 1203 2155 reliqua
1233 2084 1523 2139 asceteria.
1554 2084 1764 2138 Eodem

102 2170 242 2240 hoc,
273 2174 427 2244 quod
476 2176 868 2246 praediximus,
914 2181 969 2231 et
1012 2175 1069 2230 in
1092 2176 1366 2231 acoluthis
1393 2177 1760 2245 observando,

101 2271 177 2320 ut
202 2271 263 2321 et
288 2267 350 2320 hi
384 2267 621 2339 duplum
648 2286 845 2324 eorum
870 2286 1001 2341 quae
1021 2271 1145 2342 jam
1175 2287 1208 2324 a
1234 2270 1397 2325 nobis
1440 2271 1762 2326 constitutae

103 2365 248 2414 sunt
267 2361 534 2416 auferant
556 2381 570 2417 ε
595 2362 869 2417 nimirum
883 2363 925 2416 si
954 2363 1011 2418 id
1037 2365 1095 2418 in
1112 2381 1224 2435 quo
1242 2365 1521 2419 funeratio
1541 2365 1766 2435 peragi-

101 2458 226 2523 tur,
263 2471 452 2509 unum
482 2456 551 2510 de
578 2456 758 2511 tribus
784 2456 891 2511 illis
918 2457 1141 2512 feretris
1162 2458 1253 2523 sit,
1282 2459 1387 2512 hoc
1415 2458 1625 2513 scilicet
1662 2475 1759 2512 vo-

102 2547 266 2601 lente
292 2564 362 2603 eo
380 2549 471 2602 cui
492 2549 864 2605 funerationis
886 2567 1019 2605 cura
1042 2551 1342 2606 incumbit.
1364 2551 1761 2607 Necessitatem

102 2641 329 2695 scilicet
382 2644 775 2697 tantummodo
825 2644 1167 2700 habentibus
1215 2645 1314 2699 Dei
1357 2645 1763 2700 amantissimis

104 2735 529 2801 defensoribus,
562 2741 621 2791 ut
661 2738 1003 2793 decanorum
1041 2754 1276 2810 corpora
1321 2755 1389 2793 ex
1421 2738 1761 2810 octingentis

104 2827 223 2881 illis
254 2829 519 2899 officinis,
542 2847 681 2902 quas
709 2831 842 2902 ipsis
868 2832 1299 2902 assignavimus,
1324 2837 1379 2886 et
1397 2832 1535 2886 item
1555 2832 1761 2887 feretra

106 2922 445 2992 exhibeant,
472 2940 588 2977 non
615 2929 805 2978 autem
839 2929 899 2978 ut
924 2930 1219 2995 sumptum
1253 2925 1501 2997 aliquem
1530 2925 1755 2997 impen-

107 3014 273 3070 dant.
307 3016 406 3070 Dei
433 3033 566 3071 vero
604 3018 1012 3072 amantissimis
1048 3020 1352 3073 mconomis
1391 3019 1676 3091 cogendis,
1697 3024 1762 3074 ut

103 3112 233 3162 tam
266 3125 339 3163 ex
372 3109 555 3164 reditu
581 3129 613 3165 a
640 3112 1016 3167 sacratissimo
1042 3113 1300 3185 principe
1343 3113 1637 3167 Anastasio
1667 3130 1756 3167 rc-

103 3200 265 3272 licto,
300 3219 475 3273 quam
505 3220 575 3258 ex
602 3205 865 3260 trecentis
898 3205 1137 3281 officinis
1168 3208 1228 3261 in
1249 3206 1542 3278 praedictas
1567 3224 1759 3278 persoo

104 3311 232 3365 nas,
264 3296 583 3351 secundum
599 3315 630 3351 a
647 3298 808 3353 nobis
824 3299 882 3353 in
895 3300 1159 3355 omnibus
1185 3301 1550 3356 constitutam
1576 3300 1759 3355 distri-

104 3389 432 3461 butionem,
452 3408 648 3446 omnes
667 3393 932 3465 praefatas
954 3393 1236 3466 impensas
1261 3395 1488 3449 faciant.
1514 3397 1591 3449 Ita
1613 3394 1757 3449 nihil

102 3483 625 3540 indeterminatum
652 3486 780 3555 erit,
808 3486 903 3541 sed
933 3492 988 3541 et
1012 3488 1110 3559 qui
1138 3488 1544 3543 moderatiores
1573 3489 1757 3561 sepul-

101 3582 267 3632 turas
298 3578 422 3632 fieri
450 3579 667 3647 volunt,
696 3596 766 3634 ex
814 3581 917 3635 hac
961 3581 1328 3659 dispositione
1368 3582 1619 3637 fructum
1658 3600 1752 3637 ca-

101 3672 273 3742 pient
295 3688 313 3740 ;
342 3676 398 3725 et
422 3671 522 3743 qui
548 3672 618 3727 ad
637 3672 1477 3745 ambitionemrespiciunt,non
1502 3694 1605 3748 per
1623 3677 1754 3731 inde

107 3764 345 3836 magnis
370 3764 725 3820 involventur
744 3767 1071 3838 dispendiis,
1092 3769 1188 3822 sed
1214 3767 1363 3823 intra
1389 3774 1606 3824 certum
1635 3787 1756 3825 mo-

104 3857 250 3911 dum
279 3857 537 3913 muniﬁci
578 3864 765 3914 erunt.
798 3861 924 3915 Haec
949 3877 1053 3916 nos
1080 3860 1256 3933 igitur
1280 3867 1397 3916 tam
1422 3863 1492 3918 de
1519 3862 1755 3919 ofﬁcinis

105 3968 291 4023 quam
318 3951 618 4020 reditibus,
649 3957 707 4007 et
726 3953 993 4009 funerum
1023 3954 1382 4023 elationibus,
1413 3956 1528 4013 sive
1557 3959 1750 4029 gratis,

105 4046 225 4102 sive
256 4062 392 4100 cum
405 4046 653 4118 quadam
663 4047 970 4104 ambitione
993 4055 1359 4121 peragantur,
1374 4050 1753 4107 deﬁnivimus.

104 4139 180 4194 Ut
204 4144 404 4194 autem
421 4140 780 4195 ofﬁcinarum
798 4158 1072 4197 numerus
1089 4144 1245 4197 nullo
1266 4161 1520 4216 unquam
1540 4150 1756 4216 tempo-

105 4250 167 4287 re
195 4233 647 4289 diminutionem
676 4235 944 4306 patiatur,
984 4238 1241 4292 custodes
1275 4238 1395 4309 ejus
1436 4240 1516 4293 rei
1542 4240 1752 4293 consti-

102 4327 254 4380 tuim
265 4344 350 4396 us,
368 4344 483 4381 non
507 4331 728 4383 tantum
747 4330 1215 4400 gloriosissimum
1232 4331 1327 4402 huj
1338 4332 1581 4400 usalmze
1598 4333 1754 4387 urbis

102 4422 467 4492 przefectum,
517 4426 569 4475 et
623 4422 1118 4495 obtemperantem
1170 4423 1249 4478 illi
1297 4425 1607 4494 cohortem,
1658 4426 1753 4480 sed

1866 1911 2225 1968 quacunque,
2254 1895 2313 1949 in
2340 1897 2534 1949 nostra
2562 1893 2926 1964 delinquatur
2951 1894 3275 1950 constituta.
3306 1897 3413 1951 Sed
3450 1903 3507 1952 et

1866 1995 1929 2044 ut
1956 1990 2077 2060 ipsa
2104 1988 2369 2059 majestas
2396 1987 2763 2059 imperatoria
2790 1987 2848 2041 in
2888 1990 3004 2042 tam
3043 1988 3293 2060 amplam
3325 1988 3508 2061 digni-

1863 2083 1993 2138 tatis
2018 2088 2075 2137 et
2120 2081 2350 2136 honoris
2390 2081 2583 2136 sedem
2633 2081 2913 2136 conversis
2954 2083 3150 2149 oculis,
3181 2083 3504 2156 quicunque

1862 2176 2093 2231 tandem
2131 2174 2361 2247 imperii
2387 2179 2609 2245 sceptra
2656 2174 2892 2244 tenebit,
2923 2175 3054 2229 huic
3083 2176 3166 2230 rei
3193 2177 3501 2249 provideat,

1863 2269 2237 2325 decernimus.
2268 2269 2459 2339 Neque
2488 2265 2642 2321 enim
2663 2284 2765 2338 pro
2787 2268 3063 2323 defunctis
3087 2273 3305 2324 tantum
3330 2270 3503 2338 istud,

1863 2363 1961 2418 sed
1988 2363 2156 2417 etiam
2185 2379 2287 2434 pro
2315 2360 2646 2427 viventium,
2675 2361 2927 2432 adeoque
2948 2362 3394 2433 imperitantium
3422 2382 3504 2419 sa-

1861 2457 1977 2511 lute
2007 2462 2110 2525 est,
2143 2459 2206 2510 ut
2233 2455 2565 2510 omnimodo
2598 2454 2707 2525 pias
2737 2455 2984 2510 actiones
3014 2457 3085 2511 ad
3115 2457 3377 2513 effectum
3398 2460 3496 2514 de-

1861 2551 2161 2619 ducantur,
2181 2565 2366 2621 neque
2386 2549 2654 2621 praeclara
2676 2548 2964 2619 majorum
2990 2550 3251 2606 instituta
3278 2569 3380 2623 per
3407 2570 3507 2609 ne-

1863 2643 2197 2716 gligentiam
2239 2646 2601 2715 posterorum
2652 2642 2979 2712 depereant.
3006 2645 3501 2707 Quemadmodum

1859 2743 2051 2793 autem
2079 2743 2308 2793 centum
2349 2736 2472 2791 illas
2499 2740 2553 2790 et
2580 2734 2734 2789 mille
2765 2734 3019 2790 officinas
3048 2738 3419 2794 indiminutas
3448 2748 3502 2796 et

1860 2832 2146 2887 immunes
2180 2830 2446 2886 custodiri
2476 2829 2876 2901 disposuimus,
2908 2829 2984 2883 ita
3031 2847 3228 2885 omnes
3255 2834 3499 2905 reliquas

1862 2926 2113 2980 ofﬁcinas
2154 2924 2458 2997 praestandi
2486 2923 2849 2995 vectigalibus
2876 2923 3156 2978 sancimus
3181 2942 3298 2980 esse
3322 2927 3495 2982 obno-

1861 3018 1979 3073 xias
2008 3036 2021 3073 :
2052 3018 2281 3073 nemine
2309 3018 2548 3073 omnino
2575 3016 2867 3071 licentiam
2900 3016 3142 3072 habente
3172 3024 3234 3073 ut
3258 3035 3351 3074 eas
3375 3021 3494 3076 exi‘

1860 3117 1997 3181 mat,
2027 3112 2141 3167 sive
2178 3113 2249 3167 ad
2293 3128 2480 3166 sacras
2519 3111 2685 3177 aedes,
2718 3110 2832 3165 sive
2875 3112 2944 3164 ad
2988 3128 3254 3182 xenonas,
3284 3114 3398 3169 sive
3426 3113 3495 3170 ad

1861 3206 2152 3271 asceteria,
2197 3206 2309 3259 sive
2339 3204 2701 3273 monasteria,
2736 3202 2850 3258 sive
2897 3205 3277 3277 quodcunque
3320 3208 3492 3276 aliud,

1858 3300 1953 3354 sed
1982 3314 2166 3371 neque
2194 3300 2240 3353 si
2267 3299 2336 3353 ad
2368 3298 2557 3370 regias
2588 3302 2812 3352 nostras
2833 3298 3060 3370 domus,
3092 3301 3180 3355 vel
3203 3301 3499 3372 magistra-

1858 3397 1940 3461 tu,
1970 3397 2068 3447 aut
2092 3393 2344 3464 potentia
2374 3392 2642 3463 praeditos
2680 3392 3007 3463 pertineant
3029 3394 3188 3467 ;-sed
3225 3411 3294 3449 ex
3331 3412 3495 3468 aequo

1858 3486 2124 3539 omnibus
2166 3485 2402 3539 officinis
2446 3484 2809 3552 vectigalium
2865 3487 3284 3555 praestationem
3325 3506 3497 3559 agno-

1857 3579 2162 3649 scentibus,
2190 3595 2263 3634 ne
2290 3579 2337 3633 si
2363 3578 2637 3649 paulatim
2672 3578 3058 3649 unusquisque
3089 3588 3407 3651 excusetur,
3439 3590 3494 3638 et

1856 3673 2093 3745 quisque
2129 3690 2233 3727 sua
2280 3672 2508 3740 relevet,
2555 3670 2748 3742 paucis
2782 3672 3138 3742 quibusdam,
3181 3674 3280 3744 qui
3327 3676 3493 3732 relin‘

1855 3771 2121 3838 quantur,
2170 3770 2351 3821 totum
2392 3764 2821 3836 praestationum
2865 3782 3006 3819 onus
3046 3765 3390 3837 imponatur,
3433 3776 3493 3826 et

1855 3877 2135 3932 magnum
2187 3858 2391 3914 exinde
2443 3857 2805 3930 dispendium
2855 3859 3170 3915 sustineant
3203 3861 3262 3915 hi
3300 3862 3400 3934 qui
3432 3864 3490 3919 id

1857 3955 2007 4010 ferre
2035 3957 2341 4025 nequeant.

1924 4047 2266 4119 Quae-igitur
2297 4062 2399 4118 per
2427 4049 2770 4117 praesentem
2821 4062 3036 4102 sacram
3071 4049 3485 4121 pragmaticam

1853 4142 2096 4197 formam
2149 4140 2315 4196 nobis
2366 4140 2721 4212 placuerunt,
2773 4156 2835 4195 ea
2885 4145 3003 4196 tam
3038 4143 3368 4198 excellentia
3392 4150 3488 4200 tua

1854 4252 2025 4306 quam
2058 4236 2155 4307 qui
2186 4238 2312 4307 post
2347 4240 2399 4288 te
2430 4233 2697 4288 eumdem
2723 4235 3120 4306 magistratum
3172 4238 3489 4310 suscepturi

1854 4334 2007 4395 sunt,
2037 4334 2091 4383 et
2116 4330 2520 4401 obtemperans
2546 4326 2646 4382 tibi
2679 4330 2880 4383 cohors
2908 4331 3242 4385 custodiant.
3271 4333 3389 4387 Dat.
3423 4334 3489 4387 lll

1853 4423 1985 4476 Nov.
2017 4426 2288 4479 Constant
2314 4423 2453 4494 imp.
2493 4423 2549 4478 d.
2592 4439 2651 4475 n.
2679 4422 2882 4478 Justin.
2916 4424 3019 4479 PP.
3048 4428 3193 4495 Aug.
3227 4440 3360 4480 ann.
3398 4429 3483 4495 ll,

103 4516 285 4569 etiam
313 4515 494 4569 multo
506 4515 688 4587 magis
704 4516 1092 4571 excellentiam
1113 4520 1291 4585 tuam,
1307 4523 1363 4573 et
1381 4520 1749 4591 quiunquam
1772 4546 1831 4618 D
1851 4519 1982 4589 post
2010 4516 2162 4570 Bilis.
2192 4534 2247 4572 v.
2280 4534 2329 4571 c.
2353 4532 2505 4572 cons.
2538 4533 2688 4571 anno
2715 4519 2771 4572 2.

103 4608 214 4662 hoc
243 4607 540 4678 dignitatis
565 4609 876 4681 fastigium,
907 4610 996 4665 cui
1021 4615 1084 4665 tu
1123 4612 1294 4667 modo
1320 4630 1521 4684 prases,
1550 4618 1751 4669 tenue-

101 4702 245 4755 rint.
280 4703 349 4755 Et
393 4701 626 4773 insuper
672 4718 899 4774 poenam
937 4705 1155 4760 cohorti
1186 4710 1299 4760 tuae
1342 4707 1755 4779 quinquaginta

101 4795 299 4867 pondo
334 4795 458 4849 auri
497 4796 834 4868 irrogamus,
867 4798 911 4851 si
940 4799 1321 4871 negligentius
1359 4801 1541 4873 egerit
1569 4818 1581 4855 :
1616 4801 1752 4856 item

102 4888 398 4961 duplicem
429 4893 622 4944 contra
653 4907 749 4945 eos
777 4892 875 4962 qui
902 4909 1156 4964 unquam
1184 4894 1452 4949 thronum
1475 4897 1640 4949 tuum
1665 4913 1753 4949 su-

103 4982 360 5055 scepturi
387 4988 536 5054 sunt,
567 5000 681 5055 quo
710 4985 902 5038 minus
922 4987 1283 5043 committant
1308 4995 1371 5044 ut
1391 4989 1700 5043 secundum
1720 5006 1750 5043 a

99 5076 270 5132 nobis
298 5076 505 5131 dictam
536 5078 867 5133 divisionem
894 5080 1046 5135 mille
1068 5084 1125 5136 et
1151 5088 1377 5137 centum
1399 5084 1749 5137 officinarum

99 5187 387 5226 numerus
416 5171 654 5227 deﬁciat.
690 5172 796 5228 Sed
837 5173 883 5227 si
926 5175 1036 5230 hoc
1088 5174 1376 5245 doceatur,
1400 5183 1464 5232 ut
1494 5177 1579 5231 vel
1609 5177 1747 5248 ipse,

100 5266 190 5320 vel
218 5281 569 5321 successores
592 5267 694 5334 tui,
723 5267 782 5321 in
810 5268 954 5323 hanc
980 5285 1104 5323 rem
1131 5270 1544 5341 providentiam
1565 5272 1751 5325 confe-

99 5359 264 5425 ratis,
282 5360 716 5431 procuretis‘que
744 5366 805 5416 ut
818 5379 918 5433 per
932 5362 1119 5417 omnia
1147 5362 1192 5416 is
1210 5362 1329 5417 sine
1346 5364 1745 5433 diminutione,

99 5453 225 5507 sine
254 5468 450 5521 onere,
471 5454 592 5510 sine
623 5455 1040 5511 machinatione
1065 5456 1272 5528 aliqua,
1294 5462 1417 5511 tum
1445 5474 1546 5527 per
1572 5456 1749 5511 excel-

100 5547 345 5602 lentiam
368 5554 548 5616 tuam,
578 5554 697 5603 tum
727 5566 830 5620 per
848 5550 1106 5621 quamvis
1123 5550 1290 5604 aliam
1305 5568 1604 5621 personam
1626 5567 1749 5621 per-

100 5646 371 5696 maneat:
403 5658 475 5696 ne
497 5641 702 5697 exinde
726 5659 871 5697 nova
891 5643 1179 5698 oboriatur
1196 5645 1435 5714 occasio,
1461 5647 1525 5698 ut
1541 5649 1750 5715 praeter

102 5734 501 5793 definitionem
548 5740 800 5792 nostram
843 5737 1032 5793 denuo
1071 5754 1288 5795 merces
1345 5754 1451 5812 pro
1492 5753 1748 5811 personae

2425 4668 2739 4726 NOVELLA
2768 4670 2914 4727 LXV.

2067 4767 2140 4818 De
2168 4764 2251 4818 his
2280 4779 2399 4832 quae
2422 4765 2614 4820 relicta
2643 4770 2772 4821 sunt
2801 4767 3033 4822 ecclesiae
3058 4767 3267 4836 Mysiae.

1923 4892 2142 4949 Scimus
2168 4897 2334 4947 antea
2358 4893 2565 4964 legem,
2597 4899 2701 4949 etc.
2748 4897 2958 4952 Relicta
3012 4898 3256 4952 ecclesiae
3300 4898 3488 4972 Mysiae

1852 4987 1922 5042 ad
1968 4986 2415 5058 redemptionem
2462 4987 2815 5057 captivorum
2868 4997 2925 5045 et
2974 5009 3288 5064 pauperum
3350 4996 3484 5050 sub-

1853 5081 2250 5137 stentationeni
2310 5080 2650 5148 venduntor,
2703 5082 2749 5135 si
2794 5084 3019 5155 longius
3058 5088 3127 5141 ab
3173 5104 3238 5142 eo
3280 5088 3399 5143 loco
3425 5090 3485 5144 in

1851 5176 2068 5231 aedibus
2115 5180 2215 5229 aut
2262 5175 2441 5229 vineis
2486 5174 2799 5229 consistant
2849 5193 2862 5229 :
2913 5182 2978 5231 ut
3028 5185 3219 5236 tamen
3270 5183 3368 5254 qui
3422 5200 3487 5238 ea

1850 5270 2101 5341 reliquit,
2152 5286 2219 5323 ex
2274 5267 2598 5323 venditione
2642 5269 2965 5323 relictorum
3005 5270 3242 5340 jusserit
3286 5293 3487 5348 eroga-

1847 5364 2065 5419 tionem
2094 5363 2233 5417 ﬁeri.
2272 5364 2318 5416 Is
2345 5363 2444 5435 qui
2488 5362 2543 5416 in
2582 5362 2714 5433 jure
2744 5363 3081 5432 postulatur,
3128 5368 3174 5420 si
3204 5385 3262 5422 se
3285 5369 3485 5425 absen-

1848 5462 1947 5526 tet,
1979 5457 2404 5525 condemnator,
2438 5456 2698 5510 videlicet
2723 5455 2929 5509 malam
2961 5472 3081 5511 rem
3108 5475 3302 5530 agens,
3331 5464 3486 5534 quod

1849 5556 2155 5606 contestata
2194 5551 2289 5605 lite
2328 5554 2385 5603 et
2412 5548 2664 5619 legitime
2707 5551 2954 5616 vocatus,
2986 5566 3102 5605 non
3125 5552 3485 5624 obtempera-

1848 5644 2011 5700 verit.
2037 5642 2164 5711 PP.,
2194 5660 2388 5698 mense
2417 5642 2618 5714 Aprili,
2648 5657 2799 5696 anno
2830 5641 3055 5715 imperii
3099 5644 3154 5701 d.
3186 5646 3486 5705 Justiniani

1850 5740 1936 5807 t2,
1966 5740 2181 5794 Joanne
2207 5754 2261 5795 v.
2295 5755 2346 5794 c.
2384 5752 2497 5795 cos.
