4034 6228
549 325 651 379 995

1681 323 1933 379 SECULI
1975 322 2165 379 SEXTI
2206 322 2764 382 SUPPLEMENTUM.

3823 329 3945 381 99¢}

546 431 647 486 Dei
682 430 1084 486 amantissimis
1127 430 1260 485 viris
1291 430 1602 485 aeconomis
1644 431 2033 502 assignantur,
2062 431 2175 487 sive
2196 443 2257 517 Α
2278 432 2365 486 his
2395 433 2660 487 omnibus
2684 449 2880 487 curam
2905 433 3270 505 impertiente
3296 434 3635 489 beatissimo
3659 450 3765 505 pro
3782 439 3942 489 tern-

548 525 806 580 officinas
834 525 892 580 in
923 525 1254 596 corporibus
1298 523 1587 595 percipere
1622 525 1819 592 velint,
1844 527 1934 580 vel
1979 543 2179 583 omnes

544 622 634 675 vel
663 621 937 692 quasdam
967 638 1033 674 ex
1070 619 1177 687 his,
1213 618 1327 671 sive
1372 618 1521 671 ferre
1562 635 1666 688 per
1712 636 1935 673 causam
1968 620 2049 690 (ut
2077 639 2176 677 vo-

546 716 693 786 cant)
722 720 1117 769 excusatarum
1147 711 1505 766 ofﬁcinarum
1532 712 1623 766 vel
1640 713 1916 780 omnium,
1936 715 2022 768 vel
2046 733 2181 787 qua-

543 810 810 864 rumdam
830 807 1118 879 pecunias,
1142 805 1509 860 insumantur
1529 809 1586 859 et
1613 807 1701 860 has
1723 806 1870 861 circa
1889 808 2180 865 defuncto-

543 919 674 957 rum
701 901 1014 971 exsequias,
1034 905 1098 954 ut
1119 917 1183 953 ex
1206 900 1292 953 his
1314 899 1570 970 pecuniis
1598 898 1766 953 simul
1793 903 1850 953 et
1868 902 2177 957 fundorum

540 995 908 1067 proventibus
956 993 1276 1048 distributio
1316 995 1416 1048 ﬁat
1459 994 1517 1047 in
1575 994 1842 1061 decanos,
1886 996 2173 1064 ascetrias,

543 1088 867 1155 canonicas,
921 1088 1236 1155 acoluthos,
1289 1091 1347 1141 et
1394 1087 1555 1155 alios,
1609 1091 1779 1158 prout
1826 1089 2062 1144 inferius
2116 1091 2176 1145 in

540 1198 842 1254 progressu
885 1181 1303 1236 constituimus.
1334 1182 1477 1235 Nam
1506 1198 1637 1236 cum
1664 1181 1899 1252 digestis
1926 1183 1984 1236 in
2018 1183 2173 1238 ordi-

542 1293 677 1330 nem
706 1275 1019 1329 rationibus
1049 1275 1150 1329 Dei
1178 1275 1553 1329 amantissimi
1596 1277 1881 1330 mconomi
1910 1278 2170 1332 ostende-

538 1370 656 1424 rint
683 1369 1028 1440 impossibile
1076 1386 1198 1422 esse
1242 1371 1308 1422 ut
1341 1385 1409 1421 ex
1456 1368 1649 1422 fundis
1677 1369 1748 1422 de
1778 1372 1984 1423 caetero
2020 1370 2171 1425 idem

537 1462 756 1517 reditus
785 1463 1103 1533 colligatur,
1130 1461 1334 1517 merito
1358 1465 1745 1517 trecentarum
1777 1480 1877 1517 nos
1909 1463 2169 1518 officina-

537 1573 667 1611 rum
699 1557 1157 1611 additamentum
1186 1556 1320 1609 huic
1350 1556 1495 1626 parti
1526 1556 1911 1625 attribuimus,
1936 1561 1997 1611 ut
2018 1559 2171 1629 quod

537 1650 810 1705 hactenus
852 1651 999 1704 circa
1042 1650 1380 1704 cadaverum
1422 1649 1731 1704 elationem
1776 1650 2172 1706 laborantibus

538 1744 811 1810 dabatur,
864 1743 1004 1798 citra
1061 1743 1565 1813 reprehensionem
1624 1743 1893 1815 deinceps
1941 1761 2169 1817 quoque

2281 543 2419 597 pore
2470 526 2898 598 archiepiscopo
2944 528 3116 597 hujus
3164 529 3330 582 almae
3380 529 3537 583 urbis
3580 532 3638 582 et
3678 528 3941 583 universi

2282 620 2404 690 ejus
2429 623 2643 674 tractus
2673 620 3027 692 patriarchae,
3071 622 3175 675 sub
3210 622 3372 692 cujus
3399 623 3579 677 tutela
3613 625 3674 675 et
3705 621 3938 676 ditione

2281 718 2582 769 censentur
2605 718 2662 769 et
2691 714 2790 769 Dei
2813 715 3189 770 amantissimi
3222 716 3504 770 (economi
3532 719 3590 769 et
3622 716 3939 770 universus

2280 808 2484 875 clerus,
2525 810 2581 862 et
2611 811 2767 862 totus
2797 813 3171 863 sacrosanctze
3212 811 3462 864 ecclesiae
3499 809 3668 865 ordo.
3726 811 3821 863 His
3852 812 3936 863 ita

2278 901 2687 969 evenientibus,
2721 918 2895 956 nemo
2917 902 3151 956 omnino
3181 902 3252 956 ab
3282 903 3459 957 invito
3477 919 3585 974 pro
3608 907 3808 957 curato
3834 904 3941 957 de—

2277 994 2490 1048 mortui
2511 1010 2751 1065 cerpere
2772 994 3085 1066 quidquam
3114 996 3357 1050 auferat.
3388 996 3500 1051 Sed
3520 1000 3583 1050 ut
3607 1002 3794 1051 totum
3814 996 3940 1050 dis-

2277 1102 2601 1157 cernamus,
2630 1088 2917 1142 sancimus
2936 1092 2999 1142 ut
3017 1088 3326 1160 unicuique
3348 1090 3587 1156 feretro,
3607 1090 3765 1161 quod
3786 1106 3933 1160 gra-

2276 1180 2347 1234 tis
2376 1181 2725 1249 conceditur,
2757 1198 2935 1236 unam
2963 1182 3193 1236 accedat
3219 1183 3593 1237 ascetriarum
3617 1187 3719 1237 aut
3747 1200 3935 1237 cano—

2276 1273 2533 1328 nicarum
2558 1274 2922 1344 asceterium,
2948 1291 3063 1330 non
3082 1274 3270 1330 minus
3297 1279 3426 1329 octo
3452 1276 3798 1331 mulieribus
3834 1279 3935 1331 fe-

2273 1372 2492 1421 retrum
2538 1368 3020 1439 praecedentibus,
3075 1373 3133 1423 et
3186 1369 3582 1439 psallentibus,
3627 1374 3684 1424 et
3732 1370 3936 1424 tribus

2273 1460 2576 1529 acoluthis,
2613 1462 2711 1532 qui
2740 1477 2844 1516 nec
2874 1461 2981 1533 ipsi
3007 1461 3323 1533 quidquam
3367 1461 3669 1533 accipient.
3699 1462 3761 1517 Si
3792 1463 3931 1534 quis

2271 1570 2407 1608 vero
2430 1571 2497 1609 ex
2528 1555 2779 1609 defuncti
2809 1556 3067 1627 cognatis
3094 1560 3151 1610 et
3175 1555 3444 1609 affinibus
3474 1556 3576 1627 qui
3607 1557 3929 1611 elationem

2271 1653 2585 1718 procurant
2614 1649 2748 1703 velit
2787 1666 2887 1703 sua
2920 1655 3149 1721 sponte,
3190 1650 3422 1704 nemine
3453 1656 3720 1721 cogente,
3758 1650 3927 1704 aliud

2270 1742 2509 1813 insuper
2536 1744 2877 1797 asceterium
2898 1745 2987 1798 vel
3017 1760 3220 1810 unum,
3244 1744 3332 1797 vel
3357 1744 3494 1811 duo,
3518 1745 3605 1797 vel
3633 1745 3801 1814 plura
3826 1760 3927 1797 as-

533 1836 879 1907 praebeatur,
893 1853 997 1908 per
1023 1837 1278 1907 singulos
1293 1836 1507 1891 scilicet
1530 1852 1776 1906 menses,
1810 1842 1921 1892 tam
1939 1839 2168 1893 decanis
2188 1833 2245 1905 B
2269 1852 2518 1904 sumere,
2547 1839 2669 1891 esto
2695 1836 2839 1891 illud
2859 1836 3092 1909 quidem
3120 1838 3179 1892 in
3206 1838 3383 1910 ipsius
3407 1837 3659 1908 positum
3690 1837 3929 1891 muniﬁ-

535 1932 595 1983 et
622 1929 897 1984 acoluthis
915 1947 1087 2001 quam
1114 1930 1405 2010 canonicis
1434 1935 1491 1985 et
1517 1931 1788 1997 ascetriis,
1817 1936 1871 1986 et
1896 1932 2040 1999 aliis,
2068 1950 2171 2004 pro

534 2021 946 2077 consuetudine
989 2024 1263 2078 hactenus
1302 2023 1455 2094 apud
1502 2023 1656 2094 ipsos
1699 2025 2012 2080 obtinente.
2058 2027 2170 2081 Hoc

535 2121 620 2171 est
662 2115 894 2170 decanis
948 2116 1183 2187 quidem
1236 2134 1340 2188 per
1382 2116 1635 2189 singulos
1683 2134 1910 2173 menses
1959 2118 2169 2175 solidos

531 2226 697 2277 Lxxn,
736 2209 989 2265 ascetriis
1018 2213 1075 2263 et
1104 2210 1400 2281 acoluthis,
1444 2211 1607 2265 solid.
1640 2228 1750 2278 XCI,
1779 2215 1838 2265 et
1881 2214 2169 2268 canonicis

531 2302 695 2357 solid.
725 2319 907 2359 xxxvr.
948 2304 1052 2367 Qui
1082 2304 1317 2375 quidem
1349 2304 1419 2358 ab
1455 2305 1593 2375 ipsis
1622 2305 1723 2359 Dei
1763 2307 2168 2361 amantissimis

531 2396 876 2468 colligantur
918 2398 1251 2466 meonomis,
1296 2400 1586 2453 solvantur
1615 2416 1747 2453 vero
1783 2417 1884 2470 per
1914 2400 2167 2470 singulos

529 2507 624 2543 sex
654 2508 901 2559 menses,
935 2491 1140 2562 quibus
1173 2497 1227 2545 et
1268 2495 1437 2545 antea
1482 2492 1699 2562 percipi
1728 2500 2161 2549 consueverunt.

529 2584 771 2654 Oportet
791 2588 986 2639 autem
1014 2602 1143 2638 eam
1173 2585 1403 2655 quidem
1430 2603 1555 2639 auri
1582 2591 1826 2657 partem,
1853 2604 1981 2658 quae.
2006 2605 2162 2643 asce-

526 2675 648 2729 triis
693 2678 986 2747 competit,
1020 2694 1051 2731 a
1089 2679 1188 2731 Dei
1220 2678 1629 2732 amantissimis
1665 2681 1980 2735 meonomis
2015 2698 2160 2751 prie-

527 2767 679 2824 dicto
712 2770 960 2825 termino
991 2770 1112 2825 dari
1138 2771 1395 2842 Eugenio
1427 2772 1524 2825 Dei
1552 2773 1941 2828 amantissimo
1971 2775 2160 2829 diaco-

522 2879 620 2929 no,
654 2867 711 2917 et
750 2863 927 2935 ipsius
959 2864 1330 2935 Sampsorum
1362 2865 1643 2936 religiosae
1672 2868 1966 2922 memoria:
1997 2885 2163 2923 xeno-

521 2956 630 3024 nis,
657 2957 1017 3030 aliorumque
1040 2976 1069 3011 a
1096 2959 1261 3014 nobis
1291 2959 1373 3013 illi
1405 2961 1943 3016 commendatorum
1980 2980 2157 3017 xeno-

521 3051 725 3120 docho,
752 3055 808 3105 et
835 3052 934 3123 qui
953 3068 1206 3123 unquam
1234 3052 1418 3124 ipsum
1449 3054 1548 3108 Dei
1570 3056 2033 3110 amantissimum
2058 3057 2157 3110 ho-

518 3161 649 3199 rum
679 3160 973 3199 xenonum
1008 3146 1329 3200 xenodochi
1372 3147 1618 3203 secuturi
1644 3153 1775 3203 sunt
1805 3167 1817 3203 :
1855 3155 2158 3221 propterea

2272 1931 2480 1985 centia.
2527 1931 2811 1986 Caeterum
2842 1948 3027 2002 neque
3052 1932 3161 1986 hoc
3187 1932 3704 1986 indeterminatum
3734 1932 3925 1985 relin-

2272 2025 2521 2096 quimus,
2543 2024 2810 2079 eamdem
2830 2024 2923 2079 hic
2938 2041 3169 2097 quoque
3196 2042 3533 2080 mensuram
3553 2026 3611 2079 in
3631 2026 3923 2091 ascetriis,

2270 2118 2560 2173 canonicis
2587 2121 2645 2173 et
2672 2119 2948 2173 acoluthis
2976 2119 3074 2189 qui
3110 2136 3215 2190 per
3261 2119 3729 2175 muniﬁcentiam
3755 2136 3922 2174 assu-

2269 2217 2507 2267 muntur
2545 2229 2667 2266 esse
2697 2212 2951 2267 volentes
2997 2229 3167 2285 quam
3217 2230 3388 2284 supra
3417 2213 3806 2281 definivimus,
3844 2230 3924 2266 ne

2268 2306 2566 2376 pauciores
2598 2305 2812 2361 scilicet
2838 2323 3007 2378 quam
3035 2312 3162 2362 octo
3195 2308 3449 2363 ascetrias
3495 2308 3583 2361 vel
3616 2308 3923 2361 canonica:

2268 2415 2336 2453 ex
2351 2416 2464 2454 uno
2478 2415 2709 2471 quoque
2722 2404 2910 2455 ascetc
2918 2400 3001 2455 rio
3016 2405 3399 2471 assumantur,
3414 2406 3469 2457 et
3492 2406 3607 2457 tres
3618 2402 3694 2455 ad
3705 2418 3923 2455 unum-

2268 2493 2536 2564 quodque
2582 2495 2925 2549 asceterium
2952 2496 3223 2550 acoluthi.
3264 2498 3483 2550 Dentur
3526 2499 3722 2550 autem
3752 2511 3912 2549 asce.

2267 2586 2388 2640 triis
2417 2588 2530 2641 sive
2560 2588 2850 2643 canonicis
2882 2606 3009 2660 qum
3044 2591 3195 2644 ultra
3234 2590 3290 2644 id
3322 2590 3506 2661 ipsum
3537 2590 3910 2655 asceterium,

2267 2680 2423 2750 quod
2453 2682 2631 2751 gratis
2662 2680 3047 2737 ministerium
3098 2684 3445 2738 funerationi
3476 2684 3721 2754 praebet,
3754 2701 3913 2738 assu-

2264 2778 2537 2829 muntur:
2563 2774 2846 2845 siquidem
2890 2776 3041 2831 intra
3077 2794 3255 2833 novos
3299 2795 3496 2832 muros
3523 2778 3698 2848 hujus
3731 2779 3908 2832 alma:

2263 2866 2418 2920 urbis
2444 2868 2616 2922 elatio
2631 2875 2956 2940 peragatur,
2982 2887 3161 2941 usque
3187 2871 3258 2924 ad
3287 2875 3401 2925 tres
3416 2871 3645 2939 solidos,
3664 2871 3810 2926 nihil
3832 2889 3907 2925 ex

2261 2960 2371 3015 hoc
2402 2962 2630 3032 penitus
2653 2964 3043 3018 auferentibus
3067 2965 3365 3032 acoluthis,
3392 2983 3579 3037 neque
3595 2967 3904 3037 partienti-

2259 3053 2366 3107 bus
2394 3054 2501 3110 ista
2528 3073 2658 3109 cum
2686 3057 3169 3112 reverendissimis
3210 3059 3462 3113 ascetriis
3494 3064 3550 3115 et
3584 3061 3902 3115 canonicis.
3940 3059 3945 3062 ’

2259 3148 2368 3203 Sed
2396 3149 2676 3203 acoluthis
2713 3150 2809 3221 qui
2854 3154 2982 3222 post
3024 3156 3138 3206 tres
3182 3152 3306 3206 illos
3346 3153 3518 3224 gratis
3548 3154 3904 3209 funerationi

520 3239 674 3308 quod
698 3238 954 3293 ascetrim
981 3257 1108 3309 quze
1130 3240 1187 3293 in
1219 3240 1367 3293 hunc
1398 3257 1564 3295 usum
1594 3243 1941 3297 adhibentur
1966 3246 2022 3297 et
2048 3245 2153 3298 mi-
2177 3208 2231 3282 Ο
2257 3241 2648 3298 ministrantes
2666 3248 3053 3313 assumuntur,
3082 3246 3366 3317 siquidem
3398 3252 3514 3301 tres
3544 3249 3641 3301 alii
3667 3249 3786 3302 sint
3805 3251 3902 3303 tri-

518 3331 819 3385 nisterium
844 3336 1137 3403 lirmstant,
1169 3332 1273 3386 sub
1300 3331 1713 3403 prmdictorum
1737 3337 2158 3394 venerabilium‘

516 3441 807 3479 xenenum
834 3442 937 3496 pro
964 3429 1225 3496 tempore
1252 3428 1600 3482 xenodochis
1623 3435 1996 3501 censeantur;
2022 3434 2155 3488 alte-

514 3535 642 3573 ram
670 3535 802 3575 vero
830 3519 985 3574 illam
1007 3537 1133 3592 quae
1163 3524 1276 3575 tam
1299 3522 1577 3576 acoluthis
1602 3539 1775 3593 quam
1804 3527 2154 3581 reverendis-

511 3610 667 3667 simis
695 3613 983 3669 canonicis
1018 3616 1291 3686 competit
1320 3633 1331 3671 :
1366 3616 1744 3672 consimiliter
1786 3619 1857 3672 ab
1886 3620 2020 3690 ipsis
2052 3622 2151 3675 Dei

510 3706 924 3762 amantissimis
964 3708 1278 3763 ceeonomis
1313 3709 1429 3763 dari
1477 3711 1563 3765 his
1603 3712 1702 3782 qui
1739 3717 1795 3766 et
1833 3714 2003 3768 modo
2042 3715 2151 3771 illis

508 3800 761 3872 praefecti
794 3805 945 3871 sunt,
977 3805 1033 3855 et
1064 3803 1163 3873 qui
1198 3820 1298 3874 pro
1342 3806 1596 3875 tempore
1640 3822 1895 3876 unquam
1938 3807 1997 3861 in
2042 3809 2150 3864 illis

507 3893 893 3966 principatum
934 3896 1212 3965 obtinent,
1242 3901 1308 3952 ut
1352 3914 1456 3968 per
1483 3898 1634 3969 ipsos
1673 3904 1805 3955 ante
1835 3901 2148 3973 designatis

507 3990 566 4043 et
615 3988 720 4042 sub
773 3988 910 4060 ipsis
974 3989 1200 4044 censitis
1268 3991 1552 4060 ascetriis,
1613 3997 1672 4047 et
1720 3996 2037 4063 canonicis,
2093 4001 2149 4052 et

504 4076 741 4152 insuper
793 4078 969 4136 etiam
1016 4080 1298 4138 acoluthis
1355 4084 1678 4141 distributio
1732 4088 1851 4142 ﬁat.
1902 4089 1957 4144 Si
2012 4107 2144 4146 vero

503 4188 735 4229 moram
784 4174 930 4229 circa
976 4175 1259 4246 ejusmodi
1306 4178 1649 4233 solutionem
1696 4180 2003 4238 admittant
2046 4186 2143 4239 Dei

503 4267 886 4328 amantissimi
928 4269 1233 4337 osconomi,
1273 4270 1444 4341 idque
1485 4272 1700 4326 clarum
1732 4275 1959 4343 existat,
2000 4277 2144 4333 forte

502 4379 597 4419 sex
624 4364 818 4418 alteris
843 4362 969 4434 jam
996 4363 1288 4417 mensibus
1314 4371 1443 4436 post
1472 4365 1632 4436 prius
1658 4373 1928 4424 semestre
1950 4371 2144 4425 decur-

500 4457 788 4524 rentibus,
833 4474 965 4512 cum
1002 4458 1156 4512 nulla
1196 4459 1380 4513 adhuc
1428 4460 1633 4514 solutio
1673 4461 1822 4516 facta
1861 4462 1953 4531 sit,
2005 4469 2140 4521 tunc

501 4551 784 4624 quidquid
810 4556 940 4624 post
970 4552 1129 4623 prius
1158 4558 1431 4611 semestre
1469 4554 1723 4609 debitum
1756 4557 1945 4625 fuerit,
1978 4559 2083 4613 hoc
2106 4578 2138 4614 a
2156 4588 2215 4660 D

499 4646 600 4701 Dei
629 4646 1037 4700 amantissimis
1064 4647 1374 4701 oeconomis
1393 4648 1661 4718 exigatur
1686 4667 1815 4704 cum
1838 4652 2137 4708 trientibus

496 4738 688 4793 usuris
729 4739 1002 4809 legitimas
1046 4740 1391 4809 eentesimm,
1432 4741 1853 4812 providentiam
1891 4746 1950 4800 in
1991 4746 2136 4803 hanc

496 4849 621 4889 rem
642 4833 948 4888 collocante
978 4834 1405 4904 religiosissime
1437 4852 1540 4907 pro
1574 4840 1835 4909 tempore
1864 4841 2136 4913 archiepi-

496 4944 664 4998 scopo
702 4932 759 4981 et
788 4927 1127 4997 patriarchae
1158 4934 1536 4985 sacrosanctae
1577 4930 1635 4985 in
1669 4932 1776 4987 hac
1803 4935 1957 4989 alma
1996 4937 2133 4992 urbe

494 5019 730 5091 majoris
758 5020 1028 5074 ecclesiae.
1064 5021 1119 5077 Si
1156 5039 1286 5077 vero
1319 5027 1375 5077 et
1409 5025 1554 5080 alter
1591 5042 1775 5101 annus
1805 5033 2129 5101 prmtereat,

496 5119 551 5168 et
581 5131 654 5168 ne
683 5117 808 5167 tum
831 5114 1065 5185 quidem
1094 5115 1309 5187 aliquid
1327 5118 1430 5172 Dei
1455 5119 1830 5176 amantissimi
1848 5125 2133 5179 (economi

493 5208 785 5275 solverint,
837 5209 1198 5263 sanctissimo
1229 5227 1331 5281 pro
1375 5215 1631 5283 tempore
1682 5216 2023 5285 patriarchae
2064 5218 2128 5272 li-

496 5302 682 5357 centia
708 5302 779 5357 sit
808 5320 925 5356 non
957 5303 1137 5357 solum
1169 5304 1325 5376 quod
1353 5308 1842 5365 reverendissimis
1868 5313 2128 5368 mulieri-

488 5395 593 5451 bus
614 5400 669 5451 et
694 5397 984 5467 praedictis
1003 5396 1236 5452 decanis
1257 5398 1513 5467 debetur,
1539 5419 1571 5455 a
1596 5403 1691 5456 Dei
1719 5407 2130 5461 amantissimis

489 5491 804 5544 oeconomis
832 5508 962 5544 cum
1003 5492 1258 5561 prmfatis
1306 5495 1487 5548 usuris
1516 5497 1762 5566 exigere,
1808 5499 1909 5553 sed
1954 5502 2127 5555 etiam

485 5582 643 5655 ipsos
669 5600 873 5653 cogere
907 5587 971 5637 ut
1001 5586 1192 5640 omnia
1215 5604 1342 5658 quae
1363 5587 1637 5659 deputata
1662 5594 1796 5645 sunt
1820 5596 2123 5663 praestent;

485 5680 541 5729 et
569 5677 615 5729 si
648 5677 1038 5731 sanctissimus
1064 5679 1387 5749 patriarcha
1412 5682 1675 5751 voluerit,
1706 5688 1767 5739 ut
1804 5687 1980 5740 etiam
2013 5688 2122 5742 sol-

486 5768 785 5823 licitudine
814 5770 1131 5825 fundorum
1164 5772 1317 5844 ipsos
1348 5774 1552 5845 ejiciat,
1580 5779 1637 5831 et
1660 5783 1884 5848 repetat
1909 5780 2122 5837 horum

484 5857 925 5932 inspectionem,
949 5865 1439 5933 quemadmodum
1460 5868 1632 5925 modo
1652 5871 1807 5943 apud
1833 5871 1987 5945 ipsos
2008 5882 2118 5933 est:

2254 3334 2358 3390 bus
2386 3337 2603 3409 siliquis
2628 3339 2943 3407 contentis;
2973 3339 3020 3394 si
3047 3357 3161 3409 sex,
3192 3341 3409 3412 siliquis
3428 3358 3553 3407 sex;
3586 3347 3648 3396 ut
3669 3344 3742 3396 ad
3765 3360 3898 3397 eum

2254 3431 2491 3485 modum
2530 3449 2883 3504 quaecunque
2943 3433 3050 3488 hoc
3091 3438 3442 3490 concernunt
3488 3436 3569 3490 ita
3621 3437 3898 3508 deinceps

2254 3531 2528 3595 gerantur
2547 3526 2766 3581 ordine.
2792 3528 2938 3583 Illud
2961 3546 3096 3582 sane
3123 3529 3497 3584 manifestum
3516 3535 3620 3598 est,
3638 3531 3688 3584 si
3711 3534 3898 3603 majus

2252 3618 2613 3675 intervallum
2637 3621 2728 3688 sit,
2747 3626 2803 3675 et
2830 3622 2931 3693 qui
2956 3623 3168 3678 feretro
3198 3623 3520 3679 inserviunt
3543 3625 3751 3679 decani
3772 3627 3895 3698 plu-

2250 3729 2342 3766 res
2371 3714 2503 3784 sint,
2533 3719 2591 3770 et
2609 3716 2774 3787 plura
2797 3717 3091 3784 asceteria,
3118 3719 3272 3789 quod
3296 3724 3534 3790 propter
3552 3720 3724 3790 hujus
3746 3737 3891 3790 pon-

2251 3806 2355 3860 dus
2369 3807 2577 3879 etipsis
2591 3810 2885 3880 paululum
2908 3811 3152 3880 dabitur,
3176 3814 3247 3867 ad
3269 3813 3714 3868 similitudinem
3742 3831 3891 3869 δείξει

2247 3899 2486 3954 triarum
2518 3918 2644 3972 quin
2675 3904 2826 3958 circa
2846 3906 3270 3962 funerationcm
3296 3908 3555 3962 laborem
3581 3908 3886 3965 sustinent.

2248 3994 2318 4048 Ut
2362 4001 2602 4065 propter
2639 3998 2967 4054 distantiam
3018 4006 3075 4055 et
3124 4001 3232 4073 ipsi
3273 4003 3538 4073 copiastze
3581 4003 3890 4058 videantur

2246 4087 2446 4143 exinde
2466 4091 2727 4145 nonnihil
2752 4092 2961 4149 habere
2981 4095 3189 4166 solatii,
3205 4095 3506 4151 videantur
3524 4100 3720 4152 autem
3740 4099 3886 4152 intra

2246 4197 2422 4236 novos
2446 4200 2665 4251 muros,
2701 4191 2758 4240 et
2796 4188 3111 4243 terminum
3149 4190 3564 4245 Justinianeum
3602 4196 3660 4245 et
3700 4192 3879 4258 Ficus,

2245 4277 2719 4348 quandoquidem
2764 4297 2879 4335 non
2918 4283 3091 4353 longe
3134 4283 3367 4352 distant,
3400 4300 3589 4355 neque
3622 4302 3770 4356 opus
3801 4290 3881 4340 est

2242 4368 2500 4440 longiore
2523 4375 2802 4444 tempore,
2824 4376 3112 4447 majoreve
3134 4378 3347 4446 labore,
3372 4381 3430 4431 ut
3446 4378 3542 4432 illo
3571 4381 3877 4449 pervenia-

2241 4461 2351 4513 tur.
2383 4460 2441 4514 Si
2471 4477 2607 4516 vero
2636 4467 2791 4518 extra
2836 4461 3014 4521 novos
3060 4484 3258 4523 muros
3298 4469 3469 4539 hujus
3504 4470 3674 4524 almae
3702 4471 3875 4539 urbis,

2240 4556 2341 4607 aut
2365 4554 2437 4608 ad
2468 4555 2607 4610 alios
2637 4561 2922 4615 terminos
2947 4577 3117 4632 quam
3158 4563 3372 4617 dictum
3405 4566 3509 4631 est,
3548 4565 3724 4619 elatio
3756 4568 3871 4634 fiat,

2236 4650 2372 4703 tunc
2387 4651 2643 4705 ascetriaa
2662 4653 2899 4723 quidem
2918 4657 3031 4710 sive
3043 4658 3337 4711 canonicze
3356 4661 3470 4712 tres
3493 4664 3550 4713 et
3570 4658 3871 4714 dimidium

2237 4742 2484 4797 solidum
2538 4747 2879 4818 percipiant,
2920 4766 3103 4822 neque
3145 4752 3237 4805 hic
3277 4752 3591 4825 quidquam
3635 4757 3870 4810 omnino

2236 4839 2657 4895 communionis
2679 4842 3021 4898 habentibus
3046 4846 3341 4900 acoluthis.
3364 4848 3501 4918 Ipsis
3530 4851 3731 4904 autem
3756 4867 3873 4906 aco-

2235 4932 2409 4987 luthis
2426 4934 2497 4987 ad
2519 4934 2747 5006 singula
2775 4940 3049 4993 asceteria
3068 4944 3370 5012 quaternas
3392 4944 3633 4998 auferen
3644 4947 3793 5003 tibus
3809 4953 3870 5006 si-

2233 5025 2435 5098 liquas,
2456 5032 2514 5082 et
2537 5035 2821 5100 praeterea
2841 5032 3018 5087 nihil:
3049 5036 3365 5090 secundum
3385 5039 3723 5108 praedictam
3741 5043 3869 5098 divi-

2235 5121 2453 5175 sionem
2483 5125 2755 5179 asceterio
2773 5143 2905 5179 cum
2926 5128 3107 5182 tribus
3130 5130 3409 5185 acoluthis
3433 5132 3717 5189 feretrum
3739 5154 3865 5208 gra‘

2234 5215 2306 5267 tis
2338 5216 2640 5286 praebitum
2669 5226 2967 5291 sequente,
2986 5225 3043 5276 et
3069 5224 3310 5279 omnino
3334 5225 3416 5280 illi
3437 5228 3754 5285 accedente
3769 5250 3866 5304 per

2233 5314 2358 5363 octo
2386 5312 2655 5367 ascetrias
2684 5314 2798 5368 sive
2841 5317 3147 5371 canonicas
3176 5323 3233 5372 et
3255 5323 3371 5374 tres
3403 5321 3485 5390 (ut
3516 5322 3737 5379 dictum
3767 5330 3860 5399 est)

2229 5404 2537 5472 acoluthos,
2556 5407 2697 5462 nihil
2713 5426 2949 5479 prorsus
2968 5413 3315 5483 auferentes,
3337 5420 3434 5468 aut
3451 5432 3555 5486 per
3567 5417 3859 5475 dationem

2229 5512 2528 5552 eereorum
2571 5502 2885 5572 exigentes,
2913 5510 3011 5559 aut
3038 5506 3141 5560 sub
3169 5507 3280 5561 alio
3309 5509 3638 5567 velamento
3671 5532 3860 5585 quem-

2228 5606 2452 5663 cunque
2484 5596 2797 5651 exactionis
2823 5600 3061 5654 modum
3082 5602 3491 5673 excogitantes.
3513 5606 3647 5662 Hzec
3677 5613 3857 5664 autem

2227 5686 2420 5742 omnia
2440 5688 2508 5743 de
2524 5689 2611 5743 his
2633 5694 2857 5746 tantum
2880 5693 3210 5764 definimus,
3227 5698 3322 5768 qui
3343 5714 3461 5753 non
3477 5716 3585 5771 per
3601 5703 3856 5759 ambitio-

2227 5796 2359 5834 nem
2390 5785 2445 5836 et
2466 5784 2920 5843 munificentiam
2946 5805 3160 5862 magna
3181 5792 3276 5847 illa
3297 5792 3409 5848 duo
3426 5795 3643 5851 feretra
3662 5796 3721 5852 in
3743 5815 3857 5871 pre

2222 5874 2501 5933 tiosarum
2528 5896 2723 5937 rerum
2735 5882 3008 5942 thesauro
3026 5887 3570 5962 recondita,nempe
3598 5893 3865 5965 gloriosae
