4034 6228
50 293 209 346 99⁸7

994 294 1361 353 JUSTlNIANI
1399 295 1726 353 NOVELLAS
1766 294 2098 355 SELECTE.
2140 296 2449 355 NOVELLA
2486 299 2635 356 LXV.

3406 303 3508 362 998

48 400 420 456 memorias
449 401 654 471 Studii,
692 407 747 458 ct
775 403 1093 476 magnificas
1137 406 1430 461 memoria:
1473 405 1764 477 Stephani,
1791 427 1849 500 Α
1869 407 2106 479 alicujus
2131 408 2483 463 funeratione
2510 407 2694 463 danda
2720 407 2811 463 sit.
2845 406 3004 463 Nulla
3030 408 3179 465 inter
3206 410 3504 468 defuncto-

52 500 447 570 requirunt.
480 501 533 556 Si
565 500 691 572 quis
737 502 890 557 enim
928 503 1020 557 illa
1060 503 1268 559 habere
1309 504 1519 575 cupiat,
1548 509 1612 559 ut
1640 520 1769 576 quae

57 593 141 646 et
168 595 396 649 multis
408 594 737 650 hominibus
752 595 1127 668 indigeant,et
1142 598 1417 669 majorem
1433 598 1765 663 custodiam,

56 690 286 757 atque
316 688 377 741 in
409 705 631 743 summa
655 690 885 760 plenam
912 691 1127 763 negotii
1158 692 1594 746 asservationem
1629 692 1771 746 desi-

56 777 342 850 derant,
392 782 501 836 hoc
548 782 830 853 prmdictis
880 800 996 838 non
1036 785 1442 854 connectimus,
1471 786 1567 839 sed
1608 785 1769 856 quasi

60 872 203 941 qui
253 874 618 929 ambitiosius
646 880 904 931 mortuos
933 894 1060 931 suos
1084 877 1275 932 efferri
1305 878 1565 949 gestiant,
1598 878 1764 949 quid-

58 966 249 1035 quid
281 984 392 1038 pro
414 967 613 1023 labore
644 986 701 1024 se
728 970 978 1039 decanis,
1002 975 1100 1025 aut
1120 970 1603 1025 reverendissimis
1621 987 1768 1025 asce-

60 1058 232 1127 tris,
268 1066 374 1115 aut
399 1062 684 1117 canonicis
727 1063 956 1118 daturos
992 1064 1504 1136 compromiserint,
1544 1068 1767 1119 tantum

58 1157 139 1205 et
168 1160 487 1223 praestent,
518 1161 583 1211 ut
610 1160 801 1211 tamen
832 1157 902 1211 ad
943 1157 1130 1229 ipsum
1176 1157 1236 1211 in
1280 1157 1500 1212 duobus
1545 1157 1765 1212 feretris

64 1244 326 1302 Studiii
354 1253 410 1303 et
431 1248 701 1320 Slephani
725 1250 1024 1305 duodecim
1050 1250 1357 1305 solidorum
1390 1251 1765 1322 quantitatem

64 1340 395 1397 excedere
421 1348 683 1415 nequeat.
704 1345 813 1399 Pro
829 1360 895 1399 eo
915 1361 1046 1399 vero
1063 1345 1213 1417 quod
1226 1362 1364 1400 auro
1393 1346 1763 1401 intertextum

68 1439 211 1504 est,
250 1435 411 1506 quod
454 1437 514 1490 in
553 1441 907 1492 sacrosancta
936 1439 1149 1509 majore
1189 1439 1422 1494 ecclesia
1448 1440 1760 1509 reponitur,

68 1527 133 1579 si
170 1528 426 1599 quidem
453 1546 569 1585 uno
594 1532 713 1585 solo
758 1531 816 1585 in
848 1532 969 1602 ejus
1008 1533 1194 1586 locum
1226 1533 1306 1603 (ut
1332 1532 1628 1603 probabile
1660 1534 1761 1601 est)

70 1624 468 1692 apparando,
515 1631 761 1696 quatuor
823 1624 1047 1693 solidis;
1099 1626 1348 1680 ascetriis
1391 1630 1602 1695 autem,
1650 1626 1763 1679 sive

71 1716 423 1784 canonicis,
471 1717 584 1772 sive
629 1717 921 1785 acoluthis,
953 1718 1125 1789 duplo
1164 1720 1379 1790 majora
1418 1736 1591 1791 quam
1632 1724 1762 1774 ante

1874 517 2001 555 rum
2028 518 2294 572 personas
2338 502 2695 557 distinctione
2736 503 3183 571 introducenda;
3213 504 3328 560 sive
3359 506 3505 561 divi-

1870 595 1961 650 tiis
1988 598 2248 662 affluant,
2280 597 2393 651 sive
2424 601 2759 667 premantur
2782 597 2992 668 inopia,
3023 598 3129 652 nisi
3152 598 3296 653 forte
3319 599 3399 669 (ut
3427 602 3510 656 di-

1869 693 2075 762 ximus)
2100 707 2275 746 unam
2302 706 2368 743 ex
2400 690 2581 745 tribus
2606 691 2718 744 illis
2743 691 2965 745 feretris
2990 692 3253 763 diligant,
3276 693 3335 747 in
3374 695 3501 765 qui-

1866 787 1973 841 bus
2019 791 2077 841 et
2116 785 2225 857 ipsi
2252 784 2639 837 convenientia
2689 783 3087 854 disposuimus.
3126 787 3505 858 Volumusque

1868 881 1961 935 illa
1989 885 2045 935 et
2070 880 2142 933 ad
2167 879 2318 932 hunc
2345 877 2599 932 obtinere
2628 878 2884 948 modum,
2914 883 2971 933 et
3006 879 3216 950 absque
3247 882 3503 951 pristini-

1865 974 2019 1028 tione
2048 972 2318 1043 temporis
2346 972 2580 1026 immota
2608 987 2840 1026 manere
2866 976 2922 1026 et
2950 975 3181 1027 aeterna.
3209 976 3392 1044 Atque
3418 992 3505 1029 sa-

1866 1084 1962 1122 cra
2011 1068 2115 1121 hac
2171 1064 2519 1137 pragmatica
2579 1064 2703 1135 lege
2756 1065 2818 1119 in
2866 1069 3209 1135 perpetuum
3260 1068 3501 1136 valente,

1865 1159 2143 1232 quamdiu
2170 1158 2430 1212 homines
2456 1162 2607 1224 sunt,
2630 1173 2919 1228 quamque
2945 1158 3042 1212 diu
3069 1175 3341 1230 magnum
3363 1160 3504 1215 illud

1865 1256 1921 1308 et
1968 1253 2137 1323 longe
2162 1250 2594 1307 celeberrimum
2623 1250 3069 1305 Christianorum
3109 1269 3319 1307 nomen
3356 1253 3506 1309 inter

1863 1346 2125 1401 homines
2149 1344 2476 1408 habebitur,
2505 1344 2755 1414 quotidie
2777 1344 2951 1398 etiam
2983 1346 3201 1399 domini
3234 1348 3331 1401 Dei
3349 1347 3503 1402 beni-

1866 1440 2080 1511 gnitate
2108 1434 2526 1493 incrementum
2551 1437 2810 1508 accipiat.
2834 1438 2971 1492 Huic
2997 1438 3251 1493 videlicet
3270 1442 3502 1511 negotio

1861 1551 1982 1605 pra:
2021 1532 2238 1588 caeteris
2283 1532 2547 1586 omnibus
2573 1531 2694 1601 ipso
2722 1531 3142 1602 religiosissimo
3184 1535 3503 1603 patriarcha

1863 1627 2033 1697 hujus
2056 1626 2220 1680 alma:
2249 1624 2406 1679 urbis
2432 1623 2832 1695 prospiciente,
2865 1641 2936 1678 ne
2968 1626 3070 1679 hac
3097 1642 3263 1680 causa
3288 1644 3391 1698 pro
3412 1646 3497 1683 sa-

1864 1718 2129 1774 cerdotali
2158 1721 2430 1790 potestate
2474 1734 2612 1771 usus
2648 1717 2987 1786 committat,
3019 1722 3085 1771 ut
3125 1718 3195 1773 ab
3226 1719 3342 1774 ulla
3371 1737 3500 1791 per-

74 1808 168 1863 de
234 1809 308 1864 iis
355 1810 767 1882 praeﬁnivimus
816 1811 1130 1867 ferentibus
1160 1830 1173 1866 :
1207 1818 1267 1867 ut
1292 1812 1556 1869 videlicet
1578 1810 2002 1884 ipsumBsona
2041 1814 2127 1867 vel
2176 1810 2528 1880 sacerdotali,
2575 1811 2664 1864 vel
2712 1810 3049 1882 magistratu
3096 1812 3376 1880 decorata,
3413 1814 3500 1869 vel

74 1918 345 1975 quoque
413 1905 803 1979 ascetriarun;
824 1922 921 1960 seu
956 1906 1363 1961 canonicamm
1401 1907 1757 1976 asceterium,

78 1997 265 2067 quod
302 1998 478 2069 gratis
497 2004 699 2055 caetera
728 2000 939 2054 feretra
963 2000 1259 2072 prtecedit,
1290 2000 1551 2056 eamdem
1576 2017 1756 2072 quan-

78 2090 343 2145 titatem
370 2092 646 2164 percipiat
671 2110 845 2165 quam
881 2098 937 2149 et
979 2094 1197 2166 reliqua
1227 2095 1517 2150 asceteria.
1548 2096 1757 2149 Eodem

76 2183 233 2253 hoc,
264 2185 422 2256 quod
470 2186 862 2258 praediximus,
909 2192 963 2242 et
1006 2186 1063 2241 in
1085 2187 1360 2242 acoluthis
1386 2188 1754 2258 observando,

81 2283 166 2332 ut
192 2283 255 2333 et
280 2278 343 2332 hi
378 2279 615 2351 duplum
642 2297 840 2335 eorum
865 2297 995 2353 quae
1016 2282 1139 2353 jam
1169 2298 1202 2335 a
1227 2282 1391 2337 nobis
1434 2282 1757 2336 constitutae

82 2377 240 2426 sunt
260 2372 528 2427 auferant
550 2393 563 2428 :
588 2374 863 2429 nimirum
876 2375 920 2428 si
948 2375 1005 2429 id
1032 2376 1089 2429 in
1106 2392 1218 2447 quo
1234 2376 1514 2430 funeratio
1535 2376 1760 2447 peragi-

81 2470 218 2536 tur,
255 2483 444 2521 unum
476 2467 545 2521 de
572 2468 752 2522 tribus
778 2468 886 2522 illis
912 2469 1135 2523 feretris
1156 2469 1246 2533 sit,
1276 2470 1381 2523 hoc
1409 2468 1619 2524 scilicet
1656 2486 1753 2523 vo-

83 2559 258 2613 lente
286 2576 355 2614 eo
375 2560 466 2614 cui
486 2561 858 2617 funerationis
880 2579 1013 2616 cura
1038 2562 1336 2617 incumbit.
1358 2563 1755 2618 Necessitatem

86 2652 322 2707 scilicet
376 2655 769 2709 tantummodo
818 2656 1161 2711 habentibus
1208 2656 1308 2711 Dei
1351 2656 1756 2711 amantissimis

87 2746 523 2813 defensoribus,
555 2753 616 2802 ut
655 2749 997 2804 decanorum
1035 2766 1270 2821 corpora
1315 2766 1383 2804 ex
1415 2750 1755 2821 octingentis

90 2838 215 2893 illis
247 2840 513 2910 ofﬁcinis,
537 2858 675 2913 quas
704 2843 836 2913 ipsis
862 2843 1293 2915 assignavimus,
1318 2849 1374 2898 et
1392 2843 1529 2898 item
1548 2843 1755 2898 feretra

93 2933 439 3003 exhibeant,
467 2952 581 2988 non
609 2940 799 2989 autem
832 2941 893 2990 ut
918 2941 1214 3007 sumptum
1247 2937 1495 3008 aliquem
1524 2937 1748 3008 impen-

96 3026 267 3082 dant.
300 3028 400 3081 Dei
426 3044 560 3083 vero
598 3029 1006 3084 amantissimis
1043 3031 1346 3084 oeconomis
1385 3030 1670 3102 cogendis,
1691 3034 1756 3085 ut

93 3123 226 3173 tam
260 3137 333 3175 ex
366 3121 550 3176 reditu
575 3139 606 3175 a
634 3123 1010 3177 sacratissimo
1037 3123 1294 3195 principe
1336 3124 1631 3178 Anastasio
1660 3140 1749 3178 rc-

93 3212 259 3284 lieto,
294 3231 468 3285 quam
499 3231 568 3270 ex
596 3216 859 3271 trecentis
892 3216 1132 3291 ofﬁcinis
1162 3218 1222 3271 in
1243 3217 1536 3288 praedictas
1561 3234 1753 3289 perso-

94 3323 226 3377 nas,
258 3308 577 3363 secundum
592 3327 624 3363 a
641 3309 802 3365 nobis
818 3310 876 3364 in
890 3311 1154 3366 omnibus
1179 3311 1544 3367 constitutam
1570 3312 1753 3366 distri-

95 3401 427 3472 butionem,
446 3420 641 3458 omnes
661 3404 927 3476 praefatas
948 3404 1231 3477 impensas
1257 3405 1483 3460 faciant.
1508 3408 1586 3460 Ita
1606 3405 1751 3460 nihil

95 3494 619 3551 indeterminatum
646 3497 773 3567 erit,
802 3498 897 3552 sed
927 3503 982 3552 et
1006 3499 1104 3570 qui
1132 3498 1539 3554 moderatiores
1568 3500 1752 3571 sepul-

94 3593 260 3643 turas
291 3589 416 3643 ﬁeri
444 3590 660 3659 volunt,
689 3607 759 3646 ex
808 3592 911 3646 hac
955 3592 1322 3663 dispositione
1363 3593 1613 3648 fructum
1652 3610 1746 3647 ca-

94 3682 267 3753 pient
288 3700 307 3751 ;
336 3686 392 3737 et
416 3683 514 3755 qui
541 3684 612 3738 ad
631 3684 1471 3757 ambitionemrespiciunt,non
1497 3704 1601 3758 per
1618 3688 1748 3742 inde

101 3776 339 3847 magnis
363 3775 719 3832 involventur
737 3778 1065 3849 dispendiis,
1086 3780 1181 3834 sed
1209 3780 1357 3834 intra
1383 3784 1601 3835 certum
1630 3798 1751 3835 mo-

100 3868 243 3923 dum
272 3868 529 3924 muniﬁci
571 3876 759 3926 erunt.
791 3873 918 3926 Haec
944 3889 1048 3927 nos
1074 3872 1251 3945 igitur
1274 3878 1391 3928 tam
1416 3874 1485 3929 de
1513 3873 1749 3929 ofﬁcinis

100 3979 285 4034 quam
313 3963 611 4032 reditibus,
642 3968 700 4020 et
719 3965 987 4021 funerum
1017 3966 1377 4035 elationibus,
1407 3967 1521 4025 sive
1551 3970 1745 4039 gratis,

101 4056 219 4114 sive
250 4073 387 4112 cum
399 4058 965 4130 quadamambitione
988 4066 1353 4133 peragantur,
1368 4062 1746 4118 deﬁnivimus.

100 4150 176 4205 Ut
200 4156 398 4205 autem
415 4152 775 4207 ofﬁcinarum
792 4170 869 4207 nu
879 4170 1066 4208 merus
1084 4155 1240 4209 nullo
1259 4172 1515 4227 unquam
1534 4161 1750 4227 tempo-

102 4260 164 4298 re
192 4244 641 4301 diminutionem
670 4246 938 4318 patiatur,
978 4249 1235 4303 custodes
1269 4249 1389 4320 ejus
1430 4251 1511 4304 rei
1536 4252 1746 4304 consti-

100 4338 248 4392 tuim
259 4356 344 4408 us,
363 4356 475 4393 non
501 4342 723 4394 tantum
741 4341 1209 4411 gloriosissimum
1226 4342 1395 4413 hujus
1410 4344 1575 4398 almae
1593 4344 1748 4397 urbis

101 4432 461 4503 praefectum,
511 4437 564 4487 et
617 4434 1114 4506 obtemperantem
1164 4435 1244 4489 illi
1291 4437 1601 4505 cohortem,
1651 4438 1748 4491 sed

1860 1923 2218 1980 quacunque,
2248 1906 2307 1960 in
2334 1908 2527 1959 nostra
2556 1904 2921 1975 delinquatur
2945 1905 3270 1961 constituta.
3300 1907 3407 1962 Sed
3445 1913 3501 1963 et

1859 2007 1923 2056 ut
1949 2002 2071 2072 ipsa
2097 1999 2362 2070 majestas
2390 1998 2756 2069 imperatoria
2782 1998 2843 2051 in
2882 2001 2998 2052 tam
3037 1998 3288 2070 amplam
3320 1999 3502 2071 digni-

1856 2095 1986 2150 tatis
2012 2099 2068 2149 et
2112 2092 2344 2147 honoris
2383 2091 2577 2146 sedem
2626 2091 2906 2146 conversis
2948 2092 3145 2159 oculis,
3176 2093 3500 2166 quicunque

1857 2188 2088 2243 tandem
2124 2185 2354 2258 imperii
2380 2189 2601 2256 sceptra
2648 2184 2885 2253 tenebit,
2916 2185 3048 2238 huic
3078 2187 3161 2239 rei
3188 2187 3496 2258 provideat,

1857 2280 2231 2335 decernimus.
2262 2280 2452 2350 Neque
2481 2276 2636 2332 enim
2656 2294 2758 2348 pro
2780 2278 3057 2332 defunctis
3080 2283 3299 2333 tantum
3325 2279 3497 2347 istud,

1858 2374 1955 2429 sed
1982 2375 2152 2429 etiam
2178 2390 2281 2445 pro
2309 2372 2640 2437 viventium,
2668 2371 2921 2443 adeoque
2942 2371 3388 2442 imperitantium
3417 2392 3499 2429 sa-

1855 2468 1971 2522 lute
2001 2473 2104 2537 est,
2136 2471 2200 2521 ut
2227 2466 2559 2521 omnimodo
2594 2465 2701 2536 piae
2731 2465 2979 2520 actiones
3008 2467 3079 2521 ad
3109 2468 3371 2522 effectum
3392 2469 3491 2523 de-

1855 2562 2155 2629 ducantur,
2176 2577 2360 2632 neque
2380 2560 2649 2632 praeclara
2672 2559 2959 2630 majorum
2985 2559 3246 2615 instituta
3272 2578 3375 2633 per
3401 2579 3501 2618 ne-

1857 2654 2190 2727 gligentiam
2234 2657 2595 2726 posterorum
2646 2652 2974 2723 depereant.
3002 2655 3495 2719 Quemadmodum

1853 2754 2045 2804 autem
2073 2753 2303 2803 centum
2344 2747 2466 2801 illas
2493 2751 2547 2801 et
2574 2746 2728 2801 mille
2760 2746 3014 2801 ofﬁcinas
3044 2748 3414 2804 indiminutas
3443 2758 3496 2806 et

1854 2843 2139 2897 immunes
2174 2840 2438 2896 custodiri
2470 2840 2871 2911 disposuimus,
2902 2840 2979 2894 ita
3026 2857 3223 2896 omnes
3249 2844 3493 2915 reliquas

1855 2936 2107 2991 ofﬁcinas
2148 2934 2452 3007 praestandi
2481 2933 2844 3004 vectigalibus
2870 2934 3151 2989 sancimus
3176 2952 3293 2991 esse
3317 2938 3490 2992 obno-

1855 3030 1973 3084 xias
2001 3046 2015 3084 :
2045 3028 2274 3083 nemine
2303 3027 2542 3083 omnino
2570 3026 2863 3081 licentiam
2894 3027 3137 3082 habente
3167 3035 3229 3083 ut
3252 3046 3345 3084 eas
3370 3031 3489 3086 exi.

1853 3127 1991 3192 mat,
2020 3123 2135 3177 sive
2172 3123 2241 3177 ad
2286 3138 2473 3177 sacras
2513 3122 2679 3187 aedes,
2712 3120 2826 3175 sive
2870 3122 2940 3175 ad
2983 3138 3249 3192 xenonas,
3279 3124 3392 3179 sive
3420 3124 3490 3179 ad

1855 3217 2145 3282 asceteria,
2191 3216 2303 3270 sive
2334 3214 2696 3283 monasteria,
2730 3213 2843 3269 sive
2891 3215 3272 3287 quodcunque
3314 3218 3486 3287 aliud,

1851 3311 1948 3365 sed
1975 3325 2160 3382 neque
2188 3310 2233 3364 si
2261 3310 2330 3363 ad
2362 3309 2552 3381 regias
2582 3312 2806 3363 nostras
2827 3308 3054 3379 domus,
3086 3312 3175 3365 vel
3198 3311 3494 3382 magistra-

1850 3408 1934 3473 tu,
1964 3409 2062 3458 aut
2086 3403 2338 3474 potentia
2368 3403 2637 3474 prteditos
2674 3403 3001 3473 pertineant
3024 3404 3184 3477 ;-sed
3219 3421 3288 3459 ex
3326 3422 3490 3478 aequo

1852 3497 2119 3551 omnibus
2160 3495 2397 3550 officinis
2440 3495 2805 3563 vectigalium
2858 3497 3278 3565 praestationem
3320 3516 3492 3568 agno-

1850 3590 2156 3659 scentibus,
2185 3605 2257 3644 ne
2285 3589 2333 3642 si
2358 3588 2633 3660 paulatim
2667 3589 3053 3659 unusquisque
3084 3598 3401 3661 excusetur,
3433 3600 3489 3647 et

1849 3683 2087 3755 quisque
2124 3699 2227 3737 sua
2275 3682 2503 3750 relevet,
2551 3681 2743 3752 paucis
2777 3682 3132 3752 quibusdam,
3175 3684 3274 3754 qui
3321 3686 3487 3741 relin-

1849 3780 2115 3848 quantur,
2164 3780 2348 3831 totum
2386 3774 2815 3846 praestationum
2859 3791 3001 3829 onus
3042 3775 3384 3847 imponatur,
3428 3785 3486 3835 et

1848 3887 2129 3942 magnum
2182 3870 2386 3925 exinde
2438 3868 2800 3941 dispendium
2849 3869 3164 3925 sustineant
3196 3870 3255 3925 hi
3294 3872 3394 3943 qui
3426 3873 3485 3928 id

1851 3965 2000 4021 ferre
2029 3968 2336 4036 nequeant.

1919 4057 2260 4129 Quaavigitur
2292 4071 2394 4128 per
2422 4059 2764 4127 praesentem
2815 4071 3030 4111 sacram
3066 4058 3479 4131 pragmaticam

1848 4152 2091 4207 formam
2143 4151 2308 4206 nobis
2360 4149 2716 4222 placuerunt,
2767 4165 2829 4205 ea
2880 4154 2998 4205 tam
3033 4152 3362 4209 excellentia
3387 4160 3483 4210 tua

1848 4263 2020 4318 quam
2052 4246 2150 4317 qui
2180 4248 2307 4316 post
2340 4249 2394 4298 te
2425 4243 2691 4298 eumdem
2718 4244 3114 4315 magistratum
3166 4246 3484 4319 suscepturi

1848 4345 2002 4406 sunt,
2031 4345 2087 4394 et
2111 4340 2515 4410 obtemperans
2541 4334 2640 4391 tibi
2673 4339 2875 4393 cohors
2902 4340 3237 4395 custodient.
3264 4343 3384 4396 Dat.
3417 4344 3484 4397 ΙΙΙ

1848 4436 1981 4488 Nov.
2011 4436 2283 4490 Constant
2309 4432 2447 4504 imp.
2488 4432 2543 4487 d.
2586 4431 2876 4487 n.1ustin.
2911 4433 3013 4487 PP.
3042 4437 3188 4505 Aug.
3221 4450 3355 4489 ann.
3393 4439 3477 4504 ll,

102 4526 280 4579 etiam
306 4527 487 4581 multo
502 4527 682 4599 magis
699 4528 1087 4583 excellentiam
1106 4532 1285 4597 tuam,
1302 4534 1358 4584 et
1375 4531 1744 4602 quiunquam
1767 4557 1826 4630 D
1846 4532 1976 4601 post
2006 4528 2157 4582 Bilis.
2187 4545 2242 4583 v.
2275 4544 2324 4582 c.
2348 4542 2499 4582 cons.
2531 4542 2682 4580 anno
2708 4528 2765 4582 2.

103 4619 209 4673 hoc
236 4620 535 4690 dignitatis
558 4621 871 4692 fastigium,
902 4622 991 4676 cui
1017 4627 1079 4677 tu
1118 4624 1288 4678 modo
1314 4640 1515 4695 prases,
1544 4629 1746 4679 tenue-

101 4712 238 4767 rint.
274 4715 344 4768 Et
387 4713 620 4785 insuper
667 4732 893 4786 poenam
933 4716 1150 4771 cohorti
1180 4722 1293 4772 tua:
1336 4718 1749 4789 quinquaginta

102 4807 293 4878 pondo
329 4807 452 4861 auri
491 4808 828 4880 irrogamus,
861 4809 906 4863 si
935 4811 1316 4882 negligentius
1354 4811 1576 4883 egerit:
1610 4811 1747 4867 item

104 4901 393 4973 duplicem
423 4905 617 4956 contra
648 4919 743 4957 eos
771 4904 869 4975 qui
896 4921 1152 4975 unquam
1179 4905 1447 4960 thronum
1468 4908 1634 4960 tuum
1660 4923 1749 4960 su-

105 4994 354 5068 scepturi
381 5001 530 5067 sunt,
562 5012 676 5067 quo
706 4997 896 5051 minus
917 4999 1278 5055 committant
1304 5005 1365 5055 ut
1386 5000 1695 5055 secundum
1715 5017 1745 5054 a

102 5090 264 5144 nobis
291 5089 499 5144 dictam
530 5090 861 5145 divisionem
889 5092 1041 5147 mille
1064 5096 1120 5148 et
1146 5100 1372 5148 centum
1393 5094 1745 5149 ofﬁcinarum

103 5199 380 5238 numerus
410 5184 648 5240 deﬁciat.
685 5184 791 5240 Sed
832 5185 877 5239 si
922 5187 1031 5241 hoc
1083 5186 1371 5254 doceatur,
1394 5193 1459 5243 ut
1489 5188 1573 5241 vel
1602 5189 1742 5259 ipse,

105 5278 186 5332 vel
213 5294 563 5334 successores
586 5279 688 5347 tui,
718 5279 777 5333 in
806 5280 950 5334 hanc
978 5296 1099 5334 rem
1126 5281 1539 5351 providentiam
1560 5282 1746 5335 confe-

104 5372 258 5439 ratis,
278 5373 710 5444 procuretiSque
738 5379 800 5428 ut
813 5390 913 5444 per
927 5374 1115 5427 omnia
1142 5374 1187 5428 is
1204 5374 1323 5428 sine
1342 5375 1740 5442 diminutione,

104 5466 220 5520 sine
248 5480 444 5533 onere,
465 5466 587 5521 sine
618 5466 1036 5522 machinatione
1061 5467 1267 5539 aliqua,
1288 5473 1413 5523 tum
1441 5485 1541 5539 per
1566 5468 1744 5522 excel-

105 5559 340 5614 lentiam
362 5566 543 5628 tuam,
572 5566 691 5615 tum
723 5578 825 5632 per
843 5560 1102 5633 quamvis
1119 5561 1286 5616 aliam
1300 5579 1600 5633 personam
1619 5578 1744 5632 per-

106 5659 365 5708 maneat:
398 5670 469 5709 ne
492 5653 697 5709 exinde
722 5671 866 5710 nova
886 5655 1175 5710 oboriatur
1192 5656 1430 5725 occasio,
1455 5660 1520 5711 ut
1538 5661 1745 5727 praeter

108 5746 496 5805 deﬁnitionem
543 5751 796 5803 nostram
838 5749 1027 5805 denuo
1067 5765 1284 5805 merces
1341 5765 1445 5822 pro
1488 5763 1743 5823 personae

2420 4680 2733 4737 NOVELLA
2761 4679 2908 4737 LXV.

2061 4779 2134 4831 De
2163 4777 2247 4831 his
2276 4792 2395 4846 qua:
2417 4777 2608 4831 relicta
2636 4779 2766 4830 sunt
2795 4775 3026 4831 ecclesia:
3052 4775 3263 4845 Mysia}.

1919 4903 2137 4960 Scimus
2163 4909 2329 4959 antea
2352 4905 2559 4976 legem,
2590 4910 2695 4960 etc.
2742 4906 2951 4961 Relicta
3006 4908 3253 4962 ecclesiae
3296 4907 3483 4981 Mysia:

1847 4998 1917 5053 ad
1963 4998 2410 5069 redemptionem
2457 4999 2808 5067 captivorum
2862 5006 2919 5055 et
2969 5019 3284 5074 pauperum
3347 5006 3480 5059 sub-

1848 5092 2245 5147 stentationem
2305 5090 2644 5159 venduntor,
2697 5093 2744 5146 si
2789 5095 3014 5166 longius
3053 5098 3122 5152 ab
3168 5114 3234 5151 eo
3276 5098 3395 5153 loco
3421 5100 3480 5153 in

1846 5187 2063 5242 aedibus
2110 5189 2209 5239 aut
2257 5184 2435 5239 vineis
2481 5184 2793 5239 consistant
2844 5204 2856 5239 :
2908 5193 2973 5243 ut
3022 5195 3215 5246 tamen
3265 5191 3363 5263 qui
3418 5209 3483 5247 ea

1845 5280 2096 5350 reliquit,
2147 5295 2215 5332 ex
2270 5277 2592 5332 venditione
2636 5278 2960 5333 relictorum
3000 5282 3236 5351 jusserit
3282 5301 3482 5357 erOga-

1842 5374 2060 5429 tionem
2089 5372 2228 5427 ﬁeri.
2266 5374 2313 5426 ls
2340 5372 2439 5444 qui
2482 5372 2538 5425 in
2576 5372 2708 5441 jure
2739 5373 3077 5443 postulatur,
3124 5379 3169 5431 si
3199 5394 3257 5431 se
3280 5377 3481 5433 absen-

1843 5472 1942 5535 tet,
1974 5467 2399 5534 condemnator,
2432 5466 2692 5520 videlicet
2716 5464 2923 5517 malam
2956 5482 3076 5521 rem
3103 5486 3297 5539 agens,
3326 5472 3481 5541 quod

1844 5565 2150 5615 contestata
2189 5561 2284 5614 lite
2323 5563 2379 5612 et
2406 5557 2658 5628 legitime
2701 5560 2948 5624 vocatus,
2980 5574 3096 5613 non
3120 5561 3480 5632 obtempera-

1843 5655 2006 5709 verit.
2032 5653 2159 5721 PP.,
2188 5668 2382 5708 mense
2412 5649 2612 5722 Aprili,
2642 5665 2792 5704 anno
2824 5649 3048 5722 imperii
3093 5652 3148 5708 d.
3181 5653 3481 5712 Iustiniani

1845 5749 1931 5815 l2,
1961 5748 2176 5803 Joanne
2202 5763 2256 5802 v.
2289 5763 2340 5801 c.
2378 5760 2492 5801 cos.
