4034 6228
416 384 421 390 ·
460 359 562 429 983

1595 358 1849 426 SECULI
1887 365 2079 423 SEXTI
2115 364 2668 426 SUPPLEMENTUM.

3728 374 3840 432 984

461 480 592 537 Ηᾶτο
609 493 713 553 pro
737 473 1030 536 communi
1052 490 1192 551 pace
1218 476 1696 533 sanctissimarum
1714 477 2092 532 Ecclesiarum

2210 489 2361 535 ταῦτα
2401 479 2606 543 δικαίως
2633 484 2868 554 ἄγονται.
2913 490 3093 537 Ταῦτα
3130 484 3260 559 ὑπὲρ
3303 491 3391 544 τῆς
3430 492 3599 547 κοινῆς
3641 487 3840 561 εἰρήνης

461 574 782 639 statuimus,
827 574 943 628 haec
989 572 1367 639 decernimus,
1415 574 1723 641 sequentes
1768 574 2094 624 sanctorum

460 668 695 722 Patrum
729 667 1022 737 dogmata,
1057 669 1118 719 ut
1154 681 1327 720 omne
1354 664 1743 718 sacerdotium
1792 663 2095 734 impertur-

464 759 665 815 batum
708 761 778 815 de
829 764 1037 814 ca=tero
1089 759 1252 813 nobis
1286 760 1643 829 permaneat.
1694 757 1815 820 Quo
1852 757 1911 810 in
1952 773 2093 827 pace

463 859 707 919 servato,
733 853 951 923 reliqua
1004 852 1170 907 nobis
1221 851 1551 905 exuberabit
1582 850 1901 921 respublica
1934 850 2097 903 desu-

463 963 569 1019 per
601 962 802 1017 pacem
830 945 1049 999 habens
1080 965 1094 999 :
1139 961 1312 1015 quam
1354 945 1622 998 omnibus
1659 960 1907 1013 magnus
1947 944 2095 997 Deus

465 1045 523 1093 et
560 1040 817 1094 Salvator
855 1042 1051 1093 noster
1079 1040 1239 1093 Jesus
1292 1038 1545 1093 Christus
1590 1037 1882 1091 Trinitatis
1925 1052 2092 1102 unus,

460 1131 796 1202 unigenitus
815 1132 913 1185 Dei
940 1128 1110 1185 Filius
1134 1130 1425 1202 praedicat,
1458 1146 1523 1185 ac
1555 1130 1733 1184 donat
1778 1130 1913 1199 [Al.,
1950 1145 2091 1199 prae-

462 1224 595 1279 beat
615 1242 679 1279 ac
706 1224 898 1295 donet]
931 1225 1018 1279 his
1047 1225 1145 1296 qui
1172 1225 1388 1279 sincere
1413 1224 1603 1294 ipsum
1634 1227 1692 1277 et
1716 1239 1848 1277 vere
1882 1222 2092 1293 glorifi-

464 1333 592 1372 care
613 1334 678 1373 ac
711 1318 954 1373 adorare
987 1319 1147 1390 digni
1173 1318 1352 1372 habiti
1385 1321 1535 1371 sunt.

535 1412 832 1468 Custodiat
864 1413 1054 1483 itaque
1083 1412 1377 1467 beatitudo
1410 1414 1527 1478 tua,
1560 1427 1688 1483 quae
1723 1412 1881 1464 recta
1922 1409 2098 1464 adno-

461 1509 583 1561 tata
614 1510 777 1571 sunt;
806 1510 864 1560 et
882 1507 1074 1562 mittat
1098 1506 1222 1576 ipsa
1247 1522 1352 1577 per
1382 1522 1511 1559 suas
1532 1507 1647 1561 Deo
1679 1504 1917 1559 dilectas
1945 1503 2093 1558 litte-

462 1615 555 1653 ras
612 1600 880 1654 omnibus
942 1599 1307 1653 sanctissimis
1361 1598 1741 1670 metropolitis
1804 1597 1906 1651 sub
1974 1597 2097 1667 ipsa

466 1692 870 1748 existentibus:
915 1709 1161 1764 quorum
1197 1692 1429 1745 cuilibet
1454 1708 1589 1745 cura
1618 1691 1727 1745 erit
1757 1692 1880 1761 ipsa
1914 1690 2098 1743 mani-

460 1785 609 1841 festa
638 1786 826 1841 facere
857 1786 1228 1840 sanctissimis
1271 1785 1532 1840 Ecclesiis
1565 1785 1669 1839 sibi
1707 1783 1993 1853 subjectis,
2034 1787 2099 1837 ut

2656 583 2670 599 9

2194 584 2292 627 τῶν
2325 575 2623 648 ἁγιωτάτων
2656 576 2961 634 Ἐκκλησιῶν
2994 576 3377 648 νομοθετοῦμεν,
3412 584 3583 629 ταῦτα
3610 577 3841 650 ψηφιζό-

2193 669 2319 740 μεθα
2352 677 2464 735 τοῖς
2493 678 2593 720 τῶν
2623 669 2779 741 ἁγίων
2825 673 3061 743 Πατέρων
3101 668 3593 736 κατακολουθοῦντες
3625 668 3841 744 δογμα-

2195 779 2301 830 ο-ιν,
2338 762 2478 828 ὅπως
2506 763 2569 813 ἄν
2599 767 2658 813 τὸ
2704 764 2953 835 ἱερατικὸν
2984 759 3122 814 ἅπαν
3165 759 3436 835 ἀτάραχον
3469 766 3590 835 ἠμιν
3612 772 3706 816 τοῦ
3734 765 3844 817 λοι-

2194 857 2294 903 ποῦ
2327 847 2575 923 διαμένοι.
2616 849 2787 926 Οὔπερ
2818 851 2866 903 ἐν
2911 852 3080 926 εἰρήνῃ
3110 852 3484 924 φυλαττομένου
3513 861 3602 905 καὶ
3632 861 3692 908 τὸ
3736 856 3845 909 λοι-

2193 948 2290 995 πὸν
2321 946 2439 1014 ἡμῖν
2471 939 2731 1001 εἰθηνήσει
2772 944 3053 1017 πολίτευμα
3080 950 3171 1003 τὴν
3217 946 3404 996 ἄνωθεν
3443 950 3567 1016 ἔχον
3607 949 3835 1023 εἰρήνην,

2196 1035 2254 1093 ἣν
2283 1042 2443 1089 πᾶσιν
2475 1038 2501 1087 ὁ
2528 1040 2691 1109 μέγας
2722 1041 2850 1103 Θεὸς
2877 1042 2965 1088 καὶ
2987 1043 3157 1111 Σωτὴρ
3189 1040 3326 1111 ἡμῶν
3347 1044 3549 1107 Ἰησοῦς
3578 1047 3834 1116 Χριστὸς,

2196 1129 2221 1180 ὁ
2249 1136 2342 1193 τῆς
2373 1125 2600 1203 Τριάδος
2630 1131 2723 1196 εἷς,
2757 1131 2781 1181 ὃ
2806 1135 3081 1202 μονογενὴς
3110 1138 3201 1183 τοῦ
3224 1136 3355 1183 Θεοῦ
3374 1136 3564 1203 Λόγος,
3596 1138 3842 1207 κηρύττει

2196 1239 2269 1283 τε,
2306 1226 2391 1273 καὶ
2416 1230 2631 1296 χορηγεῖ
2657 1230 2768 1287 τοῖς
2796 1226 3023 1293 γνησίως
3044 1217 3223 1289 αὖτὸν,
3258 1227 3344 1274 καὶ
3372 1221 3574 1291 ἀληθῶς
3604 1222 3839 1288 δοξάζειν

2196 1332 2271 1379 τε,
2298 1320 2383 1367 καὶ
2411 1323 2715 1388 προσκυνεῖν
2744 1314 3060 1386 ἠξιωμένοις.

2280 1414 2336 1460 Ἡ
2367 1412 2541 1458 ναίνυν
2573 1412 2639 1465 σὴ
2675 1410 3013 1481 μακαριότης,
3047 1410 3116 1459 τά
3158 1407 3318 1481 ὀρθῶς
3354 1410 3707 1480 παραστάντα
3734 1428 3843 1479 φν-

2197 1500 2443 1564 λαττέτω,
2467 1504 2877 1571 καταπέμπονσα
2900 1505 3068 1552 ταῦτα
3095 1496 3185 1552 διὰ
3213 1498 3445 1571 θεοφιλῶν
3476 1496 3647 1565 αἰτῇς
3671 1520 3844 1575 γραμ-

2195 1596 2370 1666 μάτων
2400 1599 2531 1644 πᾶσι
2569 1601 2672 1651 τοῖς
2709 1588 2800 1645 ὑπ’
2835 1588 2995 1650 α’ἷτὴν
3025 1596 3353 1664 τεταγμένοις
3390 1593 3701 1659 ὃσιωτάτοις
3727 1613 3842 1665 μη-

2196 1685 2548 1760 τροπολίταις,
2610 1685 2677 1735 ὧν
2731 1685 2929 1755 ἑκάστῳ
2984 1689 3253 1756 γενήσεται
3314 1689 3521 1759 φροντὶς
3577 1694 3692 1751 τοῖς
3746 1680 3840 1737 ὑπ’

2197 1776 2385 1844 αὖτοὺς
2412 1782 2748 1848 τεταγμέναις
2777 1778 3087 1842 ὁσιωτάταις
3105 1777 3450 1842 Ἐκκλησίαις,
3486 1784 3657 1829 ταῦτα
3690 1784 3843 1835 ποιῆ-

463 1879 761 1933 neminem
793 1896 859 1934 ex
889 1879 1159 1934 omnibus
1184 1879 1405 1932 lateant
1438 1894 1569 1949 quae
1611 1876 1928 1933 sacerdotio
1978 1876 2098 1930 visa

2210 1890 2289 1923 ται
2324 1872 2528 1944 φονερά,
2564 1870 2695 1922 ὥστε
2733 1866 2927 1942 μηδένα
2968 1878 3068 1921 τῶν
3110 1874 3317 1923 πάντων
3357 1865 3636 1933 διαλαθεῖν,
3671 1872 3740 1921 τα
3784 1888 3842 1922 τε

465 1977 599 2030 sunt
629 1976 687 2027 et
713 1973 784 2027 ab
809 1973 1053 2045 imperio
1073 1972 1431 2028 conﬁrmata.

1005 2163 1201 2217 Divina
1223 2161 1567 2231 subscriptio.

2196 1972 2260 2036 τῇ
2288 1960 2649 2037 ἀρχιερωτιῖνῃ
2688 1958 2929 2030 δόξαντα,
2963 1967 3084 2015 τάτε
3124 1963 3225 2015 ὑπὸ
3265 1971 3361 2030 τῆς
3389 1962 3657 2036 βασιλείας
3688 1981 3843 2016 κεκυ-

2198 2060 2417 2131 ρωμένα.

2761 2155 2819 2201 Ἡ
2856 2150 2965 2202 θεία
2990 2150 3274 2223 ὑπογραφὴ.

545 2295 816 2353 Divinitas
844 2302 899 2353 te
928 2300 1116 2353 servet
1141 2314 1244 2368 per
1273 2298 1485 2352 multos
1512 2312 1713 2362 annos,
1744 2297 1938 2350 sancte
1968 2296 2025 2348 et
2057 2291 2324 2363 religiose
2356 2293 2544 2346 Pater.

538 2388 683 2443 Dato
711 2392 910 2443 octavo
933 2386 1063 2443 ldus
1081 2390 1384 2457 Augustas,
1410 2388 1450 2440 C
1465 2384 1936 2456 onstantinopoli,
1966 2388 2096 2456 post
2113 2382 2470 2437 consulatum
2487 2380 2789 2447 Belissarii,
2811 2379 2913 2433 viri
2931 2379 3227 2434 clarissimi
3241 2380 3417 2449 [anno
3434 2379 3670 2435 Domini
3686 2379 3810 2452 536]
3823 2422 3836 2434 .

1017 2580 1335 2635 NOVELLA
1373 2581 1548 2636 XLIII.

467 2680 540 2733 De
561 2677 791 2745 ofﬁcinis
815 2677 926 2730 sive
953 2676 1190 2729 tabernis
1211 2674 1819 2744 Constantinopolitanae
1845 2673 2016 2734 urbis.
2050 2676 2101 2727 et

536 2753 597 2802 ut
623 2748 771 2801 mille
798 2752 1008 2801 tantum
1032 2752 1081 2800 et
1110 2752 1320 2801 centum
1345 2749 1575 2816 ofﬁcina:
1599 2750 1953 2800 sacrosanctae
1981 2761 2099 2797 ma-

528 2819 671 2887 joris
699 2819 930 2872 ecclesiae
963 2823 1311 2882 emcuscntur;
1339 2833 1516 2871 omnes
1550 2818 1792 2885 reliquae,
1821 2817 1897 2868 ad
1917 2832 2099 2883 quem-

538 2905 743 2959 cunque
761 2890 1036 2944 dominum
1057 2891 1387 2958 pertineant,
1409 2893 1655 2943 consueta
1674 2889 1871 2942 obeant
1894 2889 2101 2941 munia.

541 3029 604 3083 In
640 3026 873 3081 nomine
902 3025 1127 3082 Domini
1155 3028 1286 3081 Jesu
1312 3025 1518 3082 Christi
1544 3024 1641 3081 Dei
1675 3024 1872 3079 nostri.
1914 3026 2101 3096 Impe-

472 3125 629 3178 rator
649 3122 856 3186 Caesar,
880 3121 1121 3187 Flavius,
1152 3120 1524 3187 Justinianus,
1547 3119 1969 3184 Alemannicus,
2002 3111 2107 3171 Go-

470 3214 674 3280 thicus,
729 3214 1052 3279 Francicus,
1089 3214 1479 3279 Germanicus,
1532 3213 1780 3279 Lazicus,
1823 3211 2102 3278 Alanicus,
2128 3251 2183 3325 Ο

472 3310 517 3325 ‘1
616 3307 711 3325 1,1’
882 3307 1043 3325 AB'-,
1124 3324 1127 3325 ,
1212 3307 1327 3325 "9,,
1390 3307 1481 3325 0,l'
1583 3308 1849 3325 _1__'___-_
1908 3305 2084 3325 -2A1__.

472 3307 835 3373 Vandalicus,
867 3307 1184 3372 Africanus,
1211 3307 1358 3378 pius,
1388 3307 1541 3373 felix,
1572 3308 1872 3377 gloriosus,
1908 3305 2103 3373 victor,

474 3401 878 3472 triumphator,
932 3417 1230 3472 nunquam
1279 3417 1396 3455 non
1452 3399 1724 3456 colendus
1800 3402 2104 3470 Augustus,

475 3495 738 3567 Longino
766 3495 1037 3566 prtefecto
1060 3494 1205 3548 urbi.

547 3588 834 3654 Quoniam
855 3589 1129 3659 potentiae
1151 3589 1383 3659 nostrae,
1422 3586 1635 3642 subditi
1668 3586 1866 3653 nostri,
1891 3586 2007 3641 sive
2032 3585 2109 3640 vi-

474 3685 626 3750 vant,
658 3684 771 3738 sive
804 3683 1148 3751 moriantur,
1171 3698 1321 3737 curre
1349 3685 1500 3749 sunt,
1536 3698 1607 3735 ne
1628 3682 1713 3735 vel
1748 3697 1948 3752 graves
1974 3680 2109 3752 ipsis

473 3778 799 3850 sepulturae,
831 3777 919 3830 vel
948 3775 1199 3831 defuncti
1229 3775 1489 3847 cognatis
1518 3775 1813 3830 damnosae
1844 3774 2107 3840 existant,

472 3875 785 3943 propterea
832 3874 890 3924 et
922 3870 1041 3924 haec
1083 3886 1211 3942 quae
1245 3886 1445 3924 eorum
1492 3869 1849 3940 sepulturam
1884 3883 2112 3923 concer-

477 3967 642 4031 nunt,
660 3980 774 4035 quo
806 3964 1280 4030 convenitmodo,
1306 3964 1712 4036 disposuimus.
1742 3963 1809 4015 Et
1841 3961 2110 4032 quietam

479 4058 624 4114 diva
661 4056 959 4111 memoriae
986 4058 1392 4113 Constantinus
1431 4057 1637 4128 amplae
1692 4056 1860 4126 hujus
1900 4059 2111 4110 nostra:

476 4151 633 4206 urbis
677 4150 940 4206 conditor
981 4168 1155 4222 quam
1202 4152 1375 4206 etiam
1412 4149 1799 4222 pientissimus
1849 4149 2114 4220 princeps

478 4244 800 4302 Anastasius
830 4245 1245 4299 lecticariorum
1274 4262 1370 4299 seu
1406 4245 1750 4298 decanorum
1784 4244 1863 4311 (ut
1892 4244 2111 4313 vocant)

476 4356 783 4395 numerum
825 4339 895 4393 ad
938 4342 1149 4393 certam
1200 4354 1527 4392 mensuram
1556 4320 1920 4408 redegerunt,
1955 4336 2112 4391 mille

481 4440 537 4490 et
557 4440 785 4489 centum
808 4432 1206 4488 tantummodo
1234 4431 1464 4486 decanis
1490 4430 1846 4501 totidemque
1876 4430 2116 4485 ofﬁcinis

482 4528 748 4596 detiuitis,
784 4533 843 4582 ut
863 4527 1020 4582 nullo
1042 4527 1131 4581 ha:
1157 4542 1418 4597 unquam
1449 4529 1707 4596 tempore
1737 4528 2118 4594 augmentum

2200 2554 2343 2609 cinae
2377 2553 2747 2623 tabernaeque
2771 2552 3036 2618 existant,
3070 2568 3185 2606 non
3218 2551 3389 2605 hasce
3418 2552 3570 2606 solas
3602 2552 3838 2624 (nempe

2199 2650 2432 2703 centum
2464 2652 2520 2701 et
2548 2645 2723 2715 mille)
2756 2646 3013 2700 officinas
3044 2645 3329 2716 przedictis
3357 2645 3599 2716 publicis
3626 2646 3839 2700 muniis

2202 2741 2483 2797 obeundis
2513 2744 2802 2810 exemptus
2829 2740 3088 2806 esse,sed
3121 2740 3298 2793 etiam
3320 2740 3526 2793 multas
3541 2756 3835 2794 sacrosan-

2200 2838 2317 2890 ctas
2349 2835 2631 2901 ecclesias,
2660 2835 2841 2887 multa
2862 2850 3021 2887 sacra
3047 2833 3369 2904 hospitalia,
3391 2833 3764 2899 monasteria,
3783 2836 3841 2887 et

2204 2930 2343 2984 alias
2371 2946 2556 2983 sacras
2580 2927 2754 2994 aedes,
2784 2943 3029 2998 quarum
3055 2928 3346 2998 pleraeque
3375 2927 3532 2998 prius
3558 2925 3841 2981 haereticis

2203 3022 2569 3092 mancipatre,
2602 3020 2810 3075 deinde
2837 3021 2910 3075 ad
2954 3020 3333 3075 orthodoxam
3381 3020 3557 3074 ﬁdem
3594 3037 3843 3075 reversa:

2206 3121 2357 3183 sunt,
2390 3116 2594 3169 multas
2615 3132 2841 3187 quoque
2860 3116 3050 3186 regias
3068 3115 3292 3182 domus,
3316 3114 3620 3185 etinsuper
3656 3115 3843 3185 magi-

2208 3213 2510 3279 stratuum,
2527 3226 2592 3263 ac
2616 3213 2969 3278 senatorum,
2988 3212 3045 3262 et
3058 3208 3384 3275 illustrium,
3404 3207 3848 3263 etcuhiculario-

2208 3322 2337 3359 rum
2355 3321 2387 3358 a
2409 3303 2769 3375 praestatione
2792 3302 3147 3374 vestigalium
3173 3302 3364 3369 eximi,
3390 3302 3716 3374 harumque
3746 3302 3842 3357 do-

2208 3399 2400 3453 minos
2428 3397 2771 3469 peculiarem
2824 3397 2928 3450 sibi
2957 3396 3161 3450 exinde
3204 3395 3455 3450 reditum
3487 3412 3841 3467 comparare,

2210 3496 2266 3547 et
2279 3492 2559 3547 oblzedere
2578 3508 2700 3545 rem
2710 3489 3458 3562 publicam,exemptionum
3474 3488 3844 3544 multitudine

2209 3603 2335 3641 rem
2358 3586 2541 3657 ipsam
2561 3584 2817 3655 angustis
2831 3584 3141 3639 admodum
3163 3582 3421 3637 terminis
3442 3582 3842 3653 concludente,

2213 3684 2273 3735 ut
2300 3678 2627 3752 paucissimi
2660 3678 2922 3745 existant,
2953 3678 3049 3749 qui
3072 3677 3298 3748 publica
3323 3679 3642 3747 agnoscant
3674 3682 3732 3730 et
3760 3693 3847 3730 su-

2211 3774 2463 3828 stineant
2487 3772 2704 3837 munia,
2731 3775 2785 3825 et
2815 3771 3037 3842 priores
3063 3770 3512 3831 contributiones
3537 3769 3843 3841 aliquoties

2212 3868 2271 3922 in
2301 3867 2473 3937 triplo
2507 3871 2563 3921 et
2593 3865 2937 3937 quadruplo,
2966 3865 3076 3919 hoc
3102 3869 3362 3935 tempore
3389 3863 3564 3918 etiam
3600 3862 3841 3933 decuplo

2213 3961 2462 4031 majores
2489 3960 2653 4014 factae
2674 3959 2820 4013 sint:
2857 3974 3188 4030 quanquam
3218 3957 3377 4011 divus
3405 3957 3671 4028 princeps
3697 3962 3840 4014 Ana-

2215 4055 2415 4109 stasius
2444 4055 2505 4108 in
2539 4056 2750 4107 statuta
2782 4052 2852 4106 ab
2874 4052 2996 4124 ipso
3027 4052 3276 4107 formula
3309 4051 3448 4105 nulli
3475 4051 3717 4107 omnino
3752 4051 3844 4107 alii

2213 4147 2645 4204 immunitatem
2668 4146 2963 4212 concedat,
2996 4150 3202 4217 praeter
3232 4148 3463 4199 centum
3495 4149 3551 4199 et
3574 4146 3731 4200 mille
3762 4146 3844 4200 of-

2214 4243 2431 4308 ﬁcinas,
2461 4258 2588 4312 quze
2626 4257 2730 4311 per
2765 4256 2995 4294 causam
3043 4238 3443 4309 exsequiarum
3481 4242 3849 4293 sacrosancta:

2216 4336 2424 4407 majori
2454 4335 2707 4389 ecclesia)
2739 4333 3022 4388 attributa:
3064 4336 3216 4386 sunt.
3255 4333 3333 4386 Ea
3375 4337 3611 4403 propter
3650 4336 3709 4385 et
3749 4347 3848 4387 nos

2217 4430 2566 4503 putavimus,
2592 4432 2713 4481 tum
2740 4427 3070 4498 proceribus
3088 4425 3296 4480 nostris
3316 4430 3373 4479 ct
3395 4424 3848 4496 insupcrbeatis-

2218 4525 2365 4579 simo
2388 4523 2556 4593 hujus
2569 4522 2735 4576 almae
2754 4520 2907 4575 urbis
2926 4520 3352 4591 archiepiscopo
3382 4518 3443 4572 id
3467 4519 3685 4590 negotii
3716 4519 3849 4574 dan-

479 4623 836 4695 reciperent;
884 4626 1190 4693 propterea
1236 4637 1370 4674 sane
1420 4618 1717 4690 cupientes
1754 4621 1814 4671 ut
1849 4634 2120 4672 numerus
2138 4624 2199 4696 Β
2223 4619 2381 4684 dum,
2406 4620 2470 4671 ut
2488 4619 2642 4670 certo
2669 4616 2793 4670 loco
2813 4615 3189 4668 convenirent
3216 4616 3272 4667 et
3298 4629 3420 4667 rem
3441 4613 3623 4683 ipsam
3642 4613 3851 4668 exami-

481 4733 682 4772 eorum
721 4732 865 4787 quos
905 4732 976 4769 ex
1021 4731 1368 4787 unoquoque
1408 4712 1647 4784 collegio
1685 4711 1953 4767 convenit
1994 4728 2117 4766 esse

479 4808 818 4879 lecticarios,
854 4808 997 4863 diva:
1024 4808 1318 4863 memoriae
1339 4806 1613 4863 Anastasii
1642 4806 1901 4861 formula:
1930 4805 2116 4877 subju-

481 4907 627 4973 ceat,
651 4902 816 4957 ﬁrma
848 4919 917 4957 ea
946 4906 1004 4956 et
1024 4903 1133 4957 ﬁxa
1160 4919 1398 4958 manere
1424 4899 1726 4955 voluimus.

552 5002 834 5057 Caeterum
862 5000 997 5074 quia
1017 5001 1296 5064 adeuntes
1330 5016 1434 5056 nos
1465 5000 1633 5054 almae
1661 4998 1832 5070 hujus
1861 5003 1918 5053 et
1947 4997 2119 5070 regiae

484 5100 693 5151 nostra;
726 5096 882 5150 urbis
919 5095 1224 5167 collegiati,
1268 5111 1514 5167 quorum
1545 5095 1889 5148 excellenter
1917 5096 1973 5147 et
2002 5109 2119 5163 prae

482 5190 703 5247 caeteris
731 5207 927 5245 curam
946 5189 1216 5261 gerimus,
1246 5188 1565 5260 potentiam
1596 5183 1853 5241 nostram
1880 5187 2121 5241 edocue-

482 5290 637 5354 runt,
672 5300 945 5356 magnam
970 5286 1027 5337 et
1056 5282 1478 5338 intolerandam
1500 5299 1559 5336 se
1594 5281 1995 5336 necessitatem
2025 5297 2118 5334 su-

484 5380 715 5436 stinere.
764 5379 1195 5434 Sacrosanctam
1236 5376 1455 5432 etenim
1490 5376 1770 5447 majorem
1821 5375 2119 5430 ecclesiam

483 5478 714 5529 centum
745 5478 800 5530 et
830 5473 986 5528 mille
1017 5472 1275 5528 ofﬁcinas
1301 5471 1361 5526 in
1391 5471 1579 5525 fructu
1608 5470 1824 5524 habere
1854 5469 1925 5522 ab
1962 5467 2121 5523 omni

478 5566 744 5639 vectigali
798 5568 1028 5636 liberas,
1074 5584 1215 5640 quas
1272 5564 1485 5638 oppido
1534 5580 1707 5637 quam
1752 5562 1999 5618 libenter
2036 5561 2122 5617 illi

482 5661 819 5730 concedant,
871 5678 938 5716 eo
981 5661 1137 5735 quod
1181 5660 1256 5716 ad
1298 5659 1658 5734 peragendas
1703 5656 1762 5713 in
1812 5672 2120 5712 commune

483 5756 748 5813 omnium
767 5756 1071 5813 hominum
1090 5754 1391 5829 exsequias
1418 5753 1723 5829 proficiant
1737 5769 1757 5825 ς
1782 5750 1881 5808 sed
1912 5753 2122 5807 caetera

478 5863 537 5903 se
565 5865 746 5904 onera
767 5849 918 5906 ferre
947 5866 1061 5906 non
1078 5866 1267 5924 posse.
1292 5850 1437 5906 Nam
1458 5864 1589 5905 cum
1609 5846 1875 5921 plurimae
1892 5844 1951 5901 in
1968 5844 2121 5899 alma

478 5934 585 5991 hac
606 5939 747 5993 urbe
770 5940 1127 5997 diversarum
1139 5943 1420 5997 mercium
1443 5945 1501 5997 et
1520 5940 1983 6014 negotiationum
1998 5937 2119 5993 offl-

2222 4715 2446 4779 narent,
2480 4714 2652 4781 atque
2685 4708 2892 4781 placita
2922 4708 2994 4763 ad
3028 4724 3131 4763 nos
3159 4725 3257 4762 sua
3290 4708 3598 4775 referrent,
3627 4710 3753 4762 tum
3784 4707 3855 4761 ad

2222 4804 2611 4862 excellentiam
2644 4808 2804 4858 tuam
2852 4802 3119 4873 pra‘senti
3167 4800 3450 4855 utendum
3480 4801 3626 4871 lege,
3659 4802 3858 4855 contir-

2220 4905 2448 4955 mantes
2468 4915 2533 4952 ea
2559 4913 2685 4969 quae
2705 4896 3005 4950 Anastasio
3035 4894 3395 4966 pientissimo
3413 4894 3469 4948 in
3491 4894 3597 4948 hoc
3614 4894 3857 4965 principi

2221 4994 2577 5066 placuerunt.
2609 4992 2675 5046 Et
2702 4990 2988 5045 sancimus
3016 4994 3079 5044 ut
3104 4992 3337 5043 centum
3361 4988 3598 5060 quidem
3642 4987 3758 5041 illa:
3802 4991 3856 5041 et

2221 5088 2373 5143 mille
2404 5085 2649 5141 ofﬁcinae
2669 5087 3043 5139 sacrosancta:
3065 5082 3268 5152 majori
3291 5081 3541 5136 ecclesia:
3559 5080 3851 5135 occasione

2222 5182 2573 5236 decanorum
2590 5177 2705 5231 sive
2722 5168 3162 5242 lecticarioriiin,
3195 5179 3252 5229 et
3278 5174 3351 5228 ad
3382 5173 3740 5245 peragendas
3765 5173 3854 5233 de-

2221 5277 2547 5331 functorum
2569 5271 2867 5343 exsequias
2880 5271 3189 5341 deputatae,
3214 5267 3481 5322 omnibus
3500 5267 3689 5323 modis
3711 5268 3851 5322 inte-

2221 5386 2325 5439 gro
2353 5383 2599 5422 numero
2632 5369 2689 5420 et
2719 5364 2874 5421 omni
2905 5362 3271 5436 praestatione
3301 5361 3491 5417 liberae
3521 5377 3851 5415 conserven-

2221 5467 2314 5518 tur
2343 5480 2354 5519 :
2389 5464 2598 5534 praeter
2630 5461 2808 5532 ipsum
2841 5459 2997 5514 nulla
3026 5457 3138 5513 alia
3152 5461 3402 5529 queunte
3433 5455 3720 5510 decanum
3748 5453 3850 5509 exi-

2222 5574 2379 5630 gere,
2414 5556 2526 5611 sivc
2554 5572 2620 5609 ex
2647 5553 2926 5609 haereticis
2961 5556 3209 5624 recepta,
3240 5550 3355 5606 sive
3390 5565 3732 5622 quacunque
3772 5563 3850 5602 sa-

2221 5656 2518 5708 crosancta
2545 5648 2803 5706 ecclesia.
2827 5647 2941 5703 Sed
2967 5646 3123 5720 quod
3137 5662 3324 5719 nuper
3344 5643 3747 5699 constituimus
3767 5657 3849 5696 va-

2219 5748 2354 5814 leat,
2376 5749 2432 5801 et
2451 5744 2756 5817 octoginta!
2778 5741 3014 5814 quidem
3033 5739 3274 5797 officina:
3297 5754 3543 5811 corpora
3560 5740 3845 5811 prazstent,

2218 5842 2490 5897 trecentae
2508 5843 2699 5894 autem
2721 5836 2779 5893 in
2800 5835 3095 5892 exactione
3116 5834 3493 5907 pecuniarum
3521 5831 3845 5887 consistant.

2220 5936 2363 5991 Nam
2379 5933 2537 6005 quod
2561 5931 2763 5989 exinde
2782 5928 3121 5997 corraditur,
3152 5927 3226 5983 ad
3254 5926 3392 6002 quid
3412 5925 3692 5999 proﬁcere
3720 5939 3846 5980 cou-
