4034 6228
153 408 259 465 985

1016 412 1384 472 JUSTINIANI
1421 414 1749 472 NOVELL/E
1787 417 2122 475 SELECTIE.
2163 421 2474 478 NOVELLA
2510 422 2660 478 XLV.

3441 431 3544 487 986

150 517 367 583 veniat,
392 533 549 573 sacra
564 516 686 590 jam
704 525 895 579 nOStra
921 524 1270 595 pragmatica
1295 524 1482 580 forma
1504 526 1796 597 disposuit.
1822 539 1881 611 Α
1901 527 2180 597 bibentes,
2211 547 2429 585 sacram
2457 530 2601 585 hanc
2630 531 3038 604 pragmaticam
3065 532 3312 593 formam
3341 553 3545 610 propo-

151 612 505 683 Scmporque
539 614 688 686 quod
729 615 1026 671 intercedit
1069 624 1433 673 restaurctur.
1469 623 1537 673 At
1564 636 1674 691 qua
1708 637 1797 673 ra-

149 705 308 758 tione
339 706 465 768 fieri
493 708 696 765 debeat
728 710 1075 777 restaumtio,
1104 712 1235 765 satis
1264 729 1365 782 per
1393 714 1671 767 Anastasii
1696 713 1800 784 pia:

147 800 459 853 memoria:
482 801 767 870 jussiones
790 820 1127 874 expressum
1155 808 1259 859 est.
1284 806 1378 859 lla:
1414 806 1587 875 igitur
1608 812 1669 861 ut
1697 807 1799 861 im-

146 909 357 946 munes
384 894 532 948 etab
563 896 717 948 onmi
746 898 1009 967 vectigali
1040 905 1307 953 maneant
1334 903 1635 970 exemptae,
1666 917 1796 955 san-

142 986 352 1051 cimus,
381 1004 566 1058 neque
593 988 681 1043 his
709 989 841 1059 ipsis
866 990 1121 1059 oflicinis,
1155 1008 1337 1063 neque
1364 992 1660 1064 vectigalia
1686 994 1795 1048 im-

141 1081 481 1150 perantibus
511 1081 762 1151 collegiis
807 1100 935 1153 qua:
989 1086 1118 1139 istas
1158 1086 1438 1157 praebent,
1484 1086 1797 1158 quidquam

141 1172 345 1227 damni
380 1175 788 1230 sustinentibus
826 1183 924 1232 aut
952 1178 1091 1231 ullos
1118 1179 1309 1232 titulos
1340 1180 1793 1250 agnoscentibus.

138 1266 383 1322 Czrtcrze
408 1286 538 1323 vero
565 1287 761 1324 omnes
781 1272 952 1342 hujus
980 1272 1143 1326 almae
1172 1272 1326 1326 urbis
1365 1273 1795 1344 quatuordecim

138 1363 453 1431 regionum
482 1364 740 1431 oflicinze,
775 1365 888 1419 sive
920 1369 1289 1420 sacrosanctus
1311 1366 1548 1438 alicujus
1572 1367 1684 1422 sint
1710 1383 1796 1420 ec-

136 1455 355 1524 clesim,
398 1457 514 1510 sive
553 1457 943 1529 hospitalium,
986 1459 1097 1514 sive
1139 1460 1645 1528 monasteriorum,
1678 1460 1791 1513 sive

136 1549 792 1621 orphanotrophiorum,
832 1552 946 1606 sive
988 1553 1365 1623 ptochiorum,
1407 1554 1521 1608 sive
1560 1552 1793 1607 alterius

136 1642 537 1714 cujuscunque
567 1644 802 1698 dominii
829 1688 840 1712 ,
873 1645 985 1699 sive
1025 1646 1314 1716 regiarum
1355 1647 1645 1714 domuum,
1678 1646 1792 1700 sive

133 1736 468 1805 aliquorum
514 1737 967 1805 magistratuum,
1002 1740 1210 1809 ampla,
1259 1739 1461 1805 media,
1506 1740 1792 1793 minutave

135 1824 331 1879 officia
359 1826 875 1881 administrantium
898 1871 912 1894 ,
940 1828 1052 1882 sive
1080 1829 1609 1899 gloriosissimorum
1637 1845 1792 1883 sena-

1901 622 2110 690 nimus,
2142 624 2461 678 aniissiouis
2504 642 2730 697 pcenam
2762 627 3024 681 similiter
3053 630 3315 684 omnibus
3346 634 3542 688 ordine

1901 715 2136 770 subditis
2165 717 2625 783 interminantes,
2662 719 2707 772 si
2745 735 2813 773 ex
2847 736 3077 792 quoquo
3107 723 3343 793 collegio
3372 725 3544 797 impe-

1902 808 2136 862 ritantcs
2175 810 2333 864 solita
2360 811 2453 865 illa
2491 816 2547 866 et
2578 812 2648 865 ab
2674 813 2837 866 initio
2866 818 3071 868 statuta
3103 818 3396 887 vectigalia
3422 836 3546 890 per-

1900 902 2088 972 cipere
2114 903 2532 974 prohibuerint,
2562 910 2661 959 aut
2686 906 2981 977 vectigalia
3013 913 3292 963 conentur
3319 910 3378 965 in
3400 929 3539 982 pen-

1898 996 2083 1049 siones
2110 997 2352 1067 privatas
2364 1004 2691 1053 convertere
2706 1016 2721 1067 ;
2737 1000 2833 1053 sed
2853 1001 3094 1073 quisque
3110 1020 3211 1073 pro
3231 1020 3287 1058 se
3306 1005 3541 1075 quidem

1899 1089 2233 1159 pensionum
2256 1090 2505 1145 illatione
2520 1093 2846 1162 perfruitur,
2862 1094 3115 1148 officinas
3130 1101 3320 1151 autem
3338 1114 3438 1152 seu
3459 1106 3541 1155 ta-

1896 1176 2101 1231 bernas
2138 1178 2301 1232 solito
2326 1185 2664 1251 receptoque
2692 1198 2850 1235 more
2889 1184 3336 1240 contributiones
3363 1203 3535 1256 agno-

1895 1286 2049 1325 scere
2092 1272 2405 1327 concedito.
2452 1274 2942 1338 Quemadmodum
2981 1278 3134 1332 enim
3166 1280 3407 1351 quisque
3434 1298 3537 1352 pro

1894 1379 1951 1417 se
1972 1363 2141 1417 rebus
2166 1364 2280 1418 suis
2306 1366 2593 1437 prospicit,
2628 1367 2706 1421 ita
2725 1372 2781 1422 et
2800 1386 2913 1423 non
2937 1386 3163 1426 necesse
3186 1376 3270 1426 est
3298 1373 3350 1426 ei
3380 1374 3539 1443 quod

1893 1458 2100 1528 ampla:
2132 1463 2188 1512 et
2207 1459 2379 1529 regia":
2409 1459 2540 1514 huic
2570 1461 2697 1515 urbi
2725 1464 2960 1534 expedit
2990 1470 3047 1518 et
3074 1466 3293 1519 confert
3309 1467 3537 1522 nutanti

1893 1551 2313 1621 quodammodo
2335 1558 2389 1606 ct
2399 1553 2520 1622 jam
2545 1556 2769 1625 lapsuro
2786 1573 2984 1611 manus
3007 1558 3318 1629 porrigere.
3341 1561 3535 1631 Neque

1893 1644 2045 1697 enim
2072 1644 2237 1699 aliter
2267 1661 2392 1715 quas
2422 1646 2645 1717 publice
2674 1649 2983 1718 expediunt
3009 1667 3346 1721 progressus
3373 1652 3530 1707 habi-

1891 1741 2021 1791 tura
2049 1737 2177 1792 sint.
2204 1739 2378 1792 Nemo
2399 1739 2589 1810 itaque
2619 1757 2688 1795 ex
2709 1741 2798 1795 his
2818 1743 2918 1813 qui
2948 1743 3044 1796 tali
3064 1744 3338 1798 hactenus
3361 1762 3532 1801 onere

1890 1829 2130 1899 liberati,
2159 1832 2369 1902 quique
2402 1832 2513 1887 huc
2540 1850 2720 1905 usque
2759 1835 2815 1889 id
2840 1835 2988 1890 ferre
3019 1837 3194 1891 coacti
3220 1843 3370 1893 sunt.
3395 1839 3531 1902 Quae

133 1930 356 1993 torum,
405 1926 521 1979 sive
574 1927 1270 1996 magniﬁcentissimorum
1315 1927 1640 1993 illustrium,
1670 1907 1861 1981 siveB
1886 1922 2061 1992 igitur
2091 1924 2251 1977 nobis
2290 1926 2662 1996 placuerunt,
2703 1931 2759 1981 et
2808 1945 2963 1983 sacra
2991 1930 3096 1983 hac
3128 1931 3531 2000 exprimuntur

129 2019 536 2089 spectabilium
565 2020 1057 2088 cubiculariorum,
1081 2020 1194 2074 sive
1220 2021 1539 2091 aliquorum
1570 2021 1785 2075 militiis

130 2113 587 2183 adscriptorum;
616 2114 725 2182 hie,
756 2114 1008 2185 inquam,
1042 2131 1240 2168 omnes
1270 2114 1488 2184 publica
1514 2114 1645 2185 ipsis
1670 2114 1780 2169 im-

132 2208 329 2278 posita
358 2211 626 2278 praestent
651 2207 960 2278 vectigalia,
983 2211 1039 2262 et
1068 2207 1256 2262 omnia
1280 2208 1387 2261 alia
1415 2212 1532 2261 tum
1556 2208 1779 2275 faciant,

130 2306 259 2355 tum
292 2300 591 2371 impleant,
616 2301 1102 2372 quemadmodum
1140 2318 1426 2372 quemque
1451 2301 1509 2355 in
1537 2318 1638 2354 suo
1664 2302 1779 2355 col-

128 2394 290 2463 legio
310 2394 496 2448 facere
519 2410 747 2465 aequum
769 2399 871 2462 est,
904 2395 1136 2449 nemine
1159 2397 1407 2465 queunte
1437 2412 1502 2448 ea
1528 2395 1597 2449 de
1619 2412 1783 2450 causa

128 2488 305 2541 inniti
333 2488 664 2559 privilegiis,
704 2492 802 2542 aut
829 2488 1109 2557 ejusmodi
1139 2488 1249 2542 alia
1284 2488 1367 2542 uti
1396 2488 1776 2543 excusatione.

129 2583 330 2653 Neque
359 2582 515 2636 enim
540 2581 883 2636 sustinemus
925 2582 1165 2636 aliorum
1208 2598 1352 2635 onus
1396 2582 1465 2635 ad
1510 2582 1645 2636 alios
1678 2582 1776 2636 de-

130 2675 295 2740 ferri,
328 2680 427 2729 aut
461 2678 572 2730 tam
614 2674 893 2730 immitem
944 2692 1262 2746 proponere
1310 2674 1619 2729 formulam
1646 2718 1659 2741 ,
1716 2681 1780 2729 ut

129 2769 410 2840 quodidie
454 2770 748 2839 vectigalia
788 2773 1126 2840 augeantur,
1180 2774 1235 2823 et
1274 2768 1778 2839 (quemadmodum

129 2863 319 2917 edocti
351 2864 564 2929 sumus)
606 2863 925 2935 quadruplo
951 2906 964 2930 ,
1006 2867 1105 2917 aut
1142 2862 1470 2933 quincuplo,
1519 2863 1776 2934 adeoque

130 2958 305 3012 etiam
325 2957 563 3027 decuplo
582 2956 792 3027 majora
815 2956 1156 3027 irrogentur,
1181 2973 1311 3010 cum
1347 2956 1492 3010 nihil
1517 2961 1633 3010 tam
1654 2973 1771 3010 ma-

131 3068 248 3122 gno
277 3050 487 3118 studio,
518 3055 745 3122 tamque
768 3050 918 3104 serio
946 3050 1291 3119 affectemus,
1326 3066 1498 3121 quam
1535 3065 1606 3104 ne
1632 3066 1776 3104 novo

126 3145 440 3216 quisquam
466 3144 731 3216 vectigali
767 3148 1055 3198 oneretur.
1100 3144 1319 3197 Novum
1362 3148 1553 3197 autem
1604 3143 1777 3198 fuerit

127 3255 249 3293 non
274 3243 503 3292 tantum
535 3238 685 3308 quod
713 3254 863 3292 nunc
902 3238 1153 3308 primum
1179 3236 1510 3307 impositum
1540 3241 1643 3305 est,
1677 3237 1773 3291 sed

129 3333 305 3388 etiam
330 3331 481 3403 quod
498 3332 750 3402 primum
772 3330 1004 3384 modum
1023 3330 1263 3385 excedit.
1282 3329 1390 3385 Sed
1412 3330 1612 3385 eadem
1633 3347 1772 3384 con-

127 3426 348 3481 ditione
368 3442 431 3479 ac
451 3425 683 3479 fortuna
712 3440 910 3479 omnes
936 3428 1124 3492 sunto,
1153 3428 1209 3478 et
1247 3440 1403 3478 sacra
1429 3424 1551 3478 haec
1580 3429 1776 3479 nostra

124 3518 487 3591 pragmatica
524 3518 708 3572 forma
737 3516 931 3588 (quam
962 3517 1153 3587 legem
1181 3518 1353 3571 etiam
1389 3516 1674 3588 appellare
1704 3517 1773 3571 li-

124 3613 328 3682 cuerit)
372 3617 570 3667 contra
622 3628 819 3666 omnes
863 3609 1181 3665 communis
1229 3614 1370 3679 esto,
1413 3616 1476 3666 ut
1514 3611 1777 3665 omnibus

124 3707 427 3778 largiatur,
468 3723 583 3777 quo
635 3705 892 3760 molestia
920 3709 1142 3760 vacent.
1193 3705 1386 3775 Neque
1425 3704 1577 3758 enim
1613 3704 1775 3759 facile

127 3817 257 3856 eam
298 3799 425 3871 quis
462 3815 613 3870 (egre
640 3799 852 3867 tulerit,
888 3798 933 3852 si
960 3798 1249 3853 neminem
1289 3797 1463 3851 alium
1500 3781 1776 3868 praeterea

129 3898 465 3964 exemptum
494 3891 804 3960 intueatur,
827 3891 935 3946 nisi
962 3891 1112 3963 quod
1128 3891 1185 3945 in
1202 3894 1431 3945 centum
1449 3893 1505 3943 et
1526 3890 1679 3945 mille
1697 3890 1776 3946 of-

126 3987 311 4043 ﬁcinis
327 3986 725 4058 exsequiarum
739 3986 1139 4041 defunctorum
1165 3984 1305 4039 ratio
1326 3983 1621 4050 habeatur,
1647 4000 1775 4054 qua:

128 4080 383 4137 maxime
403 4079 723 4134 communis
744 4082 830 4133 est
849 4078 1131 4147 omnibus,
1152 4083 1207 4133 et
1230 4094 1299 4132 ex
1321 4093 1484 4148 aequo
1502 4076 1776 4132 universis

126 4180 329 4248 parata
376 4173 724 4229 hominibus.
756 4173 815 4229 Si
841 4173 967 4245 quis
996 4189 1130 4227 vero
1161 4175 1396 4226 conetur
1414 4171 1776 4227 excusatione

82 4258 87 4262 ’
124 4269 318 4340 aliqua
341 4267 445 4333 uti,
476 4271 532 4321 et
560 4267 806 4338 seipsum
832 4284 864 4321 a
902 4265 1220 4337 prsestanda
1249 4264 1511 4319 alleviare
1556 4263 1773 4319 contri-

124 4362 382 4427 butione,
406 4365 461 4415 et
486 4365 583 4415 aut
614 4378 729 4416 non
760 4360 1141 4425 committere,
1170 4376 1283 4431 quo
1299 4359 1481 4430 magis
1496 4357 1566 4412 ab
1586 4357 1771 4429 inqui-

122 4456 258 4511 linis
288 4454 406 4509 suis
439 4455 722 4526 exigatur,
753 4457 851 4508 aut
877 4459 1146 4524 praestare
1174 4452 1343 4507 etiam
1373 4452 1772 4523 patrocinium,

126 4550 243 4604 sive
291 4548 558 4617 militare,
608 4548 724 4602 sive
768 4547 949 4615 civile,
991 4546 1103 4601 sive
1143 4546 1603 4613 ecclesiasticum,
1658 4545 1774 4599 sive

1886 2016 2031 2087 lege,
2063 2033 2129 2070 ea
2152 2019 2483 2073 excellentia
2514 2024 2630 2088 tua,
2660 2020 2779 2074 imo
2801 2038 2918 2075 non
2946 2022 3068 2092 ipsa
3096 2027 3317 2077 tantum
3345 2029 3529 2079 custo-

1884 2109 2022 2177 dies,
2051 2110 2145 2163 sed
2187 2117 2241 2165 et
2268 2112 2595 2184 quicunque
2626 2118 2754 2184 post
2792 2120 2845 2168 te
2874 2115 3025 2169 idem
3054 2115 3306 2170 officium
3334 2133 3526 2171 susce-

1883 2203 2038 2273 pturi
2076 2209 2227 2269 sunt,
2258 2210 2314 2258 et
2344 2205 2745 2276 obtemperans
2785 2207 2886 2261 tibi
2914 2208 3137 2276 cohors,
3161 2209 3282 2278 jam
3309 2209 3441 2263 inde
3468 2210 3528 2265 in

1883 2312 2051 2351 omne
2077 2297 2367 2368 reliquum
2396 2302 2624 2370 tempus
2650 2301 2947 2355 custodiet.
2977 2302 3101 2356 Dat.
3130 2318 3221 2356 xvi
3250 2303 3373 2357 Kal.
3393 2305 3524 2358 Jun.

1880 2390 2334 2462 Constantinop.,
2367 2397 2493 2463 post
2524 2393 2670 2448 Bilis.
2700 2410 2754 2448 v.
2785 2410 2833 2449 c.
2874 2410 3029 2449 cons.
3069 2411 3205 2452 ann.
3241 2400 3291 2451 1.

2455 2507 2763 2563 NOVELLA
2813 2510 2961 2564 XLV.

1883 2599 1960 2651 Nc
1984 2600 2185 2674 Judaei,
2210 2599 2572 2674 Samaritani.
2596 2607 2646 2656 et
2671 2604 2926 2669 hwretici,
2954 2620 3050 2672 per
3069 2620 3287 2659 causam
3314 2607 3526 2674 religio-

1951 2672 2036 2722 m’s
2064 2676 2114 2723 et
2138 2671 2312 2724 cultus
2335 2673 2424 2724 sui
2450 2674 2650 2726 curiali
2673 2676 2902 2739 fortuna
2939 2671 3256 2733 liberentur.
3286 2678 3380 2730 sed
3408 2671 3526 2731 cum

1949 2742 2249 2815 curialibus
2277 2744 2588 2796 muneribus
2631 2745 2959 2808 subdantur,
2997 2749 3301 2815 privilegiis
3344 2763 3524 2801 eorum

1948 2827 2052 2884 non
2073 2814 2458 2879 perfruantur.
2482 2816 2614 2867 Item
2642 2820 2703 2868 ut
2723 2817 2886 2869 {idem
2906 2814 3115 2884 possint
3140 2823 3327 2871 contra
3350 2819 3524 2870 ortho-

1949 2883 2132 2944 domos,
2152 2884 2247 2951 qui
2277 2885 2475 2937 curz‘uli
2496 2887 2731 2950 fortuna?
2760 2883 2969 2940 subditi
3009 2893 3135 2941 sunt
3161 2890 3521 2941 testimonium

1947 2953 2142 3027 dicere,
2173 2958 2234 3007 ut
2258 2956 2635 3027 quiiprzeclarc
2653 2972 2757 3025 pro
2778 2957 3078 3012 orthodoxa
3102 2959 3381 3027 republica
3412 2962 3516 3013 tes-

1948 3026 2227 3077 timonium
2250 3026 2588 3093 perhibeant.

1946 3131 2257 3201 Imperator
2292 3131 2638 3186 Justinianus
2674 3133 2964 3203 Augustus
2998 3134 3200 3189 Joanni
3247 3136 3516 3207 prmfecto

1874 3224 2161 3294 praetorio,
2191 3224 2401 3278 iterum
2440 3225 2746 3280 exconsule
2773 3231 2830 3281 et
2857 3226 3109 3298 patricio.

1946 3317 2157 3372 Retulit
2188 3333 2373 3389 nuper
2398 3318 2521 3372 vivo
2556 3319 2710 3390 apud
2737 3336 2839 3374 nos
2879 3336 3144 3375 sermone
3189 3322 3521 3380 excellentia

1875 3414 1991 3479 tua,
2018 3412 2315 3483 plerosque
2356 3410 2506 3465 inter
2552 3412 2884 3467 decuriones
2928 3414 3157 3469 Judteos
3195 3415 3366 3484 forte,
3421 3420 3520 3471 aut

1875 3502 2267 3573 Samaritanos,
2299 3508 2397 3558 aut
2422 3505 2808 3571 Montanistas,
2837 3511 2936 3560 aut
2988 3508 3202 3579 alioqui
3232 3509 3514 3564 detestan-

1877 3595 1976 3650 dos
2004 3597 2442 3665 esse-homines,
2482 3615 2622 3669 quos
2668 3599 2924 3653 nondum
2960 3615 3032 3654 ne
3084 3617 3235 3655 nunc
3286 3601 3517 3673 quidem

1875 3694 2029 3745 recta
2057 3695 2251 3745 nostra
2279 3697 2334 3746 et
2358 3692 2645 3763 inculpata
2669 3692 2811 3747 fides
2837 3693 3187 3761 illuminarit,
3219 3694 3322 3749 sed
3353 3695 3410 3748 in
3436 3697 3518 3749 te-

1878 3782 2066 3837 nebris
2092 3783 2395 3854 resideant,
2424 3802 2612 3857 neque
2641 3786 2869 3840 illorum
2894 3786 3087 3841 animo
3114 3787 3230 3840 ullo
3249 3803 3515 3842 verorum

1875 3876 2275 3947 mysteriorum
2310 3895 2478 3932 sensu
2517 3885 2843 3950 tangantur.
2886 3880 3026 3933 Item
3062 3879 3194 3951 quia
3221 3880 3517 3935 hasreticos

1875 3970 2003 4024 odio
2023 3970 2440 4042 prosequimur,
2463 3973 2617 4045 quod
2640 3989 2744 4044 per
2769 3956 3167 4027 hanc-causam
3199 3977 3256 4028 et
3275 3978 3519 4045 praetex-

1874 4068 1995 4118 tum
2034 4062 2323 4133 petierunt
2369 4064 2674 4120 curialibus
2717 4082 2774 4121 se
2815 4066 3046 4120 liberari
3072 4066 3420 4121 muneribus.
3450 4067 3517 4122 Et

1875 4173 1989 4229 quo
2007 4156 2181 4211 modo
2207 4158 2504 4213 conveniat
2519 4175 2587 4213 ea
2612 4176 2738 4231 quae
2758 4160 2853 4214 illo
2874 4159 3162 4232 pertinent
3174 4159 3512 4216 discernere.

1873 4250 2154 4305 Caeterum
2185 4251 2552 4329 vehementer
2600 4254 2788 4308 mirati
2818 4270 3016 4308 sumus
3047 4254 3197 4326 quod
3238 4253 3517 4324 ejusmodi

1871 4343 2101 4398 illorum
2123 4343 2372 4400 rationes
2392 4346 2692 4416 prudentia
2708 4352 2765 4403 et
2790 4347 3015 4419 ingenii
3035 4347 3117 4401 tui
3137 4363 3379 4401 acumen
3400 4364 3517 4401 sus-

1873 4442 2130 4510 tinuerit,
2161 4459 2224 4496 ac
2249 4460 2365 4497 non
2387 4444 2643 4515 protinus
2668 4462 2764 4500 eos
2792 4446 2890 4517 qui
2917 4445 3053 4500 talia
3078 4445 3397 4517 proferrent
3424 4446 3512 4501 di-

1874 4531 2191 4603 scerpscrit.
2222 4532 2359 4585 Nam
2389 4532 2434 4585 si
2461 4533 2558 4586 ulli
2588 4538 2720 4588 sunt
2762 4534 3022 4589 homines
3049 4534 3147 4605 qui
3193 4551 3296 4606 per
3324 4540 3511 4590 extre-

126 4642 511 4716 quodcunque
545 4641 775 4697 tandem
804 4642 861 4695 in
893 4641 1226 4695 universum
1255 4639 1494 4693 officinas
1524 4639 1796 4712 dominio:

1890 4641 2031 4678 nam
2050 4624 2474 4695 improbitatem
2496 4626 2607 4679 illis
2633 4643 2690 4680 se
2713 4627 2914 4698 dignos
2936 4644 3054 4682 esse
3082 4628 3409 4682 muneribus
3429 4644 3516 4682 ar-

126 4735 390 4801 excidito,
408 4738 641 4807 estoque
662 4734 794 4806 ipsis
805 4734 1047 4806 publica,
1063 4734 1166 4789 toti
1182 4733 1401 4789 addicta
1414 4733 1674 4805 collegio.
1701 4734 1775 4787 Eo

127 4831 283 4887 enim
310 4834 472 4900 pacto
494 4834 550 4884 et
573 4828 852 4884 cautiores
879 4833 1067 4897 erunt,
1096 4833 1152 4882 et
1188 4828 1359 4882 vetita
1388 4843 1505 4882 non
1530 4830 1772 4882 attenta-

127 4925 292 4980 bunt.
324 4924 498 4977 Porro
524 4922 570 4977 si
590 4922 917 4977 minutatim
947 4925 1005 4977 et
1029 4921 1239 4993 pariter
1274 4921 1335 4976 in
1371 4937 1572 4975 omnes
1609 4920 1776 4975 vecti-

134 5018 281 5090 galia
311 5016 745 5085 distribuantur,
776 5033 898 5071 non
930 5016 1111 5069 solum
1142 5014 1439 5087 paululum
1466 5015 1591 5083 erit,
1620 5014 1776 5086 quod

139 5111 457 5184 prazstitum
479 5110 669 5178 fuerit,
690 5110 787 5165 sed
806 5110 976 5165 etiam
991 5113 1147 5163 tanto
1180 5109 1545 5175 moderatius,
1577 5108 1772 5175 levius,

137 5204 505 5270 tolerabilius,
522 5203 829 5270 faciliusve,
857 5203 1008 5283 quod
1023 5203 1314 5258 confertur
1335 5202 1553 5272 existet,
1567 5208 1775 5274 quanto

136 5316 168 5353 a
194 5298 452 5371 pluribus
468 5297 774 5369 colligitur.
812 5300 898 5352 An
928 5313 1060 5351 vero
1094 5313 1209 5351 non
1235 5297 1415 5352 multo
1440 5296 1772 5351 absurdissi-

136 5410 296 5447 mum
322 5391 518 5459 fuerit,
544 5391 804 5446 homines
825 5390 1072 5463 propriis
1086 5391 1402 5446 laborantes
1424 5390 1704 5459 manibus,
1721 5396 1777 5445 et

134 5502 338 5541 uxores
366 5501 430 5541 ac
467 5485 675 5540 liberos
713 5484 949 5555 alentes,
990 5487 1049 5539 et
1091 5485 1310 5558 reliqua
1360 5483 1608 5555 denique
1647 5483 1777 5539 vitm

136 5578 446 5636 necessaria
466 5578 598 5633 inde
630 5578 922 5650 acquirere
944 5581 1279 5650 satagentes,
1306 5577 1619 5633 etiamnum
1647 5592 1771 5632 ma-

126 5674 341 5747 joribus
367 5688 606 5728 onerare
633 5671 1036 5745 vectigalibus?
1073 5677 1129 5728 et
1173 5677 1385 5745 quanto
1416 5671 1605 5742 plures
1627 5671 1778 5726 inter

135 5763 417 5820 alleviatas
460 5760 803 5830 referuntur,
854 5765 1009 5817 tanto
1048 5762 1220 5817 etiam
1281 5761 1527 5832 majores
1571 5759 1776 5815 exinde

132 5857 389 5914 lesiones
428 5854 679 5911 aboriri?
726 5855 899 5927 idque
941 5871 1086 5911 onus
1117 5854 1406 5911 infinitum
1448 5854 1559 5922 sit,
1591 5869 1777 5925 neque

136 5951 309 6024 possit
333 5950 515 6007 ullum
535 5949 745 6006 habere
765 5948 1116 6006 terminum?
1146 5950 1272 6005 Haec
1300 5964 1401 6003 nos
1425 5947 1619 6004 omnia
1640 5963 1773 6021 pro-

1872 4718 2176 4786 bitrantur,
2206 4734 2332 4789 quae
2352 4719 2592 4772 summis
2620 4721 3022 4775 tantummodo
3042 4722 3412 4792 dignitatibus
3432 4738 3517 4778 re-

1875 4810 2218 4866 servavimus
2247 4828 2260 4865 :
2291 4811 2416 4883 quis
2454 4828 2568 4866 non
2593 4812 2967 4883 perditissimo
2991 4831 3086 4869 eos
3113 4815 3337 4871 oderit?
3357 4816 3513 4872 Unde

1873 4905 2036 4961 nobis
2064 4907 2232 4960 sunto
2258 4904 2610 4973 decuriones,
2628 4908 3112 4977 quemadmodum
3132 4914 3188 4964 et
3208 4909 3513 4964 cohortali-

1874 5000 1998 5071 bus,
2026 5004 2092 5055 ut
2124 5000 2244 5070 jam
2275 5003 2405 5054 ante
2434 4998 2653 5069 legibus
2698 5017 3025 5071 expressum
3051 5006 3153 5057 est.
3199 5005 3393 5075 Neque
3430 5004 3516 5058 ul-

1874 5094 1963 5149 lus
1988 5092 2276 5165 religionis
2326 5091 2507 5146 cultus
2536 5092 2636 5147 tali
2676 5109 2769 5148 eos
2804 5094 3031 5148 fortuna
3060 5095 3312 5151 eximito.
3362 5096 3515 5152 Nihil

1876 5188 2029 5243 enim
2057 5188 2263 5242 horum
2278 5202 2463 5258 neque
2485 5185 2774 5257 antiquior
2792 5186 3003 5258 aliqua,
3026 5204 3210 5259 neque
3239 5191 3516 5246 recentior

1874 5282 1967 5337 lex
1987 5280 2242 5353 protulit.
2266 5279 2489 5351 lndigni
2511 5285 2704 5335 tamen
2731 5280 2788 5335 in
2812 5280 3142 5335 universum
3161 5283 3317 5337 omni
3336 5284 3516 5339 curia-

1876 5376 1916 5430 li
1943 5376 2221 5431 existunto
2244 5374 2479 5439 honore,
2512 5378 2569 5429 et
2588 5374 2719 5445 quia
2744 5374 2921 5428 multa
2944 5374 3101 5444 leges
3120 5374 3516 5432 decurionibus

1875 5474 2170 5547 privilegia
2196 5473 2474 5541 tribuunt,
2506 5477 2631 5528 tum
2654 5489 2727 5529 ne
2752 5472 2894 5528 ictus
2916 5470 3153 5527 fustium
3179 5470 3288 5525 illis
3310 5472 3519 5529 infera-

1876 5572 1990 5636 tur,
2024 5573 2147 5624 tum
2173 5584 2247 5624 ne
2272 5568 2426 5623 velut
2445 5566 2716 5624 sordidati
2734 5566 2815 5623 rei
2835 5565 3105 5622 sistentur
3113 5564 3353 5637 judicio,
3373 5582 3517 5621 neve

1876 5662 1936 5718 in
1961 5662 2129 5717 aliam
2160 5662 2441 5719 ducantur
2466 5662 2813 5735 provinciam
2835 5704 2850 5731 ,
2883 5665 2939 5717 et
2966 5658 3186 5716 infinita
3210 5656 3339 5725 alia,
3359 5660 3516 5714 nullo

1875 5757 2088 5813 horum
2115 5756 2504 5829 perfruuntur.
2537 5758 2653 5813 tmo
2673 5756 2718 5811 si
2738 5755 2878 5828 quid
2897 5754 3131 5811 omnino
3157 5752 3226 5809 de
3253 5751 3512 5808 decurio-

1875 5851 2045 5907 nibus
2068 5851 2343 5923 scriptum
2357 5857 2457 5919 est,
2475 5868 2604 5906 cum
2624 5866 2729 5923 per
2747 5849 3052 5922 privilegia
3071 5848 3178 5905 illis
3201 5846 3379 5920 gratia
3399 5862 3517 5900 non

1877 5944 1970 6012 sit,
2001 5943 2112 6000 hoc
2140 5948 2198 6002 et
2224 5946 2283 6003 in
2308 5945 2413 6002 illis
2438 5944 2707 6014 obtineto,
2750 5946 2808 6001 et
2854 5944 3131 6018 implento
3179 5945 3294 5999 tam
3323 5956 3517 6016 perso-
