4034 6228
560 376 659 435 987

1691 382 1947 443 S.ECULl
1987 380 2181 439 SEXTI
2224 380 2788 439 SUPPLEMENTUM.

3844 383 3945 437 988

558 485 707 541 nalia
722 504 893 559 quam
911 491 1326 562 patrimonialia
1340 506 1790 563 munera,neque
1807 508 1903 547 eos
1920 491 2010 546 lex
2023 491 2094 549 ab
2107 491 2195 546 his
2215 501 2276 575 Α
2297 489 2465 544 tionis
2491 488 2778 545 licentiam
2797 490 3246 562 permittentem.
3261 487 3602 543 Videbamus
3628 489 3787 544 enim
3814 505 3946 544 cau-

557 580 1015 641 eximatJionore
1027 592 1216 640 autem
1232 586 1385 641 nullo
1397 585 1895 657 perfruuntor,sed
1906 585 2195 641 fortunam

557 674 872 732 sustinente
893 695 1025 732 cum
1050 678 1299 748 infamia,
1334 696 1444 750 qua
1470 679 1639 734 etiam
1662 679 1919 734 animum
1938 683 2196 734 notatum

556 783 676 823 esse
692 770 1008 825 voluerunt.
1022 774 1203 842 Atque
1218 773 1298 828 ita
1314 789 1449 827 sane
1469 773 1538 828 de
1568 774 1677 828 hoc
1695 774 1832 844 ipsis
1859 773 2191 844 disponitor.

626 863 929 920 Enimvero
952 868 1007 918 et
1029 864 1167 919 illud
1199 866 1364 920 nobis
1391 867 1701 937 qumstione
1728 866 1832 920 tibi
1858 866 2099 937 dignum
2122 866 2197 920 vi-

555 972 685 1010 sum
716 957 1078 1012 denuntiasti.
1123 961 1199 1016 Ex
1230 976 1345 1031 quo
1375 960 1525 1014 enim
1571 961 1868 1015 haereticos
1899 977 1932 1013 a
1958 960 2195 1014 dicendo

553 1049 873 1103 testimonio
890 1051 1195 1122 arcuimus,
1220 1053 1277 1108 in
1299 1054 1504 1123 quibus
1525 1054 1706 1107 causis
1727 1053 2027 1107 orthodoxi
2046 1053 2197 1108 inter

553 1157 609 1194 se
636 1142 881 1213 litigant,
910 1145 1300 1215 permittentes
1321 1147 1430 1201 illis
1459 1147 1516 1201 in
1548 1151 1745 1202 nostra
1768 1146 2191 1215 constitutione,

551 1236 597 1288 si
622 1237 859 1306 quidem
887 1239 985 1309 qui
1015 1239 1166 1295 inter
1190 1257 1248 1295 se
1272 1241 1585 1296 miscentur
1611 1245 1667 1296 et
1692 1240 1937 1312 litigant,
1954 1245 2195 1312 uterque

550 1328 850 1385 haareticus
870 1332 960 1398 sit,
990 1338 1105 1387 tam
1130 1339 1285 1388 actor
1308 1350 1481 1405 quam
1507 1351 1657 1401 reus,
1688 1338 1753 1390 ut
1792 1333 2006 1405 possint
2034 1333 2192 1389 testi-

550 1423 809 1478 monium
838 1425 1044 1494 dicere,
1077 1444 1210 1498 cum
1238 1428 1383 1483 alter
1400 1428 1580 1483 altero
1614 1428 1822 1500 dignus
1860 1428 1952 1497 sit,
1981 1428 2094 1482 sive
2120 1427 2190 1482 li-

550 1516 778 1587 tigator,
806 1519 922 1573 sive
948 1521 1126 1577 testis.
1158 1523 1226 1577 Et
1271 1539 1466 1577 rursus
1494 1522 1543 1576 si
1576 1522 1878 1577 haareticus
1901 1522 1975 1577 sit
1996 1521 2191 1576 ortho-

551 1612 750 1681 doxus,
774 1618 1055 1669 utcontra
1079 1616 1372 1671 haereticos
1393 1616 1624 1687 quidem
1646 1616 1819 1670 nimis
1837 1631 2009 1687 quam
2031 1614 2189 1671 testi-

551 1705 813 1760 monium
840 1708 1141 1777 perhibere
1167 1709 1404 1780 possint,
1434 1710 1505 1764 de
1526 1708 1853 1764 orthodoxis
1889 1725 2004 1763 non
2028 1708 2190 1763 item.

550 1797 949 1867 Litigatoribus
976 1817 1111 1857 vero
1154 1803 1419 1875 utrinque
1448 1802 1773 1859 orthodoxis
1798 1801 2189 1871 existentibus,

2296 599 2417 638 sam
2442 582 2699 653 effusam,
2729 588 2786 637 et
2812 582 3088 654 paulatim
3128 582 3198 638 ad
3225 581 3365 636 alios
3395 581 3803 637 ecclesiasticas
3832 582 3943 638 mi-

2297 682 2523 748 grantes
2556 676 2956 748 possessiones,
2975 693 3159 748 neque
3180 676 3376 748 pretiis
3397 676 3593 730 solutis
3614 675 3825 746 dignis,
3851 693 3949 730 ne-

2295 786 2405 841 que
2437 787 2605 841 Opere
2633 770 2945 825 inevitabili
2977 770 3310 825 imminente
3337 769 3617 838 alienatis,
3648 769 3752 823 sed
3773 769 3944 823 etiam

2297 867 2487 918 contra
2506 864 2718 934 positas
2723 864 2843 934 jam
2858 864 3010 935 leges
3022 864 3204 919 decies
3221 864 3421 918 millies
3434 863 3762 919 circumven
3773 864 3948 918 tiones

2293 957 2485 1011 factas.
2519 957 2790 1021 Quocirca
2822 958 3071 1028 primam
3097 958 3445 1029 perimentes
3474 957 3642 1024 viam,
3680 957 3949 1011 omnibus

2294 1050 2558 1105 similiter
2597 1050 3009 1105 inaccessibiles
3035 1056 3227 1105 contra
3272 1068 3364 1105 eas
3408 1051 3651 1105 facimus
3697 1051 3945 1105 circum-

2296 1145 2601 1198 ventiones.
2618 1145 2727 1199 Sed
2755 1145 2889 1199 hinc
2914 1145 3170 1215 plerique
3187 1144 3421 1215 quidem
3451 1144 3953 1200 sanctissimarum

2294 1238 2678 1307 ecclesiarum,
2701 1237 3062 1310 aliarumque
3091 1238 3501 1293 venerabilium
3531 1239 3817 1293 domuum
3846 1237 3954 1291 uti-

2292 1331 2510 1388 litatem
2541 1332 2868 1387 habuerunt
2909 1332 3065 1386 nullo
3110 1333 3486 1404 possessiones
3527 1333 3630 1385 has
3686 1332 3955 1386 minuere

2292 1430 2674 1497 prsesumente
2708 1443 2721 1482 :
2754 1425 3000 1480 occurrit
3031 1432 3223 1481 tamen
3251 1424 3423 1480 etiam
3449 1425 3667 1496 aliquid
3694 1425 3947 1479 difﬁcile.

2294 1518 2491 1574 Debita
2527 1519 2719 1588 enim,
2760 1525 2859 1574 aut
2912 1518 3083 1591 longo
3136 1524 3392 1590 tempore
3442 1519 3750 1574 constituta
3777 1560 3792 1585 ,
3850 1524 3953 1573 aut

2293 1612 2462 1668 etiam
2506 1615 2703 1684 postea
2763 1629 2833 1667 ex
2890 1613 3137 1683 quadam
3174 1613 3529 1679 necessitate,
3572 1618 3629 1667 et
3690 1612 3950 1667 maxime

2293 1722 2395 1777 per
2455 1706 2676 1761 ﬁscales
2727 1706 3045 1761 occasiones
3101 1705 3180 1760 eis
3233 1705 3547 1761 accidentia
3600 1706 3677 1761 ad
3733 1706 3948 1760 aliena-

2292 1799 2466 1855 tionis
2503 1799 2895 1856 necessitatem
2925 1815 3108 1854 sacras
3161 1800 3553 1872 perduxerunt
3580 1800 3809 1855 domos.
3838 1801 3951 1855 Mo-

553 1892 614 1939 ut
640 1888 831 1942 nullus
856 1890 1088 1945 omnino
1114 1891 1222 1945 illis
1249 1892 1317 1947 ad
1344 1892 1732 1947 testimonium
1760 1892 2067 1946 dicendum
2093 1908 2188 1962 pa-
2207 1888 2263 1960 B
2285 1893 2385 1947 bili
2409 1893 2565 1949 enim
2603 1909 2719 1948 non
2763 1897 3020 1948 exstante
3065 1892 3377 1948 substantia
3424 1893 3748 1948 sufﬁciente
3797 1894 3951 1965 peri-

555 1983 666 2035 teat
679 1981 888 2037 aditus.
917 1983 1052 2038 Inde
1063 1984 1207 2039 adeo
1231 1985 1467 2040 docuisti
1489 2002 1615 2055 nos,
1637 1985 1790 2057 quod
1806 1984 2038 2056 quidam
2059 2001 2191 2038 cum

550 2074 854 2157 orthodoxi
882 2077 1016 2146 sint,
1058 2072 1385 2133 inﬁcientur
1411 2096 1483 2133 se
1499 2079 1730 2135 curialis
1758 2095 1877 2134 esse
1904 2079 2149 2134 fortunas
2172 2119 2187 2145 ,

550 2169 607 2219 et
630 2183 854 2223 necesse
884 2170 954 2225 sit
978 2171 1063 2225 vel
1089 2188 1299 2243 genere
1319 2172 1428 2226 illis
1449 2173 1798 2244 conjunctos,
1821 2174 1905 2228 vel
1925 2173 2023 2244 qui
2044 2172 2186 2226 alio-

548 2260 648 2331 qui
676 2261 744 2316 de
770 2262 1001 2318 illorum
1026 2265 1255 2319 fortuna
1277 2266 1523 2321 habeant
1541 2267 1826 2334 notitiam,
1849 2266 1909 2320 in
1937 2266 2189 2321 testimo-

548 2353 707 2409 nium
741 2357 998 2426 produci.
1030 2360 1096 2413 Et
1114 2360 1245 2430 quia
1264 2361 1355 2414 lex
1384 2360 1455 2414 de
1480 2361 1807 2415 orthodoxis
1831 2360 2054 2432 prolata
2076 2359 2190 2414 hee-

550 2448 857 2504 reticorum
879 2451 1203 2507 testimonia
1217 2458 1389 2522 arcet,
1411 2458 1712 2525 propterea
1724 2454 1946 2524 judices
1962 2470 2189 2508 verean-

550 2546 644 2595 tur
672 2543 793 2597 haec
825 2543 1148 2600 admittere.
1188 2546 1360 2617 Atqui
1397 2547 1551 2601 inani
1587 2548 1965 2602 sollicitantur
2004 2552 2185 2617 metu,

551 2635 650 2705 qui
666 2635 980 2691 istiusmodi
992 2639 1314 2694 testimonia
1332 2640 1615 2711 suscipere
1633 2644 1915 2696 recusant.
1934 2641 2188 2696 Primum

551 2728 805 2798 quidem,
827 2730 963 2801 quia
988 2748 1092 2801 pro
1117 2733 1447 2788 orthodoxis
1474 2734 1938 2806 interponuntur,
1954 2734 2011 2788 id
2039 2735 2189 2806 quod

551 2820 707 2893 leges
738 2823 1031 2878 haereticos
1075 2825 1261 2881 facere
1308 2843 1425 2881 non
1455 2831 1666 2883 vetant.
1713 2829 1833 2882 Mox
1862 2827 1906 2881 si
1937 2828 2065 2898 quis
2090 2844 2188 2882 eos

551 2915 649 2986 qui
680 2916 1015 2973 decuriones
1042 2925 1193 2988 sunt,
1213 2926 1519 2976 renuentes
1547 2922 1753 2977 deinde
1779 2921 2184 2991 conditionem,

551 3010 621 3064 ad
647 3011 863 3066 curiam
892 3013 1166 3080 retrahat,
1189 3018 1248 3067 et
1274 3015 1567 3069 hmreticos
1595 3016 1652 3069 in
1676 3015 2068 3070 testimonium
2095 3016 2188 3070 ad-

550 3109 728 3174 vocet,
762 3107 1046 3176 quomodo
1071 3124 1176 3179 pro
1204 3111 1398 3162 nostra
1423 3109 1529 3163 hoc
1558 3096 1848 3179 republica
1868 3125 1986 3165 non
2015 3109 2188 3164 facit?

553 3202 616 3251 ut
640 3197 764 3267 ipsa
789 3199 1021 3269 quidem
1067 3201 1385 3272 respublica
1410 3202 1706 3273 litigatoris
1745 3204 1932 3256 locum
1976 3206 2184 3272 teneat,

662 3253 680 3267 ι
805 3253 824 3269 ι
947 3253 950 3254 ν
1109 3253 1117 3254 κ
1162 3253 1181 3272 ι
1984 3253 2184 3272 η---Ἶ

553 3290 867 3345 orthodoxa
903 3292 1171 3361 existens,
1202 3300 1259 3348 et
1290 3296 1534 3350 maxime
1570 3296 1639 3349 ab
1671 3313 1736 3350 eo
1768 3301 2045 3367 tempore,
2075 3313 2188 3367 quo
2208 3253 2264 3327 Ο

551 3384 700 3437 Deus
726 3384 803 3438 illi
839 3402 939 3440 nos
955 3386 1237 3457 imperare
1263 3388 1561 3460 permisit;
1589 3389 1687 3463 qui
1708 3406 1838 3444 vero
1860 3407 1926 3444 eo
1958 3390 2190 3445 nomine

552 3477 942 3533 testimonium
971 3479 1186 3549 dicunt,
1209 3498 1313 3553 pro
1341 3482 1674 3538 orthodoxis
1698 3484 2091 3538 testiﬁcentur.
2112 3483 2191 3539 Si-

550 3571 783 3641 quidem
812 3577 1009 3628 nostra
1025 3575 1341 3645 respublica
1358 3582 1512 3631 recta
1538 3582 1642 3646 est,
1666 3583 1722 3632 et
1739 3577 2054 3632 orthodoxa
2067 3576 2189 3649 jam

547 3664 770 3720 imbuta
792 3667 925 3735 fide,
953 3668 1142 3723 omnia
1167 3668 1276 3724 alia
1304 3671 1511 3725 haaresi
1540 3687 1728 3727 exosa.
1764 3680 1863 3728 Καὶ
1892 3682 2045 3730 τοῦτο
2083 3680 2191 3729 τοί-

547 3779 637 3812 νυν
667 3761 698 3819 ἡ
727 3766 793 3821 σὴ
841 3762 1074 3837 ὑπεροχὴ
1103 3764 1565 3838 παριφυλαττὲτω,
1600 3770 1687 3819 τόν
1731 3786 1786 3820 τι
1826 3771 2064 3843 ἡμέτερον
2094 3788 2189 3841 ’γι-

548 3857 813 3907 νώσκουσο
830 3859 1003 3927 νόμον,
1023 3859 1109 3908 καί
1128 3860 1186 3908 τὸ
1202 3865 1263 3930 τῇ
1280 3857 1514 3930 πολιτείᾳ
1534 3863 1784 3935 συμφέρον
1802 3865 2181 3934 μνηστεύουσα,

548 3951 635 3998 καὶ
664 3945 976 4019 ἐπισταμένη
1005 3944 1094 4001 διὰ
1121 3959 1329 4002 παντών
1362 3954 1434 4019 ὡς
1464 3950 1628 4004 ἐκεῖνα
1667 3948 1785 4025 ἡμῖν
1826 3959 1912 4006 καὶ
1938 3958 2185 4030 πράττειν

548 4042 635 4090 καὶ
666 4039 948 4110 νομοθετεῖν
979 4035 1418 4107 διεσπούδασται,
1442 4044 1610 4095 ὁπόσα
1629 4051 1720 4101 τῆν
1742 4046 1987 4118 ἡμετέραν
2017 4044 2188 4116 ὠφελεῖ

546 4130 829 4185 πολιτείαν.
886 4129 1009 4183 Dat.
1062 4145 1133 4184 xv
1176 4131 1294 4185 Kal.
1341 4134 1508 4201 sept.,
1559 4132 2013 4205 Constantinop.,
2061 4138 2188 4205 post

549 4218 701 4276 Bilis.
730 4238 783 4277 v.
816 4238 867 4277 c.
897 4239 1056 4278 cons.

1101 4380 1415 4435 NOVELLA
1454 4381 1628 4436 XLVI.

615 4500 689 4553 De
713 4498 1190 4554 ecclesiastican
1214 4514 1398 4623 gerqmt
1411 4498 1763 4581 immobilium
1790 4498 2114 4555 aliaiatione

1186 4585 1213 4623 e
1254 4585 1310 4623 so
1328 4587 1373 4623 ιι
1400 4584 1538 4623 none.

1186 4584 1237 4623 er
1254 4584 1538 4624 εοιιιειοηε.

615 4696 935 4766 Imperator
968 4696 1316 4751 Justinianus
1348 4700 1635 4768 Augustus
1667 4695 1869 4750 Joanni
1903 4697 2184 4767 gloriosis-

541 4788 686 4842 simo
708 4805 999 4844 sacrorum
1019 4807 1125 4861 per
1147 4790 1434 4846 Orientem
1460 4790 1861 4863 praetoriorum
1888 4790 2179 4862 praafecto,

540 4881 749 4937 iterum
782 4884 1078 4938 exconsule
1106 4888 1159 4939 et
1190 4885 1442 4954 patricio.

614 4976 681 5029 Et
708 4976 852 5030 circa
878 4978 1032 5047 leges
1055 4977 1326 5044 studium,
1357 4983 1413 5031 et
1436 4978 1542 5032 alia
1566 4978 1761 5033 omnia
1790 4995 1820 5031 a
1863 4977 2023 5031 nobis
2053 4977 2182 5032 ideo

540 5068 796 5140 quotidie
838 5086 969 5124 cum
1014 5071 1205 5126 labore
1241 5075 1508 5143 aguntur,
1544 5076 1608 5126 ut
1646 5072 1939 5126 utilitatem
1977 5071 2183 5126 nostris

540 5162 808 5232 subjectis
837 5163 1191 5218 inveniamus
1223 5180 1236 5217 :
1269 5164 1422 5236 quod
1446 5164 1689 5219 ell'usum
1715 5165 1947 5236 quidem
1976 5170 2032 5220 et
2068 5164 2179 5219 im-

540 5272 803 5311 mensum
831 5262 914 5313 est
938 5260 1318 5327 removentes,
1346 5259 1498 5331 quod
1525 5264 1717 5314 autem
1742 5266 1799 5314 et
1821 5261 2103 5331 optimum
2126 5267 2183 5316 et

540 5351 825 5419 metitum,
875 5334 1266 5424 subrogantes.
1320 5353 1388 5408 Et
1432 5370 1580 5425 saape
1627 5370 1853 5426 quoque
1901 5370 1969 5409 ex
1996 5354 2181 5410 studio

540 5456 770 5521 propter
786 5450 1037 5521 priorem
1056 5450 1266 5507 immen
1273 5450 1497 5507 sitatem
1508 5450 1682 5506 etiam
1693 5452 1841 5507 ultra
1851 5468 2182 5508 mensuram

537 5544 724 5615 legem
746 5545 1209 5615 constrinximus,
1230 5550 1296 5601 ut
1315 5547 1466 5618 quod
1485 5546 1753 5618 primitus
1766 5546 2034 5603 afﬂuebat
2052 5546 2183 5602 reti-

537 5643 738 5693 nentes
756 5678 771 5705 ,
804 5636 886 5692 ita
911 5639 1301 5711 aequalitatem
1330 5640 1400 5695 de
1427 5644 1631 5695 caetero
1666 5639 2176 5696 iutroduceremus.

538 5729 731 5803 Nuper
760 5729 937 5801 igitur
954 5733 1285 5803 scripsimus
1304 5733 1491 5804 legem
1522 5732 1591 5788 de
1616 5732 1978 5789 sanctissimis
2003 5735 2175 5789 eccle-
2226 5744 2231 5749 '

540 5822 635 5875 siis
663 5821 929 5876 omnibus
951 5865 965 5892 ,
997 5831 1054 5880 et
1078 5826 1434 5881 monasteriis
1460 5868 1474 5894 ,
1506 5831 1561 5881 et
1586 5827 1818 5899 reliquis
1844 5827 2178 5883 venerabili-

544 5908 650 5963 bus
676 5911 956 5983 domibus,
991 5917 1208 5973 nullam
1235 5918 1315 5972 eis
1346 5934 1539 5975 rerum
1568 5919 1949 5977 immobilium
1977 5921 2181 5979 aliena-

2292 1986 2634 2041 clitabantur
2671 1987 2731 2042 in
2762 1985 3133 2041 novissimam
3160 1987 3353 2040 venire
3382 1980 3805 2042 Iﬁcessitatem.
3836 1988 3947 2042 Ha-

2290 2096 2420 2135 rum
2444 2079 2719 2152 prazsules
2748 2096 2932 2151 neque
2960 2079 3202 2135 vendere
3240 2084 3521 2151 potentes,
3552 2096 3745 2151 neque
3791 2081 3952 2136 unde

2290 2174 2477 2229 debita
2514 2173 2796 2229 solverent
2823 2173 3132 2241 habentes,
3174 2173 3275 2228 sed
3317 2190 3420 2245 pro
3454 2173 3664 2227 talibus
3704 2174 3947 2244 quidem

2289 2267 2493 2322 debitis
2522 2283 2687 2337 posse
2716 2283 2820 2338 pro
2848 2266 3126 2322 solutione
3146 2266 3523 2321 creditoribus
3563 2267 3687 2321 dari
3716 2284 3947 2338 posses-

2289 2361 2470 2415 siones
2494 2360 2924 2430 ecclesiasticas;
2954 2363 3147 2415 tamen
3185 2376 3317 2413 cum
3348 2360 3701 2431 competenti
3727 2360 3950 2415 subtili-

2289 2457 2403 2509 tate
2430 2459 2485 2509 et
2511 2454 2897 2509 observatione
2912 2453 3169 2508 facienda
3189 2454 3471 2508 solutione
3489 2453 3615 2525 jam
3637 2470 3790 2525 saepe
3812 2472 3952 2525 per-

2288 2547 2565 2616 misimus,
2594 2547 2737 2603 sicut
2766 2564 2948 2619 neque
2979 2549 3169 2619 palam
3200 2548 3305 2601 hac
3334 2552 3525 2601 nostra
3549 2548 3714 2619 prius
3732 2549 3951 2618 permi-

2288 2641 2463 2695 simus
2482 2642 2627 2712 lege.
2652 2640 2707 2695 Si
2734 2656 2866 2696 vero
2890 2656 3003 2694 non
3044 2640 3293 2711 privatus
3327 2640 3531 2712 aliquis
3561 2643 3645 2695 est
3670 2640 3944 2708 creditor,

2287 2735 2385 2789 sed
2404 2734 2741 2806 praeeminet
2775 2734 2962 2804 ﬁscus,
2986 2737 3043 2789 et
3061 2733 3237 2805 exigit
3257 2733 3464 2803 debita,
3497 2739 3579 2787 est
3602 2736 3797 2787 autem
3826 2733 3950 2788 ino-

2288 2829 2384 2900 pia
2407 2828 2797 2900 pecuniarum,
2820 2828 3076 2899 accipere
3103 2844 3232 2882 vero
3256 2827 3609 2881 immobilem
3634 2828 3945 2899 possessio-

2288 2939 2422 2977 nem
2445 2921 2787 2992 impossibile
2815 2927 2901 2976 est
2922 2920 3142 2991 ﬁscum,
3166 2921 3258 2975 hic
3297 2921 3550 2975 relaxare
3571 2921 3790 2993 aliquid
3817 2921 3950 2975 sub-

2286 3015 2503 3070 tilitatis
2544 3014 2687 3087 legis
2716 3020 3040 3086 competere
3074 3014 3478 3086 judicavimus.
3518 3016 3584 3069 Et
3615 3015 3663 3068 si
3702 3032 3819 3086 qua
3852 3032 3951 3069 ne-

2288 3108 2512 3164 cessitas
2550 3108 2878 3179 huiusmodi
2926 3109 3042 3175 ﬁat,
3075 3108 3247 3163 etiam
3277 3108 3683 3163 alienationem
3717 3110 3845 3163 sine
3888 3125 3947 3163 re

2288 3201 2701 3273 prospeximus.
2756 3201 3053 3256 Sancimus
3082 3201 3258 3273 igitur
3293 3202 3337 3255 si
3380 3207 3711 3256 sanctarum
3744 3203 3945 3274 aliqua

2289 3296 2672 3364 ecclesiarum,
2700 3301 2799 3350 aut
2836 3295 3187 3367 reliquarum
3216 3295 3585 3349 colendarum
3617 3296 3904 3349 domuum
3929 3339 3943 3364 ,

2288 3390 2500 3444 ﬁscales
2524 3390 2728 3444 debeat
2751 3388 3088 3458 functiones,
3116 3392 3173 3443 et
3191 3389 3344 3443 unde
3370 3388 3541 3443 faciat
3562 3389 3777 3443 horum
3802 3389 3937 3443 red-

2289 3483 2562 3538 ditionem
2587 3498 2707 3538 non
2737 3482 2962 3551 habeat,
2991 3482 3296 3537 convenire
3323 3499 3522 3537 omnes
3549 3482 3611 3536 in
3642 3499 3855 3553 unum,
3890 3488 3946 3537 et

2287 3580 2389 3652 qui
2414 3596 2483 3636 ex
2508 3580 2657 3636 clero
2687 3584 2840 3651 sunt,
2878 3583 2934 3636 et
2975 3580 3089 3649 Deo
3121 3580 3427 3634 amabilem
3452 3580 3787 3652 episcopum
3819 3581 3945 3651 ejus

2289 3674 2524 3731 civitatis
2544 3716 2558 3744 ,
2590 3674 2825 3746 insuper
2855 3677 2912 3729 et
2936 3674 3336 3745 metrOpoleos,
3372 3677 3429 3728 et
3471 3674 3647 3728 sacris
3678 3675 3942 3746 proposi-

2286 3767 2358 3823 tis
2384 3768 2624 3840 eloquiis
2649 3784 2875 3824 causam
2900 3768 3237 3823 examinari.
3272 3768 3341 3822 Et
3370 3767 3418 3822 si
3462 3785 3576 3822 non
3606 3768 3946 3840 apparuerit

2287 3862 2436 3917 ullus
2455 3866 2704 3933 quaastus
2723 3862 2863 3917 citra
2880 3860 3279 3917 alienationem
3306 3860 3612 3916 immobilis
3632 3860 3717 3916 rei
3745 3862 3945 3916 valens

2287 3957 2502 4010 solvere
2521 3955 2707 4010 ﬁscale
2739 3956 3017 4024 debitum,
3043 3960 3178 4010 tunc
3205 3954 3496 4010 licentiam
3522 3972 3645 4011 esse
3682 3955 3786 4023 eis,
3822 3972 3946 4010 sen-

2284 4050 2465 4105 tentia
2490 4048 2591 4104 tali
2617 4049 2977 4120 procedente,
2994 4054 3051 4104 et
3075 4049 3301 4104 decreto
3328 4048 3610 4103 celebrato
3631 4049 3791 4121 apud
3810 4067 3941 4121 pro-

2285 4142 2485 4198 vincia:
2515 4142 2790 4215 judicem,
2833 4142 3004 4197 etiam
3035 4142 3422 4214 possessiones
3460 4142 3788 4197 immobiles
3812 4160 3946 4197 con-

2194 4304 2197 4313 ν
2286 4236 2526 4308 tingere,
2557 4241 2614 4291 et
2642 4252 2736 4290 eas
2767 4235 3013 4290 alienare
3040 4236 3111 4290 ad
3141 4235 3482 4290 solutionem
3521 4234 3717 4305 debiti,
3748 4252 3942 4291 emen-

2283 4329 2434 4384 tibus
2466 4330 2699 4401 quidem
2723 4330 2785 4384 in
2830 4330 3033 4384 fiscum
3076 4329 3439 4397 solventibus,
3494 4334 3550 4383 et
3601 4329 3940 4400 desuscepta

2284 4423 2416 4478 inde
2445 4423 2908 4495 percipientibus,
2939 4428 2995 4477 et
3023 4422 3397 4478 subeuntibus
3435 4423 3623 4477 ﬁscale
3656 4422 3934 4491 debitum,

2284 4520 2339 4571 et
2366 4516 2648 4572 cautelam
2694 4516 2827 4571 inde
2865 4516 3229 4585 habentibus,
3264 4521 3321 4569 et
3358 4515 3501 4570 nihil
3540 4516 3932 4571 metuentibus

2200 4627 2262 4700 D
2285 4610 2547 4681 primitus
2574 4610 2818 4682 positam
2844 4610 3052 4681 legem,
3087 4609 3405 4664 constitutis
3436 4612 3494 4665 et
3518 4610 3808 4664 ﬁscalibus
3836 4611 3932 4665 de-

2284 4703 2578 4774 susceptis,
2601 4707 2657 4758 et
2681 4702 2983 4757 insinuatis
3036 4703 3182 4757 inter
3216 4706 3589 4756 monumenta
3619 4707 3935 4774 gestorum,

2284 4796 2705 4867 deponentibus
2731 4796 2949 4868 his-qui
2975 4796 3212 4851 fecerint
3238 4812 3363 4850 eam
3384 4839 3397 4863 ,
3430 4801 3495 4850 ut
3522 4800 3579 4850 et
3610 4797 3767 4868 apud
3804 4814 3937 4851 san-

2282 4890 2559 4944 ctissimas
2600 4890 2865 4945 ecclesias
2912 4891 3201 4944 solventur
3246 4888 3398 4943 clara
3459 4888 3818 4961 desuscepta,
3873 4907 3938 4945 eo

2283 4983 2435 5055 quod
2459 4983 2668 5038 ﬁscalia
2698 4984 2877 5039 soluta
2899 4983 3012 5038 sint
3041 4983 3279 5053 tributa,
3309 4988 3365 5037 et
3392 4982 3586 5037 omnia
3614 4984 3938 5039 secundum

2283 5085 2533 5137 nostram
2558 5081 2751 5154 legem
2781 5085 2940 5154 gesta
2967 5081 3097 5137 sint.
3129 5082 3249 5136 Non
3291 5081 3620 5153 potentibus
3650 5081 3939 5154 aliquibus

2281 5176 2497 5247 ﬁngere
2523 5175 2708 5231 ﬁscale
2738 5175 3013 5243 debitum,
3042 5179 3098 5230 et
3125 5175 3201 5230 ita
3229 5175 3300 5230 ad
3328 5174 3703 5230 alienationes
3736 5176 3938 5231 immo-

2280 5269 2482 5323 bilium
2512 5285 2705 5324 rerum
2730 5269 3015 5337 accedere,
3050 5268 3174 5323 ideo
3201 5268 3371 5323 etiam
3396 5274 3454 5323 et
3493 5268 3709 5324 decreti
3733 5269 3933 5324 factio-

2281 5379 2415 5418 nem
2440 5362 2823 5434 permisimus,
2872 5367 2937 5418 ut
2976 5367 3034 5417 et
3076 5362 3266 5417 ﬁscale
3306 5362 3564 5418 debitum
3606 5362 3933 5418 testimonio

2279 5457 2582 5529 pandatur,
2623 5460 2680 5512 et
2735 5473 2804 5512 ex
2843 5455 3071 5528 quantis
3110 5455 3400 5511 descendit
3438 5456 3839 5528 temporibus,
3879 5461 3934 5511 et

2283 5550 2556 5622 quoniam
2581 5566 2697 5605 non
2722 5550 2981 5622 pecuniis
3001 5550 3251 5604 solutum
3273 5554 3377 5615 est,
3402 5549 3499 5607 sed
3525 5548 3581 5603 in
3625 5551 3927 5605 necessita-

2281 5649 2398 5701 tem
2445 5643 2796 5702 alienationis
2840 5643 3013 5710 venit,
3068 5648 3131 5698 ut
3170 5642 3373 5698 veritas
3424 5642 3664 5716 indique
3702 5644 3926 5717 quidem

2279 5742 2590 5810 protestata
2652 5738 2743 5807 sit,
2794 5737 3061 5793 omnibus
3123 5753 3313 5793 coram
3379 5736 3553 5792 sacris
3619 5737 3923 5810 Evangeliis

2279 5832 2515 5904 agendis
2544 5850 2557 5888 :
2589 5831 2895 5887 scientibus
2934 5834 2991 5886 et
3020 5830 3319 5903 episcopis,
3351 5834 3411 5886 et
3455 5831 3697 5903 clericis,
3729 5838 3786 5887 et
3812 5830 3920 5887 aliis

2282 5925 2567 6001 omnibus,
2588 5925 2721 6001 quia
2751 5927 2897 5984 Deus
2920 5924 3148 6002 respicit
3172 5941 3297 6001 quae
3325 5930 3607 5999 geruntur
3637 5925 3712 5984 ab
3738 5927 3835 5984 eis.
3864 5925 3916 5981 Et
