4034 6228
132 390 159 439 0
170 389 237 440 89

1029 387 1393 445 JUSTINIANI
1430 388 1758 445 NOVELLAS
1796 385 2132 447 SELICCTrE.
2176 393 2483 450 NOVELLA
2520 395 2647 451 LVI.

3413 398 3515 453 990

128 496 175 549 si
203 495 351 566 quid
381 494 613 566 egerint
640 511 743 566 per
775 495 992 563 domm,
1024 500 1122 551 aut
1153 498 1394 563 lucrum.
1436 501 1534 552 aut
1564 498 1779 552 machi-
1799 507 1859 582 Α
1880 506 2340 577 permutationes
2362 506 2563 577 quazin
2586 505 2948 576 imperialem
2969 506 3207 563 domum
3228 505 3285 561 in
3301 506 3409 562 hoc
3424 507 3510 563 fa-

131 590 454 656 nationem,
487 590 595 644 hoc
626 589 685 645 in
705 591 822 646 suis
854 589 1135 663 recipient
1178 590 1482 649 animabus
1520 592 1776 648 viventes

130 699 195 736 ac.
222 684 564 738 morientes.

201 776 406 831 Sivero
434 776 685 849 privatus
719 777 923 849 aliquis
952 778 1200 833 creditor
1243 779 1433 846 fuerit,
1466 780 1642 850 possit
1679 796 1769 834 se-

126 871 389 925 cundum
412 888 520 943 pro
551 872 735 925 soluto
756 872 983 926 schema
1008 872 1263 943 accipere
1290 873 1620 927 immobiles
1649 890 1772 944 pos-

128 966 438 1019 sessiones.
468 966 581 1020 Hoc
612 982 836 1036 quoque
859 965 1088 1020 decreto
1106 965 1393 1034 faciendo,
1417 983 1521 1036 pro
1548 983 1772 1021 mensu-

126 1076 193 1113 ra
225 1076 363 1113 vero
396 1075 596 1113 eorum
627 1058 953 1114 debitorum
976 1059 1339 1129 assignandis
1361 1061 1442 1115 eis
1472 1059 1774 1131 possessio-

126 1153 321 1207 nibus.
356 1153 414 1208 Si
445 1170 579 1208 vero
607 1154 792 1207 ﬁscale
826 1154 1085 1208 debitum
1116 1155 1307 1220 fuerit,
1338 1154 1662 1225 potentibus
1693 1153 1771 1209 eis

122 1246 199 1299 ad
226 1247 647 1301 alienationem
698 1246 1079 1302 immobilium
1130 1248 1403 1302 accedere
1453 1248 1768 1302 secundum

124 1340 390 1411 priorem
414 1340 890 1407 observationem,
912 1345 973 1395 ut
995 1340 1138 1396 nihil
1162 1341 1325 1407 desit,
1349 1358 1537 1412 neque
1554 1340 1769 1395 subtili-

126 1432 283 1497 tatis,
307 1450 498 1504 neque
520 1434 843 1488 communis
865 1434 1137 1489 utilitatis.
1173 1435 1266 1488 llis
1282 1440 1473 1489 autem
1496 1435 1769 1488 universis

124 1528 557 1582 sanctissimam
584 1529 868 1599 majorem
901 1528 1201 1583 ecclesiam
1228 1528 1571 1583 felicissimae
1600 1529 1768 1598 hujus

126 1622 308 1690 urbis,
329 1628 387 1677 et
403 1623 528 1692 ejus
552 1622 822 1689 conﬁnia,
839 1626 896 1676 et
916 1623 1243 1677 orationum
1271 1622 1494 1688 domos,
1520 1639 1765 1693 quarum

126 1716 254 1787 ipsa
277 1733 479 1770 curam
504 1716 770 1787 suscepit,
790 1716 1061 1771 omnibus
1089 1715 1405 1787 excipimus
1430 1716 1618 1771 modis
1639 1733 1766 1786 quze

116 1811 247 1880 jam
274 1810 348 1863 de
382 1810 490 1864 hoc
522 1810 741 1865 sancita
768 1812 901 1863 sunt
933 1827 966 1864 a
992 1808 1178 1876 nobis,
1204 1808 1263 1863 in
1295 1826 1397 1863 sua
1426 1810 1633 1864 virtute
1661 1809 1763 1863 du-

1876 604 1981 656 ctas
2011 605 2161 667 sunt,
2196 604 2258 656 ut
2285 604 2560 672 perpetuo
2597 600 2750 671 apud
2790 600 3097 671 imperium
3126 605 3418 668 maneant,
3454 605 3510 655 et

1878 712 1994 752 non
2014 696 2431 750 transferantur
2444 694 2517 749 ad
2540 694 3043 766 privatum,neque
3062 694 3288 751 illarum
3299 695 3394 764 jus
3411 713 3514 766 per

1877 790 2135 844 medium
2162 789 2468 860 imperium
2497 789 2570 843 ad
2597 806 2695 845 eos
2727 789 3141 860 proﬁciscatur.
3175 790 3285 844 Sed
3302 789 3347 843 si
3367 789 3506 861 quid

1874 884 1987 937 tale
2005 883 2124 951 ﬁat,
2146 884 2436 938 licentiam
2456 883 2659 938 damus
2678 882 3170 938 reverendissimis
3189 883 3507 938 asconomis

1873 994 1964 1032 res
1993 978 2431 1048 apprehendere
2464 977 2814 1048 hujusmodi,
2839 982 2894 1032 et
2936 976 3161 1030 tradere
3189 993 3284 1031 eas
3314 994 3509 1032 rursus

1873 1072 1945 1126 ad
1964 1071 2385 1125 sanctissimam
2407 1072 2726 1140 ecclesiam,
2748 1075 3023 1142 tanquam
3047 1072 3093 1124 si
3115 1087 3220 1125 nec
3247 1070 3317 1125 ab
3339 1070 3504 1127 initio

1871 1165 2199 1236 contigisset
2212 1165 2666 1236 permutationes
2680 1166 2878 1219 harum
2892 1165 2962 1220 ad
2984 1164 3287 1236 imperium
3303 1165 3503 1233 factas,

1869 1260 1971 1314 sed
2000 1260 2215 1314 servari
2244 1260 2351 1314 hoc
2381 1260 2614 1313 schema
2651 1260 2709 1313 in
2752 1263 3093 1330 perpetuum
3137 1278 3202 1313 ex
3236 1258 3503 1330 praesenti

1871 1354 1964 1408 die
1986 1354 2344 1409 inchoatum.
2362 1352 2643 1408 Omnibus
2659 1369 2785 1424 qua:
2808 1353 3024 1407 dudum
3041 1353 3220 1423 (sicuti
3238 1352 3501 1425 prmdixi-

1872 1447 2018 1519 mus)
2042 1450 2169 1518 post
2202 1447 2453 1518 priorem
2481 1448 2672 1518 legem
2698 1447 3013 1501 secundum
3030 1447 3268 1502 modum
3288 1447 3501 1519 prtedi-

1869 1545 2023 1596 ctum
2038 1544 2199 1612 gesta
2213 1540 2494 1595 suntratis
2505 1541 2894 1607 manentibus,
2909 1558 2978 1595 eo
2993 1540 3147 1611 quod
3160 1541 3255 1595 illa
3267 1540 3503 1611 quidem

1870 1650 1997 1705 quae
2023 1634 2101 1688 sic
2132 1635 2283 1689 facta
2311 1638 2463 1701 sunt,
2488 1653 2521 1689 a
2554 1634 2688 1688 viris
2719 1637 2883 1705 gesta
2907 1637 3059 1688 sunt.
3106 1635 3265 1688 Nunc
3304 1637 3500 1689 autem

1869 1728 2105 1800 quidam
2147 1730 2345 1783 volunt
2383 1729 2615 1784 illorum
2647 1729 2913 1799 exemplo
2948 1730 3195 1795 utentes,
3248 1730 3305 1781 et
3342 1728 3506 1783 nobis

1869 1838 1991 1875 esse
2030 1822 2273 1888 molesti,
2318 1825 2374 1875 et
2417 1822 2833 1876 sanctissimam
2877 1822 3161 1891 majorem
3205 1821 3504 1876 ecclesiam

126 1904 411 1958 rantibus.
529 1906 725 1958 autem
755 1906 812 1957 Ci.
833 1903 1026 1974 aliqua.
1052 1903 1405 1958 monasteria
1428 1902 1532 1958 Sllb
1559 1902 1767 1957 eadem
1786 1880 1843 1953 B
1867 1914 2036 1984 hujus
2070 1914 2409 1969 felicissima
2454 1915 2696 1970 civitatis
2737 1915 3175 1983 circumvenire,
3214 1914 3370 1986 quod
3401 1931 3503 1986 per

128 1997 491 2051 sanctissima
524 1997 744 2067 majore
766 1996 1003 2050 ecclesia
1016 1995 1148 2063 sint,
1175 2012 1278 2050 nec
1301 2013 1369 2049 ea
1390 1995 1492 2050 sub
1512 2011 1762 2066 praesen-

130 2095 247 2145 tem
270 2091 517 2145 facimus
539 2092 723 2161 legem
740 2090 1053 2145 forinsecus
1073 2090 1131 2143 in
1154 2089 1462 2160 provinciis
1484 2106 1615 2143 eam
1638 2105 1767 2143 con-

125 2186 435 2239 stituentes
455 2186 662 2250 solum,
692 2184 748 2238 in
774 2184 980 2255 quibus
996 2184 1179 2237 multa
1198 2182 1435 2254 quidem
1459 2186 1547 2236 est
1567 2182 1763 2253 inopia

124 2279 530 2349 pecuniarum,
553 2295 656 2349 per
673 2294 848 2348 quam
870 2276 1244 2331 sanctissimae
1266 2276 1519 2330 ecclesia:
1546 2277 1764 2330 solvere

122 2390 229 2444 per
260 2372 536 2443 pecunias
562 2371 755 2425 debita
782 2388 899 2426 non
926 2372 1247 2425 valuerunt.
1271 2371 1388 2425 Tua
1415 2370 1590 2440 igitur
1607 2370 1765 2423 celsi-

122 2466 267 2520 tudo
312 2482 439 2537 quae
482 2466 817 2536 placuerunt
847 2465 1008 2519 nobis
1038 2480 1413 2534 cognoscens,
1448 2463 1764 2517 secundum

124 2560 236 2613 hoc
266 2558 582 2629 procedere
609 2576 780 2629 super
796 2559 968 2612 sacris
990 2558 1159 2611 rebus
1179 2557 1559 2612 alienationes
1583 2560 1765 2611 custo-

127 2654 271 2707 diat.
307 2654 515 2707 Datum
554 2669 640 2708 XIV
682 2652 920 2706 Kalend.
969 2651 1259 2722 Septemb.
1302 2651 1760 2723 Constantinop.,

125 2749 257 2818 post
285 2746 647 2802 consulatum
682 2745 937 2800 Belisarii
969 2762 1020 2800 v.
1052 2764 1125 2815 c.,
1155 2761 1307 2800 anno
1336 2745 1607 2799 secundo.

722 2884 1039 2939 NOVELLA
1066 2885 1172 2939 LV.

132 2981 200 3034 Ut
219 2980 289 3033 de
308 2984 494 3033 czetero
504 2982 939 3033 commutationes
954 2979 1431 3032 ecclesiasticarum
1457 2992 1639 3031 rerum
1655 2993 1763 3030 non

196 3054 334 3119 ﬁctae
351 3053 488 3119 ﬁant
515 3050 591 3103 ad
610 3052 920 3119 piissimum
952 3052 1350 3119 imperatorem,
1389 3054 1437 3103 et
1480 3050 1573 3103 hoc
1605 3050 1763 3103 modo

197 3123 277 3175 ad
299 3123 443 3176 alias
462 3137 720 3191 personas
748 3122 1016 3190 legitimas
1049 3125 1330 3174 transeant
1365 3134 1470 3181 res,
1515 3120 1608 3174 sed
1655 3121 1762 3173 hzrc

200 3193 575 3246 tantummodo
615 3196 749 3259 ﬁant
794 3193 869 3244 ad
914 3193 1249 3261 imperialem
1299 3192 1532 3244 domum.
1582 3193 1651 3245 Et
1701 3194 1763 3243 ut

200 3266 362 3317 liceat
382 3268 671 3332 perpetuas
698 3264 1066 3330 emphyteuses
1092 3265 1185 3328 agi
1203 3263 1272 3316 ab
1293 3264 1547 3315 oratoriis
1568 3264 1625 3315 in
1645 3277 1762 3315 ora-

198 3337 364 3395 toria,
394 3335 601 3387 decreto
628 3335 875 3387 videlicet
899 3337 1232 3403 interposito,
1266 3338 1485 3403 excepta
1514 3334 1613 3387 hac
1642 3350 1759 3387 ma-

183 3407 307 3475 jore
335 3406 576 3467 ecclesia,
607 3421 673 3458 ne
699 3410 876 3459 tamen
902 3406 961 3458 in
982 3408 1263 3474 privatam
1288 3420 1574 3474 personam
1603 3408 1758 3459 tran-

196 3481 311 3531 seat
337 3478 714 3547 emphyteusis.

198 3599 522 3668 Imperator
542 3595 897 3652 Justinianus
922 3598 1209 3667 Augustus
1234 3595 1452 3651 Menna:
1477 3594 1757 3667 archiepi-

126 3708 300 3762 scopo
329 3689 992 3761 Constantinopolitano.

196 3787 415 3852 Legem
454 3782 789 3854 scripsimus
823 3783 1044 3838 dudum
1086 3780 1496 3838 ecclesiasticas
1527 3780 1761 3852 quidem

127 3876 509 3934 alienationes
544 3876 973 3947 prohibentem,
998 3877 1181 3931 solam
1213 3879 1407 3931 autem
1438 3878 1758 3930 commuta-

124 3974 346 4028 tionem
379 3970 815 4042 permittentem
837 3969 1209 4026 sanctissimis
1235 3968 1508 4037 ecclesiis,
1534 3984 1761 4023 necnon

127 4064 505 4122 sanctissima:
530 4064 743 4135 majori
766 4063 1019 4118 ecclesia).
1052 4064 1223 4135 hujus
1260 4061 1603 4118 felicissimae
1628 4061 1760 4117 civi-

126 4161 280 4228 tatis,
300 4159 440 4214 dum
461 4157 770 4229 imperium
789 4156 1048 4228 accipere
1063 4156 1282 4228 aliquid
1298 4156 1370 4211 ab
1382 4156 1577 4226 aliqua
1595 4171 1763 4209 vene-

126 4253 400 4310 rabilium
428 4250 671 4307 domum
708 4251 972 4306 voluerit.
1021 4252 1228 4306 Postea
1262 4250 1546 4322 siquidem
1585 4248 1761 4304 aliam

126 4346 462 4419 scripsimus
504 4345 719 4417 legem,
780 4361 895 4415 qua
950 4344 1281 4416 excepimus
1337 4342 1760 4399 sanctissimam

121 4442 416 4513 majorem
457 4439 775 4507 ecclesiam,
810 4438 1212 4510 permittentes
1237 4438 1519 4512 quasdam
1543 4437 1760 4494 aliena-

123 4536 340 4602 tiones,
374 4550 517 4605 quas
544 4532 643 4588 illa
673 4534 760 4588 lex
786 4532 943 4588 dicit.

1869 2024 2039 2062 omne
2076 2011 2302 2081 tempus
2334 2009 2492 2062 nullo
2522 2008 2695 2062 modo
2735 2008 2860 2062 ﬁeri
2882 2010 3162 2063 volumus.
3198 2008 3312 2063 Sed
3357 2011 3415 2062 et
3456 2008 3503 2061 si

1867 2101 2235 2172 ﬁatquolibet
2255 2102 2575 2168 schemate,
2600 2102 2707 2155 hoc
2722 2101 2898 2155 etiam
2918 2101 3219 2155 infirmum
3239 2118 3382 2167 esse,
3399 2104 3503 2156 eta

1868 2194 2224 2249 sanctissima
2251 2194 2472 2264 majore
2494 2195 2731 2249 ecclesia
2755 2194 3168 2265 inperpetuum
3200 2194 3498 2260 vindicari,

1867 2289 2026 2343 nulla
2058 2288 2111 2342 ei
2140 2287 2416 2359 temporis
2460 2287 2889 2359 praescriptione
2928 2288 2988 2341 in
3018 2288 3125 2341 hoc
3158 2287 3498 2358 objicienda.

1936 2382 2078 2436 lllud
2109 2398 2339 2453 quoque
2371 2381 2679 2448 sancimus,
2718 2384 2780 2435 ut
2807 2381 2930 2436 aliis
2973 2381 3241 2436 omnibus
3270 2381 3341 2435 de
3368 2382 3501 2452 jure

1866 2477 2310 2547 emphyteuseos
2341 2476 2590 2543 sancitis,
2616 2480 2674 2530 et
2702 2476 2760 2530 in
2781 2475 3139 2551 sanctissima
3166 2476 3385 2545 majore
3406 2491 3497 2531 ec-

1864 2570 2058 2638 clesia,
2081 2572 2137 2624 et
2154 2570 2209 2623 in
2231 2570 2356 2624 aliis
2374 2570 2644 2625 omnibus
2656 2569 3076 2624 venerabilibus
3094 2570 3362 2624 domibus
3374 2587 3502 2641 pro;

1864 2664 2057 2734 prium
2082 2662 2259 2717 robur
2284 2664 2650 2731 habentibus,
2679 2664 2911 2718 licentia
2933 2663 3003 2718 sit
3028 2663 3399 2718 sanctissimis
3415 2680 3500 2718 ec-

1865 2756 2049 2810 clcsiis
2066 2756 2555 2811 etvenerabilibus
2571 2757 2839 2811 domibus
2853 2757 3173 2812 adinvicem
3188 2761 3245 2812 et
3263 2758 3502 2828 emphy-

1862 2850 2071 2904 teusim
2092 2853 2431 2921 perpetuam
2452 2867 2645 2921 agere,
2672 2851 2903 2905 decreto
2926 2851 3137 2922 quippe
3156 2851 3263 2905 hoc
3280 2850 3493 2904 facien-

1864 2942 1960 3010 do,
1981 2946 2213 3014 excepta
2231 2942 2464 3013 quidem
2498 2944 2605 2998 hac
2635 2944 2993 2998 sanctissima
3007 2944 3228 3015 majore
3240 2943 3494 2998 ecclesia.

1862 3038 1925 3091 In
1957 3037 2068 3092 hoc
2097 3039 2293 3091 autem
2314 3037 2605 3092 celebrata
2625 3038 3011 3109 emphyteusi,
3038 3041 3104 3092 ut
3132 3054 3251 3092 non
3278 3037 3351 3091 ad
3378 3037 3493 3108 pri-

1863 3134 2053 3185 vatam
2096 3147 2405 3201 personam
2438 3131 2666 3186 extendi
2693 3131 2935 3187 omnino
2956 3131 3150 3203 possit.
3174 3132 3293 3186 Tua
3322 3130 3498 3202 igitur

1781 3244 1836 3319 C
1862 3224 2159 3319 beatitudo
2180 3242 2307 3296 quae
2321 3225 2479 3319 jussa
2509 3228 2689 3281 sunta
2714 3226 2877 3280 nobis
2903 3226 3204 3295 custodiat,
3224 3224 3381 3319 etbis
3399 3224 3494 3296 qui

1861 3317 1964 3371 sub
1983 3334 2050 3371 ea
2073 3317 2548 3389 metropolitanas
2565 3318 2727 3374 sedes
2748 3319 3152 3374 habentfaciat
3166 3318 3495 3386 manifesta,

1862 3413 1923 3464 ut
1962 3415 2018 3464 et
2060 3410 2168 3482 ipsi
2194 3428 2320 3483 quae
2352 3413 2517 3467 nobis
2542 3413 2885 3484 placuerunt
2912 3416 3325 3484 cognoscentes
3355 3412 3499 3467 nihil

1862 3504 2069 3558 horum
2094 3505 2453 3575 praevaricari
2485 3510 2859 3577 prmsumant.
2890 3507 3011 3561 Erit
3036 3508 3189 3562 enim
3219 3506 3496 3569 universis

1863 3613 1897 3650 a
1928 3598 2044 3652 Deo
2067 3597 2368 3667 judicium,
2401 3601 2459 3651 et
2478 3599 2683 3654 exinde
2712 3616 2901 3671 paena,
2928 3599 2973 3654 si
2994 3600 3127 3671 quid
3155 3603 3366 3671 praeter
3387 3601 3496 3655 hoc

1859 3693 1958 3744 aut
1984 3690 2091 3762 ipsi
2129 3690 2375 3761 egerint,
2407 3695 2508 3746 aut
2535 3694 2629 3764 agi
2668 3692 3055 3764 permiserint.
3094 3694 3220 3749 Dat.
3262 3710 3329 3749 xv
3370 3694 3492 3748 Kal.

1860 3784 1997 3838 Nov.
2053 3784 2513 3856 Constantinop.,
2556 3786 2695 3858 imp.
2749 3786 2806 3841 d.
2848 3803 2906 3841 n.
2947 3786 3152 3842 Justin.
3190 3788 3292 3844 PP.
3343 3788 3491 3857 Aug.

1862 3895 1996 3933 ann.
2030 3882 2086 3934 11
2126 3882 2254 3950 post
2281 3879 2436 3947 Bilis,
2465 3895 2518 3934 v.
2547 3895 2596 3933 c.
2627 3896 2783 3935 cons.

2429 4000 2746 4055 NOVELLA
2778 4002 2909 4057 LVI.

1868 4094 1936 4148 Ut
1958 4110 2041 4160 ea,
2073 4109 2196 4163 quae
2223 4099 2487 4148 vocantur
2514 4097 2851 4150 insinuativa
2880 4109 3043 4164 super
3070 4095 3276 4150 clericis
3300 4096 3359 4148 in
3383 4109 3500 4149 ma-

1922 4166 2047 4233 jore
2071 4166 2288 4233 quidem
2326 4167 2545 4221 ecclesia
2574 4166 2790 4231 dentur,
2821 4168 2882 4221 in
2905 4167 3033 4222 aliis
3058 4171 3237 4223 autem
3267 4166 3497 4223 ecclesiis

1925 4238 2149 4306 penitus
2175 4252 2281 4291 non
2308 4238 2524 4292 dentur.

1933 4348 2253 4417 Imperator
2275 4348 2630 4403 Justinianus
2646 4350 2932 4421 Augustus
2956 4348 3177 4403 Mennas
3214 4346 3491 4419 archiepi-

1862 4454 2032 4509 scopo
2061 4439 2237 4509 regiae
2269 4441 2511 4498 civitatis
2537 4441 3191 4514 Constantinopolitano.

1933 4531 2214 4586 Plurimas
2237 4533 2561 4590 additiones
2580 4536 2951 4609 suscipientes
2970 4536 3118 4591 hanc
3143 4535 3334 4606 legem
3366 4534 3499 4590 diri-

195 4629 349 4694 Quia
373 4644 507 4683 vero
532 4627 907 4698 cognovimus
934 4626 1090 4699 quod
1119 4626 1298 4698 aliqui
1325 4625 1530 4697 prioris
1558 4625 1762 4681 consti-
1778 4619 1839 4694 D
1864 4640 1996 4698 gere
2007 4624 2079 4679 ad
2093 4630 2252 4680 tuam
2266 4625 2671 4685 beatitudinem
2684 4631 2909 4702 justum
2920 4629 3497 4693 existimavimus.Qui

122 4722 370 4778 tutionis
380 4721 712 4793 capitulum,
731 4721 887 4793 quod
905 4721 975 4776 de
994 4720 1763 4792 permutationeicompeten-

119 4818 272 4872 tium
301 4832 499 4871 rerum
529 4814 901 4870 sanctissimis
927 4814 1192 4870 domibus
1213 4814 1287 4870 ad
1307 4813 1613 4884 imperium
1635 4812 1763 4868 scri-

120 4912 368 4983 psimus,
417 4910 491 4964 ad
547 4913 732 4965 artem
776 4909 891 4981 legi
928 4908 1279 4964 contrariam
1333 4910 1761 4975 converterunt,

122 5006 680 5077 postulaveruntque
706 5020 813 5059 nos
838 5003 1074 5075 quidem
1089 5020 1123 5057 a
1144 5001 1501 5057 sanctissima
1521 5000 1764 5057 Ecclesia

123 5100 410 5170 accipere,
453 5097 541 5151 his
580 5100 771 5152 autem
820 5098 942 5153 hinc
981 5098 1139 5165 dare,
1171 5096 1308 5152 hinc
1339 5095 1594 5168 aggressi
1632 5098 1765 5150 sunt

123 5192 293 5247 multi
338 5190 596 5263 quidam,
634 5190 730 5262 qui
773 5190 1051 5246 similibus
1091 5189 1464 5262 petitionibus
1496 5189 1762 5245 omnibus

124 5290 378 5354 utentes,
405 5301 623 5339 sacram
655 5285 916 5340 nituntur
947 5284 1364 5340 circumvenire
1406 5282 1765 5339 constitutio-

126 5397 283 5435 nem.
320 5379 690 5450 Qusecunque
723 5395 861 5451 ergo
889 5381 1051 5451 gesta
1078 5383 1213 5434 sunt
1241 5395 1274 5433 a
1304 5376 1467 5433 nobis
1482 5394 1660 5450 usque
1688 5377 1763 5432 ad

123 5476 475 5546 praesentem
488 5472 664 5542 diem,
679 5474 802 5529 haec
814 5473 918 5528 sub
932 5472 1317 5540 schemate,in
1336 5488 1449 5542 quo
1464 5488 1615 5526 nunc
1634 5473 1765 5526 sunt

123 5584 368 5624 manere
391 5566 673 5636 volumus,
688 5568 847 5622 nulla
874 5566 1260 5639 permutando
1275 5566 1485 5621 horum
1505 5564 1761 5636 quaajam

123 5679 157 5717 a
168 5662 336 5718 nobis
346 5677 478 5716 cum
488 5661 836 5717 sanctissima
848 5661 1088 5718 Ecclesia
1101 5661 1161 5717 in
1172 5660 1377 5717 talibus
1387 5658 1766 5715 contractibus

124 5760 289 5829 gesta
304 5758 462 5821 sunt,
485 5759 585 5811 aut
606 5771 737 5812 cum
757 5756 847 5811 his
865 5756 965 5828 qui
984 5756 1108 5811 haec
1126 5773 1160 5812 a
1174 5755 1342 5811 nobis
1360 5756 1760 5827 perceperunt.

193 5854 275 5909 De
291 5852 503 5908 cetera
522 5852 716 5906 autem
735 5850 1024 5907 sancimus
1043 5848 1185 5905 nulli
1205 5849 1435 5921 penitus
1448 5849 1623 5904 ullam
1644 5862 1765 5901 esse

120 5945 417 6003 licentiam
455 5941 671 6015 aliquid
704 5945 813 6001 tale
854 5960 1049 6018 agere,
1098 5942 1198 5999 sed
1228 5942 1350 5998 illas
1388 5942 1538 6000 solas
1575 5940 1764 5998 valere

1863 4719 2015 4775 enim
2046 4718 2435 4774 ordinantura
2452 4726 2550 4776 tua
2576 4726 2895 4780 reverentia
2926 4725 3112 4781 clerici
3129 4724 3189 4779 in
3218 4723 3498 4778 sanctissi-

1861 4813 1971 4869 mis
1997 4811 2243 4868 ecclesiis
2270 4812 2503 4884 (absque
2522 4818 2719 4872 tamen
2736 4820 3087 4875 sanctissima
3101 4817 3302 4890 majori
3327 4818 3498 4874 eccle-

1816 4926 1821 4931 ν
1863 4907 1965 4978 sia)
1994 4906 2254 4961 omnium
2272 4906 2566 4978 patiuntur
2586 4909 2992 4981 crudelissima,
3015 4930 3130 4969 non
3149 4911 3499 4984 suscipienti-

1861 5000 1969 5056 bus
1989 5017 2088 5055 eos
2117 4998 2232 5054 illic
2257 4999 2528 5069 ecclesiis,
2550 5005 2866 5072 antequam
2890 5012 3168 5075 quantum
3191 5006 3495 5074 voluerint,

1864 5092 2147 5165 accipiant
2184 5109 2408 5147 aurum.
2445 5094 2513 5148 Et
2555 5093 2817 5149 novimus
2862 5096 2969 5151 hoc
3006 5114 3075 5153 ex
3106 5098 3500 5172 frequentibus

1864 5186 2257 5243 additionibus
2273 5187 2343 5242 de
2358 5186 2466 5242 hoc
2488 5186 2653 5242 factis
2665 5188 2848 5245 nobis.
2868 5190 3164 5247 Sancimus
3183 5194 3359 5265 igitur
3368 5194 3501 5248 bea-

1864 5281 2175 5336 titudinem
2216 5283 2376 5336 tuam
2427 5282 2533 5337 hoc
2581 5282 2931 5340 validissime
2977 5286 3281 5342 custodire.
3334 5289 3402 5343 Et
3452 5287 3499 5342 si

1864 5375 2101 5448 quidem
2131 5375 2487 5432 consuetudo
2513 5379 2601 5432 est
2633 5376 2771 5432 dare
2799 5394 2899 5433 eos
2929 5378 3025 5450 qui
3063 5378 3406 5436 ordinantur
3438 5382 3499 5437 in

1863 5468 2221 5524 sanctissima
2248 5469 2471 5541 majore
2500 5470 2763 5539 ecclesia,
2791 5472 2902 5526 hoc
2930 5488 3027 5527 eos
3050 5472 3327 5544 prmbere.
3349 5475 3499 5531 Nihil

1864 5562 2023 5618 enim
2042 5563 2113 5618 de
2130 5563 2221 5618 his
2232 5580 2361 5636 quae
2377 5563 2586 5620 dantur
2605 5565 2663 5620 in
2697 5564 3051 5621 sanctissima
3076 5565 3296 5636 majore
3324 5571 3500 5625 eccle-

1864 5656 1969 5725 sia,
1999 5673 2299 5713 novamus.
2322 5659 2609 5714 Praeterea
2628 5675 2763 5715 vero
2792 5658 2850 5714 in
2871 5658 2995 5714 aliis
3020 5658 3308 5728 omnibus,
3328 5663 3500 5718 nullis

1864 5750 1924 5805 in
1937 5750 2018 5805 eis
2047 5750 2382 5809 clericorum
2409 5752 2704 5808 licentiam
2725 5770 2849 5808 esse
2875 5754 3105 5825 penitus
3126 5770 3228 5825 pro
3249 5753 3337 5809 his
3366 5771 3497 5827 quae

1864 5848 2143 5900 vocantur
2191 5845 2538 5904 insinuativa
2582 5846 2799 5918 aliquid
2830 5848 3001 5903 ferre.
3041 5847 3152 5904 Sed
3188 5851 3246 5904 et
3291 5848 3337 5904 si
3372 5849 3501 5921 quis

1866 5938 1979 5995 tale
2009 5937 2233 6013 aliquid
2260 5940 2459 6018 egerit,
2493 5938 2653 5997 illum
2676 5939 2906 6013 quidem
2920 5941 3131 6014 privari
3160 5942 3497 6014 sacerdotio,
