4034 6228
573 380 670 439 991

1731 384 1983 441 ΞᾸΞΟυΙΛ
2024 384 2216 439 8ΕΧΤΙ
2257 380 2815 443 SUPPLEMENTUM.

3868 378 3976 438 992

574 491 634 548 in
681 491 832 548 illius
876 496 1071 550 autem
1106 492 1360 550 ofﬁcium
1400 493 1636 549 introire
1675 495 1776 566 qui
1836 495 2044 550 missus
2099 500 2202 563 est,
2228 504 2554 579 Amenses,
2595 511 2663 549 ex
2694 510 2808 565 quo
2829 494 2953 548 haec
2971 493 3060 548 lex
3082 493 3371 548 insinuata
3389 492 3586 559 fuerit,
3615 490 3746 547 hec
3770 504 3978 547 corre-

576 590 634 642 et
659 588 807 642 hanc
847 605 980 643 eum
1028 588 1276 643 avaritiae
1314 589 1465 642 ferre
1505 589 1852 644 mercedem.
1905 591 2203 646 Custodire

574 698 711 735 vero
743 683 866 736 haec
906 682 1080 736 etiam
1114 682 1229 736 Deo
1262 682 1685 736 amantissimos
1712 683 2046 739 defensores
2073 702 2203 740 san-

578 775 843 830 ctissima:
889 776 1126 845 majoris
1167 775 1440 842 ecclesiae,
1484 793 1712 847 poenam
1749 779 2130 833 formidantes
2172 797 2208 834 χ

575 869 853 923 librarum
903 868 1048 935 auri,
1104 869 1147 922 si
1205 870 1345 940 quid
1416 871 1790 941 neglexerint.
1857 872 1970 925 Sed
2032 874 2209 943 gratis

579 963 776 1017 omnia
820 962 1153 1032 procedere.
1187 963 1400 1016 Deinde
1437 963 1650 1018 etenim
1698 964 2115 1020 defunctiones'
2151 970 2209 1020 et

578 1055 918 1124 ministeria,
940 1072 1056 1110 non
1093 1073 1197 1127 per
1216 1057 1625 1123 venditionem,
1646 1074 1751 1112 nec
1780 1076 1882 1129 per
1912 1060 2210 1114 mercatio-

579 1166 711 1203 nem
758 1149 880 1203 ﬁeri
925 1149 1177 1221 aliquam
1206 1151 1487 1217 volumus,
1538 1152 1639 1205 sed
1682 1168 1821 1222 pure
1866 1158 1921 1207 et
1949 1153 2090 1208 citra
2116 1171 2205 1208 re-

576 1242 988 1315 demptionem.
1036 1244 1125 1298 Sic
1154 1245 1308 1298 enim
1340 1244 1420 1299 rei
1451 1245 1611 1314 digni
1647 1246 1789 1300 fient
1822 1247 1977 1302 nulla
2014 1248 2209 1302 vendi-

576 1336 732 1390 tione
760 1353 825 1390 ac
848 1337 1196 1391 mercatione
1219 1338 1514 1413 .facienda.
1547 1340 1666 1393 Tua
1698 1339 1872 1410 igitur
1889 1341 2206 1410 beatitudo,

576 1434 633 1484 et
663 1431 762 1501 qui
788 1434 986 1500 postea
1017 1431 1074 1484 in
1106 1430 1459 1501 pontificales
1484 1433 1829 1487 accesserint
1861 1434 2046 1503 sedes,
2080 1452 2207 1506 quae

576 1541 609 1576 a
631 1523 797 1578 nobis
823 1523 1086 1578 ordinata
1113 1526 1264 1594 sunt,
1298 1528 1357 1578 et
1398 1542 1505 1596 per
1545 1526 1693 1580 hanc
1739 1527 2030 1582 declarata
2077 1531 2210 1583 sunt

576 1618 786 1685 legem,
830 1617 990 1687 operi
1024 1617 1363 1689 etfectuique
1414 1619 1643 1673 tradere
1685 1620 1935 1675 festinet.
1978 1622 2102 1676 Dat.
2148 1639 2207 1678 ιιι

576 1709 700 1763 Kal.
730 1710 868 1764 Nov.
899 1710 1195 1765 Constant.
1228 1711 1371 1782 imp.
1401 1713 1455 1768 d.
1489 1711 1544 1766 ιι.
1573 1713 1775 1768 Justin.
1810 1718 1957 1785 Aug.
1989 1731 2085 1769 an.
2119 1719 2204 1785 11,

576 1806 705 1875 post
730 1803 877 1857 Bilis.
908 1819 960 1858 ν.
990 1820 1037 1858 c.
1063 1820 1219 1859 cons.
1251 1821 1387 1859 ann.
1417 1809 1469 1870 2.

1140 1908 1458 1963 NOVELLA
1486 1910 1638 1964 LVII.

655 1991 723 2044 Ut
754 1992 813 2043 in
841 1993 1079 2058 privatis
1106 1990 1352 2045 domibus
1375 2007 1533 2047 sacra
1559 1997 1820 2063 mysteria
1844 2010 1951 2050 non
1977 1999 2132 2066 ﬁant.

648 2083 966 2153 Imperator
987 2083 1340 2140 .Iustinianus
1364 2089 1648 2157 Augustus
1673 2088 1893 2143 Mennre
1919 2089 2206 2161 archiepi-

576 2191 747 2246 scopo
774 2176 949 2245 rcgim
978 2176 1218 2232 civitatis
1245 2180 1904 2252 Constantinopolitano.

647 2270 711 2323 Et
735 2270 934 2341 priscis
954 2272 1235 2326 sancitum
1259 2277 1345 2327 est
1360 2274 1737 2345 legibusfnulli
1760 2276 1985 2347 penitus
2007 2293 2127 2332 esse
2148 2277 2210 2331 Ii-

574 2362 823 2417 centiam
846 2363 1006 2417 domi
1024 2381 1149 2435 qua:
1170 2367 1549 2422 sacratissima
1563 2372 1692 2423 sunt
1709 2385 1901 2439 agere,
1918 2370 2017 2424 sed
2031 2370 2210 2441 publi-

576 2471 639 2509 ce
652 2455 841 2509 sinere
855 2458 1169 2527 procedere
1184 2460 1237 2513 in
1247 2460 1709 2516 credulitatemet
1720 2462 1815 2516 Dei
1831 2465 2112 2517 culturam
2127 2481 2211 2517 se-

574 2549 822 2602 cundum
846 2551 1199 2606 sanctionem
1223 2553 1293 2607 de
1320 2554 1408 2607 his
1421 2555 1656 2609 sacratis
1677 2556 1895 2609 actibus
1916 2557 2206 2627 traditam,

576 2645 634 2696 et
650 2658 755 2696 nos
776 2643 947 2697 etiam
972 2644 1118 2699 hanc
1138 2646 1195 2699 in
1219 2649 1488 2717 praesenti
1509 2649 1773 2719 ponimus
1802 2652 2012 2720 legem,
2034 2667 2209 2721 quam

576 2751 707 2789 cum
728 2736 886 2789 omni
902 2738 1124 2792 cautela
1141 2741 1337 2794 tenere
1353 2742 1636 2796 volumus.
1662 2742 1939 2797 Omnibus
1958 2744 2113 2798 enim
2128 2744 2211 2798 in-

575 2828 904 2883 terdicimus
918 2847 1143 2901 magna:
1158 2832 1324 2903 hujus
1337 2834 1572 2888 civitatis
1586 2835 2209 2908 habitatoribus,magis

577 2924 769 2975 autem
794 2922 965 2977 etiam
1002 2924 1177 2979 totius
1204 2930 1409 2981 nostrae
1436 2928 1682 2996 ditionis,
1706 2929 1764 2983 in
1792 2929 2055 2984 domibus
2096 2931 2211 2984 suis

575 3014 789 3069 habere
818 3017 1095 3086 quasdam
1123 3020 1285 3090 quasi
1326 3022 1654 3076 orationum
1693 3023 1918 3090 domos,
1947 3027 2006 3078 et
2034 3023 2092 3077 in
2122 3024 2211 3078 his

576 3124 736 3161 sacra
757 3110 1042 3165 celebrare
1060 3114 1354 3183 mysteria,
1369 3118 1425 3168 et
1437 3116 1571 3170 hinc
1586 3117 1996 3187 ﬁeriquzedam
2011 3118 2207 3172 catho-

575 3201 699 3317 licae
725 3205 780 3257 et
800 3205 1126 3274 apostolicze
1154 3207 1447 3262 traditioni
1466 3213 1756 3264 extranea.
1778 3211 1887 3265 Sed
1907 3212 1953 3264 si
1972 3210 2206 3281 quidem
2228 3243 2284 3317 C

578 3294 784 3349 domos
814 3296 890 3350 ita
916 3298 1249 3369 simpliciter
1271 3301 1445 3372 aliqui
1472 3302 1687 3357 habere
1710 3307 1914 3373 putant
1940 3307 2207 3375 oportere

575 3387 636 3441 in
682 3388 852 3442 sacris
892 3390 1028 3456 suis,
1067 3393 1344 3447 orationis
1387 3395 1653 3449 videlicet
1684 3396 1857 3451 solius
1899 3397 2104 3468 gratia,
2152 3401 2210 3453 et

575 3482 734 3536 nullo
769 3482 1117 3539 celebrando
1167 3487 1398 3557 penitus
1438 3489 1666 3556 horum,
1711 3506 1839 3561 qua:
1892 3491 2038 3545 sacri
2077 3495 2212 3545 sunt

575 3575 854 3646 mysterii,
883 3576 991 3631 hoc
1022 3579 1105 3632 eis
1135 3581 1543 3650 permittimus.
1585 3582 1805 3638 Invidia
1852 3584 2010 3638 enim
2051 3586 2209 3640 nulla

576 3672 680 3735 est,
704 3668 750 3722 si
766 3670 1118 3727 voluntcitra
1134 3672 1255 3728 haec
1268 3674 1481 3729 habere
1496 3675 1819 3731 habitacula
1838 3677 2129 3749 quaedam,
2152 3681 2210 3732 et

573 3761 635 3815 in
663 3761 745 3815 eis
770 3767 1050 3835 tanquam
1077 3764 1135 3819 in
1162 3767 1337 3821 sacris
1362 3784 1545 3835 orare,
1573 3769 1696 3823 aliis
1723 3772 1918 3825 autem
1941 3771 2208 3826 omnibus

576 3856 884 3912 abstinere.
918 3858 1036 3913 Nisi
1060 3862 1256 3914 tamen
1284 3861 1342 3915 in
1376 3861 1458 3916 eis
1482 3863 1769 3917 voluerint
1798 3864 2016 3935 aliquos
2064 3864 2207 3919 invi-

576 3952 697 4003 tare
724 3950 978 4020 clericos,
1011 3951 1103 4006 hic
1130 3954 1367 4024 quidem
1401 3956 1778 4011 sanctissima),
1823 3958 2062 4029 majoris
2111 3975 2205 4013 ec-

574 4042 760 4097 clesia:
794 4047 853 4097 et
877 4044 982 4099 sub
1023 4061 1089 4099 ea
1131 4047 1623 4104 sanctissimarum
1661 4050 1963 4118 domuum,
2012 4053 2209 4107 volun-

574 4139 693 4190 tate
715 4151 780 4190 ac
806 4138 1146 4207 probatione
1172 4141 1512 4197 sanctissimi
1541 4143 1953 4215 archiepiscopi
1988 4146 2061 4200 ad
2098 4147 2208 4201 hoc

574 4227 895 4299 deputatas,
919 4230 976 4284 in
1004 4232 1297 4301 provincia
1317 4251 1452 4290 vero
1473 4237 1587 4291 Deo
1608 4237 1948 4292 amabilium
1988 4238 2204 4309 episco-

574 4337 798 4392 porum.
823 4324 984 4378 Nulla
1007 4325 1257 4380 novitate
1285 4327 1408 4381 sedi
1429 4330 1550 4398 ejus
1570 4329 1942 4385 beatitudinis
1970 4348 2037 4385 ex
2066 4349 2210 4403 pra:-

573 4415 718 4469 senti
749 4419 944 4471 nostra
970 4419 1096 4489 lege
1133 4419 1412 4488 facienda,
1435 4422 1584 4476 circa
1614 4423 1911 4479 existentia
1940 4425 1990 4479 ei
2022 4426 2205 4496 quoli-

573 4509 671 4563 bet
714 4510 885 4565 modo
925 4510 984 4565 in
1025 4512 1505 4582 ordinationibus,
1554 4520 1654 4570 aut
1695 4518 2208 4587 gubernationibus

2307 589 2511 654 xerint,
2531 592 2588 643 et
2613 588 2685 642 ad
2706 588 2953 659 ﬁguram
2982 604 3016 642 a
3036 587 3199 642 nobis
3221 587 3553 642 ordinatam
3583 585 3973 649 deduxerint,

2308 684 2411 737 sub
2440 683 2710 755 praedicta
2730 698 2896 752 poena
2927 682 3088 735 Iient.
3110 683 3237 735 Haec
3254 685 3448 735 autem
3475 680 3571 751 agi
3590 695 3726 733 cum
3745 679 3972 733 verita-

2308 782 2384 842 te,
2417 794 2533 831 non
2564 793 2668 846 per
2689 776 2945 846 aliquam
2964 775 3313 829 calumniam
3330 776 3619 840 volumus,
3663 772 3975 825 veracium

2310 870 2465 924 enim
2502 869 2871 925 solummodo
2918 886 3113 922 sumus
3148 871 3453 922 amatores.
3490 868 3621 921 Haec
3664 866 3977 920 sancimus

2307 968 2467 1017 tuam
2489 963 2774 1017 custodire
2790 961 3210 1027 celsitudinem,
3229 965 3287 1015 et
3308 961 3449 1014 nihil
3466 962 3581 1015 tale
3602 960 3731 1014 ﬁeri
3752 975 3973 1013 conce—

2310 1057 2465 1111 dere.
2484 1056 2635 1111 Scito
2650 1056 2803 1109 enim
2821 1056 2955 1126 quia
2983 1055 3438 1120 sididiccrimus,
3469 1053 3566 1107 tibi
3596 1055 3711 1107 tale
3737 1052 3978 1123 aliquid

2311 1150 2738 1215 denuntiatum,
2754 1149 2963 1203 deinde
2987 1165 3100 1203 non
3118 1148 3483 1219 prohibuisti,
3504 1151 3605 1201 aut
3626 1151 3709 1214 tu,
3725 1151 3829 1200 aut
3846 1162 3982 1199 suc-

2309 1259 2562 1297 cessores
2587 1242 2671 1296 tui
2692 1242 3020 1313 quicunque
3038 1241 3234 1308 futuri,
3258 1241 3378 1311 ipse
3397 1240 3637 1311 quidem
3664 1240 3980 1311 quinqua-

2310 1336 2471 1407 ginta
2492 1336 2763 1389 librarum
2783 1336 2908 1389 auri
2932 1351 3188 1405 expones
3211 1350 3461 1405 poenam,
3485 1334 3588 1387 sed
3619 1337 3679 1387 et
3709 1333 3804 1403 qui
3841 1348 3980 1386 suc-

2309 1446 2561 1484 cessores
2592 1429 2809 1499 cinguli
2836 1429 3067 1483 fuerint.
3090 1429 3305 1482 Parens
3326 1432 3521 1481 autem
3553 1427 3657 1480 tibi
3696 1427 3977 1480 ofﬁcium

2310 1522 2611 1577 sustinebit
2644 1523 2797 1576 idem
2846 1522 3149 1588 damnum,
3184 1522 3230 1575 si
3259 1537 3381 1575 rem
3419 1521 3586 1574 nobis
3635 1520 3976 1574 studiosam

2310 1621 2368 1671 et
2398 1615 2771 1671 sanctissima:
2804 1615 3063 1670 Ecclesiae
3100 1614 3521 1669 custodientem
3555 1613 3875 1680 unitatem,
3915 1617 3978 1666 et

2308 1709 2719 1783 prohibentem
2742 1725 2870 1780 quas
2897 1725 2930 1763 a
2947 1708 3111 1763 nobis
3136 1711 3334 1779 aperte
3353 1707 3665 1763 interdicta
3682 1710 3841 1773 sunt,
3870 1706 3977 1776 agi

2308 1804 2558 1858 latenter
2596 1819 2827 1874 passum
2859 1806 2964 1869 est,
3003 1805 3064 1857 et
3095 1802 3388 1873 despicere
3438 1800 3849 1867 commissum,
3916 1805 3978 1853 et

2227 1874 2284 1946 B
2308 1898 2457 1952 circa
2470 1897 2659 1968 ipsum
2674 1896 2969 1966 cingulum
2988 1896 3423 1967 periclitabitur,
3447 1895 3686 1966 insuper
3698 1897 3757 1948 et
3772 1894 3975 1964 ipsam

2309 1991 2548 2045 domum
2578 1991 2638 2045 in
2676 2006 2791 2061 qua
2830 1989 3048 2061 aliquid
3088 1989 3203 2044 tale
3231 1989 3442 2059 agitur,
3474 1988 3605 2042 fieri
3634 1986 3969 2059 publicam,

2310 2088 2368 2138 et
2416 2084 2518 2139 sub
2565 2083 3011 2139 sacratissimum
3048 2082 3244 2137 venire
3295 2082 3586 2137 aerarium.
3658 2081 3969 2151 Scriptum

2310 2178 2601 2249 exemplar
2627 2195 2660 2232 a
2690 2176 2855 2231 nobis
2883 2180 2941 2231 et
2982 2176 3343 2231 sanctissimo
3383 2175 3732 2247 patriarcha:
3775 2174 3969 2227 felicis

2309 2273 2479 2343 hujus
2521 2270 2694 2338 urbis,
2729 2273 2793 2325 ut
2830 2274 2889 2325 et
2928 2270 3047 2341 ipse
3089 2271 3259 2341 hujus
3289 2271 3470 2341 ponat
3510 2269 3597 2323 rei
3641 2267 3968 2339 providen-

2308 2367 2467 2421 tiam.
2509 2365 2782 2419 Volumus
2820 2364 2976 2418 enim
3016 2363 3452 2418 sacerdotalitcr
3501 2365 3561 2416 et
3598 2360 3972 2432 judicialiter

2310 2460 2433 2514 haec
2460 2462 2681 2513 servata
2704 2458 2912 2512 durare
2934 2458 2991 2511 in
3009 2457 3293 2528 reliquum
3312 2460 3537 2527 tempus
3566 2461 3626 2509 et
3642 2454 3972 2508 immutila-

2310 2557 2385 2608 ta.
2420 2554 2547 2607 Dat.
2575 2569 2637 2607 ιιι
2666 2569 2718 2608 N.
2747 2552 2887 2606 Nov.
2913 2552 3206 2605 Constant.
3242 2551 3383 2622 imp.
3412 2549 3467 2603 d.
3499 2565 3557 2603 ιι.
3602 2548 3815 2603 Justin.
3855 2548 3965 2602 PP.

2308 2650 2477 2718 Aug.,
2512 2663 2649 2701 ann.
2677 2648 2733 2700 II
2769 2648 2896 2716 post
2924 2644 3072 2699 Bilis.
3097 2661 3148 2698 v.
3173 2661 3220 2698 c.
3251 2661 3406 2698 cons.

2863 2761 3178 2816 NOVELLA
3220 2761 3396 2814 LVIII.

2310 2862 2384 2913 De
2409 2859 2632 2919 clericis,
2663 2858 2811 2926 quia
2840 2858 2954 2909 suis
2985 2856 3307 2909 destiterunt
3326 2855 3579 2907 ecclesiis.
3611 2854 3745 2907 Item
3774 2852 3852 2907 de
3881 2853 3969 2907 his

2779 2929 2875 2997 qui
2899 2929 3141 2982 oratoria
3172 2926 3466 2994 azdiﬁcant.

2381 3023 2699 3093 Imperator
2724 3020 3076 3075 Justinianus
3109 3022 3399 3089 Augustus
3446 3018 3669 3072 Mennm
3711 3016 3962 3069 sanctis-

2309 3116 2454 3171 simo
2476 3116 2644 3185 hujus
2690 3114 2867 3185 regiae
2916 3112 3070 3167 urbis
3118 3112 3569 3183 archiepiscopo,
3613 3113 3671 3163 et
3702 3108 3965 3163 universi

2311 3209 2434 3280 ejus
2462 3212 2678 3263 tractus
2706 3207 3065 3279 patriarchae.

2380 3302 2535 3357 Multi
2552 3317 2950 3373 saepenumero
2962 3298 3175 3366 clerici,
3193 3298 3363 3353 certis
3375 3299 3647 3351 vacantes
3659 3296 3961 3360 oratoriis,

2310 3400 2409 3451 aut
2434 3396 2608 3450 etiam
2628 3412 2733 3466 pro
2747 3394 3032 3465 aliquibus
3058 3394 3205 3447 forte
3234 3390 3554 3461 subrogati,
3579 3390 3746 3444 simul
3776 3393 3963 3459 atque

2308 3492 2631 3545 solemnem
2651 3488 3051 3559 erogationem
3069 3488 3480 3558 perceperunt,
3500 3501 3533 3537 a
3553 3482 3731 3537 sacris
3750 3499 3814 3537 se
3837 3498 3966 3553 my-

2309 3584 2495 3639 steriis
2511 3583 2571 3637 in
2588 3582 2922 3636 universum
2944 3583 3258 3652 segregant
3279 3580 3443 3651 (quas
3466 3578 3539 3633 ob
3567 3593 3794 3643 causas,
3827 3592 3961 3630 me-

2308 3677 2417 3731 lius
2444 3676 2553 3748 ipsi
2572 3676 2869 3744 noverunt)
2887 3678 2987 3729 aut
3004 3688 3368 3745 quacumque
3383 3670 3683 3726 occasione
3714 3686 3747 3724 a
3764 3685 3965 3724 sacro-

2309 3773 2505 3825 sancta
2530 3769 2766 3824 omnino
2792 3768 3028 3824 ecclesia
3055 3768 3113 3821 in
3144 3783 3258 3838 qua
3296 3764 3617 3820 consistunt
3646 3763 3958 3818 recedunt.

2309 3864 2607 3920 Sancimus
2632 3863 2811 3933 igitur
2846 3878 2919 3916 ne
2961 3877 3120 3916 sacro
3158 3860 3216 3915 id
3255 3858 3740 3931 impedimentum
3783 3856 3962 3911 mini-

2309 3958 2478 4013 sterio
2505 3958 2820 4027 ingeratur,
2853 3955 2952 4009 sed
2981 3972 3014 4009 a
3045 3954 3144 4009 Dei
3190 3952 3596 4007 amantissimis
3643 3951 3959 4023 episc0pis,

2308 4051 2413 4106 sub
2432 4067 2678 4122 quorum
2691 4049 2869 4105 tutela
2888 4049 2978 4103 hae
2995 4047 3243 4103 ecclesia!
3265 4046 3587 4101 constitutae
3613 4050 3767 4109 sunt,
3790 4045 3850 4099 in
3881 4045 3959 4098 il-

2308 4146 2495 4199 lorum
2517 4145 2702 4199 locum
2730 4143 2824 4197 alii
2847 4142 3217 4209 sufﬁciantur,
3234 4139 3459 4212 quiista
3478 4138 3817 4210 percipiant.
3839 4139 3959 4193 Ne-

2309 4254 2419 4309 que
2438 4238 2595 4292 enim
2620 4237 2747 4291 ullis
2770 4235 3088 4291 concedere
3112 4235 3377 4289 volumus
3392 4236 3457 4287 ut
3482 4248 3551 4286 ea
3569 4247 3701 4302 qua:
3716 4232 3789 4285 ab
3812 4230 3957 4302 ipsis

2307 4334 2405 4385 aut
2436 4347 2537 4401 per
2561 4330 2713 4401 ipsos
2739 4328 3116 4384 sacrosanctis
3152 4328 3273 4398 jam
3313 4324 3562 4380 ecclesiis
3602 4329 3950 4395 erogantur,

2309 4424 2367 4479 in
2396 4442 2562 4479 suum
2597 4426 2821 4478 lucrum
2868 4425 3227 4478 convertant.
3270 4419 3572 4491 Siquidem
3613 4419 3771 4472 nullo
3800 4435 3948 4489 prae-

2308 4522 2464 4573 textu
2492 4522 2592 4573 aut
2623 4518 2920 4573 occasione
2946 4517 3208 4571 volumus
3239 4517 3301 4567 ut
3327 4531 3395 4567 ex
3432 4512 3681 4567 aliorum
3726 4511 3952 4566 defrau-

573 4601 685 4668 hic,
716 4608 813 4658 aut
837 4604 894 4658 in
919 4605 1224 4675 provinciis
1246 4607 1402 4678 jura,
1432 4608 1534 4663 sed
1557 4610 1825 4664 omnibus
1847 4611 2024 4667 etiam
2050 4629 2206 4667 com-
2225 4613 2285 4685 D
2309 4612 2537 4667 dalione
2564 4612 2927 4667 aliislucrum
2952 4610 3191 4665 accedat
3214 4626 3227 4674 ;
3247 4608 3345 4663 sed
3362 4610 3423 4661 ut
3444 4605 3947 4677 quemadmodum

571 4697 899 4766 petentibus
916 4699 968 4752 ei
981 4701 1239 4770 quolibet
1253 4701 1427 4757 modo
1443 4706 1501 4756 et
1516 4706 1780 4773 tempore
1807 4704 1944 4759 ratis
1965 4724 2116 4761 nunc
2148 4711 2207 4761 et

574 4790 631 4842 in
646 4806 820 4844 omne
838 4792 1122 4863 reliquum
1146 4798 1368 4866 tempus
1390 4796 1711 4851 servandis:
1736 4798 2022 4853 sancimus
2041 4804 2204 4854 tuam

573 4882 695 4936 haec
729 4899 1067 4941 conservare
1098 4888 1368 4959 gloriam,
1406 4893 1465 4943 et
1489 4890 1790 4945 manifesta
1812 4892 2079 4947 omnibus
2103 4910 2208 4965 per

573 4975 792 5031 litteras
804 4979 1063 5049 proprias
1084 4984 1449 5049 constituere,
1475 4988 1760 5055 quatenus
1774 5001 1875 5056 per
1900 4986 2096 5040 omnia
2117 5004 2207 5042 va-

571 5071 689 5124 leat
713 5070 822 5125 lex.
858 5073 986 5127 Haec
1014 5074 1169 5129 enim
1198 5079 1255 5130 et
1280 5076 1695 5147 gloriosissimo
1722 5080 1993 5150 praefecto
2026 5079 2207 5134 felicis

569 5164 741 5234 hujus
764 5166 936 5234 urbis,
971 5170 1029 5221 et
1054 5169 1412 5225 sanctissimo
1430 5172 1882 5244 archiepiscopo,
1907 5178 1964 5227 et
1986 5173 2208 5228 univer-

570 5258 674 5313 sali
702 5260 1041 5330 patriarcha:
1064 5262 1446 5333 praecipimus,
1476 5271 1539 5319 ut
1563 5281 1631 5320 ex
1667 5266 1811 5321 civili
1854 5270 1909 5322 et
1952 5244 2209 5323 sacerdo-

570 5352 668 5407 tali
688 5353 896 5408 virtute
922 5354 1044 5409 haec
1064 5363 1341 5428 perpetue
1375 5357 1789 5415 custodiantur.
1816 5360 2014 5416 Sciant
2051 5362 2207 5416 enim

567 5450 626 5500 et
658 5446 766 5518 ipsi
819 5447 1097 5505 domuum
1134 5450 1376 5519 domini,
1430 5454 1566 5525 quia
1613 5454 1656 5508 si
1700 5471 1817 5510 non
1861 5455 1980 5510 haec
2025 5459 2208 5510 custo-

567 5538 799 5609 dierint,
832 5541 939 5613 ipsi
977 5543 1214 5615 quidem
1250 5545 1354 5600 sub
1386 5546 1663 5618 imperiali
1706 5548 1848 5603 fient
1879 5552 2061 5619 motu,
2108 5549 2206 5603 do-

562 5649 693 5688 mus
716 5637 911 5690 autem
941 5636 999 5692 in
1023 5638 1229 5710 quibus
1252 5640 1470 5711 aliquid
1500 5642 1610 5695 tale
1634 5640 1843 5713 agitur,
1877 5645 1934 5697 et
1962 5642 2207 5715 publicas

561 5726 721 5797 ﬁent,
746 5730 804 5782 et
822 5729 925 5784 sub
956 5732 1407 5788 sacratissimum
1440 5738 1699 5790 nostrum
1725 5736 1995 5791 aerarium
2031 5736 2207 5791 dedu—

562 5824 784 5875 centur.
807 5814 867 5876 Si
889 5827 1085 5878 autem
1114 5828 1172 5879 et
1203 5826 1425 5897 aliques
1448 5827 1733 5899 contingit
1754 5830 1867 5883 tale
1896 5828 2111 5900 aliquid
2144 5828 2204 5885 in

565 5910 682 5964 suis
720 5911 933 5968 habere
980 5915 1250 5974 domibus
1298 5919 1493 5992 sciant
1529 5922 1682 5993 quod
1726 5922 1835 5979 uisi
1879 5923 2030 5980 intra
2086 5929 2204 5980 tres

2308 4722 2549 4777 quaeque
2572 4706 2697 4776 jam
2716 4704 2849 4759 inde
2874 4704 2946 4757 ab
2972 4704 3135 4757 initio
3159 4705 3397 4772 erogata
3414 4704 3569 4767 sunt,
3593 4700 3676 4753 ita
3701 4703 3761 4753 et
3778 4715 3948 4770 porro

2304 4800 2519 4869 absque
2545 4800 2659 4853 ulla
2680 4798 2955 4868 temporis
2970 4795 3351 4868 praeﬁnitione
3374 4796 3743 4865 praestentur,
3764 4808 3952 4863 neque

2307 4909 2532 4947 sacrum
2563 4909 2634 4947 ea
2671 4908 2733 4945 re
2765 4890 3147 4946 ministerium
3186 4890 3589 4958 corrumpatur
3625 4890 3685 4940 et
3722 4886 3950 4941 interci-

2308 4986 2423 5052 dat,
2458 4987 2678 5039 nullam
2716 4984 3003 5039 licentiam
3035 4982 3318 5038 habituris
3344 4981 3432 5035 his
3459 4980 3558 5051 qui
3587 4980 3663 5034 ab
3704 4980 3955 5035 ecclesiis

2309 5079 2671 5147 destiterunt,
2704 5080 3013 5149 postquam
3041 5078 3131 5131 vel
3162 5074 3572 5132 asanctissimo
3604 5074 3951 5145 patriarcha,

2307 5174 2392 5226 vel
2428 5171 2875 5243 provincialibus
2920 5171 3202 5243 episcopis
3232 5169 3292 5224 in
3332 5168 3565 5223 illorum
3614 5167 3811 5221 locum
3861 5166 3950 5221 alii

2307 5266 2597 5338 subrogati
2637 5269 2787 5334 sunt,
2821 5268 2885 5320 ut
2924 5269 3025 5320 aut
3051 5264 3191 5336 ipsis
3218 5264 3561 5332 subrogatos
3587 5259 3727 5315 inde
3757 5260 3946 5315 detru-

2308 5360 2465 5427 dant,
2496 5359 2541 5413 si
2569 5359 2799 5431 regredi
2820 5358 3016 5426 velint,
3034 5365 3134 5413 aut
3160 5374 3259 5413 eos
3279 5356 3376 5428 qui
3394 5355 3452 5409 id
3479 5353 3838 5423 erogationis
3861 5370 3948 5424 ge—

2308 5470 2414 5508 nus
2430 5453 2735 5522 sustinent,
2768 5451 3203 5524 conduplicatas
3232 5451 3530 5522 impensas
3555 5446 3941 5519 suppeditare,

2307 5550 2365 5602 et
2386 5551 2504 5602 tam
2524 5546 2869 5617 subrogatis,
2888 5561 3067 5617 quam
3085 5546 3222 5616 ipsis
3242 5544 3341 5616 qui
3354 5541 3547 5597 redire
3578 5542 3800 5609 volunt,
3820 5558 3946 5613 prte-

2305 5642 2444 5697 bere
2478 5641 2842 5712 compellant.
2864 5639 2975 5696 Sed
2997 5639 3083 5711 (ut
3113 5636 3534 5711 simplicissime
3564 5634 3849 5706 dicamus,
3874 5633 3943 5689 illi

2307 5734 2564 5807 quidem,
2600 5734 2648 5789 si
2680 5733 2939 5799 redeant,
2986 5749 3104 5789 non
3147 5732 3535 5806 recipiantur;
3581 5729 3673 5784 his
3698 5748 3833 5788 vero
3858 5729 3941 5802 qui

2306 5831 2435 5900 post
2476 5828 2736 5899 priorum
2777 5827 3097 5882 discessum
3131 5826 3353 5882 suffecti
3387 5832 3545 5897 sunt,
3581 5827 3940 5899 praebeantur

2305 5922 2661 5996 provisiones
2687 5920 3043 5994 annonariae,
3079 5921 3236 5979 nullo
3266 5922 3423 5979 lucro
3471 5921 3684 5980 exinde
3725 5920 3817 5977 his
3856 5918 3932 5993 qui
