4034 6228
97 308 207 365 993

992 298 1362 361 JUSTINIANI
1400 300 1730 360 NOVELLE
1767 301 2101 360 SELECTE.
2143 301 2451 360 NOVELLA
2488 303 2617 361 LIX.

3388 306 3490 364 994

98 414 493 488 suppeditare
514 414 702 470 solent
719 413 1048 469 accedente.
1068 414 1140 469 Ut
1155 412 1254 484 qui
1272 412 1405 468 talia
1423 411 1756 468 lucrifacere
1780 424 1838 497 Α
1858 412 2016 467 litate
2038 429 2141 468 sua
2162 430 2266 485 per
2285 411 2428 469 duas
2447 413 2835 485 pragmaticas
2858 413 3076 470 formas
3096 417 3319 471 certum
3342 415 3490 471 redi-

100 507 553 576 attentaverint,
588 508 747 564 omni
786 507 962 562 modo
1002 506 1326 577 subrogatis
1359 507 1432 561 ab
1471 506 1607 578 ipsis
1636 511 1756 560 tam

97 602 535 674 promissiones
579 601 930 656 annonarias
975 617 1152 672 quam
1185 600 1327 654 alias
1368 599 1754 669 erogationes,

99 702 231 750 tam
256 695 371 767 ipsi
400 712 577 766 quam
604 695 866 750 hzeredes
898 711 964 749 ac
994 710 1347 748 successores
1377 709 1579 748 eorum
1608 710 1754 763 pree-

99 790 315 844 beant:
340 789 588 843 scientes
609 788 764 860 quod
781 787 827 841 si
849 788 1025 842 etiam
1045 790 1246 858 postea
1265 786 1756 852 defraudaverint,

101 886 265 937 certa
300 899 369 936 ex
402 882 633 937 illorum
662 880 1010 952 patrimonio
1040 880 1323 951 possessio
1354 879 1529 933 sacris
1551 878 1760 933 nostris

100 976 286 1029 rebus
329 975 568 1045 privatis
599 974 1000 1045 segregabitur
1034 978 1095 1028 ut
1126 973 1237 1027 illis
1267 972 1474 1026 exinde
1501 973 1603 1026 fiat
1630 988 1755 1026 ero-

103 1068 286 1139 gatio.
326 1069 469 1122 lllud
498 1084 726 1139 quoque
751 1067 824 1121 ad
856 1067 1137 1121 honorem
1169 1070 1428 1121 nostrum
1457 1069 1515 1119 et
1542 1066 1758 1119 cultum

104 1162 263 1216 sedis
284 1167 398 1216 tuae
424 1161 809 1227 decernimus,
831 1164 891 1215 ut
914 1160 957 1213 si
978 1160 1104 1231 quis
1126 1160 1416 1214 aadiﬁcans
1435 1158 1757 1236 ecclesiam,

104 1260 210 1310 aut
236 1256 424 1310 etiam
450 1256 620 1309 aliter
640 1254 972 1326 expendens
998 1254 1055 1307 in
1087 1270 1154 1307 ea
1181 1252 1643 1307 ministrantibus
1663 1252 1762 1307 ali-

102 1356 314 1405 menta
346 1348 599 1403 voluerit
637 1349 860 1420 aliquos
904 1346 1142 1402 clericos
1182 1350 1452 1414 statuere,
1487 1363 1603 1401 non
1638 1362 1759 1400 esse

103 1444 157 1497 ei
188 1442 480 1498 fiduciam
513 1444 708 1507 ullam,
743 1458 888 1513 quos
912 1442 1031 1497 vult
1059 1457 1164 1512 per
1200 1442 1546 1511 potestatem
1578 1440 1756 1494 dedu-

104 1554 242 1592 cere
266 1543 389 1592 tuze
419 1536 755 1591 reverentur.
782 1534 855 1589 ad
878 1534 1233 1590 ordinandos
1260 1550 1386 1600 eos;
1420 1533 1520 1587 sed
1543 1532 1757 1586 exami-

105 1632 235 1685 nari
262 1647 299 1684 a
328 1634 431 1684 tua
462 1629 786 1694 sanctitate,
814 1628 1218 1698 sententiaque
1244 1631 1359 1695 tua,
1383 1633 1441 1681 et
1457 1626 1554 1698 qui
1574 1626 1764 1697 ponti.

103 1725 347 1779 ﬁcalem
369 1724 569 1778 sedem
590 1723 868 1790 rexerint,
899 1739 1130 1792 semper
1150 1722 1255 1776 hos
1285 1721 1571 1791 suscipere
1604 1719 1758 1775 ordi-

1857 509 1982 561 tum
2008 507 2381 574 constituerit,
2407 513 2468 562 ut
2494 524 2698 561 aurum
2718 525 2787 563 ex
2809 524 2877 563 eo
2900 509 3083 564 reditu
3112 510 3408 565 redactum
3428 510 3486 565 in

1858 616 1988 654 eam
2000 617 2289 655 summam
2314 602 2591 671 proficiat,
2613 618 2740 672 quae
2755 619 2789 655 a
2806 602 2899 656 Dei
2919 603 3331 658 amantissimis
3349 622 3490 659 ceco-

1857 692 2042 747 nomis
2063 693 2233 748 datur
2256 694 2345 748 his
2371 695 2466 765 qui
2498 695 2647 749 circa
2668 695 2776 749 hoc
2807 694 3101 755 laborant:
3130 698 3295 751 multi
3316 697 3485 751 undi-

1859 803 1971 857 que
1992 804 2093 841 nos
2106 787 2392 856 adierunt,
2408 788 2664 842 dicentes
2688 805 2808 843 rem
2825 805 2939 844 non
2956 791 3270 860 procedere
3292 807 3487 863 mqua-

1857 879 2067 946 bilitcr,
2097 897 2282 951 neque
2314 880 2716 935 defunctorum
2744 882 3134 938 funerationes
3160 883 3374 955 absque
3396 902 3492 955 pa.

1859 976 1950 1027 cta
1968 973 2234 1028 mercede
2252 974 2543 1041 celebrari,
2576 974 2714 1046 quin
2745 975 2932 1045 potius
2957 978 3310 1031 amarulente
3339 994 3481 1033 mer-

1860 1067 2022 1121 cedes
2046 1067 2215 1137 exigi,
2230 1068 2413 1122 multa
2426 1068 2597 1122 etiam
2618 1069 2967 1123 extrinsecus
2988 1069 3229 1124 inveniri
3253 1071 3492 1126 nomina

1860 1163 1918 1214 et
1934 1160 2194 1231 collegia,
2219 1178 2346 1232 quae
2365 1162 2451 1215 vel
2476 1162 2531 1215 in
2556 1162 2744 1216 medio
2763 1162 2915 1216 luctu
2937 1163 3009 1216 ab
3032 1162 3220 1217 invitis
3236 1164 3487 1235 exigant,

1862 1257 1921 1307 et
1939 1271 2036 1307 eos
2058 1254 2157 1325 qui
2183 1255 2315 1309 dare
2345 1272 2459 1310 non
2494 1255 2730 1326 possint,
2761 1262 2822 1310 ut
2849 1257 3006 1323 dent,
3037 1257 3089 1309 vi
3119 1238 3486 1328 compellant.

1862 1348 1989 1401 Haec
2019 1364 2124 1403 nos
2154 1348 2513 1404 convenienti
2538 1350 2886 1404 correctione
2908 1349 3128 1420 dignari
3148 1351 3367 1421 justum
3392 1369 3492 1423 pu-

1860 1441 2125 1495 tavimus.
2170 1440 2304 1496 Inde
2348 1442 2492 1496 adeo
2536 1444 2785 1514 primum
2832 1443 3087 1498 omnium
3119 1449 3490 1500 sacrosanctae.

1860 1534 2063 1604 majori
2093 1536 2344 1589 ecclesiae
2365 1536 2620 1590 officinas
2644 1554 2919 1609 magnam
2943 1537 3232 1607 jacturam
3255 1539 3493 1594 etdimi-

1860 1627 2163 1682 nutionem
2183 1644 2480 1699 perpessas
2498 1629 2572 1683 ad
2592 1630 2888 1700 integrum
2917 1647 3227 1685 numerum
3250 1648 3487 1704 repara-

1862 1720 2069 1789 vimus,
2102 1723 2421 1794 conscripta
2447 1723 2517 1777 de
2545 1723 2655 1777 hoc
2686 1740 2845 1778 sacra
2870 1725 3055 1779 forma
3091 1725 3163 1778 ad
3192 1727 3490 1796 praefectu-

102 1818 444 1885 nationem,
487 1816 774 1889 siquidem
826 1819 939 1870 tuas
988 1814 1356 1882 beatitudini,
1413 1817 1471 1868 et
1520 1798 1988 1884 posterisBram
2041 1815 2401 1882 urbicariam,
2460 1821 2520 1870 ut
2566 1816 2835 1872 omnibus
2876 1818 3061 1873 modis
3100 1834 3164 1872 ea
3212 1836 3322 1873 una
3363 1837 3494 1874 cum

106 1910 439 1983 opportuni
456 1911 804 1965 videbuntur
824 1909 1083 1976 existere,
1112 1914 1169 1963 et
1195 1908 1298 1963 Dei
1320 1906 1641 1962 ministerio
1673 1907 1759 1962 di-

106 2006 241 2077 gni,
291 2008 359 2060 ut
398 2021 513 2059 non
543 2004 922 2074 profanentur
969 2007 1162 2057 sancta
1193 2001 1291 2057 Dei
1333 2001 1461 2071 (hoc
1498 2000 1764 2055 videlicet

107 2098 279 2170 quod
306 2098 483 2154 sacris
511 2098 764 2153 sancitur
796 2096 1077 2168 eloquiis),
1100 2095 1202 2150 sed
1228 2094 1442 2150 intacta
1473 2098 1531 2149 et
1554 2093 1760 2148 ineffa-

105 2192 258 2247 bilia
290 2192 708 2264 tremendaque
739 2191 1067 2257 constituta,
1098 2193 1291 2244 sancte
1318 2192 1377 2243 et
1405 2190 1519 2244 Deo
1549 2187 1764 2241 amabi-

106 2286 253 2341 liter
284 2291 347 2340 et
376 2286 706 2341 venerande
739 2288 1078 2339 tractentur.
1108 2283 1245 2347 Quae
1273 2282 1448 2353 igitur
1462 2280 1628 2336 nobis
1647 2282 1764 2352 pla-

111 2385 388 2446 cuerunt,
423 2382 481 2433 et
508 2395 610 2451 per
640 2379 791 2433 hanc
827 2394 1048 2432 sacram
1098 2376 1503 2449 exprimuntur
1547 2376 1759 2446 legem,

116 2490 190 2527 ea
221 2476 286 2527 ut
318 2473 377 2526 in
408 2477 755 2544 perpetuum
780 2470 1079 2525 beatitudo
1109 2476 1205 2525 tua
1247 2470 1542 2538 custodiat,
1576 2468 1762 2523 sanci-

116 2583 293 2621 mus:
324 2570 481 2621 certo
513 2566 759 2620 scientes
802 2564 957 2636 quod
999 2580 1117 2618 non
1165 2564 1358 2617 minus
1387 2562 1552 2618 nobis
1583 2578 1764 2616 sacro—

118 2666 460 2714 sanctarum
500 2658 869 2713 ecclesiarum
907 2657 1398 2719 commodacurae
1423 2655 1557 2723 sint,
1589 2671 1762 2726 quam

120 2754 253 2825 ipsa
298 2753 435 2807 vita.
469 2754 597 2807 Dat.
630 2768 702 2806 xv
734 2752 803 2806 K.
847 2753 1081 2805 Novem.
1119 2752 1415 2806 Constant.
1444 2749 1583 2820 imp.
1612 2749 1669 2803 d.
1702 2766 1761 2801 n.

118 2847 327 2903 Justin.
353 2851 522 2918 Aug.,
556 2849 686 2918 post
716 2844 864 2900 Bilis.
902 2861 955 2900 v.
986 2861 1037 2901 c.
1065 2860 1223 2899 cons.
1258 2859 1394 2898 ann.
1424 2845 1475 2898 3.

706 3005 1022 3061 NOVELLA
1048 3006 1173 3059 LIX.

208 3126 287 3179 De
315 3121 610 3190 exsequiis,
640 3134 777 3190 quas
800 3120 920 3188 ﬁeri
947 3121 1192 3187 oporteat
1216 3120 1275 3171 in
1302 3117 1679 3185 defunctomm

721 3191 1176 3257 funerationibus.

195 3320 525 3389 Imperator
548 3316 907 3372 Justinianus
932 3317 1224 3386 Augustus
1250 3315 1455 3370 Joanni
1480 3315 1766 3369 factorum

125 3429 233 3485 per
258 3412 554 3466 Orientem
584 3410 990 3482 praetoriorum
1019 3408 1291 3480 praefecto
1314 3408 1528 3463 iterum
1560 3424 1765 3464 excon-

128 3505 250 3560 sule
282 3510 341 3559 et
367 3503 632 3575 patricio.

200 3599 259 3654 Si
279 3597 558 3669 quidquid
578 3613 822 3669 usquam
844 3600 930 3651 est
948 3596 1235 3652 bonorum
1250 3612 1511 3667 operum,
1526 3595 1586 3650 id
1606 3611 1771 3666 opor-

129 3698 212 3749 tet
241 3691 489 3763 (volente
520 3692 652 3761 Deo)
684 3707 789 3762 per
813 3707 919 3745 nos
944 3689 1170 3745 initium
1194 3705 1401 3761 capere
1427 3705 1440 3743 :
1470 3688 1772 3744 conveniet

132 3787 274 3842 item
300 3789 367 3840 ut
392 3802 462 3840 ea
487 3785 645 3840 bona
671 3801 799 3855 quae
822 3801 927 3855 per
948 3784 1089 3838 alios
1117 3786 1435 3854 cceperunt,
1467 3783 1513 3837 si
1541 3783 1630 3836 his
1658 3782 1766 3836 im-

132 3881 359 3935 mineat
376 3878 633 3947 exitium,
658 3895 762 3950 per
776 3894 882 3932 nos
902 3878 1088 3932 denuo
1107 3879 1505 3932 restaurentur
1527 3879 1586 3929 et
1605 3876 1664 3930 in
1682 3892 1771 3931 ve-

133 3977 321 4029 terem
343 3973 694 4027 reducantur
712 3972 1000 4040 ordinem,
1029 3976 1091 4026 ut
1109 3987 1339 4042 semper
1360 3970 1527 4025 nobis
1546 3970 1635 4023 vel
1653 3970 1771 4041 ipsa

133 4068 216 4131 rei
257 4067 640 4133 confectione,
674 4067 763 4119 vel
796 4065 1213 4119 restauratione
1246 4063 1316 4119 ad
1345 4065 1651 4137 praeclaras
1677 4080 1768 4118 ac-

133 4162 322 4217 tiones
342 4158 732 4221 contendendi
747 4159 1045 4212 facultates
1059 4158 1265 4213 adsint.
1286 4159 1385 4229 Cuj
1396 4157 1617 4212 usmodi
1635 4174 1770 4211 sane

132 4256 413 4328 quiddam
439 4270 569 4308 cum
587 4257 643 4308 et
660 4254 717 4306 in
741 4253 1145 4307 defunctorum
1173 4251 1632 4306 funerationibus
1647 4268 1771 4322 per-

131 4367 335 4423 peram
359 4348 818 4412 administretur,
850 4346 1139 4417 corrigere
1163 4346 1222 4399 id
1254 4345 1433 4400 visum
1459 4348 1564 4412 est,
1587 4348 1643 4399 et
1667 4345 1768 4399 ho-

132 4444 389 4499 minibus
418 4442 622 4497 exinde
648 4440 866 4511 largiri,
896 4457 969 4494 ne
1007 4439 1299 4511 geminam
1330 4439 1769 4495 incommodita-

1787 3169 1842 3243 C

1864 1908 2290 1963 obsecundante
2326 1909 2405 1963 illi
2437 1911 2671 1965 cohorte
2707 1911 2867 1966 mille
2894 1915 2952 1966 et
2978 1915 3209 1966 centum
3241 1913 3493 1968 officinas

1862 2001 1959 2057 Dei
1976 2002 2384 2057 amantissimis
2396 2003 2790 2059 defensoribus
2811 2008 2867 2059 et
2885 2006 3190 2059 (economis
3209 2007 3493 2077 praedicta:

1862 2100 2239 2151 sacrosanctae
2281 2097 2531 2153 ecclesia:
2566 2098 2832 2153 tradant:
2866 2098 3211 2168 octingentis
3257 2101 3494 2171 quidem

1865 2189 2109 2245 officinis
2132 2206 2261 2245 cum
2285 2191 2614 2262 corporibus
2633 2192 2957 2262 prmbendis
2977 2192 3074 2247 Dei
3092 2194 3497 2249 amantissimis

1865 2283 2279 2353 defensoribus,
2314 2285 2579 2339 trecentis
2602 2302 2735 2340 vero
2758 2285 3126 2357 pientissimis
3153 2303 3290 2357 erga
3314 2290 3492 2342 Deum

1862 2378 2222 2432 (economis:
2262 2383 2324 2432 ut
2352 2379 2455 2433 Dei
2498 2379 2729 2450 quidem
2779 2379 3161 2434 amantissimi
3211 2381 3495 2436 (economi

1863 2474 2145 2525 trecentas
2197 2471 2320 2526 illas
2375 2472 2630 2527 ofﬁcinas
2681 2476 2738 2527 et
2780 2472 3032 2527 reditum
3075 2473 3146 2527 ab
3198 2475 3496 2529 Anastasio

1865 2564 2240 2620 sacratissimo
2280 2566 2536 2637 principe
2579 2566 2859 2621 donatum
2892 2566 2949 2620 in
2990 2567 3176 2621 fructu
3222 2568 3492 2637 habeant,

1866 2657 2266 2730 nihilamplius
2277 2659 2347 2713 ob
2363 2659 2711 2714 diminutum
2727 2664 3147 2731 conquerentes
3161 2678 3495 2733 numerum,

1865 2751 1966 2805 sed
1990 2751 2047 2805 in
2068 2754 2533 2823 supplementum
2556 2753 2834 2807 habentes
2852 2770 2978 2824 qua
3001 2755 3257 2825 praebent
3273 2761 3495 2811 trecen-

1863 2849 1938 2899 ἰω
1961 2845 2225 2914 ofﬁcinae,
2244 2850 2365 2900 tam
2383 2847 2613 2902 decanis
2628 2864 2803 2919 quam
2828 2848 3059 2918 reliquis
3078 2849 3315 2903 cmtihus
3342 2866 3499 2904 men‘

1866 2942 2151 2993 struarum
2198 2940 2629 3010 praestationum
2674 2941 3060 3011 erogationem
3109 2942 3365 2997 faciant:
3399 2944 3496 2997 Dei

1865 3045 2001 3083 vero
2047 3029 2430 3083 amantissimi
2458 3030 2789 3084 defensores
2823 3029 2897 3082 ad
2933 3046 3173 3084 manum
3220 3031 3499 3085 habentes

1869 3123 2229 3194 octingentas
2281 3122 2555 3189 ofﬁcinas,
2612 3125 2730 3177 tam
2773 3122 3091 3177 lecticarios
3152 3126 3231 3192 (ut
3277 3124 3499 3196 vocant)

1868 3216 2189 3283 exhibeant,
2222 3233 2396 3288 quam
2424 3217 2711 3287 reliquum
2761 3216 3167 3285 ministerium,
3214 3218 3368 3289 quod
3399 3219 3499 3272 de-

1867 3311 2197 3365 functorum
2211 3310 2492 3382 exsequize
2511 3310 2831 3381 requirunt,
2851 3311 3156 3378 sufﬁciant,
3177 3328 3292 3383 quo
3316 3312 3503 3384 magis

1868 3420 1936 3459 ea
1966 3420 2027 3458 re
2056 3404 2356 3459 defunctos
2378 3421 2412 3459 a
2442 3405 2659 3459 damno
2700 3421 3023 3460 asseramus
3052 3409 3109 3459 et
3134 3406 3365 3476 injuria.
3396 3409 3503 3462 Eas

1868 3497 2045 3568 igitur
2069 3497 2373 3568 przedictas
2391 3499 2547 3552 mille
2576 3502 2631 3553 et
2651 3501 2885 3553 centum
2908 3499 3163 3552 ofﬁcinas
3181 3500 3282 3553 Dei
3302 3517 3500 3555 aman-

1868 3590 2100 3644 tissimis
2129 3591 2444 3645 oeconomis
2473 3595 2532 3645 et
2561 3591 2959 3646 defensoribus
2983 3592 3195 3662 absque
3227 3593 3339 3646 ulla
3366 3599 3505 3647 tem-

1869 3683 2026 3756 poris
2043 3684 2425 3756 praeﬁnitione
2452 3700 2584 3739 cum
2616 3685 2978 3739 immunitate
3009 3688 3069 3738 et
3095 3685 3236 3739 citra
3261 3686 3506 3740 diminu-

1868 3778 2088 3833 tionem
2108 3777 2402 3847 custodiri,
2419 3778 2537 3832 etsi
2559 3794 2901 3850 quocunque
2920 3778 3096 3833 modo
3118 3780 3310 3851 aliqua
3334 3779 3505 3834 inter-

1870 3870 2039 3939 cidat,
2063 3872 2329 3925 lumenve
2360 3874 2565 3941 mutet,
2589 3875 2688 3925 aut
2714 3872 3149 3940 commercium,
3167 3889 3200 3927 a
3223 3872 3504 3944 gloriosis-

1872 3965 2020 4020 simo
2041 3964 2212 4035 hujus
2246 3965 2415 4020 almze
2442 3964 2599 4020 urbis
2624 3965 3174 4039 praefectolsuppleri
3200 3983 3502 4038 recupera-

1871 4059 2033 4130 rique
2065 4064 2312 4130 oportet,
2340 4063 2405 4114 ut
2425 4060 2527 4114 Dei
2558 4060 2795 4131 quidem
2823 4059 3197 4115 amantissimi
3224 4060 3505 4117 (economi

1870 4153 2205 4223 fundorum,
2231 4153 2326 4225 qui
2354 4154 2661 4225 sepulturis
2679 4154 2940 4209 attributi
2965 4157 3117 4221 sunt,
3145 4155 3508 4210 administra-

1871 4248 2087 4301 tionem
2138 4248 2431 4315 habentes,
2481 4248 2756 4303 habentes
2798 4249 2938 4303 item
2979 4253 3036 4303 et
3077 4265 3111 4303 a
3141 4250 3506 4320 vectigalium

1871 4340 2240 4410 praestatione
2262 4340 2402 4395 imm
2416 4359 2554 4396 unes
2571 4347 2857 4397 trecentas
2877 4341 3153 4407 officinas,
3179 4343 3508 4397 defensores

1872 4450 2007 4489 vero
2035 4435 2394 4504 octingentas
2423 4435 2652 4501 alteras,
2672 4434 2899 4505 utrique
2924 4434 3321 4501 defunctorum
3348 4452 3504 4490 exse-

132 4541 249 4591 tem
269 4536 608 4600 sustineant,
631 4538 750 4588 tam
769 4550 900 4589 suos
916 4533 1246 4587 amittentes
1266 4550 1437 4604 quam
1457 4533 1630 4587 etiam
1652 4534 1771 4587 illo-
1790 4542 1849 4614 D
1874 4526 2036 4598 quias
2056 4526 2163 4582 rite
2181 4528 2525 4599 gubernent.
2542 4527 2890 4583 Omnimodo
2912 4544 3047 4582 sane
3059 4528 3213 4598 quod
3229 4545 3295 4582 ex
3313 4546 3507 4585 annuo

135 4646 267 4686 rum
309 4629 543 4682 nomine
576 4628 890 4682 subeuntes
922 4626 1242 4698 dispendia.
1277 4627 1391 4682 Sed
1430 4627 1585 4698 quod
1616 4627 1775 4681 divus

136 4724 405 4796 princeps
442 4721 846 4777 Constantinus
870 4726 1021 4775 recte
1051 4721 1435 4791 excogitatum
1476 4720 1772 4792 disposuit,

139 4822 197 4873 et
216 4816 588 4889 postmodum
608 4815 934 4870 Anastasius
954 4814 1342 4886 pientissimus
1362 4814 1629 4886 princeps
1646 4831 1778 4870 con-

137 4911 412 4977 ﬁrmavit,
451 4909 674 4981 adjecto
714 4910 952 4980 insuper
985 4913 1042 4963 et
1078 4908 1288 4974 reditu,
1322 4907 1379 4962 id
1412 4924 1516 4963 nos
1545 4908 1773 4963 ruinam

139 5005 419 5060 minitans
450 5008 770 5058 rest-iurare
796 5002 984 5070 simul,
1018 5007 1077 5057 et
1120 5002 1373 5075 undique
1402 5001 1477 5057 ad
1502 5003 1773 5057 stabilita-

142 5103 259 5154 tem
290 5098 590 5153 redactum
618 5096 1089 5151 convenientibus
1104 5097 1421 5169 astringere
1435 5094 1778 5166 juramentis

140 5207 543 5265 preperamus,
595 5190 909 5245 efficientes
949 5207 1017 5247 ea
1060 5207 1121 5246 re
1165 5197 1225 5245 ut
1267 5190 1589 5245 immortale
1646 5206 1773 5261 per-

142 5288 401 5342 maneat.

213 5381 359 5435 Nam
372 5396 503 5434 cum
524 5374 916 5452 pientissimus
935 5375 1197 5450 princeps
1214 5377 1623 5434 Constantinus
1639 5393 1781 5433 non-

148 5478 345 5546 gentas
370 5473 792 5545 quinquaginta
840 5472 1099 5529 officinas
1134 5489 1200 5526 ex
1246 5471 1482 5526 diversis
1522 5470 1782 5541 collegiis

146 5568 314 5638 hujus
345 5568 512 5622 almae
544 5566 699 5621 urbis
728 5571 1105 5622 sacrosanctae
1138 5565 1339 5637 majori
1369 5564 1621 5620 ecclesias
1648 5580 1780 5619 cum

148 5661 509 5717 immunitate
538 5659 782 5728 dederit,
813 5658 1137 5714 Anastasius
1168 5674 1397 5729 quoque
1436 5658 1575 5712 item
1613 5657 1779 5728 pien-

146 5754 396 5811 tissimus
430 5754 701 5826 princeps
735 5770 853 5809 non
892 5753 1076 5808 solum
1120 5751 1361 5807 officinis
1402 5750 1516 5806 illis
1549 5754 1785 5806 centum

151 5848 569 5941 φίαςιιδείηια
596 5847 740 5906 alias
757 5844 1109 5924 apposuerit,
1130 5847 1232 5904 sed
1261 5844 1436 5904 etiam
1464 5861 1569 5921 pro
1584 5844 1787 5902 libera-

1875 4621 2186 4675 fundorum
2213 4621 2400 4675 reditu
2431 4621 2711 4692 provenit,
2739 4638 2772 4675 a
2801 4621 2899 4676 Dei
2925 4621 3332 4677 amantissimis
3356 4640 3505 4678 oeco-

1874 4715 2063 4770 nomis
2084 4715 2140 4768 in
2163 4716 2582 4786 sepulturarum
2603 4732 2768 4769 usum
2787 4716 3128 4785 conferatur,
3143 4718 3511 4790 quemadmo«

1877 4809 2014 4864 dum
2041 4808 2278 4863 inferius
2296 4808 2353 4863 in
2374 4825 2682 4880 progressu
2703 4809 2975 4879 dicemus,
2992 4816 3344 4881 apponentes
3372 4829 3511 4866 non-

1875 4903 2019 4958 nihil
2048 4903 2118 4959 de
2143 4905 2527 4957 trecentarum
2575 4902 2942 4957 officinarum
2984 4904 3192 4972 reditu,
3221 4911 3393 4977 prout
3437 4906 3508 4962 de

1877 4997 2029 5053 facto
2062 4998 2119 5052 hi
2149 5014 2180 5051 a
2210 4997 2374 5051 nobis
2421 5012 2624 5068 capere
2673 4997 2978 5068 petierunt.
3008 5003 3083 5053 Ac
3120 4999 3393 5070 quoniam
3443 5001 3513 5056 de

1877 5091 2033 5146 mille
2054 5096 2111 5146 et
2132 5095 2361 5147 centum
2383 5090 2647 5158 ofﬁcinis,
2670 5107 2798 5162 quae
2821 5091 2879 5146 in
2900 5092 3053 5146 alma
3070 5093 3176 5147 hac
3197 5092 3337 5146 urbe
3358 5100 3510 5163 sunt,

1880 5186 2163 5257 pleraque
2210 5183 2645 5251 interciderunt,
2677 5185 3038 5257 praecipimus
3065 5186 3125 5239 in
3152 5201 3425 5256 praesens,
3452 5193 3517 5241 ut

1880 5279 1969 5333 hae
2023 5279 2425 5350 suppleantur,
2475 5283 2531 5333 et
2574 5278 2674 5333 Dei
2727 5277 3139 5333 amantissimis
3204 5279 3516 5334 mconomis

1880 5372 2368 5443 pientissimisque
2395 5388 2535 5444 erga
2563 5373 2739 5427 Deum
2761 5370 3151 5426 defensoribus
3182 5372 3312 5441 (quo
3339 5372 3514 5428 modo

1881 5482 1913 5520 a
1953 5465 2115 5520 nobis
2155 5464 2374 5521 dictum
2424 5470 2523 5536 est)
2573 5466 2730 5521 mille
2776 5468 2834 5520 et
2869 5468 3097 5519 centum
3150 5463 3516 5522 officinarum

1884 5576 2158 5615 numerus
2201 5558 2581 5617 indiminutus
2612 5566 2669 5616 et
2698 5556 3114 5631 simplicissime
3146 5557 3356 5613 divisus
3386 5575 3517 5616 eon-

1884 5658 2167 5722 servetur,
2220 5673 2295 5711 ne
2360 5670 2476 5727 quo
2538 5660 2705 5725 pacto
2775 5652 3068 5725 pauciores
3133 5652 3332 5708 decani
3399 5654 3517 5708 sive

1884 5747 2176 5819 copiastaa,
2205 5767 2377 5825 quam
2402 5747 2736 5819 octingenti,
2758 5747 2859 5803 Dei
2884 5746 3289 5803 amantissimis
3315 5745 3517 5803 defen-

1885 5841 2109 5906 soribus
2140 5842 2403 5909 attributi
2440 5840 2570 5898 sint.
2604 5842 2713 5900 Pro
2740 5842 3011 5898 trecentis
3035 5847 3226 5901 autem
3254 5840 3365 5899 illis
3391 5856 3519 5920 quea
