4034 6228
526 308 627 361 995

1658 302 1910 359 SXECULI
1952 300 2143 358 SEXTI
2184 300 2741 357 SUPPLEMENTUM.

3805 302 3913 353 991i

524 413 622 469 Dei
659 411 1060 468 amantissimis
1104 411 1237 466 viris
1268 410 1580 465 oeconomis
1622 411 2010 482 assignantur,
2040 409 2153 465 sive
2174 422 2233 494 Α
2256 409 2343 463 his
2373 410 2637 463 omnibus
2662 426 2858 464 curam
2882 408 3247 480 impertiente
3272 408 3610 463 beatissimo
3637 422 3747 479 pro
3766 411 3913 462 tem-

525 507 783 563 officinas
812 508 870 561 in
901 505 1231 578 corporibus
1274 504 1565 575 percipere
1601 504 1797 571 velint,
1822 506 1911 558 vel
1957 522 2157 561 omnes

523 605 611 658 vel
641 603 915 674 quasdam
945 619 1008 656 ex
1048 600 1155 668 his,
1191 598 1305 652 sive
1348 598 1498 652 ferre
1539 614 1644 668 per
1690 615 1915 652 causam
1947 598 2027 668 (ut
2055 617 2154 655 vo-

524 698 672 769 cant)
701 702 1095 751 excusatarum
1125 692 1483 748 ofﬁcinarum
1509 692 1600 745 vel
1618 692 1895 759 omnium,
1913 694 2002 747 vel
2024 711 2159 765 qua-

521 792 789 847 rumdam
812 788 1097 861 pecunias,
1120 786 1487 840 insumantur
1507 789 1564 839 et
1590 786 1679 840 hae
1702 785 1848 840 circa
1868 786 2158 842 defuncto-

522 902 652 939 rum
680 883 993 952 exsequias,
1012 884 1077 935 ut
1097 897 1162 934 ex
1184 880 1271 934 his
1292 879 1549 950 pecuniis
1577 879 1747 933 simul
1772 882 1829 932 et
1846 880 2156 935 fundorum

520 977 887 1051 proventibus
935 973 1256 1029 distributio
1295 975 1396 1028 ﬁat
1438 974 1496 1027 in
1553 973 1820 1039 decanos,
1865 975 2152 1043 ascetrias,

523 1070 846 1137 canonicas,
900 1068 1215 1135 acoluthos,
1269 1070 1326 1120 et
1374 1067 1534 1134 alios,
1589 1070 1759 1137 prout
1806 1067 2042 1123 inferius
2096 1068 2156 1122 in

520 1181 820 1236 progressu
864 1162 1283 1217 constituimus.
1314 1162 1459 1215 Nam
1486 1177 1617 1214 cum
1644 1160 1878 1231 digestis
1907 1162 1964 1214 in
1998 1161 2153 1215 ordi-

522 1275 657 1313 nem
686 1257 999 1311 rationibus
1028 1256 1129 1309 Dei
1158 1254 1532 1309 amantissimi
1576 1255 1860 1310 oeconomi
1890 1256 2151 1310 ostende-

520 1352 637 1407 rint
662 1350 1009 1422 impossibile
1056 1366 1178 1403 esse
1221 1352 1288 1403 ut
1321 1365 1389 1402 ex
1436 1348 1630 1402 fundis
1657 1348 1728 1402 de
1759 1351 1964 1403 caetero
2000 1348 2153 1403 idem

518 1445 737 1499 reditus
766 1445 1083 1515 colligatur,
1111 1443 1315 1497 merito
1340 1445 1728 1497 trecentarum
1757 1460 1858 1496 nos
1889 1442 2150 1497 ofﬁcina-

518 1555 647 1593 rum
680 1538 1136 1593 additamentum
1167 1537 1301 1591 huic
1331 1536 1477 1607 parti
1507 1536 1891 1603 attribuimus,
1915 1540 1978 1589 ut
1998 1537 2152 1607 quod

518 1633 790 1687 hactenus
833 1632 979 1686 circa
1023 1632 1362 1685 cadaverum
1403 1630 1713 1684 elationem
1757 1629 2152 1684 laborantibus

519 1726 793 1793 dabatur,
845 1725 986 1780 citra
1042 1723 1546 1795 reprehensionem
1605 1723 1874 1795 deinceps
1922 1740 2150 1795 quoque

2259 520 2397 575 pore
2448 503 2875 575 archiepiscopo
2922 503 3093 572 hujus
3141 504 3307 556 alma:
3356 503 3513 557 urbis
3556 505 3613 555 et
3656 502 3913 556 universi

2260 597 2382 667 ejus
2409 600 2621 651 tractus
2652 597 3006 668 patriarchae,
3048 597 3153 650 sub
3188 597 3349 667 cujus
3376 597 3554 651 tutela
3590 598 3651 649 et
3684 595 3909 649 ditione

2259 695 2561 745 censentur
2584 694 2641 746 et
2670 690 2769 745 Dei
2791 690 3169 745 amantissimi
3201 690 3483 744 oeconomi
3509 693 3566 743 et
3599 689 3911 744 universus

2259 785 2462 852 clerus,
2504 788 2560 839 et
2592 787 2745 839 totus
2776 787 3150 839 sacrosanctae
3191 784 3440 838 ecclesias.
3477 783 3646 838 ordo.
3706 783 3802 836 His
3826 784 3907 836 ita

2257 877 2666 945 evenientibus,
2699 894 2874 932 nemo
2895 877 3130 931 omnino
3160 876 3231 930 ab
3259 876 3437 932 invito
3456 893 3562 948 pro
3586 881 3791 931 curato
3812 876 3910 931 de-

2256 970 2469 1025 mortui
2490 986 2731 1042 corpore
2751 970 3065 1042 quidquam
3093 971 3335 1024 auferat.
3367 970 3479 1025 Sed
3499 973 3561 1023 ut
3587 975 3775 1024 totum
3795 970 3910 1024 dis-

2257 1080 2580 1134 cernamus,
2610 1064 2896 1119 sancimus
2915 1068 2979 1117 ut
2996 1063 3305 1134 unicuique
3326 1064 3565 1129 feretro,
3585 1063 3747 1134 quod
3768 1078 3904 1133 gra-

2257 1157 2328 1211 tis
2356 1158 2705 1225 conceditur,
2736 1173 2915 1212 unam
2942 1157 3173 1211 accedat
3198 1156 3571 1211 aseetriarum
3594 1160 3700 1210 aut
3729 1172 3905 1210 cano-

2256 1251 2514 1305 nicarum
2539 1251 2901 1319 asceterium,
2927 1267 3043 1304 non
3061 1249 3250 1304 minus
3276 1253 3406 1304 octo
3433 1249 3781 1304 mulieribus
3814 1251 3907 1303 fe-

2254 1349 2473 1399 retrum
2519 1344 3000 1415 praecedentibus,
3055 1348 3112 1398 et
3165 1343 3561 1414 psallentibus,
3604 1348 3665 1396 et
3715 1343 3906 1397 tribus

2253 1437 2556 1506 acoluthis,
2594 1438 2691 1508 qui
2720 1453 2825 1493 nec
2853 1436 2963 1509 ipsi
2987 1436 3303 1508 quidquam
3347 1435 3649 1506 accipient.
3681 1435 3743 1490 Si
3775 1435 3905 1507 quis

2252 1547 2388 1586 vero
2411 1548 2477 1585 ex
2509 1531 2759 1585 defuncti
2789 1531 3047 1603 cognatis
3075 1536 3132 1585 et
3155 1529 3424 1584 afﬁnibus
3454 1530 3555 1600 qui
3585 1530 3901 1584 elationem

2254 1630 2565 1696 procurant
2594 1625 2728 1680 velit
2767 1642 2868 1679 sua
2900 1629 3130 1696 sponte,
3172 1624 3403 1679 nemine
3433 1628 3702 1694 cogente,
3740 1623 3903 1677 aliud

2253 1719 2491 1790 insuper
2518 1720 2859 1774 asceterium
2878 1720 2968 1773 vel
2998 1734 3202 1785 unum,
3226 1718 3313 1771 vel
3338 1718 3474 1784 duo,
3496 1719 3588 1772 vel
3613 1718 3787 1789 plura
3811 1734 3902 1771 as-

515 1818 860 1890 prabeatur,
876 1835 978 1890 per
1005 1818 1259 1888 singulos
1274 1817 1488 1871 scilicet
1512 1833 1757 1885 menses,
1788 1820 1901 1870 tam
1920 1817 2149 1871 decanis
2170 1812 2227 1882 B
2251 1829 2499 1881 sumere,
2529 1816 2649 1867 esto
2677 1812 2819 1867 illud
2840 1811 3073 1885 quidem
3100 1813 3160 1866 in
3187 1813 3365 1885 ipsius
3388 1811 3641 1883 positum
3672 1810 3908 1865 muniﬁ-

518 1915 576 1966 et
604 1911 879 1966 acoluthis
897 1927 1069 1983 quam
1096 1910 1386 1990 canonicis
1416 1915 1473 1965 et
1499 1910 1769 1977 ascetriis,
1798 1915 1853 1964 et
1878 1910 2021 1978 aliis,
2052 1928 2153 1982 pro

516 2003 928 2060 consuetudine
971 2005 1245 2059 hactenus
1284 2003 1437 2075 apud
1483 2003 1637 2074 ipsos
1681 2004 1993 2059 obtinente.
2041 2005 2152 2059 Hoc

517 2103 603 2153 est
645 2098 876 2152 decanis
931 2098 1167 2169 quidem
1218 2114 1322 2168 per
1363 2096 1616 2168 singulos
1664 2113 1893 2151 menses
1941 2097 2152 2153 solidos

515 2209 679 2260 LXXII,
719 2190 972 2247 ascetriis
1001 2194 1058 2245 et
1086 2191 1383 2259 acoluthis,
1426 2190 1589 2245 solid.
1622 2206 1732 2257 XCI,
1762 2194 1820 2244 et
1863 2192 2151 2246 canonicis

514 2284 677 2340 solid.
708 2301 889 2340 xxxvr.
932 2285 1037 2349 Qui
1064 2285 1299 2355 quidem
1332 2285 1401 2338 ab
1439 2284 1575 2355 ipsis
1605 2284 1704 2338 Dei
1745 2286 2150 2339 amantissimis

514 2379 859 2451 colligantur
901 2379 1234 2445 oeconomis,
1278 2380 1569 2433 solvantur
1598 2395 1730 2433 vero
1765 2395 1867 2449 per
1897 2378 2150 2449 singulos

512 2490 608 2526 sex
636 2490 884 2541 menses,
918 2472 1124 2543 quibus
1156 2477 1211 2525 et
1250 2475 1420 2526 antea
1465 2471 1683 2542 percipi
1710 2478 2145 2527 consueverunt.

512 2566 754 2638 Oportet
775 2570 970 2620 autem
998 2582 1126 2619 eam
1155 2565 1387 2636 quidem
1414 2582 1539 2619 auri
1566 2570 1809 2637 partem,
1836 2583 1964 2637 quas
1990 2583 2145 2621 asce-

510 2658 632 2712 triis
677 2660 970 2729 competit,
1003 2676 1035 2713 a
1072 2659 1171 2713 Dei
1204 2658 1612 2713 amantissimis
1648 2659 1963 2714 oeconomis
1998 2677 2143 2729 prie-

512 2750 663 2807 dicto
695 2752 944 2807 termino
975 2752 1095 2806 dari
1124 2752 1379 2822 Eugenio
1411 2752 1507 2806 Dei
1536 2753 1924 2807 amantissimo
1955 2752 2144 2807 diaco-

508 2862 605 2913 no,
639 2850 696 2899 et
733 2845 912 2917 ipsius
943 2846 1313 2916 Sampsorum
1345 2846 1628 2916 religiosze
1656 2847 1950 2901 memoria:
1980 2862 2147 2901 xeno-

506 2939 614 3007 nis,
642 2940 1001 3011 aliorumque
1023 2957 1053 2992 a
1082 2940 1246 2994 nobis
1278 2939 1359 2993 illi
1389 2939 1927 2994 commendatorum
1965 2958 2142 2995 xeno-

506 3034 710 3104 docho,
737 3037 793 3087 et
820 3034 918 3105 qui
937 3050 1191 3104 unquam
1218 3033 1404 3104 ipsum
1434 3034 1533 3087 Dei
1555 3034 2019 3088 amantissimum
2041 3035 2141 3088 ho-

503 3144 635 3182 rum
663 3143 958 3182 xenonum
993 3127 1314 3181 xenodochi
1357 3127 1603 3182 secuturi
1628 3132 1759 3181 sunt
1790 3145 1802 3181 :
1839 3133 2141 3199 propterea

2253 1907 2463 1962 centia.
2509 1908 2791 1962 Caeterum
2822 1923 3008 1978 neque
3035 1906 3143 1961 hoc
3168 1905 3686 1961 indeterminatum
3719 1904 3900 1959 relin-

2254 2002 2504 2073 quimus,
2526 2000 2791 2055 eamdem
2811 2000 2904 2055 hic
2919 2016 3151 2072 quoque
3178 2016 3514 2055 mensuram
3534 2000 3593 2053 in
3612 1999 3900 2065 ascetriis,

2252 2095 2542 2150 canonicis
2569 2097 2626 2149 et
2653 2094 2931 2149 acoluthis
2958 2094 3056 2165 qui
3092 2111 3197 2166 per
3245 2094 3712 2150 muniﬁcentiam
3738 2109 3900 2147 assu-

2251 2194 2489 2244 muntur
2527 2205 2648 2242 esse
2678 2188 2934 2242 volentes
2979 2205 3151 2259 quam
3200 2205 3371 2259 supra
3400 2187 3789 2253 definivimus,
3825 2203 3902 2240 ne

2251 2283 2549 2354 pauciores
2581 2281 2795 2337 scilicet
2820 2298 2991 2353 quam
3018 2287 3144 2336 octo
3178 2283 3432 2337 ascetriee
3477 2282 3567 2335 vel
3599 2281 3901 2335 canonicae

2251 2393 2318 2430 ex
2334 2393 2447 2431 uno
2462 2392 2692 2447 quoque
2704 2376 2984 2431 ascetcrio
2999 2380 3383 2447 assumantur,
3398 2381 3453 2432 et
3476 2380 3591 2431 tres
3602 2376 3677 2429 ad
3687 2391 3903 2429 unum-

2251 2470 2518 2541 quodque
2564 2470 2909 2525 asceterium
2935 2470 3207 2525 acoluthi.
3248 2472 3467 2525 Dentur
3510 2474 3706 2524 autem
3735 2485 3893 2523 asce-

2249 2564 2372 2617 triis
2400 2566 2513 2618 sive
2543 2563 2833 2619 canonicis
2865 2581 2993 2636 quae
3027 2566 3178 2619 ultra
3219 2565 3274 2619 id
3306 2565 3489 2636 ipsum
3521 2564 3894 2630 asceterium,

2250 2657 2405 2728 quod
2437 2658 2615 2728 gratis
2644 2657 3032 2713 ministerium
3080 2658 3430 2713 funerationi
3460 2658 3703 2729 praebet,
3737 2675 3896 2712 assu-

2248 2755 2486 2806 muntur
2508 2768 2521 2805 :
2546 2751 2828 2822 siquidem
2872 2752 3025 2806 intra
3061 2769 3240 2807 novos
3284 2769 3479 2806 muros
3507 2751 3680 2822 hujus
3714 2752 3893 2805 almae

2248 2844 2403 2898 urbis
2428 2845 2600 2899 elatio
2615 2851 2939 2916 peragatur,
2966 2862 3145 2916 usque
3171 2846 3243 2899 ad
3272 2850 3385 2900 tres
3400 2845 3628 2913 solidos,
3648 2845 3795 2899 nihil
3819 2862 3895 2899 ex

2246 2938 2355 2992 hoc
2386 2939 2613 3009 penitus
2637 2939 3027 2994 auferentibus
3051 2940 3350 3008 acoluthis,
3376 2956 3563 3011 neque
3579 2940 3893 3011 partienti-

2244 3030 2350 3085 bus
2378 3031 2485 3087 ista
2512 3050 2641 3087 cum
2672 3033 3154 3088 reverendissimis
3196 3034 3447 3087 ascetriis
3479 3039 3535 3088 et
3568 3034 3891 3088 canonicis.
3932 3032 3938 3037 ’

2244 3126 2353 3179 Sed
2381 3126 2660 3180 acoluthis
2697 3126 2793 3197 qui
2838 3130 2967 3198 post
3009 3132 3124 3182 tres
3168 3128 3291 3181 illos
3330 3127 3504 3198 gratis
3534 3126 3896 3182 funerationi

505 3221 659 3291 quod
683 3220 938 3275 ascetriae
966 3237 1093 3291 quae
1114 3221 1172 3273 in
1203 3220 1352 3274 hunc
1382 3237 1549 3275 usum
1579 3221 1926 3275 adhibentur
1951 3225 2007 3275 et
2034 3222 2138 3275 mi-
2163 3186 2217 3259 Ο
2242 3218 2633 3274 ministrantes
2651 3225 3038 3289 assumuntur,
3068 3222 3351 3292 siquidem
3383 3225 3500 3275 tres
3529 3222 3625 3275 alii
3650 3222 3770 3275 sint
3790 3222 3891 3276 tri-

504 3314 803 3368 nisterium
828 3317 1122 3384 praestant,
1154 3312 1257 3367 sub
1286 3311 1698 3384 praedictorum
1723 3316 2145 3372 venerabilium’

502 3424 790 3461 xenonum
820 3424 922 3477 pro
949 3411 1209 3478 tempore
1238 3408 1586 3461 xenodoehis
1609 3414 1981 3478 censeantur;
2008 3412 2141 3466 alte-

500 3517 628 3555 ram
656 3517 787 3556 vero
814 3500 971 3555 illam
993 3518 1119 3573 quae
1148 3505 1262 3555 tam
1284 3502 1563 3555 acoluthis
1588 3518 1761 3573 quam
1790 3504 2140 3558 reverendis-

497 3592 654 3650 simis
681 3594 969 3650 canonicis
1003 3596 1277 3666 competit
1306 3613 1317 3651 :
1351 3596 1731 3650 consimiliter
1772 3597 1843 3651 ab
1871 3598 2006 3669 ipsis
2038 3599 2138 3653 Dei

498 3688 910 3743 amantissimis
950 3688 1264 3744 meonomis
1299 3690 1416 3743 dari
1463 3690 1550 3743 his
1590 3690 1689 3761 qui
1726 3695 1781 3745 et
1818 3692 1990 3746 modo
2028 3692 2137 3748 illis

495 3783 748 3854 praefecti
781 3787 932 3851 sunt,
964 3786 1021 3837 et
1051 3783 1149 3854 qui
1184 3801 1284 3855 pro
1328 3786 1583 3855 tempore
1626 3800 1881 3855 unquam
1924 3785 1984 3839 in
2027 3786 2136 3842 illis

495 3875 880 3948 principatum
921 3876 1199 3945 obtinent,
1230 3882 1294 3932 ut
1338 3895 1442 3949 per
1470 3878 1622 3950 ipsos
1660 3883 1792 3934 ante
1821 3880 2135 3951 designatis

496 3972 554 4024 et
603 3970 707 4024 sub
762 3970 897 4041 ipsis
961 3971 1187 4025 censitis
1255 3970 1539 4040 ascetriis,
1600 3978 1659 4027 et
1707 3974 2024 4042 canonicis,
2080 3979 2136 4030 et

492 4058 729 4134 insuper
781 4059 956 4118 etiam
1003 4061 1285 4119 acoluthis
1342 4064 1664 4120 distributio
1720 4068 1839 4122 ﬁat.
1889 4068 1945 4123 Si
1998 4086 2131 4125 vero

492 4170 724 4212 moram
773 4156 917 4212 circa
963 4157 1245 4229 ejusmodi
1293 4159 1637 4213 solutionem
1684 4160 1991 4217 admittant
2034 4164 2130 4218 Dei

492 4250 875 4309 amantissimi
915 4251 1221 4318 aaconomi,
1260 4251 1432 4323 idque
1473 4252 1688 4306 clarum
1720 4255 1946 4323 existat,
1988 4257 2132 4312 forte

491 4362 588 4402 sex
613 4347 807 4401 alteris
832 4345 957 4416 jam
983 4346 1276 4400 mensibus
1300 4351 1431 4416 post
1460 4345 1620 4416 prius
1645 4352 1916 4403 semestre
1938 4350 2132 4405 decur-

489 4440 778 4506 rentibus,
822 4456 955 4495 cum
992 4440 1144 4494 nulla
1184 4439 1368 4493 adhuc
1416 4441 1621 4495 solutio
1661 4441 1811 4497 facta
1850 4443 1941 4510 sit,
1994 4449 2130 4500 tunc

2239 3312 2344 3367 bus
2372 3313 2588 3385 siliquis
2613 3315 2929 3382 contentis;
2959 3315 3004 3369 si
3033 3333 3147 3385 sex,
3178 3316 3394 3387 siliquis
3413 3332 3537 3381 sex;
3569 3319 3632 3370 ut
3652 3316 3724 3370 ad
3748 3333 3885 3370 eum

2240 3407 2477 3461 modum
2515 3425 2869 3480 quazcunque
2930 3409 3035 3464 hoc
3077 3413 3427 3464 concernunt
3474 3410 3553 3464 ita
3606 3410 3883 3481 deinceps

2241 3507 2513 3571 gerantur
2533 3503 2753 3557 ordine.
2778 3504 2925 3559 Illud
2948 3520 3082 3558 sane
3109 3504 3482 3558 manifestum
3502 3509 3605 3571 est,
3622 3505 3670 3558 si
3694 3506 3882 3576 majus

2238 3594 2600 3651 intervallum
2624 3597 2714 3664 sit,
2734 3602 2790 3651 et
2817 3597 2918 3668 qui
2943 3598 3156 3653 feretro
3185 3599 3507 3654 inserviunt
3530 3599 3734 3653 decani
3755 3601 3881 3670 plu-

2238 3705 2328 3743 res
2359 3690 2490 3759 sint,
2520 3695 2579 3745 et
2594 3692 2761 3762 plura
2785 3693 3078 3761 asceteria,
3106 3694 3259 3764 quod
3281 3699 3521 3765 propter
3537 3694 3709 3764 hujus
3728 3710 3877 3764 pon-

2238 3783 2342 3838 dus
2356 3784 2564 3855 etipsis
2578 3786 2873 3856 paululum
2896 3787 3139 3856 dabitur,
3164 3789 3235 3842 ad
3255 3787 3700 3842 similitudinem
3726 3805 3877 3842 asce-

2235 3877 2474 3933 triarum
2506 3896 2632 3950 quae
2664 3881 2815 3935 circa
2834 3882 3257 3938 funerationem
3281 3882 3543 3937 laborem
3567 3881 3872 3937 sustinent.

2234 3972 2306 4026 Ut
2352 3978 2590 4044 propter
2627 3975 2955 4030 distantiam
3006 3980 3063 4031 et
3111 3976 3219 4048 ipsi
3260 3977 3525 4048 copiastas
3570 3976 3880 4031 videantur

2234 4065 2435 4121 exinde
2454 4067 2718 4123 nonnihil
2740 4070 2949 4125 habere
2969 4070 3177 4142 solatii,
3193 4070 3495 4125 videantur
3511 4074 3707 4125 autem
3724 4072 3875 4126 intra

2234 4175 2410 4215 novos
2434 4178 2653 4229 muros,
2689 4169 2746 4218 et
2783 4164 3099 4219 terminum
3137 4164 3552 4220 Justinianeum
3590 4170 3645 4219 et
3687 4165 3868 4233 Ficus,

2233 4255 2707 4326 quandoquidem
2753 4275 2867 4312 non
2908 4260 3079 4329 longe
3123 4258 3356 4327 distant,
3390 4275 3577 4329 neque
3609 4276 3755 4330 opus
3786 4264 3871 4314 est

2232 4348 2489 4419 longiore
2511 4352 2791 4421 tempore,
2813 4353 3100 4423 majoreve
3122 4353 3335 4421 labore,
3360 4356 3419 4406 ut
3436 4352 3530 4407 illo
3558 4356 3867 4424 pervenia-

2230 4441 2341 4491 tur.
2372 4438 2429 4492 Si
2460 4455 2596 4494 vero
2625 4445 2781 4495 extra
2826 4459 3003 4497 novos
3051 4460 3247 4498 muros
3287 4444 3458 4514 hujus
3493 4444 3662 4498 almae
3689 4444 3866 4513 urbis,

490 4533 775 4608 quidquid
800 4537 931 4606 post
960 4534 1117 4604 prius
1147 4539 1420 4591 semestre
1458 4534 1711 4589 debitum
1745 4537 1934 4604 fuerit,
1966 4539 2072 4592 hoc
2094 4557 2127 4593 a
2146 4567 2205 4639 D
2229 4535 2330 4586 aut
2354 4533 2426 4586 ad
2457 4534 2596 4587 alios
2626 4537 2912 4591 terminos
2936 4553 3108 4607 quam
3148 4538 3361 4592 dictum
3394 4541 3499 4605 est,
3537 4539 3711 4593 elatio
3741 4540 3863 4608 ﬁat,

490 4629 590 4684 Dei
619 4628 1026 4683 amantissimis
1053 4628 1364 4683 oeconomis
1383 4628 1651 4699 exigatur
1676 4647 1804 4685 cum
1829 4632 2127 4688 trientibus

485 4722 677 4776 usuris
719 4722 992 4793 legitimae
1036 4722 1382 4791 centesimae,
1421 4722 1842 4793 providentiam
1881 4726 1940 4780 in
1980 4725 2126 4782 hanc

487 4833 611 4872 rem
632 4816 939 4871 collocante
968 4816 1396 4887 religiosissime
1426 4834 1530 4889 pro
1565 4821 1825 4889 tempore
1855 4820 2126 4891 archiepi-

486 4928 654 4982 scopo
692 4916 749 4966 et
778 4911 1116 4981 patriarcha:
1148 4915 1527 4966 sacrosancta;
1568 4911 1626 4966 in
1658 4913 1766 4967 hac
1794 4915 1948 4968 alma
1987 4916 2123 4970 urbe

485 5004 721 5075 majoris
749 5004 1019 5058 ecclesias.
1055 5003 1109 5059 Si
1146 5021 1277 5059 vero
1309 5008 1367 5059 et
1400 5006 1544 5060 alter
1582 5022 1766 5081 annus
1796 5012 2119 5079 prmtereat,

487 5104 542 5153 et
572 5115 645 5152 ne
677 5102 799 5151 tum
823 5097 1056 5168 quidem
1085 5096 1300 5168 aliquid
1318 5099 1422 5153 Dei
1447 5100 1821 5155 amantissimi
1839 5104 2124 5157 aaconomi

485 5192 777 5259 solverint,
829 5191 1189 5245 sanctissimo
1220 5209 1323 5262 pro
1366 5196 1623 5263 tempore
1672 5196 2014 5264 patriarchas
2054 5197 2119 5251 li-

488 5287 673 5341 centia
701 5285 771 5339 sit
801 5302 917 5340 non
948 5285 1129 5338 solum
1161 5285 1316 5357 quod
1344 5287 1833 5343 reverendissimis
1859 5290 2119 5345 mulieri-

480 5379 585 5435 bus
605 5384 661 5435 et
688 5379 975 5450 praedictis
994 5379 1227 5433 decanis
1249 5380 1505 5447 debetur,
1531 5398 1564 5435 a
1588 5382 1684 5436 Dei
1712 5385 2121 5440 amantissimis

481 5473 797 5530 oeconomis
826 5490 955 5527 cum
995 5473 1249 5543 przefatis
1296 5474 1479 5529 usuris
1508 5476 1754 5547 exigere,
1800 5477 1901 5531 sed
1946 5480 2119 5533 etiam

476 5567 635 5640 ipsos
661 5582 866 5637 cogere
900 5570 963 5620 ut
993 5566 1185 5620 omnia
1206 5584 1335 5639 quae
1355 5568 1630 5639 deputata
1655 5574 1790 5624 sunt
1812 5574 2115 5641 praestent;

476 5666 531 5715 et
559 5662 606 5716 si
640 5660 1031 5715 sanctissimus
1058 5660 1381 5730 patriarcha
1405 5662 1668 5729 voluerit,
1698 5667 1760 5717 ut
1798 5665 1972 5719 etiam
2005 5666 2115 5720 sol-

478 5752 777 5810 licitudine
807 5753 1124 5808 fundorum
1156 5754 1310 5825 ipsos
1340 5755 1545 5826 ejiciat,
1573 5759 1630 5811 et
1652 5762 1878 5828 repetat
1902 5758 2116 5814 horum

476 5841 917 5915 inspectionem,
941 5846 1432 5917 quemadmodum
1453 5848 1625 5905 modo
1646 5850 1799 5922 apud
1826 5851 1980 5924 ipsos
2001 5859 2111 5909 est:

2226 4628 2362 4681 tunc
2376 4628 2633 4682 ascetriae
2652 4630 2887 4700 quidem
2907 4632 3022 4686 sive
3033 4632 3326 4686 canonicae
3346 4636 3460 4686 tres
3483 4638 3539 4688 et
3558 4632 3865 4689 dimidium

2226 4720 2473 4775 solidum
2527 4723 2869 4794 percipiant,
2910 4742 3094 4797 neque
3136 4726 3226 4780 hic
3267 4726 3579 4799 quidquam
3623 4729 3866 4784 omnino

2225 4816 2648 4871 communionis
2670 4818 3011 4874 habentibus
3036 4820 3332 4875 acoluthis.
3354 4821 3493 4893 Ipsis
3521 4824 3719 4877 autem
3744 4840 3871 4879 aco-

2224 4910 2399 4964 luthis
2416 4911 2487 4965 ad
2509 4911 2738 4983 singula
2765 4915 3039 4969 asceteria
3059 4919 3361 4988 quaternas
3384 4918 3622 4973 auferen
3632 4921 3784 4977 tibus
3801 4926 3869 4980 si-

2222 5003 2425 5075 liquas,
2446 5009 2504 5059 et
2528 5012 2813 5077 przeterea
2831 5009 3008 5064 nihil:
3039 5011 3355 5065 secundum
3376 5012 3713 5083 praedictam
3730 5016 3867 5072 divi-

2225 5098 2446 5153 sionem
2474 5102 2747 5157 asceterio
2764 5119 2895 5156 cum
2916 5105 3098 5158 tribus
3121 5106 3400 5159 acoluthis
3424 5107 3706 5164 feretrum
3730 5128 3863 5182 gra.

2225 5192 2295 5245 tis
2327 5194 2633 5264 praebitum
2661 5203 2958 5267 sequente,
2978 5201 3033 5253 et
3061 5200 3301 5255 omnino
3326 5201 3408 5256 illi
3428 5203 3745 5260 accedente
3761 5225 3866 5278 per

2224 5292 2349 5341 octo
2377 5288 2647 5342 ascetrias
2676 5290 2791 5344 sive
2832 5293 3137 5347 canonicas
3167 5299 3225 5348 et
3248 5299 3363 5349 tres
3395 5296 3476 5365 (ut
3507 5296 3730 5354 dictum
3760 5304 3861 5374 est)

2220 5382 2529 5449 acoluthos,
2549 5383 2690 5437 nihil
2706 5401 2941 5455 prorsus
2961 5388 3307 5460 auferentes,
3329 5394 3426 5443 aut
3443 5408 3548 5461 per
3560 5392 3859 5451 dationem

2222 5491 2520 5530 cereorum
2564 5479 2878 5549 exigentes,
2906 5485 3003 5534 aut
3030 5481 3134 5536 sub
3162 5483 3272 5538 alio
3303 5485 3629 5540 velamento
3663 5506 3862 5560 quem-

2220 5586 2445 5641 cunque
2477 5572 2790 5627 exactionis
2818 5576 3053 5630 modum
3076 5578 3484 5649 excogitantes.
3506 5580 3639 5635 Haec
3669 5588 3859 5639 autem

2219 5664 2413 5720 omnia
2433 5665 2501 5721 de
2516 5666 2605 5721 his
2626 5670 2851 5723 tantum
2874 5669 3203 5740 definimus,
3221 5673 3316 5743 qui
3336 5690 3454 5728 non
3471 5690 3578 5746 per
3594 5676 3859 5734 ambitio-

2219 5774 2353 5812 nem
2383 5763 2439 5814 et
2460 5760 2914 5819 muniﬁcentiam
2940 5780 3153 5837 magna
3175 5768 3271 5822 illa
3291 5767 3402 5822 duo
3419 5768 3636 5824 feretra
3654 5770 3715 5826 in
3738 5789 3862 5844 pre-

2216 5852 2495 5910 tiosarum
2522 5873 2717 5914 rerum
2729 5858 3001 5916 thesauro
3019 5862 3564 5936 recondita,nempe
3593 5866 3861 5938 gloriosae
