4034 6228
105 294 212 346 99‘7

991 290 1359 349 IUSTlNIANI
1396 292 1724 349 NOVELLEI
1763 290 2094 351 SELECTE.
2137 293 2445 351 NOVELLA
2484 294 2632 352 LXV.

3402 298 3505 357 998

104 398 415 453 memoriae
445 397 652 466 Studii,
689 402 744 455 ct
773 400 1090 472 magnificas
1135 402 1427 457 memoriae
1470 402 1761 474 Stephani,
1788 423 1847 495 Α
1866 403 2102 475 alicujus
2128 403 2481 459 funeratione
2507 402 2691 459 danda
2718 403 2808 459 sit.
2841 402 3002 459 Nulla
3028 404 3175 460 inter
3203 406 3501 463 defuncto-

104 497 443 567 requirunt.
476 496 531 552 Si
562 497 689 568 quis
734 498 887 553 enim
924 499 1018 553 illa
1057 500 1265 555 habere
1306 501 1515 571 cupiat,
1546 505 1609 555 ut
1638 517 1766 572 qua:

107 594 165 645 et
180 591 392 645 multis
403 591 734 646 hominibus
749 592 1126 664 indigeant,et
1139 594 1415 665 majorem
1430 595 1763 659 custodiam,

105 688 282 755 atque
313 684 374 738 in
404 701 629 739 summa
653 686 881 757 plenam
909 687 1126 759 negotii
1155 689 1592 743 asservationem
1626 688 1767 742 desi-

106 777 342 846 derant,
386 778 497 833 hoc
544 779 827 849 praedictis
876 797 993 835 non
1033 781 1439 850 connectimus,
1468 782 1564 835 sed
1605 781 1765 852 quasi

103 870 205 940 qui
250 871 615 926 ambitiosius
644 877 901 927 mortuos
930 890 1057 927 suos
1081 873 1272 929 efferri
1302 874 1562 945 gestiant,
1595 874 1761 945 quid-

102 962 245 1033 quid
276 981 386 1034 pro
411 964 610 1019 labore
641 982 699 1021 se
725 967 975 1035 dccanis,
999 971 1097 1021 aut
1118 966 1600 1021 reverendissimis
1618 984 1765 1021 asce-

100 1057 230 1123 tris,
263 1062 367 1112 aut
395 1059 681 1113 canonicis
724 1059 953 1115 daturos
989 1060 1501 1132 compromiserint,
1541 1064 1764 1115 tantum

99 1154 160 1204 et
180 1156 483 1220 praestent,
514 1158 579 1206 ut
606 1157 799 1207 tamen
830 1154 899 1207 ad
940 1153 1127 1225 ipsum
1174 1154 1233 1207 in
1278 1153 1497 1208 duobus
1541 1153 1762 1209 feretris

102 1242 323 1298 Studiii
348 1249 406 1299 et
426 1245 700 1316 Stephani
723 1246 1021 1301 duodecim
1047 1245 1354 1302 solidorum
1387 1248 1762 1318 quantitatem

104 1338 390 1393 excedere
417 1344 681 1412 nequeat.
701 1341 810 1395 Pro
827 1356 892 1396 eo
911 1357 1043 1395 vero
1060 1341 1211 1413 quod
1223 1358 1362 1395 auro
1391 1342 1761 1397 intertextum

105 1436 213 1501 est,
244 1431 407 1503 quod
450 1433 511 1486 in
550 1437 904 1488 sacrosancta
933 1435 1146 1505 majore
1186 1435 1419 1490 ecclesia
1444 1436 1757 1506 reponitur,

105 1524 153 1578 si
181 1526 422 1596 quidem
451 1543 566 1581 uno
591 1528 711 1581 solo
754 1528 815 1581 in
845 1527 967 1598 ejus
1006 1529 1191 1582 locum
1223 1530 1303 1598 (ut
1328 1528 1625 1599 probabile
1657 1529 1758 1596 est)

104 1620 465 1689 apparando,
512 1627 759 1692 quatuor
820 1620 1044 1690 solidis;
1096 1622 1346 1676 ascetriis
1387 1627 1599 1691 autem,
1647 1622 1761 1675 sive

104 1712 419 1781 canonicis,
468 1712 580 1768 sive
626 1713 919 1781 acoluthis,
950 1714 1122 1785 duplo
1160 1716 1377 1787 majora
1416 1732 1588 1787 quam
1629 1720 1759 1770 ante

1870 513 1998 552 rum
2024 514 2291 568 personas
2335 497 2693 553 distinctione
2732 499 3179 567 introducenda;
3210 500 3324 556 sive
3356 501 3501 557 divi-

1867 591 1958 646 tiis
1985 594 2245 657 afﬂuant,
2276 593 2390 648 sive
2420 597 2756 663 premantur
2780 592 2989 664 inopia,
3020 594 3126 648 nisi
3148 594 3293 649 forte
3315 596 3396 665 (ut
3423 597 3507 652 di-

1866 689 2071 759 ximus)
2096 703 2272 742 unam
2299 703 2367 740 ex
2397 686 2578 741 tribus
2603 686 2715 740 illis
2740 687 2962 741 feretris
2988 687 3249 758 diligant,
3275 689 3332 743 in
3370 691 3498 761 qui-

1863 784 1970 837 bus
2016 787 2073 837 et
2113 781 2220 853 ipsi
2248 780 2636 834 convenientia
2685 779 3084 850 disposuimus.
3123 782 3502 853 Volumusque

1863 876 1957 931 illa
1986 881 2041 931 et
2067 876 2137 930 ad
2165 875 2315 928 hunc
2342 873 2596 928 obtinere
2624 873 2881 943 modum,
2911 879 2968 928 et
3002 874 3213 945 absque
3244 878 3500 947 praeﬁni-

1862 971 2016 1025 tione
2044 968 2315 1039 temporis
2342 968 2577 1022 immota
2606 982 2837 1021 manere
2863 972 2919 1021 et
2947 970 3178 1022 aeterna.
3206 972 3389 1040 Atque
3415 988 3501 1025 sa-

1863 1080 1959 1119 cra
2008 1064 2112 1117 hac
2168 1060 2516 1133 pragmatica
2575 1060 2701 1131 lege
2754 1061 2813 1114 in
2863 1065 3205 1131 perpetuum
3257 1064 3498 1131 valente,

1862 1155 2139 1228 quamdiu
2166 1154 2427 1208 homines
2452 1158 2604 1220 sunt,
2626 1169 2915 1224 quamque
2941 1153 3038 1208 diu
3064 1170 3338 1225 magnum
3359 1155 3501 1210 illud

1862 1252 1919 1304 et
1965 1249 2133 1319 longe
2159 1247 2592 1303 celeberrimum
2620 1246 3067 1301 Christianorum
3104 1264 3317 1303 nomen
3353 1249 3502 1305 inter

1860 1342 2122 1397 homines
2147 1340 2473 1403 habebitur,
2502 1340 2752 1410 quotidie
2774 1340 2947 1394 etiam
2979 1342 3198 1395 domini
3229 1343 3327 1396 Dei
3346 1343 3500 1397 beni-

1863 1436 2077 1508 gnitate
2104 1429 2523 1489 incrementum
2547 1433 2807 1504 accipiat.
2832 1434 2967 1487 Huic
2992 1434 3248 1489 videlicet
3268 1438 3499 1507 negotio

1858 1546 1979 1601 pra:
2018 1528 2235 1584 caeteris
2280 1527 2544 1582 omnibus
2570 1527 2691 1597 ipso
2719 1527 3139 1597 religiosissime
3180 1530 3498 1599 patriarcha

1860 1623 2030 1693 hujus
2053 1622 2217 1676 almae
2247 1620 2403 1675 urbis
2428 1618 2829 1691 prospiciente,
2861 1637 2933 1674 ne
2964 1621 3068 1674 hac
3095 1638 3259 1676 causa
3284 1639 3387 1693 pro
3408 1641 3493 1678 sa-

1861 1713 2126 1770 cerdotali
2154 1717 2427 1786 potestate
2472 1729 2609 1767 usus
2645 1713 2983 1782 committat,
3015 1717 3082 1767 ut
3122 1714 3193 1768 ab
3222 1715 3338 1769 ulla
3368 1732 3496 1787 per-

105 1805 178 1859 de
228 1806 303 1860 iis
350 1806 765 1878 praefinivimus
812 1808 1127 1863 ferentibus
1157 1826 1170 1863 :
1203 1813 1264 1863 ut
1288 1809 1553 1865 videlicet
1576 1807 1998 1881 ipsumBsona
2039 1810 2125 1864 vel
2173 1807 2525 1876 sacerdotali,
2573 1807 2661 1861 vel
2710 1806 3045 1878 magistratu
3093 1808 3373 1876 decorata,
3410 1810 3498 1865 Vel

104 1915 341 1971 quoque
409 1902 801 1975 ascetriarun;
821 1917 919 1956 seu
953 1902 1361 1958 canonicamm
1398 1904 1754 1973 asceterium,

105 1994 265 2064 quod
297 1994 474 2066 gratis
493 2000 696 2051 castera
725 1996 937 2051 feretra
961 1996 1257 2068 praecedit,
1287 1996 1548 2052 eamdem
1573 2014 1754 2068 quan-

104 2086 341 2141 titatem
367 2088 642 2160 percipiat
667 2106 842 2161 quam
879 2094 934 2145 et
976 2090 1194 2162 reliqua
1224 2091 1514 2146 asceteria.
1546 2092 1755 2146 Eodem

103 2178 235 2249 hoc,
263 2182 418 2252 quod
465 2182 859 2254 praediximus,
906 2187 961 2238 et
1003 2182 1061 2237 in
1083 2183 1357 2239 acoluthis
1384 2184 1751 2253 observando,

103 2278 170 2328 ut
196 2278 254 2329 et
278 2275 343 2327 hi
374 2275 611 2347 duplum
638 2293 838 2331 eorum
862 2294 992 2349 qua:
1013 2277 1137 2349 jam
1167 2294 1200 2331 a
1225 2278 1389 2333 nobis
1431 2278 1753 2333 constituta

105 2373 241 2422 sunt
259 2369 524 2423 auferant
546 2389 560 2425 :
584 2369 861 2425 nimirum
874 2370 917 2424 si
945 2370 1002 2425 id
1029 2372 1086 2425 in
1104 2388 1216 2443 quo
1232 2372 1512 2426 funeratio
1532 2388 1664 2443 pera
1673 2372 1757 2443 gi-

103 2466 220 2531 tur,
254 2479 441 2517 unum
472 2463 541 2517 de
568 2464 749 2519 tribus
776 2464 883 2518 illis
909 2465 1133 2519 feretris
1154 2465 1244 2529 sit,
1273 2466 1379 2519 hoc
1407 2465 1615 2521 scilicet
1652 2482 1750 2519 vo-

105 2555 256 2609 lente
283 2572 351 2610 eo
370 2556 461 2610 cui
481 2557 855 2613 funerationis
877 2575 1011 2612 cura
1036 2558 1333 2613 incumbit.
1354 2559 1751 2613 Necessitatem

104 2649 320 2704 scilicet
370 2652 767 2705 tantummodo
816 2652 1158 2707 habentibus
1206 2652 1306 2706 Dei
1348 2652 1753 2706 amantissimis

105 2742 519 2810 defensoribus,
552 2750 613 2799 ut
652 2746 994 2801 decanorum
1032 2762 1268 2817 corpora
1312 2762 1381 2800 ex
1412 2746 1752 2817 octingentis

105 2835 215 2889 illis
245 2836 509 2907 officinis,
533 2855 672 2910 quas
700 2839 833 2910 ipsis
859 2838 1290 2911 assignavimus,
1316 2844 1371 2894 et
1388 2839 1527 2893 item
1546 2839 1752 2893 feretra

108 2930 436 3000 exhibeant,
463 2948 579 2985 non
607 2937 797 2986 autem
830 2938 891 2987 ut
915 2937 1212 3004 sumptum
1244 2933 1491 3004 aliquem
1521 2932 1745 3004 impen-

108 3022 265 3078 dant.
300 3024 396 3078 Dei
422 3041 557 3079 vero
596 3026 1003 3080 amantissimis
1039 3027 1344 3081 oeconomis
1383 3026 1667 3098 cogendis,
1688 3030 1753 3080 ut

106 3119 224 3170 tam
258 3133 330 3171 ex
362 3117 547 3173 reditu
573 3136 604 3172 a
632 3119 1007 3173 sacratissimo
1033 3120 1291 3192 principe
1333 3120 1628 3175 Anastasio
1657 3136 1747 3174 re-

104 3207 257 3280 licto,
291 3228 465 3282 quam
496 3227 565 3266 ex
592 3213 856 3267 trecentis
889 3212 1128 3289 officinis
1158 3215 1218 3268 in
1240 3213 1533 3285 prasdictas
1558 3230 1750 3285 perso-

106 3320 224 3373 nas,
256 3304 573 3360 secundum
590 3323 621 3359 a
639 3306 799 3360 nobis
814 3306 872 3361 in
886 3308 1150 3363 omnibus
1176 3308 1542 3362 constitutam
1567 3307 1750 3362 distri-

105 3397 424 3469 butionem,
444 3416 639 3454 omnes
659 3400 923 3472 praefatas
943 3401 1227 3473 impensas
1253 3402 1479 3456 faciant.
1504 3403 1583 3456 Ita
1603 3402 1747 3456 nihil

104 3491 616 3547 indeterminatum
643 3494 771 3563 erit,
799 3494 894 3548 scd
924 3498 978 3549 et
1003 3495 1101 3567 qui
1129 3494 1535 3550 moderatiores
1564 3496 1749 3567 sepul-

102 3590 259 3640 turas
289 3586 413 3639 fieri
441 3586 658 3655 velunt,
687 3604 756 3642 ex
804 3589 907 3642 hac
953 3588 1319 3659 dispositione
1359 3589 1610 3644 fructum
1649 3607 1743 3643 ca-

102 3679 303 3751 pient;
334 3683 388 3733 et
414 3680 511 3751 qui
538 3681 609 3735 ad
628 3681 995 3736 ambitionem
1007 3682 1467 3753 respiciunt,non
1492 3699 1597 3754 per
1614 3684 1746 3738 inde

108 3773 338 3844 magnis
360 3772 715 3829 involventur
734 3774 1062 3846 dispendiis,
1083 3776 1179 3830 sed
1206 3775 1355 3830 intra
1379 3780 1598 3831 certum
1626 3793 1747 3832 mo-

107 3865 243 3919 dum
270 3865 528 3921 munifici
569 3872 755 3923 erunt.
788 3869 915 3923 Haec
940 3885 1044 3923 nos
1072 3868 1247 3940 igitur
1272 3875 1388 3924 tam
1413 3871 1483 3926 de
1509 3869 1746 3925 officinis

107 3975 282 4030 quam
312 3960 609 4029 reditibus,
640 3965 697 4015 et
716 3961 985 4017 funerum
1014 3963 1374 4032 elationibus,
1405 3964 1518 4022 sive
1547 3966 1743 4036 gratis,

107 4052 220 4109 sive
248 4069 385 4109 cum
397 4055 643 4126 quadam
653 4056 961 4111 ambitione
984 4062 1350 4130 peragantur,
1365 4058 1743 4114 deﬁnivimus.

107 4146 177 4202 Ut
200 4150 397 4201 autem
413 4148 771 4203 ofﬁcinarum
790 4166 1063 4205 numerus
1080 4152 1237 4205 nullo
1257 4169 1511 4223 unquam
1531 4157 1746 4223 tempo-

107 4257 166 4294 re
192 4240 639 4297 diminutionem
668 4242 935 4314 patiatur,
975 4246 1232 4299 custodes
1266 4246 1387 4316 ejus
1427 4247 1507 4300 rei
1533 4246 1743 4301 consti-

105 4335 342 4405 tuimus,
361 4351 473 4389 non
500 4338 720 4390 tantum
738 4337 1206 4408 gloriosissimum
1223 4339 1391 4409 hujus
1407 4340 1572 4394 almae
1589 4340 1745 4394 urbis

105 4429 459 4499 praefectum,
509 4434 562 4483 et
616 4430 1110 4502 obtemperantem
1161 4432 1240 4486 illi
1288 4433 1598 4501 cohortem,
1649 4434 1743 4487 sed

1857 1918 2216 1976 quacunque,
2244 1902 2304 1955 in
2333 1904 2524 1955 nostra
2552 1899 2917 1971 delinquatur
2942 1900 3266 1957 constituta.
3298 1888 3404 1957 sed
3442 1909 3499 1959 et

1857 2002 1919 2052 ut
1944 1997 2068 2068 ipsa
2094 1996 2359 2066 majestas
2387 1994 2752 2065 imperatoria
2780 1993 2839 2047 in
2879 1997 2994 2048 tam
3034 1994 3286 2066 amplam
3317 1995 3499 2067 digni-

1854 2090 1983 2146 tatis
2009 2095 2065 2145 et
2109 2088 2341 2143 honoris
2380 2088 2575 2142 sedem
2623 2086 2904 2141 conversis
2944 2088 3142 2155 oculis,
3172 2089 3496 2161 quicunque

1854 2183 2085 2239 tandem
2121 2181 2350 2253 imperii
2377 2185 2598 2251 sceptra
2645 2180 2882 2248 tenebit,
2912 2180 3044 2234 huic
3074 2182 3157 2235 rei
3184 2182 3492 2253 provideat,

1853 2276 2228 2332 decernimus.
2259 2276 2448 2346 Neque
2477 2271 2631 2327 enim
2652 2290 2755 2344 pro
2777 2273 3054 2327 defunctis
3077 2278 3296 2329 tantum
3322 2274 3494 2342 istud,

1854 2371 1951 2425 sed
1978 2370 2147 2424 etiam
2176 2386 2278 2440 pro
2306 2367 2636 2434 viventium,
2665 2366 2918 2438 adeoque
2938 2367 3385 2438 imperitantium
3413 2387 3495 2424 sa-

1852 2464 1967 2518 lute
1997 2468 2100 2533 est,
2134 2467 2197 2517 ut
2224 2461 2555 2517 omnimodo
2590 2461 2698 2531 pim
2727 2460 2975 2515 actiones
3005 2462 3076 2516 ad
3106 2463 3368 2518 effectum
3389 2465 3487 2519 de-

1852 2558 2152 2625 ducantur,
2173 2572 2357 2628 neque
2376 2556 2645 2627 praeclara
2668 2554 2956 2625 majorum
2982 2554 3243 2611 instituta
3268 2574 3371 2628 per
3398 2575 3497 2613 ne-

1854 2650 2187 2723 gligentiam
2230 2652 2592 2722 posterorum
2643 2648 2970 2719 depereant.
2998 2651 3491 2713 Quemadmodum

1850 2749 2041 2799 autem
2069 2749 2299 2799 centum
2340 2743 2463 2797 illas
2490 2747 2545 2797 et
2571 2740 2725 2796 mille
2757 2741 3010 2796 oﬂicinas
3039 2744 3411 2799 indiminutas
3439 2753 3493 2801 et

1850 2838 2136 2893 immunes
2170 2836 2435 2892 custodiri
2467 2836 2868 2907 disposuimus,
2898 2836 2976 2889 ita
3022 2852 3219 2891 omnes
3246 2839 3490 2910 reliquas

1852 2932 2103 2986 ofﬁcinas
2145 2930 2449 3003 praestandi
2477 2929 2841 3000 vectigalibus
2866 2929 3147 2984 sancimus
3173 2948 3288 2986 esse
3313 2933 3485 2988 obno-

1852 3025 1969 3080 xias
1998 3042 2011 3079 :
2041 3023 2271 3079 nemine
2299 3023 2539 3078 omnino
2566 3022 2859 3076 licentiam
2890 3022 3133 3078 habente
3164 3030 3226 3079 ut
3249 3041 3341 3080 eas
3366 3026 3485 3081 exi-

1851 3123 1987 3187 mat,
2017 3118 2132 3173 sive
2170 3118 2239 3172 ad
2283 3134 2471 3172 sacras
2510 3117 2675 3183 aedes,
2709 3115 2823 3170 sive
2866 3117 2937 3170 ad
2979 3133 3246 3188 xenonas,
3275 3120 3389 3174 sive
3417 3119 3486 3175 ad

1852 3213 2142 3279 asceteria,
2188 3212 2299 3266 sive
2330 3210 2693 3279 monasteria,
2727 3209 2841 3264 sive
2888 3211 3270 3282 quodcunque
3311 3214 3483 3282 aliud,

1848 3306 1944 3361 sed
1972 3321 2157 3377 neque
2186 3306 2232 3359 si
2259 3306 2327 3359 ad
2360 3304 2548 3376 regias
2580 3308 2803 3358 nostras
2824 3304 3051 3375 domus,
3083 3307 3172 3361 vel
3195 3307 3490 3378 magistra—

1848 3404 1931 3469 tu,
1961 3404 2059 3454 aut
2082 3399 2336 3471 potentia
2366 3399 2634 3470 praeditos
2671 3398 2998 3469 pertineant
3021 3400 3180 3472 ;-sed
3216 3417 3285 3454 ex
3322 3418 3486 3473 aequo

1849 3492 2116 3547 omnibus
2157 3491 2393 3546 officinis
2437 3490 2801 3558 vectigalium
2856 3492 3275 3561 praestationem
3316 3512 3489 3565 agno«

1847 3587 2153 3655 scentibus,
2182 3601 2254 3640 ne
2282 3585 2329 3638 si
2355 3584 2629 3655 paulatim
2664 3584 3050 3654 unusquisque
3081 3593 3398 3657 excusetur,
3430 3596 3486 3643 et

1846 3679 2084 3751 quisque
2120 3695 2224 3733 sua
2273 3678 2500 3746 relevet,
2547 3676 2739 3748 paucis
2774 3677 3129 3747 quibusdam,
3172 3679 3271 3749 qui
3318 3682 3483 3736 relin‘

1846 3777 2111 3845 quantur,
2160 3776 2344 3827 totum
2384 3770 2812 3843 praestationum
2857 3786 2997 3824 onus
3038 3770 3381 3842 imponatur,
3424 3780 3483 3831 et

1845 3884 2125 3938 magnum
2178 3866 2383 3921 exinde
2435 3863 2796 3937 dispendium
2846 3864 3161 3920 sustineant
3193 3865 3254 3919 hi
3291 3867 3390 3938 qui
3423 3868 3481 3923 id

1848 3961 1996 4017 ferre
2025 3964 2333 4032 nequeant.

1916 4054 2257 4125 Quaeiigitur
2289 4068 2391 4124 per
2419 4055 2762 4123 praesentem
2812 4066 3028 4107 sacram
3064 4053 3475 4127 pragmaticam

1844 4149 2087 4204 formam
2140 4147 2306 4203 nobis
2356 4146 2713 4218 placuerunt,
2765 4162 2827 4202 ea
2878 4150 2996 4202 tam
3030 4148 3361 4204 excellentia
3384 4155 3480 4205 tua

1845 4259 2017 4314 quam
2049 4243 2146 4314 qui
2176 4245 2304 4313 post
2336 4246 2391 4295 te
2421 4240 2688 4295 eumdem
2715 4240 3112 4313 magistratum
3164 4242 3481 4315 suscepturi

1845 4340 1998 4403 sunt,
2028 4341 2083 4391 et
2108 4337 2511 4407 obtemperans
2538 4334 2638 4389 tibi
2670 4336 2873 4390 cohors
2901 4336 3235 4391 custodient.
3263 4338 3382 4392 Dat.
3415 4339 3481 4393 Ill

1846 4431 1977 4483 Nov.
2008 4432 2279 4486 Constant
2306 4429 2444 4499 imp.
2485 4429 2539 4483 d.
2583 4446 2642 4481 η.
2670 4429 2874 4484 Justin.
2909 4430 3011 4484 PP.
3040 4433 3185 4500 Aug.
3219 4446 3352 4485 ann.
3390 4434 3474 4500 Η,

104 4523 279 4577 etiam
306 4523 485 4577 multo
499 4523 680 4594 magis
697 4524 1084 4578 excellentiam
1105 4527 1281 4593 tuam,
1298 4531 1355 4580 et
1372 4527 1470 4597 qui
1485 4544 1740 4599 unquam
1764 4553 1822 4626 D
1843 4527 1974 4596 post
2002 4523 2153 4577 Bilis.
2183 4540 2238 4577 v.
2271 4540 2320 4577 c.
2343 4537 2495 4576 cons.
2528 4538 2679 4576 anno
2706 4526 2763 4577 2.

105 4616 209 4670 hoc
236 4615 533 4687 dignitatis
556 4616 868 4688 fastigium,
899 4618 987 4672 cui
1012 4623 1077 4672 tu
1115 4620 1285 4674 modo
1311 4637 1512 4691 preces,
1541 4626 1743 4676 tenue-

104 4710 237 4764 rint.
274 4711 341 4764 Et
386 4710 618 4781 insuper
666 4727 891 4782 poenam
930 4712 1147 4767 cohorti
1178 4718 1290 4767 tua:
1333 4714 1746 4786 quinquaginta

102 4803 292 4876 pondo
325 4803 451 4858 auri
490 4804 826 4875 irrogamus,
858 4805 904 4859 si
933 4806 1313 4878 negligentius
1351 4809 1533 4879 egerit
1560 4825 1573 4862 :
1608 4808 1744 4864 item

104 4897 391 4969 duPlicem
421 4900 614 4951 contra
646 4915 741 4953 eos
768 4900 866 4970 qui
894 4916 1149 4971 unquam
1176 4901 1444 4955 thronum
1468 4904 1631 4956 tuum
1657 4920 1745 4956 su-

106 4991 353 5063 scepturi
379 4996 528 5061 sunt,
559 5008 673 5062 quo
703 4993 893 5046 minus
913 4994 1276 5050 committant
1302 5001 1363 5051 ut
1383 4996 1691 5051 secundum
1712 5013 1743 5050 a

102 5085 263 5139 nobis
289 5084 498 5139 dictam
528 5085 858 5141 divisionem
885 5088 1037 5143 mille
1060 5091 1117 5143 et
1143 5095 1369 5148 centum
1391 5090 1741 5144 officinarum

104 5195 379 5233 numerus
407 5178 646 5235 deﬁciat.
683 5180 789 5235 Sed
829 5181 875 5234 si
918 5182 1029 5237 hoc
1079 5181 1368 5250 doceatur,
1391 5188 1456 5238 ut
1485 5184 1569 5237 vel
1600 5183 1739 5254 ipse,

105 5273 187 5327 vel
213 5289 561 5329 successores
583 5274 687 5342 tui,
715 5274 774 5328 in
802 5275 945 5329 hanc
971 5292 1095 5330 rem
1123 5276 1535 5347 providentiam
1557 5278 1743 5331 confe-

106 5367 258 5434 ratis,
275 5367 708 5438 procuretisque
736 5373 797 5423 ut
810 5386 910 5439 per
924 5369 1111 5423 omnia
1138 5369 1184 5423 is
1201 5369 1320 5424 sine
1339 5370 1737 5439 diminutione,

106 5461 220 5515 sine
248 5477 442 5527 onere,
463 5462 584 5516 sine
614 5462 1033 5518 machinatione
1057 5463 1263 5535 aliqua,
1286 5469 1409 5518 tum
1437 5481 1538 5534 per
1563 5464 1741 5519 excel-

107 5554 337 5609 lentiam
360 5562 540 5623 tuam,
570 5560 689 5610 tum
721 5573 823 5627 per
842 5557 1098 5629 quamvis
1115 5558 1281 5612 aliam
1297 5574 1596 5629 personam
1618 5574 1741 5628 per-

108 5653 362 5703 maneat:
394 5665 466 5704 ne
489 5649 695 5704 exinde
719 5667 863 5706 nova
884 5650 1171 5706 oboriatur
1188 5652 1427 5722 occasio,
1451 5655 1517 5707 ut
1534 5657 1742 5723 printer

111 5741 492 5800 definitionem
541 5748 793 5800 nostram
836 5744 1024 5801 denuo
1064 5761 1279 5802 merces
1336 5762 1442 5820 pro
1484 5762 1741 5819 personas

2416 4672 2730 4731 NOVELLA
2758 4675 2904 4731 LXV.

2059 4774 2131 4827 De
2160 4772 2244 4825 his
2272 4785 2390 4840 quae
2413 4770 2604 4825 relicta
2633 4774 2762 4824 sunt
2791 4770 3023 4826 ecclesiae
3050 4770 3261 4840 Mysia.

1916 4900 2134 4956 Scimus
2160 4904 2326 4955 antea
2350 4899 2556 4971 legem,
2588 4905 2692 4954 etc.
2738 4900 2948 4955 Relicta
3002 4903 3250 4958 ecclesias
3292 4903 3481 4978 Mysiae

1844 4995 1914 5050 ad
1961 4995 2406 5067 redemptionem
2453 4994 2805 5064 captivorum
2858 5000 2914 5049 et
2964 5014 3281 5069 pauperum
3343 5001 3477 5055 sub-

1845 5090 2243 5144 stentationem
2302 5088 2641 5155 venduntor,
2694 5088 2741 5143 si
2785 5089 3011 5161 longius
3049 5092 3119 5147 ab
3164 5109 3230 5146 eo
3272 5094 3391 5147 Ioco
3417 5095 3477 5148 in

1843 5183 2060 5237 aedibus
2107 5188 2207 5237 aut
2255 5183 2432 5237 vineis
2478 5182 2791 5238 consistant
2841 5200 2853 5237 :
2904 5188 2970 5238 ut
3020 5190 3212 5239 tamen
3261 5187 3357 5257 qui
3414 5204 3479 5242 ea

1843 5276 2093 5347 reliquit,
2144 5293 2213 5330 ex
2267 5275 2589 5332 venditione
2634 5276 2956 5330 relictorum
2996 5276 3231 5346 jusserit
3277 5295 3477 5350 eroga-

1839 5370 2057 5425 tionem
2085 5370 2225 5423 fieri.
2263 5372 2309 5424 ls
2337 5371 2436 5443 qui
2480 5370 2536 5424 in
2574 5369 2706 5440 jure
2736 5370 3072 5440 postulatur,
3119 5370 3164 5424 si
3194 5387 3252 5425 se
3275 5370 3476 5427 absen-

1842 5468 1939 5531 tet,
1971 5464 2395 5531 condemnator,
2429 5464 2689 5519 videlieet
2715 5463 2920 5517 malam
2952 5479 3073 5518 rem
3099 5480 3293 5535 agens,
3322 5468 3476 5537 quod

1841 5561 2147 5611 contestata
2186 5557 2281 5610 lite
2320 5561 2376 5609 et
2403 5557 2658 5627 legitime
2701 5560 2946 5625 vocatus,
2978 5573 3093 5612 non
3116 5558 3475 5629 obtempera-

1840 5651 2004 5706 verit.
2030 5649 2157 5717 PP.,
2186 5665 2380 5704 mense
2409 5650 2610 5720 Aprili,
2641 5667 2792 5706 anno
2823 5651 3046 5725 imperii
3091 5652 3147 5710 d.
3179 5652 3476 5709 Iustiniani

1841 5747 1928 5814 12,
1959 5746 2173 5801 Joanne
2199 5760 2253 5799 v.
2286 5759 2338 5798 c.
2375 5757 2489 5803 cos.
