4032 6232
536 375 635 435 987

1666 378 1920 439 δλεευω
1962 376 2156 434 8ΕΧΤΙ
2197 374 2761 434 SUPPLEMENTUM.

3815 374 3920 429 988

534 485 683 540 nalia
697 502 871 558 quam
886 489 1301 560 patrimonialia
1315 503 1766 560 munera,neque
1781 504 1878 543 eos
1894 487 1985 542 lex
1998 486 2069 543 ab
2081 486 2170 541 his
2190 495 2251 569 Α
2272 484 2440 539 tionis
2466 483 2752 539 licentiam
2770 483 3220 556 permittentem.
3234 480 3573 535 Videbamus
3598 480 3756 537 enim
3784 497 3922 536 cau-

533 578 991 639 eximat.Honore
1002 589 1191 639 autem
1208 583 1360 638 nullo
1372 582 1710 654 perfruunto
1719 581 1870 650 r,sed
1880 581 2171 637 fortunam

532 674 848 731 sustinente
868 693 1001 731 cum
1026 676 1274 746 infamia,
1310 693 1419 747 qua
1445 676 1614 731 etiam
1637 675 1893 730 animum
1913 679 2171 730 notatum

532 782 652 821 esse
668 770 1179 840 voluerunt.Atque
1194 770 1274 824 ita
1290 786 1424 825 sane
1444 770 1513 825 de
1542 770 1652 824 hoc
1671 770 1807 840 ipsis
1834 769 2167 840 disponitor.

602 861 905 918 Enimvero
927 867 983 916 et
1004 862 1143 917 illud
1176 863 1339 917 nobis
1366 863 1676 934 quu‘stione
1703 862 1808 916 tibi
1834 862 2075 933 dignum
2097 862 2172 916 vi-

531 971 661 1008 sum
692 955 1053 1009 denuntiasti.
1098 946 1321 1028 Ex-quo
1350 957 1499 1011 enim
1547 956 1844 1011 haereticos
1874 973 1907 1009 a
1933 956 2170 1010 dicendo

529 1046 849 1101 testimonio
866 1048 1172 1119 arcuimus,
1194 1050 1254 1105 in
1275 1051 1479 1120 quibus
1501 1050 1682 1104 causis
1702 1049 2003 1103 orthodoxi
2021 1048 2172 1103 inter

530 1156 585 1193 se
611 1140 857 1212 litigant,
886 1143 1276 1212 permittentes
1297 1144 1406 1198 illis
1434 1143 1492 1197 in
1524 1148 1720 1198 nostra
1744 1142 2167 1210 constitutione,

528 1234 575 1287 si
599 1235 837 1305 quidem
864 1236 962 1306 qui
992 1236 1142 1292 inter
1166 1255 1224 1293 se
1248 1238 1561 1293 miscentur
1588 1242 1644 1292 et
1668 1236 1914 1307 litigant,
1932 1240 2171 1307 uterque

529 1327 828 1384 haereticus
847 1330 937 1397 sit,
968 1336 1083 1385 tam
1106 1336 1262 1387 actor
1285 1347 1457 1402 quam
1483 1347 1633 1399 reus,
1663 1334 1730 1387 ut
1768 1329 1983 1401 possint
2010 1329 2168 1385 testi-

528 1422 787 1476 monium
816 1423 1022 1491 dicere,
1054 1441 1187 1495 cum
1215 1425 1359 1480 alter
1377 1425 1557 1481 altero
1591 1424 1799 1497 dignus
1837 1424 1929 1493 sit,
1958 1423 2072 1477 sive
2096 1423 2167 1477 li-

527 1515 755 1585 tigator,
784 1517 899 1571 sive
925 1519 1103 1574 testis.
1136 1520 1202 1574 Et
1248 1536 1444 1574 rursus
1471 1519 1520 1573 si
1554 1518 1855 1574 haereticus
1878 1517 1952 1572 sit
1974 1516 2169 1571 ortho-

528 1609 728 1679 doxus,
752 1616 1033 1666 utcontra
1056 1613 1350 1668 hiereticos
1370 1613 1601 1684 quidem
1623 1612 1796 1667 nimis
1814 1627 1986 1684 quam
2010 1609 2166 1665 testi-

528 1702 790 1758 monium
818 1698 1119 1775 perhibere
1145 1707 1382 1777 possint,
1411 1707 1483 1761 de
1503 1704 1830 1760 orthodoxis
1866 1721 1982 1759 non
2006 1703 2167 1758 item.

527 1796 926 1867 Litigatoribus
953 1815 1089 1855 vero
1131 1801 1397 1871 utrinque
1426 1798 1751 1855 orthodoxis
1775 1798 2166 1866 existentibus,

2271 594 2393 633 sam
2418 577 2674 647 eﬁ'usam,
2704 582 2761 631 et
2788 575 3062 649 paulatim
3102 575 3174 631 ad
3200 575 3340 629 alios
3369 574 3772 630 ecclesiasticas
3802 573 3919 629 mi-

2272 676 2499 743 grantes
2532 671 2931 743 possessiones,
2950 686 3134 742 neque
3155 669 3350 741 pretiis
3371 668 3565 723 solutis
3586 668 3795 739 dignis,
3824 684 3925 722 ne.

2266 781 2380 837 que
2413 782 2581 836 opere
2610 763 2920 819 inevitabili
2952 763 3285 818 imminente
3311 761 3590 830 alienatis,
3620 761 3721 815 sed
3743 761 3921 814 etiam

2273 863 2463 913 contra
2482 859 2693 929 positas
2698 858 2818 928 jam
2834 858 2985 929 leges
2998 856 3179 911 decies
3196 856 3395 910 millies
3409 854 3925 911 circumventiones

2268 952 2461 1007 factas.
2495 952 2767 1016 Quocirca
2797 951 3045 1022 primam
3072 949 3420 1021 perimentes
3449 949 3616 1015 viam,
3652 947 3925 1002 omnibus

2270 1045 2533 1100 similiter
2572 1045 2984 1100 inaccessibiles
3011 1047 3203 1097 contra
3248 1059 3340 1097 eas
3382 1043 3623 1097 facimus
3668 1042 3920 1096 circum-

2272 1139 2576 1193 ventioncs.
2594 1139 2703 1193 Sed
2730 1139 2865 1192 hinc
2890 1137 3146 1208 plerique
3164 1136 3395 1207 quidem
3426 1135 3929 1190 sanctissimarum

2270 1233 2654 1300 ecclesiarum,
2677 1232 3038 1303 aliarumque
3068 1230 3475 1285 venerabilium
3506 1230 3786 1284 domuum
3816 1228 3931 1283 uti-

2268 1326 2486 1382 litatem
2517 1326 2844 1380 habuerunt
2886 1325 3042 1379 nullo
3085 1324 3461 1397 possessiones
3502 1324 3605 1377 has
3658 1322 3930 1376 minuere

2268 1424 2651 1491 priesumente
2685 1436 2698 1474 :
2731 1419 2977 1474 occurrit
3008 1425 3200 1473 tamen
3228 1416 3399 1472 etiam
3425 1416 3637 1487 aliquid
3667 1415 3924 1471 difﬁcile.

2270 1513 2469 1568 Debita
2504 1513 2696 1582 enim,
2736 1518 2836 1567 aut
2888 1511 3060 1584 longo
3112 1516 3368 1582 tempore
3419 1510 3722 1565 constituta
3748 1551 3763 1576 ,
3822 1513 3929 1564 aut

2269 1607 2440 1662 etiam
2484 1610 2680 1678 postea
2740 1623 2810 1661 ex
2867 1606 3114 1676 quadam
3152 1604 3506 1671 necessitate,
3547 1608 3605 1658 et
3663 1602 3927 1658 maxime

2271 1717 2373 1772 per
2432 1700 2654 1755 ﬁscales
2705 1699 3023 1755 occasiones
3078 1698 3158 1754 eis
3211 1697 3523 1753 accidentia
3576 1697 3648 1752 ad
3705 1697 3925 1751 aliena-

2269 1794 2444 1850 tionis
2479 1793 2872 1850 necessitatem
2904 1808 3085 1847 sacras
3138 1792 3529 1864 perduxerunt
3558 1791 3780 1846 domos.
3808 1791 3928 1845 Mo-

530 1890 592 1938 ut
617 1886 808 1941 nullus
833 1888 1066 1943 omnino
1092 1888 1200 1943 illis
1227 1889 1295 1944 ad
1323 1888 1711 1943 testimonium
1738 1887 2045 1941 dicendum
2071 1903 2165 1958 pa-
2184 1883 2240 1955 B
2262 1888 2362 1942 bili
2387 1887 2543 1944 enim
2580 1902 2696 1943 non
2742 1890 2998 1941 exstante
3043 1884 3355 1940 substantia
3401 1884 3720 1939 sufﬁciente
3768 1884 3927 1955 peri-

533 1982 644 2033 teat
657 1979 866 2036 aditus.
894 1981 1030 2036 Inde
1041 1982 1185 2037 adeo
1208 1982 1444 2037 docuisti
1467 1998 1592 2051 nos,
1615 1981 1767 2053 quod
1784 1980 2016 2052 quidam
2037 1996 2170 2034 cum

529 2073 832 2157 orthodoxi
861 2075 994 2144 sint,
1037 2069 1364 2130 inﬁcientur
1389 2092 1461 2130 se
1477 2074 1708 2131 curialis
1736 2091 1855 2130 esse
1882 2074 2127 2130 fortunae
2150 2115 2165 2140 ,

529 2167 587 2218 et
609 2182 833 2221 necesse
862 2168 933 2223 sit
956 2169 1041 2223 vel
1067 2185 1278 2240 genere
1297 2170 1407 2223 illis
1427 2170 1777 2240 conjunctos,
1800 2169 1884 2224 vel
1904 2167 2001 2239 qui
2022 2168 2165 2221 alio-

528 2259 627 2330 qui
654 2260 723 2314 de
750 2261 981 2316 illorum
1004 2262 1233 2317 fortuna
1257 2263 1502 2319 habeant
1520 2263 1805 2329 notitiam,
1828 2262 1887 2316 in
1916 2261 2168 2316 testimo-

527 2352 686 2407 nium
720 2355 977 2425 produci.
1008 2357 1075 2410 Et
1092 2357 1223 2428 quia
1243 2358 1333 2411 lex
1362 2357 1433 2411 de
1460 2358 1786 2412 orthodoxis
1810 2355 2033 2428 prolata
2056 2355 2169 2409 hie-

528 2446 835 2502 reticorum
856 2448 1182 2504 testimonia
1196 2454 1369 2519 arcet,
1390 2455 1692 2522 propterea
1704 2450 1925 2521 judices
1942 2465 2169 2503 verean~

530 2545 623 2594 tur
650 2541 772 2595 haec
804 2541 1128 2597 admittere.
1167 2544 1339 2615 Atqui
1377 2543 1530 2598 inani
1567 2543 1944 2598 sollicitantur
1985 2546 2164 2611 metu,

530 2633 630 2704 qui
646 2633 960 2689 istiusmodi
972 2637 1294 2691 testimonia
1311 2637 1594 2708 suscipere
1612 2640 1895 2692 recusant.
1915 2636 2168 2691 Primum

531 2726 784 2797 quidem,
806 2728 942 2799 quia
968 2745 1072 2799 pro
1097 2730 1427 2785 orthodoxis
1455 2731 1918 2803 interponuntur,
1934 2730 1991 2783 id
2019 2729 2169 2801 quod

531 2819 687 2892 leges
718 2822 1012 2876 haereticos
1057 2823 1241 2878 facere
1288 2840 1406 2878 non
1435 2827 1646 2879 vetant.
1692 2825 1812 2878 Mox
1842 2823 1887 2877 si
1918 2823 2045 2894 quis
2071 2839 2169 2877 eos

530 2914 628 2985 qui
660 2915 995 2971 decuriones
1022 2922 1173 2985 sunt,
1193 2922 1499 2973 renuentes
1527 2918 1733 2973 deinde
1759 2916 2165 2986 conditionem,

532 3008 602 3062 ad
628 3009 844 3064 curiam
872 3011 1147 3078 retrahat,
1170 3014 1228 3064 et
1254 3011 1547 3066 hmreticos
1574 3012 1633 3066 in
1658 3010 2049 3066 testimonium
2076 3011 2169 3065 ad-

532 3107 709 3172 vocet,
743 3104 1026 3174 quomodo
1052 3121 1157 3177 pro
1184 3109 1379 3159 nostra
1404 3106 1509 3159 hoc
1540 3105 1829 3176 republica
1849 3121 1967 3161 non
1996 3103 2169 3159 facit?

534 3200 597 3249 ut
620 3196 745 3265 ipsa
769 3197 1003 3267 quidem
1047 3198 1367 3269 respublica
1390 3198 1688 3269 litigatoris
1725 3199 1913 3252 locum
1957 3201 2165 3268 teneat,

584 3248 591 3249 κ
642 3248 660 3265 ι
720 3248 739 3249 η
778 3248 1002 3267 twn——
1050 3248 1684 3269 ~~~r——-—v—--—o—n——~
1725 3248 1913 3252 --η-ν-
1965 3248 2165 3268 ν---πἾ

533 3288 848 3344 orthodoxa
884 3290 1152 3357 existens,
1182 3297 1239 3345 et
1272 3292 1516 3346 maxime
1550 3292 1620 3345 ab
1652 3308 1717 3346 eo
1750 3296 2027 3362 tempore,
2056 3308 2170 3363 quo
2190 3248 2245 3322 Ο

533 3382 682 3436 Deus
708 3382 784 3436 illi
819 3401 921 3437 nos
936 3384 1217 3454 imperare
1245 3385 1542 3456 permisit;
1571 3385 1667 3459 qui
1689 3387 1819 3440 vero
1841 3401 1907 3439 eo
1940 3385 2172 3440 nomine

532 3475 924 3531 testimonium
953 3476 1167 3546 dicunt,
1190 3495 1295 3549 pro
1323 3478 1656 3533 orthodoxis
1680 3479 2072 3534 testiﬁcantur.
2093 3478 2173 3534 Si-

532 3569 765 3640 quidem
793 3574 991 3626 nostra
1006 3571 1322 3642 respublica
1339 3576 1494 3628 recta
1519 3577 1624 3642 est,
1648 3579 1703 3627 et
1720 3573 2037 3628 orthodoxa
2049 3572 2171 3644 jam

530 3663 752 3719 imbuta
774 3665 907 3732 ﬁde,
935 3665 1124 3720 omnia
1149 3664 1257 3720 alia
1286 3667 1493 3722 haeresi
1522 3683 1709 3723 exosa.
1747 3676 1845 3724 Καὶ
1874 3677 2027 3725 τοῦτο
2064 3675 2173 3723 τοί-ο

529 3777 619 3811 νυν
650 3760 680 3817 ἡ
709 3764 775 3818 σὴ
823 3760 1057 3834 ὑπεροχή
1084 3761 1547 3835 παριφυλαττέτω,
1582 3766 1668 3815 τόν
1712 3781 1769 3816 τε
1808 3766 2047 3838 ἡμέτερον
2075 3784 2171 3836 ’γι-

531 3856 795 3905 νὼσκουσο
811 3856 986 3925 νόμον,
1005 3857 1091 3905 καὶ
1110 3857 1168 3906 τὸ
1184 3862 1246 3927 τῇ
1263 3853 1496 3927 πολιτείᾳ
1515 3859 1766 3931 συμφέρον
1784 3860 2163 3929 μνηστεύουσα,

531 3950 617 3997 καὶ
646 3943 958 4017 ἓπισταμένη
987 3941 1077 3998 διὰ
1103 3955 1312 3999 παντὼν
1344 3950 1417 4015 ὡς
1446 3946 1611 4000 iusim
1649 3944 1768 4020 ἡμῖν
1809 3953 1895 4001 καὶ
1921 3953 2167 4025 πράττειν

531 4041 618 4088 καὶ
649 4037 931 4109 νομοθετεῖν
961 4032 1401 4104 διεσπούδασται,
1424 4040 1592 4092 ὁπόσα
1611 4046 1702 4097 τῆν
1724 4042 1970 4114 ἡμιτέραν
1999 4039 2171 4111 ὠφελεῖ

529 4128 812 4182 πολιτείαν.
868 4126 992 4180 Dat.
1046 4142 1116 4180 xv
1159 4127 1277 4182 Kal.
1325 4131 1491 4197 sept.,
1542 4127 1996 4200 Constantinop.,
2045 4132 2171 4199 post

532 4217 684 4274 Bilis.
714 4236 766 4275 v.
799 4236 850 4275 c.
880 4236 1039 4275 cons.

1085 4377 1398 4432 NOVELLA
1438 4377 1611 4431 XLVI.

599 4499 672 4551 De
697 4496 1173 4551 ecclesiasticarum
1198 4511 1382 4620 it‘eirqmt
1394 4494 1747 4578 immobilium
1774 4493 2098 4550 alienatione

1170 4582 1196 4620 e
1238 4582 1295 4620 so
1320 4583 1355 4619 η
1382 4580 1521 4620 wne.

1170 4580 1221 4621 et
1238 4580 1521 4621 somnone.

599 4695 919 4764 Imperator
952 4693 1301 4749 Justinianus
1332 4697 1618 4764 Augustus
1651 4691 1852 4746 Joanni
1887 4692 2168 4763 gloriosis-

525 4786 670 4841 simo
692 4804 984 4843 sacrorum
1004 4805 1109 4860 per
1131 4787 1419 4843 Orientem
1445 4785 1844 4859 praetoriorum
1871 4785 2163 4858 praefecto,

527 4880 733 4935 iterum
766 4883 1062 4937 exconsule
1089 4886 1144 4937 et
1176 4881 1427 4952 patricio.

598 4974 665 5028 Et
692 4975 837 5029 circa
861 4977 1014 5045 leges
1039 4975 1311 5041 studium,
1342 4979 1397 5029 et
1420 4974 1526 5028 alia
1551 4973 1746 5029 omnia
1775 4990 1804 5027 a
1847 4972 2008 5027 nobis
2038 4973 2167 5027 ideo

524 5068 780 5139 quotidie
823 5084 953 5121 cum
998 5068 1189 5122 labore
1226 5073 1492 5141 aguntur,
1528 5072 1592 5123 ut
1631 5067 1923 5123 utilitatem
1962 5066 2169 5121 nostris

526 5160 793 5231 subjectis
822 5161 1176 5217 inveniamus
1208 5178 1221 5215 :
1253 5161 1407 5233 quod
1431 5160 1674 5216 effusum
1700 5160 1933 5232 quidem
1961 5165 2018 5216 et
2053 5160 2164 5214 im-

526 5272 787 5311 mensum
816 5261 899 5311 est
925 5258 1302 5325 removentes,
1331 5256 1482 5327 quod
1509 5262 1702 5311 autem
1727 5261 1784 5311 et
1807 5257 2088 5327 optimum
2112 5261 2169 5311 et

525 5350 809 5417 metitum,
859 5331 1251 5421 subrogantes.
1305 5350 1374 5404 Et
1418 5367 1566 5422 saepe
1612 5366 1838 5422 quoque
1885 5366 1955 5405 ex
1982 5350 2166 5406 studio

526 5455 755 5520 propter
770 5449 1021 5521 priorem
1039 5448 1482 5503 immensitatem
1494 5447 1666 5503 etiam
1677 5449 1826 5503 ultra
1838 5464 2167 5504 mensuram

524 5541 710 5613 legem
730 5543 1104 5599 constrinxim
1113 5560 1194 5611 us,
1216 5547 1281 5597 ut
1301 5543 1452 5614 quod
1472 5542 1738 5614 primitus
1752 5542 2021 5598 afﬂuebat
2038 5542 2169 5598 reti-

524 5641 723 5689 nentes
742 5677 756 5703 ,
790 5635 871 5691 ita
895 5635 1287 5708 aequalitatem
1316 5636 1386 5691 de
1414 5640 1616 5690 caetero
1653 5636 2162 5692 introduceremus.

524 5725 718 5798 Nuper
746 5727 922 5798 igitur
939 5729 1273 5800 scripsimus
1291 5728 1477 5800 legem
1509 5729 1578 5784 de
1602 5728 1965 5785 sanctissimis
1990 5730 2162 5785 eccle-
2212 5741 2216 5745 ‘

529 5816 624 5870 siis
652 5819 915 5873 omnibus
938 5862 951 5889 ,
982 5828 1039 5876 et
1063 5821 1421 5876 monasteriis
1447 5863 1461 5889 ,
1493 5826 1549 5875 et
1572 5822 1804 5894 reliquis
1832 5823 2165 5879 venerabili-

531 5904 638 5960 bus
663 5908 944 5980 domibus,
977 5914 1195 5968 nullam
1222 5913 1303 5967 eis
1333 5929 1526 5970 rerum
1555 5915 1936 5972 immobilium
1964 5916 2168 5975 aliena-

2269 1981 2612 2035 clitabantur
2649 1981 2708 2036 in
2739 1978 3111 2035 novissimam
3138 1979 3331 2033 venire
3359 1972 3775 2033 necessitatem.
3808 1978 3922 2032 Ha-

2269 2092 2399 2130 rum
2424 2074 2696 2147 praesules
2726 2089 2911 2145 neque
2938 2072 3180 2128 vendere
3217 2075 3499 2143 potentes,
3529 2086 3719 2142 neque
3763 2071 3929 2126 unde

2269 2168 2456 2224 debita
2492 2168 2774 2222 solverent
2802 2167 3076 2221 habentes
3097 2207 3110 2233 ,
3153 2164 3254 2220 sed
3293 2182 3398 2237 pro
3434 2164 3640 2219 talibus
3679 2164 3923 2235 quidem

2268 2261 2472 2317 debitis
2501 2278 2665 2332 posse
2694 2277 2798 2333 pro
2826 2260 3104 2315 solutione
3124 2258 3500 2313 creditoribus
3541 2258 3664 2312 dari
3692 2274 3926 2329 posses-

2267 2356 2449 2410 siones
2472 2354 2902 2423 ecclesiasticas;
2932 2356 3125 2408 tamen
3163 2368 3295 2405 cum
3327 2351 3677 2422 competenti
3702 2350 3929 2405 subtili-

2268 2453 2381 2503 tate
2409 2453 2465 2503 et
2490 2448 2875 2502 observatione
2890 2446 3147 2501 facienda
3168 2446 3449 2499 solutione
3467 2444 3592 2515 jam
3614 2461 3765 2515 saepe
3787 2461 3931 2516 per-

2267 2541 2544 2610 misimus,
2573 2541 2716 2597 sicut
2745 2558 2926 2613 neque
2958 2541 3147 2612 palam
3178 2540 3283 2594 hac
3313 2544 3503 2593 nostra
3528 2538 3689 2611 prius
3708 2539 3930 2609 permi-

2268 2636 2443 2690 simus
2461 2636 2606 2706 lege.
2631 2634 2686 2689 Si
2713 2650 2845 2689 vero
2869 2649 2982 2687 non
3022 2633 3272 2704 privatus
3306 2632 3509 2705 aliquis
3539 2635 3623 2686 est
3646 2631 3924 2699 creditor,

2267 2730 2366 2784 sed
2384 2728 2720 2800 przeeminet
2754 2727 2941 2796 ﬁscus,
2965 2731 3021 2781 et
3039 2725 3216 2797 exigit
3236 2726 3443 2795 debita,
3476 2730 3559 2780 est
3582 2728 3774 2779 autem
3803 2725 3930 2779 ino~

2267 2824 2363 2895 pia
2386 2822 2776 2894 pecuniarum,
2800 2821 3055 2892 accipere
3082 2837 3212 2875 vero
3236 2820 3588 2874 immobilem
3614 2819 3925 2890 possessio-

2267 2933 2402 2971 nem
2424 2914 2767 2987 impossibile
2794 2920 2881 2969 est
2901 2913 3121 2983 ﬁscum,
3145 2913 3237 2967 hic
3276 2913 3529 2968 relaxare
3551 2913 3769 2984 aliquid
3794 2913 3930 2967 sub-

2266 3009 2483 3065 tilitatis
2524 3008 2667 3080 legis
2696 3012 3019 3079 competere
3054 3007 3458 3077 judicavimus.
3496 3008 3565 3061 Et
3594 3006 3638 3060 si
3680 3023 3795 3077 qua
3826 3024 3932 3061 ne-

2269 3103 2493 3158 cessitas
2530 3102 2858 3172 huiusmodi
2906 3103 3022 3167 ﬁat,
3054 3100 3226 3155 etiam
3258 3100 3663 3156 alienationem
3697 3100 3819 3153 sine
3864 3117 3927 3155 re

2271 3196 2680 3267 prospeximus.
2736 3195 3033 3250 Sancimus
3064 3193 3239 3265 igitur
3274 3194 3318 3248 si
3362 3198 3690 3247 sanctarum
3723 3193 3927 3264 aliqua

2271 3290 2652 3356 ecclesiarum,
2680 3294 2780 3343 aut
2818 3289 3167 3359 reliquarum
3197 3287 3567 3342 colendarum
3597 3287 3878 3341 domuum
3908 3330 3925 3357 ,

2269 3384 2481 3438 ﬁscales
2505 3383 2709 3437 debeat
2731 3381 3068 3450 functiones,
3097 3385 3154 3436 et
3172 3381 3325 3435 unde
3351 3380 3522 3435 faciat
3543 3380 3755 3435 horum
3779 3380 3918 3435 red-

2270 3477 2544 3533 ditionem
2568 3492 2687 3531 non
2718 3476 2942 3545 habeat,
2971 3474 3276 3529 convenire
3305 3491 3504 3529 omnes
3530 3474 3593 3528 in
3623 3490 3829 3543 unum,
3866 3479 3928 3530 et

2269 3574 2370 3647 qui
2395 3591 2465 3630 ex
2490 3574 2638 3630 clero
2669 3577 2821 3644 sunt,
2858 3576 2914 3629 et
2956 3573 3071 3628 Deo
3102 3572 3408 3627 amabilem
3434 3572 3765 3643 episcopum
3796 3572 3927 3643 ejus

2270 3668 2505 3724 civitatis
2526 3709 2540 3737 ,
2571 3667 2806 3739 insuper
2836 3670 2893 3722 et
2917 3667 3319 3738 metropoleos,
3354 3669 3411 3720 et
3452 3666 3629 3720 sacris
3658 3666 3925 3737 proposi-

2268 3762 2340 3817 tis
2366 3761 2605 3834 eloquiis
2630 3777 2855 3817 causam
2882 3760 3219 3816 examinari.
3252 3761 3323 3814 Et
3352 3759 3399 3814 si
3443 3776 3558 3814 non
3588 3760 3929 3831 apparuerit

2270 3856 2418 3911 ullus
2436 3859 2685 3927 quaestus
2705 3854 2845 3909 citra
2862 3853 3262 3910 alienationem
3288 3853 3594 3908 immobilis
3614 3852 3699 3908 rei
3726 3852 3928 3908 valens

2269 3950 2484 4005 solvere
2503 3948 2690 4004 ﬁscale
2721 3948 2999 4017 debitum,
3027 3953 3159 4003 tunc
3186 3946 3477 4002 licentiam
3504 3964 3627 4002 esse
3663 3946 3766 4013 eis,
3802 3963 3930 4001 sen-

2267 4043 2446 4099 tentia
2472 4042 2575 4097 tali
2599 4042 2960 4113 procedente,
2976 4046 3033 4096 et
3057 4041 3284 4096 decreto
3311 4040 3591 4096 celebrato
3612 4040 3771 4112 apud
3791 4058 3926 4112 pro-

2266 4136 2468 4192 vincias
2497 4135 2773 4208 judicem,
2815 4134 2987 4189 etiam
3017 4134 3405 4206 possessiones
3441 4133 3770 4188 immobiles
3795 4151 3932 4188 con-

2177 4299 2182 4303 .
2270 4231 2509 4302 tingere,
2540 4234 2596 4285 et
2624 4245 2719 4283 eas
2750 4228 2995 4283 alienare
3022 4228 3093 4282 ad
3124 4227 3464 4282 solutionem
3503 4226 3700 4296 debiti,
3729 4243 3928 4282 emen-

2267 4324 2417 4379 tibus
2448 4323 2767 4395 quidemin
2814 4323 3016 4377 fiscum
3059 4321 3422 4389 solventibus,
3476 4325 3532 4375 et
3584 4321 3926 4392 desuscepta

2267 4418 2399 4473 inde
2427 4416 2891 4489 percipientibus,
2923 4421 2978 4470 et
3006 4415 3381 4471 subeuntibus
3418 4414 3606 4469 ﬁscale
3638 4415 3921 4484 debitum,

2267 4515 2322 4566 et
2349 4511 2631 4565 cautelam
2678 4510 2810 4565 inde
2849 4509 3213 4578 habentibus,
3248 4514 3304 4563 et
3341 4507 3483 4562 nihil
3523 4508 3921 4563 metuentibus

2184 4622 2246 4694 D
2268 4604 2531 4676 primitus
2558 4604 2802 4676 positam
2828 4604 3036 4675 legem,
3071 4602 3388 4657 constitutis
3419 4604 3475 4656 et
3502 4600 3792 4656 ﬁscalibus
3820 4603 3923 4657 de-

2268 4697 2562 4768 susceptis,
2585 4701 2641 4752 et
2665 4697 2967 4751 insinuatis
3020 4696 3166 4750 inter
3200 4698 3572 4749 monumenta
3602 4697 3926 4766 gestorum,

2268 4790 2689 4862 deponentibus
2716 4790 2934 4862 his-qui
2959 4789 3197 4845 fecerint
3222 4805 3347 4843 eam
3368 4831 3381 4856 ,
3413 4793 3479 4842 ut
3505 4793 3562 4842 et
3592 4789 3750 4859 apud
3788 4806 3925 4844 san-

2267 4884 2544 4938 ctissimas
2585 4884 2849 4940 ecclesias
2897 4885 3185 4938 solventur
3230 4881 3381 4936 clara
3442 4881 3802 4953 desuscepta,
3860 4900 3927 4937 eo

2267 4978 2421 5050 quod
2446 4978 2653 5032 ﬁscalia
2683 4977 2862 5031 soluta
2883 4976 2996 5031 sint
3025 4976 3263 5046 tributa,
3293 4980 3349 5030 et
3376 4974 3570 5029 omnia
3597 4977 3926 5032 secundum

2268 5080 2518 5131 nostram
2544 5076 2735 5147 legem
2766 5077 2925 5147 gesta
2952 5074 3082 5129 sint.
3113 5075 3233 5129 Non
3274 5074 3603 5146 potentibus
3632 5074 3926 5146 aliquibus

2266 5170 2483 5241 ﬁngere
2508 5168 2693 5224 ﬁscale
2723 5168 2998 5235 debitum,
3027 5173 3083 5223 et
3110 5168 3187 5223 ita
3214 5167 3286 5223 ad
3313 5168 3684 5223 alienationes
3717 5168 3925 5224 immo-

2266 5263 2468 5318 bilium
2497 5279 2690 5318 rerum
2714 5262 3000 5329 accedere,
3035 5261 3160 5316 ideo
3186 5262 3356 5316 etiam
3382 5267 3439 5317 et
3479 5261 3693 5317 decreti
3715 5262 3921 5318 factio-

2266 5374 2400 5412 nem
2426 5355 2807 5429 permisimus,
2858 5360 2923 5411 ut
2962 5360 3019 5410 et
3062 5355 3250 5409 ﬁscalc
3292 5355 3550 5411 debitum
3590 5355 3920 5411 testimonio

2265 5451 2568 5524 pandatur,
2609 5453 2665 5506 et
2721 5467 2790 5506 ex
2828 5448 3056 5522 quantis
3095 5448 3385 5504 descendit
3425 5448 3827 5520 temporibus,
3868 5453 3921 5503 et

2268 5545 2543 5617 quoniam
2567 5560 2684 5600 non
2709 5543 2966 5617 pecuniis
2987 5543 3237 5598 solutum
3259 5547 3363 5606 est,
3389 5541 3485 5599 sed
3510 5541 3567 5595 in
3610 5544 3914 5597 necessita-

2267 5643 2384 5695 tem
2431 5638 2781 5697 alienationis
2826 5637 2999 5705 venit,
3054 5642 3116 5691 ut
3156 5636 3359 5691 veritas
3410 5635 3648 5709 indique
3686 5636 3915 5709 quidem

2266 5736 2576 5804 protestata
2638 5733 2729 5802 sit,
2780 5729 3047 5788 omnibus
3109 5746 3298 5786 coram
3365 5728 3539 5785 sacris
3602 5729 3913 5802 Evangeliis

2265 5827 2502 5898 agendis
2531 5845 2544 5883 :
2576 5826 2881 5881 scientibus
2920 5828 2977 5881 et
3006 5822 3305 5896 episcOpis,
3338 5827 3398 5880 et
3441 5823 3681 5895 clericis,
3712 5829 3775 5879 et
3803 5823 3912 5880 aliis

2269 5920 2554 5996 omnibus,
2575 5920 2708 5996 quia
2738 5921 2883 5979 Deus
2905 5917 3135 5996 respicit
3159 5934 3283 5994 quae
3311 5923 3592 5992 geruntur
3620 5918 3696 5975 ab
3720 5918 3828 5978 eis.
3857 5918 3908 5975 Et
