4032 6232
152 370 255 421 939

1042 370 1405 427 JUSTINIANI
1444 371 1771 429 NOVELLAS
1808 369 2144 431 SELI'ICTIE.
2187 379 2493 435 NOVELLA
2531 378 2658 435 LVI.

3426 381 3527 437 990

148 476 193 530 si
220 475 366 547 quid
396 475 627 548 egerint
654 493 757 549 per
789 478 1005 546 dolum,
1037 482 1135 535 aut
1166 480 1407 543 lucrum.
1449 485 1548 535 aut
1577 481 1793 535 machi-
1812 490 1871 565 Α
1894 491 2352 561 permutationes
2374 507 2502 561 quae
2518 490 2575 545 in
2596 488 2961 560 imperialem
2981 488 3220 545 domum
3240 488 3298 544 in
3314 490 3423 546 hoc
3436 491 3523 547 fa-

152 570 470 639 nationem,
502 571 609 626 hoc
640 571 699 626 in
719 573 837 628 suis
868 572 1149 645 recipient
1190 573 1495 631 animabus
1532 575 1789 631 viventes

150 680 211 717 ac
238 665 579 720 morientes.

217 758 421 812 Sivere
448 759 699 830 privatus
732 759 936 831 aliquis
965 761 1213 816 creditor
1255 762 1446 829 fuerit,
1478 763 1654 834 possit
1692 780 1781 817 se-

147 852 403 907 cundum
427 870 533 924 pro
566 854 749 907 soluto
770 854 997 908 schema
1021 855 1275 925 accipere
1303 856 1633 910 immobiles
1662 874 1786 927 pos-

149 946 453 1001 sessiones.
484 948 595 1001 Hoc
626 964 850 1018 quoque
872 947 1102 1002 decreto
1119 948 1406 1016 faciendo,
1430 966 1534 1019 pro
1562 966 1784 1004 mensu-

148 1057 207 1094 ra
238 1056 377 1094 vero
410 1058 610 1095 eorum
640 1040 966 1096 debitorum
990 1042 1351 1113 assignandis
1374 1043 1455 1098 eis
1484 1043 1786 1114 possessio-

148 1134 335 1188 nibus.
369 1135 429 1189 Si
460 1152 593 1190 vero
620 1135 805 1189 ﬁscale
840 1136 1098 1190 debitum
1128 1137 1319 1201 fuerit,
1350 1136 1675 1207 potentibus
1705 1136 1784 1192 eis

142 1228 210 1281 ad
237 1229 661 1282 alienationem
712 1229 1093 1284 immobilium
1143 1230 1416 1285 accedere
1465 1231 1780 1285 secundum

139 1321 404 1393 priorem
429 1322 904 1389 observationem,
925 1327 987 1377 ut
1007 1323 1151 1378 nihil
1175 1324 1338 1391 desit,
1362 1341 1550 1395 neque
1567 1323 1781 1378 subtili-

138 1415 293 1481 tatis,
319 1432 511 1485 neque
534 1416 856 1470 communis
877 1417 1151 1471 utilitatis.
1185 1417 1278 1471 llis
1296 1422 1486 1472 autem
1508 1417 1782 1471 universis

139 1509 571 1564 sanctissimam
598 1511 883 1581 majorem
914 1510 1213 1565 ecclesiam
1240 1511 1583 1565 felicissima:
1613 1512 1781 1581 hujus

140 1603 321 1671 urbis,
342 1610 399 1658 et
416 1604 542 1673 ejus
566 1604 836 1671 confinia,
852 1608 909 1659 et
929 1605 1255 1660 orationum
1284 1604 1506 1671 domos,
1532 1622 1779 1676 quarum

140 1697 264 1768 ipsa
288 1714 493 1752 curam
518 1698 783 1769 suscepit,
804 1698 1073 1753 omnibus
1102 1697 1417 1769 excipimus
1444 1698 1630 1754 modis
1652 1716 1779 1770 quae

130 1792 257 1862 jam
285 1791 360 1845 de
393 1792 504 1845 hoc
534 1792 754 1846 sancita
782 1795 915 1845 sunt
946 1809 979 1845 a
1005 1791 1192 1859 nobis,
1217 1791 1275 1846 in
1308 1810 1410 1846 sua
1439 1793 1645 1846 virtute
1673 1793 1775 1846 du-

1889 587 1993 639 ctua
2024 589 2174 652 sunt,
2209 589 2271 639 ut
2297 588 2572 657 perpetuo
2609 583 2763 655 apud
2802 582 3109 654 imperium
3140 589 3431 652 maneant,
3466 588 3523 639 et

1890 695 2007 735 non
2028 680 2444 733 transferantur
2456 679 2529 733 ad
2553 678 3057 749 privatum,neque
3074 677 3303 732 illarum
3313 678 3408 746 jus
3425 696 3527 749 per

1890 774 2147 828 medium
2176 774 2481 844 imperium
2510 773 2583 826 ad
2610 790 2707 828 eos
2740 772 3155 844 proficiscatur.
3189 772 3298 826 Sed
3317 772 3361 826 si
3382 773 3519 843 quid

1887 868 2000 922 tale
2018 867 2137 933 ﬁat,
2158 867 2450 921 licentiam
2469 867 2672 922 damus
2692 865 3184 920 reverendissimis
3203 866 3521 921 (scenomis

1885 977 1976 1016 res
2005 961 2443 1033 apprehendere
2477 961 2827 1032 hujusmodi,
2852 965 2907 1016 et
2949 960 3173 1014 tradere
3201 976 3297 1014 eas
3328 977 3523 1015 rursus

1886 1055 1958 1110 ad
1977 1056 2397 1109 sanctissimam
2420 1056 2738 1123 ecclesiam,
2760 1058 3035 1126 tanquam
3060 1055 3105 1108 si
3127 1071 3233 1108 nec
3260 1054 3331 1109 ab
3353 1053 3517 1111 initio

1883 1149 2211 1219 contigisset
2225 1149 2679 1220 permutationes
2692 1150 2891 1203 harum
2904 1148 2976 1203 ad
2996 1149 3300 1220 imperium
3316 1148 3403 1203 fac
3411 1152 3515 1217 tas,

1882 1243 1984 1297 sed
2012 1244 2227 1297 servari
2256 1244 2362 1297 hoc
2394 1244 2626 1297 schema
2663 1244 2721 1297 in
2766 1246 3105 1314 perpetuum
3149 1261 3214 1298 ex
3250 1242 3515 1314 praesenti

1884 1337 1976 1391 die
1998 1336 2356 1392 inchoatum.
2374 1336 2655 1392 Omnibus
2671 1353 2797 1408 quae
2820 1337 3035 1391 dudum
3053 1337 3233 1408 (sicuti
3252 1336 3513 1408 praedixi-

1884 1432 2029 1502 mus)
2054 1434 2181 1501 post
2214 1430 2465 1501 priorem
2494 1432 2683 1502 legem
2711 1431 3024 1485 secundum
3043 1431 3281 1486 modum
3301 1431 3512 1503 praedi-

1881 1528 2037 1579 ctum
2050 1527 2211 1595 gesta
2225 1528 2359 1578 sunt
2368 1524 2506 1579 ratis
2518 1525 2906 1591 manentibus,
2921 1541 2989 1579 eo
3004 1525 3159 1595 quod
3172 1526 3267 1579 illa
3279 1524 3515 1596 quidem

1883 1634 2009 1688 quae
2035 1617 2113 1671 sic
2144 1618 2294 1672 facta
2322 1621 2475 1684 sunt,
2500 1636 2533 1672 a
2567 1618 2700 1672 viris
2730 1621 2895 1689 gesta
2920 1622 3071 1672 sunt.
3118 1620 3277 1673 Nunc
3316 1622 3512 1673 autem

1882 1711 2118 1782 quidam
2160 1714 2357 1766 volunt
2395 1712 2626 1766 illorum
2659 1714 2924 1783 exemplo
2959 1715 3207 1780 utentes,
3259 1715 3317 1766 et
3352 1713 3517 1768 nobis

1881 1821 2003 1859 esse
2041 1805 2286 1872 molesti,
2329 1809 2386 1859 et
2429 1806 2844 1861 sanctissimam
2889 1806 3171 1876 majorem
3216 1806 3515 1861 ecclesiam

140 1886 424 1939 rantibus.
453 1885 511 1940 Si
543 1888 739 1940 autem
769 1889 826 1939 et
847 1885 1038 1956 aliqua
1064 1885 1417 1940 monasteria
1441 1886 1545 1940 sub
1573 1886 1779 1940 eadem
1799 1863 1855 1937 Β
1880 1898 2048 1968 huius
2082 1898 2421 1953 fencissimm
2466 1898 2708 1953 civitatis
2749 1900 3186 1968 circumvenire,
3225 1900 3381 1971 quod
3412 1916 3515 1971 per

137 1979 503 2033 sanctissima
539 1978 758 2048 majore
780 1978 1016 2032 ecclesia
1029 1977 1161 2045 sint,
1189 1995 1291 2032 nec
1314 1995 1382 2032 ea
1404 1979 1506 2032 sub
1524 1995 1774 2049 praesen-

138 2077 259 2126 tem
284 2073 531 2127 facimus
552 2074 738 2143 legem
753 2071 1066 2126 forinsecus
1088 2072 1145 2125 in
1169 2072 1474 2143 provinciis
1497 2089 1628 2126 eam
1651 2088 1779 2126 con-

135 2166 447 2220 stitucntes
469 2168 676 2233 solum,
708 2165 763 2220 in
787 2165 994 2237 quibus
1011 2167 1192 2219 multa
1212 2165 1448 2236 quidem
1473 2169 1559 2219 est
1581 2165 1776 2235 inopia

140 2261 543 2330 pecuniarum,
566 2276 669 2330 per
686 2276 863 2330 quam
884 2258 1257 2313 sanctissimae
1279 2259 1533 2313 ecclesia:
1560 2260 1777 2313 solvere

138 2371 243 2425 per
276 2353 550 2424 pecunias
575 2353 768 2407 debita
795 2370 913 2407 non
940 2354 1261 2407 valuerunt.
1284 2354 1401 2407 Tua
1428 2353 1603 2423 igitur
1619 2353 1779 2406 celsi-

140 2447 282 2501 tudo
324 2464 454 2518 qua:
495 2448 831 2518 placuerunt
861 2446 1022 2501 nobis
1052 2463 1426 2517 cognoscens,
1461 2446 1777 2500 secundum

142 2541 251 2595 hoc
282 2540 595 2611 procedere
622 2557 794 2611 super
810 2541 982 2595 sacris
1002 2540 1173 2594 rebus
1192 2539 1572 2594 alienationes
1596 2542 1778 2594 custo-

143 2634 285 2688 diat.
317 2635 527 2688 Datum
568 2651 653 2689 XIV
696 2634 934 2688 Kalend.
982 2634 1272 2705 Septemb.
1315 2634 1773 2705 Constantinop.,

140 2732 271 2799 post
297 2728 663 2784 consulatum
696 2727 951 2782 Belisarii
983 2744 1034 2782 ν.
1066 2746 1138 2798 c.,
1169 2743 1320 2782 anno
1348 2727 1620 2782 secundo.

736 2867 1053 2921 NOVELLA
1080 2868 1186 2921 LV.

146 2963 211 3015 Ut
232 2962 300 3015 de
319 2965 507 3015 caetero
517 2964 952 3015 commutationes
968 2961 1443 3015 ecclesiasticarum
1469 2974 1652 3014 rerum
1668 2976 1776 3013 non

207 3036 347 3101 ﬁctae
366 3036 501 3100 ﬁant
529 3033 604 3086 ad
623 3035 936 3101 piissimum
966 3034 1363 3101 imperatorem,
1401 3037 1450 3085 et
1492 3032 1586 3085 hoc
1619 3032 1776 3085 modo

209 3105 288 3157 ad
311 3105 457 3157 alias
476 3119 733 3173 personas
761 3105 1029 3173 legitimas
1063 3108 1344 3158 transeant
1378 3118 1483 3165 res,
1527 3103 1621 3157 sed
1668 3104 1775 3157 haec

211 3175 588 3228 tantummodo
628 3178 763 3241 ﬁant
808 3176 883 3227 ad
928 3175 1261 3244 impcrialem
1312 3174 1545 3227 domum.
1596 3176 1663 3228 Et
1714 3178 1775 3226 ut

209 3248 375 3298 liceat
396 3251 685 3314 perpetuas
712 3246 1078 3312 cmphyteuses
1105 3248 1198 3311 agi
1216 3246 1285 3298 ab
1306 3247 1559 3298 oratoriis
1579 3247 1637 3297 in
1658 3260 1775 3298 ora-

209 3319 377 3377 toria,
407 3317 615 3370 decreto
640 3317 889 3370 videlicet
912 3320 1245 3386 intm‘posito,
1278 3321 1498 3386 excepta
1526 3317 1626 3369 hac
1654 3333 1772 3370 ma-

192 3388 320 3457 jore
349 3388 590 3449 ecclesia,
622 3404 687 3440 ne
713 3393 888 3442 tamen
915 3389 973 3441 in
995 3391 1275 3457 privatam
1299 3403 1587 3457 personam
1616 3391 1771 3442 tran-

205 3463 324 3513 seat
350 3459 728 3529 emphyteusis.

206 3581 536 3650 Imperator
556 3578 910 3633 Justinianus
935 3580 1221 3650 Augustus
1246 3578 1465 3634 Mennae
1490 3576 1769 3650 archiepi-

135 3690 312 3744 scopo
343 3671 1004 3743 Constantinopolitano.

206 3768 428 3833 Legem
467 3764 802 3836 scripsimus
835 3765 1055 3820 dudum
1098 3764 1508 3820 ecclesiasticas
1539 3764 1773 3836 quidem

137 3859 523 3915 alienationes
557 3858 985 3930 prohibentem,
1010 3860 1194 3913 solam
1226 3862 1419 3913 autem
1450 3861 1770 3912 commuta-

136 3956 358 4010 tionem
391 3952 827 4024 permittentem
849 3951 1221 4008 sanctissimis
1247 3951 1519 4020 ecclesiis,
1545 3968 1772 4006 necnon

138 4046 517 4104 sanctissima:
543 4045 755 4117 majori
779 4046 1031 4100 ecclesia:
1065 4046 1235 4117 hujus
1272 4044 1614 4100 felicissime
1639 4044 1771 4099 civi-

136 4143 290 4209 tatis,
312 4140 453 4195 dum
473 4139 783 4211 imperium
801 4138 1060 4209 accipere
1075 4138 1293 4210 aliquid
1310 4138 1381 4193 ab
1394 4138 1586 4209 aliqua
1606 4154 1774 4192 vene-

135 4235 413 4292 rabilium
441 4232 683 4289 domum
722 4232 984 4288 voluerit.
1033 4234 1239 4288 Postea
1274 4232 1557 4304 siquidem
1596 4231 1772 4286 aliam

136 4328 475 4401 scripsimus
516 4327 731 4398 legem,
792 4343 907 4397 qua
961 4326 1293 4398 excepimus
1348 4325 1771 4381 sanctissimam

134 4424 429 4495 majorem
469 4421 788 4489 ecclesiam,
823 4420 1223 4492 permittentes
1248 4420 1530 4494 quasdam
1555 4420 1770 4477 aliena-

134 4518 351 4583 tiones,
386 4532 529 4587 quas
558 4514 656 4570 illa
685 4516 773 4569 lex
799 4514 954 4570 dicit.

1880 2007 2050 2046 omne
2089 1995 2315 2064 tempus
2347 1992 2504 2046 nullo
2534 1991 2707 2046 modo
2747 1993 2871 2047 fieri
2894 1994 3175 2048 volumus.
3210 1993 3323 2049 Sed
3369 1996 3425 2047 et
3468 1993 3514 2047 si

1880 2084 1979 2138 flat
1990 2085 2247 2155 quolibet
2267 2086 2587 2151 schemate,
2612 2086 2721 2140 hoc
2735 2086 2911 2140 etiam
2931 2087 3230 2141 infirmum
3251 2104 3395 2153 esse,
3411 2090 3514 2141 eta

1880 2178 2236 2232 sanctissima
2264 2178 2484 2248 majore
2506 2178 2744 2233 ecclesia
2767 2178 2820 2232 in
2839 2183 3181 2250 perpetuum
3212 2180 3510 2245 vindicari,

1880 2272 2038 2326 nulla
2070 2272 2123 2325 ei
2152 2271 2429 2342 temporis
2471 2271 2900 2343 praescriptione
2942 2272 3000 2326 in
3031 2273 3137 2327 hoc
3171 2273 3510 2344 objicienda.

1948 2366 2089 2420 Illud
2121 2381 2351 2436 quoque
2383 2365 2691 2432 sancimus,
2730 2369 2793 2419 ut
2819 2365 2941 2419 aliis
2984 2367 3253 2421 omnibus
3283 2368 3354 2422 de
3381 2368 3512 2439 jure

1880 2461 2322 2530 emphyteuseos
2352 2460 2602 2527 sancitis,
2628 2464 2685 2514 et
2713 2461 2772 2515 in
2792 2459 3150 2515 sanctissima
3177 2462 3396 2531 majore
3418 2478 3509 2517 ec-

1878 2553 2071 2622 clesia,
2094 2556 2149 2607 et
2166 2553 2221 2607 in
2242 2553 2368 2607 aliis
2385 2553 2656 2608 omnibus
2668 2553 3087 2608 venerabilibus
3105 2553 3373 2609 domibus
3385 2573 3513 2627 pro.-

1879 2646 2070 2717 prium
2096 2646 2271 2701 robur
2296 2647 2662 2715 habentibus,
2691 2648 2921 2702 licentia
2944 2647 3013 2701 sit
3038 2648 3409 2704 sanctissimis
3425 2666 3511 2704 ec-

1878 2739 2063 2794 clesiis
2079 2740 2567 2795 etvenerabilibus
2582 2741 2851 2796 domibus
2865 2740 3184 2796 adinvicem
3197 2745 3255 2796 et
3273 2744 3512 2813 emphy-

1876 2834 2085 2888 teusim
2106 2838 2442 2905 perpetuam
2465 2851 2657 2905 agere,
2684 2835 2914 2890 decreto
2937 2835 3149 2906 quippe
3166 2836 3274 2889 hoc
3293 2835 3503 2889 facien-

1878 2926 1973 2994 do,
1994 2931 2227 2998 excepta
2245 2926 2476 2998 quidem
2510 2928 2617 2982 hac
2647 2928 3003 2983 sanctissima
3018 2929 3238 2999 majore
3251 2928 3505 2983 ecclesia.

1875 3022 1937 3074 In
1970 3020 2081 3076 hoc
2110 3023 2307 3075 autem
2328 3021 2616 3076 celebrata
2637 3022 3022 3093 emphyteusi,
3049 3026 3115 3076 ut
3143 3038 3263 3077 non
3289 3022 3362 3076 ad
3390 3022 3503 3093 pri-

1876 3118 2067 3168 vatam
2110 3132 2419 3185 personam
2451 3115 2677 3170 extendi
2704 3116 2946 3171 omnino
2969 3116 3161 3187 possit.
3185 3118 3304 3171 Tua
3334 3116 3509 3187 igitur

1794 3227 1850 3302 C
1875 3207 2172 3302 beatitudo
2193 3226 2320 3280 quas.
2334 3209 2492 3279 jussa
2522 3212 2699 3265 sunta
2724 3210 2888 3264 nobis
2914 3210 3215 3279 custodiat,
3236 3209 3392 3264 ethis
3410 3209 3505 3281 qui

1874 3299 1977 3354 sub
1997 3316 2064 3353 ea
2086 3302 2560 3373 metropolitanas
2577 3302 2737 3357 sedes
2758 3303 2977 3358 habent
2988 3304 3163 3358 faciat
3177 3303 3506 3371 manifesta,

1876 3396 1937 3448 ut
1975 3396 2032 3447 et
2073 3393 2181 3464 ipsi
2207 3412 2334 3466 quae
2364 3396 2531 3451 nobis
2557 3397 2895 3468 placuerunt
2922 3401 3336 3469 cognoscentes
3366 3397 3510 3452 nihil

1874 3487 2083 3542 horum
2107 3490 2466 3559 praevaricari
2500 3494 2869 3562 praesumant.
2900 3492 3021 3545 Erit
3046 3492 3200 3546 enim
3231 3491 3508 3549 universis

1875 3596 1910 3633 a
1940 3580 2056 3635 Deo
2080 3580 2382 3651 judicium,
2414 3586 2473 3637 et
2492 3584 2696 3640 exinde
2724 3600 2911 3656 paena,
2937 3583 2983 3639 si
3004 3583 3138 3655 quid
3165 3587 3377 3655 praeter
3398 3586 3507 3640 hoc

1871 3675 1970 3727 aut
1997 3672 2105 3745 ipsi
2143 3675 2389 3745 egerint,
2421 3680 2521 3732 aut
2549 3679 2643 3750 agi
2681 3677 3066 3749 permiserint.
3104 3678 3230 3733 Dat.
3273 3694 3339 3734 xv
3381 3679 3503 3733 Kal.

1872 3767 2009 3821 Nov.
2065 3768 2526 3841 Constantinop.,
2569 3771 2708 3843 imp.
2763 3772 2819 3827 d.
2860 3789 2917 3826 n.
2959 3771 3162 3827 Justin.
3200 3773 3303 3828 PP.
3355 3773 3502 3842 Aug.

1873 3878 2008 3916 ann.
2042 3864 2099 3917 II
2139 3866 2266 3933 post
2294 3863 2448 3930 Bilis,
2478 3880 2531 3918 v.
2561 3880 2609 3919 c.
2640 3882 2796 3921 cons.

2442 3983 2760 4040 NOVELLA
2792 3988 2923 4043 LVI.

1879 4077 1948 4131 Ut
1970 4093 2052 4143 ea,
2084 4091 2215 4150 quae
2234 4081 2499 4150 vocantur
2527 4081 2865 4135 insinuatum
2894 4095 3056 4150 super
3083 4081 3287 4136 clericis
3310 4081 3369 4134 in
3394 4094 3511 4134 ma-

1933 4150 2058 4217 jore
2083 4148 2299 4217 quidem
2337 4149 2556 4204 ecclesia
2585 4151 2803 4217 dentur,
2835 4155 2895 4207 in
2919 4148 3046 4209 aliis
3072 4157 3249 4208 autem
3278 4151 3508 4207 ecclesiis

1938 4221 2159 4289 penitus
2186 4236 2292 4274 non
2318 4220 2535 4275 dentur.

1944 4331 2265 4401 Imperator
2286 4330 2641 4386 Justinianus
2657 4333 2946 4405 Augustus
2969 4336 3191 4391 Mennaa
3226 4331 3501 4405 archiepi-

1873 4438 2043 4493 scopo
2072 4422 2248 4493 regia:
2280 4424 2522 4480 civitatis
2547 4425 3205 4500 Constantinopolitano.

1944 4514 2225 4571 Plurimas
2247 4516 2571 4573 additiones
2590 4519 2963 4591 suscipientes
2982 4523 3131 4578 hanc
3155 4524 3347 4594 legem
3379 4520 3509 4577 diri-

203 4611 359 4676 Quia
384 4626 519 4664 vero
544 4608 919 4680 cognovimus
946 4609 1102 4681 quod
1131 4607 1309 4679 aliqui
1335 4607 1542 4679 prioris
1570 4608 1773 4664 consti-
1789 4602 1850 4677 D
1874 4625 2007 4681 gere
2018 4608 2089 4663 ad
2102 4614 2262 4664 tuam
2276 4609 2680 4669 beatitudinem
2694 4614 2918 4684 justum
2931 4615 3508 4681 existimavimus.Qui

134 4703 381 4761 tutionis
392 4703 724 4775 capitulum,
744 4703 899 4775 quod
917 4702 986 4758 de
1006 4702 1774 4774 permutationecompeten-

128 4801 281 4855 tium
310 4814 511 4853 rerum
541 4796 913 4852 sanctissimis
939 4796 1203 4852 domibus
1225 4796 1298 4852 ad
1320 4796 1625 4868 imperium
1646 4796 1774 4851 scri-

129 4895 379 4966 psimus,
428 4892 502 4947 ad
559 4894 744 4947 artem
788 4891 903 4962 legi
940 4890 1289 4946 contrariam
1344 4893 1771 4957 converterunt,

129 4988 693 5060 postulaverunttple
718 5002 826 5042 nos
850 4985 1086 5057 quidem
1100 5002 1134 5040 a
1155 4984 1513 5039 sanctissima
1533 4984 1775 5040 Ecclesia

130 5083 420 5153 accipere,
465 5079 553 5134 his
591 5083 783 5135 autem
832 5080 954 5157 haec
993 5080 1150 5147 dare,
1183 5078 1318 5133 hinc
1350 5078 1605 5150 aggressi
1643 5081 1777 5133 sunt

132 5174 303 5231 multi
348 5173 608 5245 quidam,
645 5173 741 5245 qui
784 5173 1063 5228 similibus
1104 5171 1475 5243 petitionibus
1507 5172 1774 5227 omnibus

131 5272 388 5338 utentes,
415 5284 635 5323 sacram
668 5268 927 5323 nituntur
958 5266 1375 5323 circumvenire
1416 5265 1776 5321 constitutio-

134 5380 292 5419 nem.
329 5362 701 5433 Qumcunque
734 5378 873 5434 ergo
900 5365 1062 5433 gesta
1089 5365 1222 5417 sunt
1252 5377 1285 5415 a
1314 5360 1478 5416 nobis
1492 5377 1671 5431 usque
1699 5360 1773 5415 ad

131 5459 486 5529 praesentem
500 5455 676 5525 diem,
690 5456 813 5511 haec
826 5456 929 5511 sub
943 5454 1325 5523 schemate,in
1346 5470 1459 5526 quo
1472 5471 1625 5508 nunc
1645 5456 1775 5508 sunt

132 5566 378 5606 manere
401 5549 685 5618 volumus,
699 5550 859 5605 nulla
884 5548 1270 5622 permutando
1285 5549 1495 5604 horum
1514 5547 1772 5618 quzejam

133 5662 166 5700 a
178 5644 347 5700 nobis
356 5659 489 5699 cum
499 5643 847 5700 sanctissima
858 5643 1098 5700 Ecclesia
1112 5644 1171 5699 in
1182 5642 1387 5699 talibus
1396 5640 1776 5697 contractibus

134 5742 301 5812 gesta
316 5741 472 5806 sunt,
495 5742 595 5795 aut
616 5755 748 5794 cum
769 5738 858 5794 his
875 5737 976 5810 qui
994 5738 1118 5793 haec
1135 5755 1170 5795 a
1185 5737 1351 5794 nobis
1369 5738 1769 5809 perceperunt.

206 5835 285 5890 De
302 5835 513 5890 caetero
532 5835 727 5889 autem
746 5832 1033 5888 sancimus
1053 5831 1194 5888 nulli
1214 5832 1444 5904 penitus
1458 5832 1631 5887 ullam
1653 5844 1773 5884 esse

132 5926 429 5985 licentiam
465 5924 680 5999 aliquid
713 5926 824 5985 tale
865 5942 1059 5999 agere,
1107 5925 1206 5983 sed
1235 5925 1359 5981 illas
1397 5926 1546 5983 solas
1584 5923 1773 5981 valere

1875 4703 2026 4759 enim
2056 4702 2445 4759 ordinantura
2463 4711 2560 4761 tua
2585 4708 2905 4763 reverentia
2936 4710 3124 4765 clerici
3142 4711 3202 4766 in
3230 4710 3509 4766 sanctissi-

1873 4797 1982 4854 mis
2007 4795 2252 4853 ecclesiis
2279 4798 2513 4870 (absque
2533 4804 2728 4857 tamen
2746 4802 3098 4859 sanctissima
3112 4805 3313 4876 majori
3339 4805 3509 4861 eccle-

1875 4891 1975 4963 sia)
2005 4890 2262 4945 omnium
2280 4891 2575 4962 patiuntur
2595 4894 3002 4963 crudelissima,
3025 4913 3141 4952 non
3160 4898 3509 4971 suscipienti-

1873 4984 1979 5040 bus
2000 5001 2099 5040 eos
2128 4984 2241 5039 illic
2267 4985 2538 5055 ecclesiis,
2559 4992 2876 5059 antequam
2899 4994 3177 5060 quantum
3201 4993 3505 5061 voluerint,

1876 5076 2158 5149 accipiant
2194 5094 2417 5133 aurum.
2455 5080 2522 5134 Et
2563 5080 2826 5134 novimus
2871 5081 2979 5136 hoc
3015 5098 3085 5137 ex
3115 5083 3510 5155 frequentibus

1875 5171 2267 5227 additionibus
2283 5172 2352 5227 de
2366 5172 2475 5228 hoc
2497 5173 2660 5228 factis
2672 5173 2856 5229 nobis.
2876 5175 3174 5231 Sancimus
3194 5176 3369 5247 igitur
3378 5180 3510 5234 bea-

1874 5265 2186 5321 titudinem
2226 5269 2385 5321 tuam
2436 5267 2541 5322 hoc
2589 5267 2939 5324 validissime
2986 5269 3289 5324 custodire.
3343 5274 3411 5328 Et
3461 5274 3509 5329 si

1876 5359 2112 5431 quidem
2142 5361 2496 5417 consuetudo
2522 5364 2609 5417 est
2641 5361 2779 5417 dare
2807 5378 2907 5417 eos
2937 5362 3035 5435 qui
3072 5361 3416 5420 ordinantur
3447 5367 3508 5422 in

1873 5452 2231 5508 sanctissima
2257 5454 2480 5525 majore
2510 5454 2771 5524 ecclesia,
2799 5456 2910 5511 hoc
2938 5473 3036 5513 eos
3060 5456 3338 5528 praebere.
3359 5459 3509 5515 Nihil

1874 5546 2032 5600 enim
2051 5546 2123 5601 de
2139 5547 2230 5602 his
2242 5564 2370 5619 qua:
2386 5548 2596 5605 dantur
2614 5550 2672 5604 in
2706 5550 3060 5607 sanctissima
3084 5549 3306 5621 majore
3334 5554 3510 5609 eccle-

1875 5639 1978 5707 sia,
2007 5656 2307 5695 novamus.
2331 5643 2619 5699 Prwterea
2638 5660 2773 5700 vero
2801 5644 2859 5700 in
2879 5645 3004 5700 aliis
3030 5642 3319 5712 omnibus,
3339 5646 3511 5702 nullis

1874 5732 1934 5787 in
1947 5732 2027 5787 eis
2055 5733 2391 5790 clericorum
2419 5736 2713 5793 licentiam
2734 5756 2858 5794 esse
2885 5740 3115 5811 penitus
3136 5755 3239 5811 pro
3260 5738 3349 5794 his
3377 5755 3509 5813 quin

1874 5831 2151 5882 vocantur
2198 5826 2546 5886 insinuativa
2590 5831 2810 5903 aliquid
2839 5833 3011 5889 ferre.
3051 5833 3162 5890 Sed
3198 5836 3257 5889 et
3302 5834 3347 5889 si
3384 5835 3512 5908 quis

1876 5921 1989 5977 tale
2019 5919 2235 5994 aliquid
2263 5921 2463 5993 egerit,
2499 5923 2659 5982 illum
2684 5926 2916 5999 quidem
2930 5927 3142 6001 privari
3170 5929 3509 6002 sacerdotio,
