4032 6232
581 390 677 448 991

1738 395 1989 450 8.Ε(]υ[ι1
2031 394 2224 450 SEXTI
2265 392 2822 453 SUPPLEMENTUM.

3857 393 3963 452 992

580 499 641 556 in
687 499 838 557 illius
882 504 1077 558 autem
1113 501 1367 559 officium
1407 502 1642 558 introire
1681 504 1782 575 qui
1842 505 2051 559 missus
2105 510 2209 575 est,
2235 515 2562 589 Amenses,
2603 522 2670 560 ex
2701 521 2815 576 quo
2837 505 2961 559 hac
2979 505 3068 559 lex
3089 505 3378 560 insinuata
3397 504 3591 571 fuerit,
3620 503 3748 560 hinc
3774 517 3966 559 corre-

583 599 640 650 et
666 596 813 650 hanc
853 613 986 651 eum
1034 598 1282 651 avaritiae
1320 598 1471 652 ferre
1511 598 1859 653 mercedem.
1912 601 2211 656 Custodire

582 705 718 744 vero
750 691 872 744 haec
913 690 1087 745 etiam
1120 692 1235 744 Deo
1269 691 1691 745 amantissimos
1718 692 2053 749 defensores
2080 712 2211 751 san-

583 783 849 838 ctissimas
895 784 1132 854 majoris
1174 784 1446 851 ceclesizc,
1490 802 1719 855 poenam
1756 788 2137 844 formidantes
2179 807 2215 844 ι(

582 877 858 931 librarum
909 877 1054 943 auri,
1110 877 1155 931 si
1211 877 1351 948 quid
1422 880 1796 949 neglexerint.
1862 882 1976 935 Sed
2038 884 2215 954 gratis

585 971 783 1024 omnia
826 970 1159 1040 procedere.
1192 972 1406 1026 Deinde
1443 973 1656 1027 etenim
1705 973 2107 1030 defunctiones
2157 980 2216 1031 et

584 1062 923 1133 ministeria,
947 1080 1064 1119 non
1100 1081 1203 1135 per
1223 1065 1630 1132 venditionem,
1652 1084 1757 1121 nec
1787 1086 1888 1138 per
1917 1070 2216 1125 mercatio-

585 1174 716 1210 nem
764 1158 885 1211 ﬁeri
931 1158 1183 1229 aliquam
1212 1159 1493 1227 volumus,
1544 1161 1645 1215 scd
1687 1178 1828 1232 pure
1871 1168 1927 1217 et
1955 1163 2096 1218 citra
2122 1181 2212 1219 re-

582 1251 994 1322 demptionem.
1041 1252 1131 1307 Sic
1159 1253 1312 1306 enim
1346 1254 1425 1308 rei
1456 1254 1615 1323 digni
1652 1255 1795 1309 fient
1827 1257 1983 1311 nulla
2020 1258 2215 1313 vendi-

583 1344 738 1398 tione
766 1361 831 1398 ac
853 1346 1202 1399 mercatione
1224 1346 1520 1422 facienda.
1553 1349 1671 1402 Tua
1703 1349 1877 1419 igitur
1896 1350 2212 1420 beatitudo,

582 1442 638 1492 et
669 1438 768 1509 qui
794 1441 992 1508 postea
1023 1439 1080 1492 in
1110 1439 1464 1509 pontificales
1489 1443 1836 1497 accesserint
1867 1444 2052 1513 sedes,
2086 1462 2213 1516 qua:

581 1548 614 1583 ιι
638 1530 803 1585 nobis
829 1531 1091 1586 ordinata
1118 1535 1269 1601 sunt,
1303 1535 1362 1587 et
1404 1551 1509 1605 per
1549 1535 1699 1589 hanc
1744 1536 2036 1591 declarata
2082 1542 2216 1593 sunt

581 1625 791 1693 legem,
836 1624 996 1695 operi
1029 1624 1368 1697 cﬂ‘ectuique
1419 1628 1648 1683 tradere
1689 1630 1940 1685 festinet.
1983 1632 2108 1686 Dat.
2153 1649 2214 1688 ιιι

582 1717 706 1771 Kal.
736 1718 873 1771 Nov.
904 1719 1199 1773 Constant.
1233 1720 1376 1791 imp.
1405 1722 1459 1777 d.
1493 1739 1549 1775 ιι.
1578 1723 1780 1778 Justin.
1815 1727 1962 1796 Aug.
1995 1741 2091 1779 an.
2125 1729 2211 1795 lt,

581 1813 710 1883 post
735 1810 883 1865 Bilis.
912 1828 965 1865 v.
996 1828 1043 1866 c.
1067 1828 1224 1868 cons.
1256 1830 1391 1868 ann.
1421 1818 1473 1879 2.

1144 1916 1463 1972 NOVELLA
1490 1919 1643 1974 LVII.

659 1999 726 2052 Ut
758 1999 817 2051 in
846 2000 1085 2066 privatis
1111 1999 1356 2054 domibus
1380 2016 1537 2057 sacra
1562 2006 1824 2072 mysteria
1848 2021 1956 2060 non
1982 2009 2138 2076 ﬁant.

652 2091 971 2161 Imperator
992 2092 1345 2148 Justinianus
1369 2098 1652 2165 Augustus
1677 2098 1898 2153 Mennae
1924 2099 2211 2171 archiepi-

581 2199 751 2254 scopo
778 2184 954 2253 rcgias
982 2184 1223 2240 civitatis
1249 2189 1909 2261 Constantinopolitano.

650 2278 717 2331 Et
740 2278 938 2349 priscis
958 2280 1240 2334 sancitum
1264 2285 1349 2335 est
1365 2282 1741 2354 legibustnulli
1764 2286 1990 2356 penitus
2011 2303 2133 2342 esse
2152 2287 2215 2341 li-

577 2370 826 2425 centiam
850 2371 1009 2426 domi
1028 2390 1153 2444 quae
1175 2375 1553 2431 sacratissima
1567 2382 1696 2431 sunt
1714 2394 1906 2448 agere,
1922 2380 2021 2434 sed
2035 2380 2215 2450 publi-

580 2479 643 2517 ce
657 2463 844 2518 sinere
858 2467 1173 2534 procedere
1188 2468 1713 2525 incredulitatemet
1724 2472 1820 2525 Dei
1835 2474 2117 2528 culturam
2131 2491 2215 2527 se-

578 2557 827 2611 cundum
850 2560 1204 2615 sanctionem
1227 2562 1297 2616 de
1323 2563 1412 2616 his
1425 2565 1659 2618 sacratis
1681 2566 1899 2619 actibus
1920 2567 2209 2638 traditam,

579 2654 637 2705 et
653 2667 757 2705 nos
779 2652 953 2706 etiam
974 2654 1122 2708 hanc
1142 2655 1199 2708 in
1222 2659 1492 2726 prmsenti
1512 2659 1777 2728 ponimus
1804 2661 2015 2730 legem,
2037 2678 2213 2732 quam

579 2759 711 2797 cum
732 2745 889 2798 omni
905 2748 1127 2801 cautela
1144 2751 1341 2803 tenere
1357 2752 1639 2805 volumus.
1665 2752 1943 2807 Omnibus
1962 2754 2117 2808 enim
2134 2754 2214 2808 in-

578 2837 907 2892 terdicimus
920 2856 1146 2911 magna:
1161 2842 1327 2912 hujus
1341 2844 1576 2898 civitatis
1589 2845 2213 2919 habitatoribus,magis

580 2933 772 2984 autem
797 2931 968 2986 etiam
1005 2934 1180 2989 totius
1206 2940 1412 2991 nostra:
1440 2938 1686 3005 ditionis,
1711 2939 1767 2993 in
1795 2939 2058 2994 domibus
2099 2941 2214 2995 suis

579 3022 792 3078 habere
820 3027 1098 3095 quasdam
1126 3029 1288 3099 quasi
1329 3031 1657 3086 orationum
1696 3032 1921 3100 domos,
1950 3036 2008 3087 et
2037 3034 2095 3087 in
2124 3034 2214 3088 his

578 3133 739 3171 sacra
759 3119 1046 3174 celebrare
1062 3124 1330 3191 mysteria
1342 3166 1356 3191 ,
1372 3128 1428 3177 et
1441 3125 1573 3179 hinc
1590 3126 1999 3197 fieriquaadam
2014 3128 2210 3182 catho-

577 3210 700 3264 lica:
727 3214 782 3265 et
803 3214 1129 3283 apostolica?
1156 3216 1450 3271 traditioni
1469 3222 1759 3273 extranea.
1781 3220 1890 3275 Sed
1909 3221 1956 3274 si
1974 3221 2209 3292 quidem

579 3303 786 3358 domos
815 3305 893 3359 ita
918 3306 1253 3377 simpliciter
1274 3311 1447 3381 aliqui
1474 3311 1689 3367 habere
1710 3317 1918 3384 putant
1943 3318 2210 3386 oportere

576 3396 637 3450 in
684 3397 854 3451 sacris
894 3399 1030 3464 suis,
1069 3402 1347 3456 orationis
1390 3403 1655 3459 videlicet
1686 3406 1860 3461 solius
1902 3408 2107 3478 gratia,
2155 3412 2213 3463 et

576 3490 735 3544 nullo
771 3491 1120 3547 celebrando
1169 3496 1400 3565 penitus
1441 3498 1667 3565 horum,
1713 3516 1842 3571 quas
1894 3502 2041 3555 sacri
2079 3505 2215 3556 sunt

577 3584 855 3654 mysterii,
884 3585 992 3640 hoc
1024 3587 1107 3640 eis
1137 3589 1545 3659 permittimus.
1588 3592 1806 3647 Invidia
1854 3594 2012 3648 enim
2054 3596 2211 3650 nulla

578 3681 681 3743 est,
705 3677 751 3731 si
767 3679 1120 3735 voluntcitra
1137 3681 1259 3736 base
1272 3683 1484 3738 habere
1499 3685 1821 3741 habitacula
1840 3688 2130 3759 quaedam,
2154 3692 2213 3743 et

576 3769 634 3823 in
664 3770 746 3824 eis
771 3775 1051 3844 tanquam
1078 3774 1136 3828 in
1164 3775 1339 3829 sacris
1365 3793 1546 3844 orare,
1575 3779 1698 3833 aliis
1725 3782 1921 3835 autem
1942 3781 2210 3836 omnibus

577 3864 885 3921 abstinere.
919 3867 1038 3922 Nisi
1062 3871 1257 3923 tamen
1287 3870 1344 3924 in
1378 3870 1460 3925 eis
1486 3873 1771 3927 voluerint
1800 3874 2018 3945 aliquos
2065 3875 2209 3929 invi-

577 3960 697 4012 tare
725 3959 979 4029 clericos,
1013 3961 1104 4015 hic
1132 3962 1368 4033 quidem
1404 3966 1779 4021 sanctissima
1825 3968 2063 4039 majoris
2113 3985 2207 4023 ec-

575 4050 761 4106 clesiae
795 4055 854 4107 et
878 4053 983 4108 sub
1024 4070 1091 4109 ea
1132 4057 1624 4113 sanctissimarum
1663 4060 1964 4129 domuum,
2014 4063 2209 4117 volun-

575 4147 694 4199 tate
716 4160 781 4199 ac
806 4147 1146 4217 probatione
1173 4152 1513 4206 sanctissimi
1542 4153 1954 4225 archiepiscopi
1989 4156 2063 4209 ad
2098 4156 2209 4211 hoc

575 4236 895 4307 deputatas,
919 4240 976 4294 in
1004 4242 1298 4312 provincia
1318 4261 1453 4300 vero
1475 4247 1588 4300 Deo
1610 4247 1949 4302 amabilium
1989 4249 2205 4320 episco-

574 4346 799 4401 porum.
823 4334 985 4389 Nulla
1007 4336 1257 4390 novitate
1285 4338 1407 4391 sedi
1430 4340 1551 4408 ejus
1572 4338 1943 4395 beatitudinis
1970 4359 2036 4396 ex
2068 4359 2211 4413 prae-

573 4424 718 4478 senti
750 4429 945 4481 nostra
970 4429 1097 4499 lege
1132 4430 1412 4497 facienda,
1436 4433 1586 4487 circa
1615 4433 1912 4488 existentia
1940 4435 1990 4489 ei
2023 4436 2206 4507 quoli-

572 4518 669 4572 bet
713 4520 885 4574 modo
926 4520 985 4574 in
1026 4522 1505 4592 ordinationibus,
1554 4530 1654 4581 aut
1695 4528 2208 4596 gubernationibus

2314 600 2518 665 xerint,
2539 603 2595 653 et
2620 599 2692 653 ad
2712 600 2960 670 figuram
2990 616 3023 653 a
3044 599 3206 653 nobis
3228 598 3559 653 ordinatam
3587 597 3960 664 deduxerint,

2315 694 2419 747 sub
2448 694 2717 765 praedicta
2738 709 2905 763 poena
2934 694 3094 747 lient.
3118 694 3243 747 Haec
3261 696 3455 746 autem
3483 692 3575 763 agi
3594 707 3726 745 cum
3748 692 3961 745 verita-

2313 792 2391 851 te,
2424 805 2539 841 non
2572 803 2675 857 per
2696 787 2953 857 aliquam
2971 786 3321 841 calumniam
3337 787 3621 852 volumus,
3663 784 3962 839 veracium

2317 881 2472 935 enim
2509 880 2878 936 solummodo
2926 896 3121 933 sumus
3154 883 3460 934 amatores.
3498 880 3624 933 Haec
3665 878 3965 933 sancimus

2313 978 2473 1028 tuam
2496 974 2781 1027 custodire
2797 972 3217 1039 celsitudinem,
3235 976 3293 1027 et
3316 973 3455 1026 nihil
3472 973 3585 1027 tale
3606 972 3733 1026 fieri
3756 988 3961 1026 conce-

2316 1068 2471 1122 dere.
2490 1067 2642 1122 Scito
2657 1066 2811 1121 enim
2828 1066 2962 1137 quia
2990 1066 3444 1131 sididiccrimus,
3476 1066 3572 1120 tibi
3601 1066 3711 1119 tale
3739 1065 3966 1136 aliquid

2317 1160 2744 1225 denuntiatum,
2761 1159 2970 1214 deinde
2994 1176 3107 1214 non
3124 1160 3489 1230 prohibuisti,
3511 1162 3609 1213 aut
3628 1162 3711 1226 tu,
3727 1163 3969 1213 autsuc-

2316 1270 2568 1308 cessores
2594 1253 2676 1307 tui
2699 1253 3027 1324 quicunque
3044 1253 3239 1319 futuri,
3266 1253 3384 1323 ipse
3405 1252 3638 1323 quidem
3665 1251 3967 1323 quinqua-

2316 1348 2477 1418 ginta
2498 1347 2769 1401 librarum
2790 1347 2914 1401 auri
2939 1363 3194 1417 expones
3216 1362 3468 1416 pmnam,
3492 1346 3593 1398 sed
3621 1349 3680 1399 et
3710 1345 3809 1415 qui
3839 1361 3967 1399 suc-

2315 1457 2567 1494 cessores
2598 1440 2814 1510 cinguli
2843 1441 3074 1494 fuerint.
3096 1441 3311 1493 Parens
3332 1443 3526 1492 autem
3558 1439 3659 1492 tibi
3697 1439 3965 1492 ofﬁcium

2316 1533 2617 1588 sustinebit
2650 1534 2805 1587 idem
2852 1534 3155 1599 damnum,
3190 1534 3234 1586 si
3264 1549 3388 1586 rem
3427 1533 3590 1586 nobis
3636 1532 3963 1586 studiosam

2316 1632 2373 1681 et
2404 1627 2776 1681 sanctissimas
2809 1626 3070 1681 Ecclesiae
3105 1626 3526 1680 custodientem
3560 1626 3867 1691 unitatem,
3905 1630 3969 1679 et

2314 1720 2724 1793 prohibentem
2748 1736 2875 1791 quas
2902 1736 2936 1775 a
2952 1720 3117 1775 nobis
3141 1723 3340 1791 aperte
3360 1719 3666 1774 interdicta
3682 1722 3838 1785 sunt,
3863 1719 3967 1789 agi

2313 1815 2563 1869 latenter
2600 1830 2832 1885 passum
2865 1817 2969 1881 est,
3008 1816 3069 1869 et
3100 1814 3395 1885 despicere
3444 1813 3846 1879 commissum,
3908 1818 3969 1867 et

2232 1885 2290 1956 B
2314 1908 2663 1978 circaipsum
2679 1907 2973 1978 cingulum
2992 1907 3428 1979 periclitabitur,
3452 1906 3687 1978 insuper
3699 1909 3759 1961 et
3776 1906 3966 1977 ipsam

2315 2001 2553 2055 domum
2582 2001 2643 2055 in
2680 2017 2796 2071 qua
2834 2000 3054 2072 aliquid
3093 2001 3207 2055 tale
3236 2001 3447 2071 agitur,
3478 2000 3607 2054 ﬁeri
3636 1999 3960 2071 publicam,

2315 2098 2373 2149 et
2421 2095 2523 2149 sub
2569 2094 3017 2149 sacratissimum
3054 2094 3249 2148 venire
3299 2094 3590 2149 aerarium.
3661 2094 3961 2164 Scriptum

2315 2188 2606 2260 exemplar
2631 2205 2665 2242 a
2696 2187 2860 2242 nobis
2888 2191 2946 2242 et
2986 2188 3347 2243 sanctissimo
3389 2187 3734 2258 patriarchte
3776 2186 3962 2240 felicis

2314 2283 2483 2353 hujus
2526 2281 2698 2349 urbis,
2733 2285 2797 2335 ut
2836 2285 2893 2336 et
2932 2281 3053 2352 ipse
3094 2282 3262 2352 hujus
3292 2284 3474 2353 ponat
3514 2281 3601 2335 rei
3645 2280 3959 2351 providen-

2313 2377 2472 2431 tiam.
2514 2376 2786 2430 Volumus
2824 2374 2981 2430 enim
3020 2375 3457 2429 sacerdotaliter
3505 2377 3565 2428 et
3601 2374 3963 2445 judicialiter

2314 2471 2437 2524 haec
2464 2472 2685 2524 servata
2708 2468 2916 2523 durare
2938 2468 2996 2522 in
3012 2468 3298 2539 reliquum
3316 2472 3541 2539 tempus
3571 2473 3627 2521 et
3644 2467 3964 2521 immutila-

2312 2568 2389 2618 ta.
2424 2565 2551 2618 Dat.
2579 2580 2639 2617 ιιι
2670 2580 2722 2619 N.
2750 2563 2892 2617 Nov.
2917 2563 3210 2617 Constant.
3245 2562 3387 2633 imp.
3417 2561 3472 2615 d.
3504 2578 3561 2616 ιι.
3605 2561 3814 2617 Justin.
3851 2561 3957 2614 PP.

2312 2660 2481 2728 Aug.,
2516 2674 2653 2711 ann.
2681 2659 2737 2711 Il
2772 2659 2900 2728 post
2927 2656 3076 2710 Bilis.
3101 2673 3152 2710 v.
3177 2672 3223 2709 c.
3255 2672 3411 2711 cons.

2866 2773 3181 2828 NOVELLA
3222 2773 3400 2826 LVIII.

2314 2872 2388 2923 De
2412 2870 2636 2931 clericis,
2667 2870 2815 2937 quia
2843 2870 2957 2921 suis
2988 2867 3311 2921 destiterunt
3330 2867 3581 2919 ccclesiis.
3613 2866 3749 2918 Item
3779 2864 3850 2919 de
3877 2865 3963 2920 his

2783 2941 2879 3008 qui
2902 2941 3145 2993 oratoria
3176 2938 3469 3006 aediﬁcant.

2383 3034 2702 3103 Imperator
2728 3031 3079 3087 Justinianus
3112 3033 3401 3101 Augustus
3449 3029 3670 3084 Mennas
3713 3028 3957 3083 sanctis-

2312 3127 2457 3182 simo
2479 3126 2646 3196 hujus
2694 3126 2871 3197 regiae
2917 3124 3073 3179 urbis
3120 3124 3571 3195 archiepiscopo,
3614 3125 3673 3176 et
3705 3121 3961 3176 universi

2231 3254 2287 3327 Ο
2314 3220 2437 3291 ejus
2466 3223 2680 3275 tractus
2708 3219 3068 3291 patriarchas.

2382 3313 2535 3368 Multi
2553 3330 2952 3384 saepenumero
2965 3310 3177 3378 clerici,
3196 3310 3366 3365 certis
3378 3311 3648 3364 vacantes
3661 3309 3955 3374 oratoriis,

2313 3411 2412 3462 aut
2437 3407 2610 3461 etiam
2631 3424 2735 3477 pro
2750 3406 3034 3477 aliquibus
3058 3406 3207 3459 forte
3237 3402 3556 3474 subrogati,
3580 3402 3751 3457 simul
3780 3405 3957 3472 atque

2310 3502 2634 3555 solemnem
2654 3499 3053 3570 erogationem
3070 3500 3482 3570 perceperunt,
3502 3513 3535 3550 a
3555 3495 3735 3549 sacris
3754 3512 3815 3549 se
3838 3512 3959 3565 my-

2312 3594 2498 3649 steriis
2514 3594 2573 3648 in
2591 3594 2923 3647 universum
2944 3595 3260 3664 segregant
3280 3592 3445 3663 (quas
3468 3590 3541 3645 ob
3568 3606 3796 3657 causas,
3828 3605 3953 3644 me-

2310 3688 2419 3741 lius
2446 3686 2555 3758 ipsi
2574 3687 2869 3756 noverunt)
2888 3690 2987 3740 aut
3006 3700 3370 3756 quacumque
3385 3682 3684 3738 occasione
3716 3699 3750 3737 a
3766 3697 3959 3737 sacro-

2311 3784 2506 3835 sancta
2531 3780 2767 3835 omnino
2792 3779 3029 3835 ecclesia
3056 3779 3115 3833 in
3145 3796 3260 3850 qua
3298 3777 3619 3831 consistunt
3647 3776 3951 3830 recedunt.

2311 3874 2609 3929 Sancimus
2633 3874 2811 3945 igitur
2846 3890 2920 3927 ne
2962 3889 3122 3928 sacro
3159 3872 3217 3927 id
3256 3870 3742 3943 impedimentum
3784 3869 3955 3924 mini-

2310 3968 2480 4023 sterio
2506 3968 2820 4038 ingeratur,
2854 3967 2953 4021 sed
2982 3983 3015 4021 a
3045 3967 3146 4021 Dei
3191 3964 3597 4019 amantissimis
3644 3964 3953 4035 episcopis,

2310 4061 2414 4117 sub
2434 4077 2680 4132 quorum
2694 4060 2869 4115 tutela
2888 4061 2979 4115 ba:
2996 4059 3244 4115 ecclesiae
3265 4059 3587 4114 constitutas
3614 4063 3767 4122 sunt,
3790 4058 3854 4111 in
3881 4058 3953 4111 il-

2309 4156 2497 4210 lorum
2518 4155 2704 4209 locum
2732 4154 2825 4208 alii
2847 4154 3218 4221 sufﬁciantur,
3236 4152 3335 4224 qui
3350 4152 3459 4206 ista
3480 4150 3818 4223 percipiant.
3840 4152 3953 4205 Ne-

2310 4265 2420 4319 que
2439 4248 2597 4303 enim
2621 4247 2747 4301 ullis
2771 4246 3089 4301 concedere
3112 4246 3377 4301 volumus
3393 4249 3458 4299 ut
3483 4261 3551 4298 ea
3569 4244 3789 4315 quasab
3810 4244 3952 4315 ipsis

2307 4344 2405 4395 aut
2436 4358 2539 4411 per
2562 4340 2715 4411 ipsos
2740 4339 3117 4395 sacrosanctis
3152 4340 3274 4410 jam
3314 4337 3561 4393 ecclesiis
3602 4342 3945 4409 erogantur,

2309 4435 2366 4488 in
2396 4452 2563 4489 suum
2598 4436 2823 4489 lucrum
2869 4437 3227 4488 convertant.
3270 4432 3570 4503 Siquidem
3612 4432 3769 4485 nullo
3799 4448 3944 4502 pra:-

2308 4532 2464 4583 textu
2492 4532 2592 4583 aut
2623 4528 2921 4583 occasione
2948 4528 3209 4582 volumus
3238 4529 3301 4579 ut
3329 4542 3395 4579 ex
3432 4525 3679 4579 aliorum
3725 4524 3949 4579 defrau-

572 4610 685 4679 hic,
715 4618 813 4668 aut
837 4613 895 4668 in
919 4615 1224 4685 provinciis
1247 4617 1403 4687 jura,
1432 4618 1533 4672 sed
1557 4620 1826 4673 omnibus
1847 4621 2024 4676 etiam
2051 4639 2206 4677 com-
2225 4623 2284 4695 D
2309 4623 2537 4676 dationc
2565 4622 2928 4677 aliislucrum
2953 4621 3191 4676 accedat
3214 4637 3227 4685 ;
3247 4620 3347 4674 sed
3363 4623 3423 4673 ut
3444 4617 3944 4689 quemadmodum

572 4706 899 4775 petentibus
916 4708 968 4762 ei
982 4710 1239 4780 quolibet
1253 4711 1427 4767 modo
1443 4716 1500 4766 et
1517 4716 1780 4783 tempore
1807 4715 1945 4769 ratis
1966 4733 2117 4770 nunc
2148 4720 2207 4771 et

574 4798 629 4851 in
646 4815 819 4854 omne
839 4802 1122 4873 reliquum
1145 4807 1369 4875 tempus
1390 4807 1711 4862 servandis:
1736 4808 2021 4883 sancimus
2043 4814 2204 4864 tuam

572 4891 693 4946 haec
728 4910 1067 4950 conservare
1098 4898 1367 4968 gloriam,
1406 4903 1464 4953 et
1489 4900 1790 4955 manifesta
1811 4903 2078 4957 omnibus
2102 4920 2207 4976 per

573 4985 791 5041 litteras
804 4990 1063 5060 pr0prias
1084 4992 1449 5059 constituere,
1475 4998 1759 5064 quatenus
1772 5012 1874 5066 per
1900 4997 2095 5051 omnia
2117 5014 2206 5053 va-

572 5080 687 5134 leat
713 5081 821 5136 lex.
856 5084 985 5136 Haec
1013 5084 1168 5138 enim
1197 5088 1256 5139 et
1279 5086 1694 5157 gloriosissimo
1720 5090 1992 5160 praefecto
2026 5090 2206 5145 felicis

568 5174 739 5244 hujus
763 5176 935 5242 urbis,
970 5179 1028 5231 et
1053 5178 1411 5234 sanctissimo
1430 5181 1881 5254 archiepiscopo,
1906 5188 1963 5237 et
1986 5184 2207 5238 univer-

569 5268 672 5322 sali
701 5268 1040 5339 patriarchas
1062 5271 1445 5343 praecipimus,
1474 5280 1538 5329 ut
1562 5290 1629 5329 ex
1666 5275 1812 5331 civili
1854 5280 1908 5331 et
1951 5253 2207 5334 sacerdo-

569 5361 666 5415 tali
688 5362 894 5418 virtute
920 5364 1042 5419 haec
1062 5372 1340 5437 perpetue
1374 5366 1789 5424 custodiantur.
1816 5369 2013 5425 Sciant
2050 5372 2205 5426 enim

566 5458 625 5508 et
658 5455 765 5526 ipsi
818 5455 1096 5514 domuum
1133 5459 1375 5529 domini,
1428 5462 1565 5534 quia
1612 5463 1655 5517 si
1699 5480 1817 5519 non
1860 5465 1980 5520 haec
2025 5469 2207 5521 custo-

567 5545 797 5618 dierint,
829 5549 937 5622 ipsi
975 5553 1213 5624 quidem
1248 5555 1352 5609 sub
1384 5556 1663 5627 imperiali
1705 5557 1848 5612 flent
1879 5562 2060 5629 motu,
2108 5559 2206 5614 do-

563 5656 692 5696 mus
714 5646 908 5699 autem
938 5646 997 5700 in
1022 5648 1228 5718 quibus
1250 5649 1469 5721 aliquid
1499 5650 1610 5705 tale
1633 5650 1842 5722 agitur,
1876 5655 1934 5707 et
1961 5653 2205 5725 publica:

563 5732 720 5802 ﬂent,
744 5738 802 5789 et
820 5737 925 5791 sub
954 5742 1406 5798 sacratissimum
1439 5747 1699 5799 nostrum
1725 5746 1994 5801 aerarium
2030 5746 2207 5801 dedu-

565 5827 783 5879 centur.
807 5819 866 5881 Si
888 5833 1084 5885 autem
1113 5836 1172 5886 et
1203 5834 1424 5905 aliques
1448 5836 1732 5907 contingit
1754 5839 1866 5892 tale
1896 5838 2112 5909 aliquid
2144 5838 2204 5895 in

568 5913 682 5966 suis
721 5915 933 5974 habere
980 5922 1251 5981 domibus
1298 5927 1492 5999 sciant
1528 5930 1682 6000 quod
1726 5930 1835 5987 nisi
1879 5932 2030 5988 intra
2085 5937 2204 5989 tres

2308 4732 2549 4787 quaeque
2572 4716 2697 4787 jam
2714 4715 2850 4769 inde
2874 4715 2947 4769 ab
2973 4715 3135 4768 initio
3159 4717 3397 4784 erogata
3414 4716 3568 4779 sunt,
3593 4712 3674 4765 ita
3700 4715 3755 4765 et
3774 4727 3946 4782 porro

2304 4810 2519 4879 absque
2545 4810 2659 4863 ulla
2680 4808 2956 4880 temporis
2970 4806 3352 4880 praelinitione
3376 4808 3738 4877 praestentur,
3760 4821 3951 4875 neque

2306 4919 2531 4957 sacrum
2563 4920 2634 4957 ea
2671 4918 2733 4956 re
2765 4902 3148 4957 ministerium
3187 4903 3589 4971 corrumpatur
3625 4902 3684 4953 et
3720 4898 3947 4952 interci-

2308 4996 2423 5063 dat,
2457 4997 2679 5051 nullam
2716 4996 3004 5050 licentiam
3035 4995 3318 5050 habituris
3344 4994 3431 5047 his
3458 4992 3555 5064 qui
3587 4992 3661 5047 ab
3702 4991 3951 5047 ecclesiis

2308 5089 2671 5158 destiterunt,
2703 5092 3013 5161 postquam
3041 5090 3131 5143 vel
3163 5087 3571 5144 asanctissimo
3605 5085 3949 5157 patriarcha,

2306 5184 2393 5237 vel
2428 5182 2875 5253 provincialibus
2920 5182 3202 5255 episcopis
3233 5181 3292 5237 in
3332 5181 3563 5235 illorum
3615 5181 3809 5234 locum
3859 5179 3949 5233 alii

2306 5276 2595 5349 subrogati
2636 5280 2787 5347 sunt,
2821 5281 2885 5332 ut
2924 5279 3025 5332 aut
3052 5276 3191 5348 ipsis
3218 5276 3560 5345 subrogatos
3586 5272 3725 5327 inde
3753 5272 3946 5327 detru-

2307 5371 2465 5438 dant,
2495 5369 2541 5424 si
2568 5370 2799 5442 regredi
2820 5371 3017 5438 velint,
3034 5376 3134 5425 aut
3161 5386 3259 5426 eos
3280 5368 3376 5440 qui
3395 5367 3451 5421 id
3479 5365 3837 5437 erogationis
3862 5382 3950 5436 ge-

2307 5481 2414 5519 nus
2429 5463 2735 5535 sustinent,
2768 5464 3203 5537 conduplicatas
3231 5464 3529 5534 impensas
3553 5459 3942 5531 suppeditare,

2306 5561 2365 5613 et
2384 5562 2504 5613 tam
2524 5557 2870 5630 subrogatis,
2889 5574 3067 5630 quam
3085 5558 3221 5629 ipsis
3241 5557 3340 5629 qui
3355 5554 3546 5609 redire
3576 5554 3797 5621 volunt,
3817 5569 3945 5625 pra:-

2304 5653 2443 5708 bere
2477 5652 2843 5724 compellant.
2863 5652 2976 5709 Sed
2998 5652 3083 5724 (ut
3112 5649 3533 5722 simplicissime
3563 5646 3845 5717 dicamus,
3872 5645 3941 5700 illi

2306 5745 2563 5818 quidem,
2599 5745 2647 5801 si
2680 5745 2940 5813 redeant,
2986 5761 3103 5801 non
3145 5744 3533 5817 recipiantur;
3578 5741 3670 5796 his
3696 5761 3829 5800 vero
3853 5739 3937 5813 qui

2305 5843 2435 5910 post
2475 5840 2735 5910 priorum
2776 5840 3095 5894 discessum
3130 5838 3353 5894 suffecti
3388 5844 3542 5910 sunt,
3579 5840 3935 5911 prmbeantur

2304 5933 2660 6006 provisiones
2686 5933 3042 6007 annonaries,
3078 5934 3234 5992 nullo
3265 5934 3423 5992 lucro
3470 5933 3682 5992 exinde
3722 5931 3809 5989 his
3849 5926 3926 6003 qui
