4032 6232
108 308 213 366 993

994 300 1363 363 JUSTINIANI
1401 302 1731 363 NOVELLE
1768 304 2103 364 SELECT/E.
2145 306 2453 365 NOVELLA
2489 306 2618 366 LIX.

3389 308 3491 368 994

108 414 493 489 suppeditare
515 416 703 471 solent
721 415 1049 471 accedente.
1069 416 1141 470 Ut
1158 414 1256 486 qui
1273 414 1407 470 talia
1425 414 1757 470 lucrifacere
1781 427 1840 501 Α
1860 416 2017 471 litate
2039 433 2143 472 sua
2164 434 2267 489 per
2285 416 2429 473 duas
2448 418 2837 489 pragmaticas
2860 418 3077 475 formas
3097 424 3319 491 certum
3342 420 3491 477 redi-

111 509 555 577 attentaverint,
589 510 747 566 omni
788 509 963 564 modo
1004 508 1328 578 subrogatis
1362 508 1433 562 ab
1472 507 1609 579 ipsis
1638 513 1759 563 tam

107 603 537 676 promissiones
581 603 932 658 annonarias
977 618 1153 673 quam
1187 602 1329 656 alias
1370 600 1756 672 erogationes,

111 703 235 752 tam
264 697 373 768 ipsi
402 713 578 767 quam
606 696 868 750 hieredes
899 713 966 750 ac
995 712 1350 750 successores
1379 711 1581 750 eorum
1610 712 1756 765 pra:-

112 791 319 845 beant:
343 790 590 845 scientes
610 790 766 862 quod
783 789 827 843 si
851 790 1026 844 etiam
1047 793 1248 860 postea
1266 788 1758 853 defraudaverint,

113 887 273 938 certa
306 900 375 937 ex
406 884 635 939 illorum
664 882 1011 954 patrimonio
1043 882 1325 952 possessio
1355 882 1530 936 sacris
1553 881 1761 936 nostris

113 978 293 1031 rebus
334 976 570 1047 privatis
601 976 1002 1047 segregabitur
1037 980 1097 1029 ut
1127 975 1238 1028 illis
1269 975 1476 1029 exinde
1504 976 1604 1029 ﬁat
1632 991 1757 1029 ero-

115 1071 294 1141 gatio.
329 1071 471 1124 Illud
500 1086 728 1141 quoque
752 1069 825 1123 ad
858 1069 1139 1123 honorem
1170 1072 1430 1122 nostrum
1458 1072 1516 1121 et
1544 1070 1760 1122 cultum

115 1164 273 1219 sedis
292 1170 401 1218 tum
427 1163 812 1229 decernimus,
833 1166 893 1217 ut
915 1162 960 1216 si
979 1162 1106 1233 quis
1127 1160 1417 1215 mdiﬁcans
1437 1161 1759 1238 ecclesiam,

117 1262 220 1311 aut
247 1258 425 1311 etiam
452 1258 621 1311 aliter
641 1256 974 1328 expendens
1002 1256 1057 1309 in
1088 1272 1155 1309 ea
1183 1254 1645 1308 ministrantibus
1665 1255 1762 1309 ali-

115 1358 320 1406 menta
352 1351 599 1405 voluerit
639 1351 861 1422 aliquos
906 1349 1145 1404 clericos
1183 1352 1454 1415 statuere,
1488 1365 1605 1403 non
1639 1365 1760 1402 esse

116 1445 171 1499 ei
202 1444 481 1499 ﬁduciam
515 1446 710 1510 ullam,
745 1460 890 1514 quos
914 1444 1033 1499 vult
1062 1459 1166 1514 per
1202 1445 1547 1513 potestatem
1580 1441 1758 1495 dedu-

119 1556 253 1593 cere
276 1545 391 1593 tua:
420 1538 756 1593 reverentiae
784 1537 857 1591 ad
882 1536 1235 1591 ordinandos
1261 1552 1388 1601 eos;
1422 1534 1523 1589 sed
1545 1534 1759 1588 exami-

121 1633 249 1686 nari
272 1649 307 1686 a
334 1636 432 1686 tua
464 1631 787 1697 sanctitate,
816 1630 1219 1701 sententiaque
1246 1632 1360 1697 tua,
1385 1628 1556 1700 etqui
1578 1627 1766 1700 ponti-

118 1727 351 1781 ﬁcalem
372 1726 569 1780 sedem
593 1725 870 1793 rexerint,
901 1740 1132 1795 semper
1150 1724 1257 1778 hos
1288 1723 1573 1794 suscipere
1606 1722 1759 1777 ordi-

1860 512 1984 564 tum
2009 511 2382 578 constituerit,
2409 518 2470 566 ut
2495 529 2699 567 aurum
2719 530 2787 568 ex
2810 528 2879 568 eo
2901 514 3084 569 reditu
3113 515 3409 570 redactum
3430 515 3487 570 in

1860 619 1989 657 eam
2002 621 2290 659 srunmam
2316 606 2592 675 proﬁciat,
2614 623 2741 677 qua:
2756 624 2789 660 a
2808 607 2899 660 Dei
2920 608 3331 662 amantissimis
3350 626 3491 664 oeco-

1859 696 2044 750 nomis
2066 697 2234 751 datur
2258 699 2346 751 his
2372 699 2466 768 qui
2499 699 2648 753 circa
2670 700 2777 753 hoc
2808 699 3102 759 laborant:
3131 702 3295 755 multi
3318 702 3486 756 undi-

1862 806 1974 859 que
1994 807 2095 843 nos
2108 790 2393 859 adierunt,
2410 792 2665 846 dicentes
2690 809 2808 847 rem
2825 810 2940 848 non
2958 795 3271 864 procedere
3292 812 3487 867 sequa-

1859 882 2069 948 bilitcr,
2099 900 2284 953 neque
2316 884 2717 939 defunctorum
2746 886 3136 942 funcrationes
3161 888 3375 960 absque
3395 906 3492 961 pa-

1861 980 1952 1029 cta
1970 976 2236 1030 mercede
2254 978 2545 1043 celebrari,
2578 978 2714 1049 quin
2745 980 2933 1049 potius
2959 982 3312 1036 amarulente
3339 1000 3481 1037 mer-

1862 1070 2024 1123 cedes
2048 1069 2217 1139 exigi,
2233 1071 2415 1124 multa
2429 1071 2598 1124 etiam
2620 1073 2968 1127 extrinsecus
2989 1074 3229 1129 inveniri
3254 1077 3493 1131 nomina

1862 1166 1919 1216 et
1936 1163 2196 1232 collegia,
2221 1181 2347 1234 quia
2368 1165 2453 1218 vel
2478 1164 2534 1217 in
2558 1165 2746 1219 medio
2765 1166 2917 1219 luctu
2938 1168 3010 1220 ab
3034 1167 3221 1222 invitis
3238 1169 3488 1239 exigant,

1864 1260 1922 1309 et
1941 1273 2038 1309 eos
2060 1257 2157 1327 qui
2185 1258 2317 1311 dare
2348 1275 2461 1312 non
2496 1258 2733 1329 possint,
2763 1265 2823 1313 ut
2850 1260 3008 1327 dent,
3039 1262 3091 1313 vi
3120 1242 3487 1333 compellant.

1864 1350 1990 1404 Hinc
2020 1367 2126 1405 nos
2155 1351 2514 1406 convenienti
2540 1352 2888 1407 correctione
2911 1352 3128 1423 dignari
3150 1355 3368 1425 justum
3393 1374 3491 1427 pu-

1861 1443 2126 1498 tavimus.
2173 1443 2305 1499 lnde
2350 1444 2494 1499 adeo
2538 1445 2788 1516 primum
2834 1446 3089 1500 omnium
3121 1454 3491 1504 sacrosanctae

1861 1537 2064 1607 majori
2094 1538 2345 1592 ecclesiae
2366 1539 2623 1593 ofﬁcinas
2647 1556 2923 1611 magnam
2946 1540 3234 1610 jacturam
3257 1543 3494 1598 etdimi-

1862 1630 2163 1685 nutionem
2182 1648 2482 1702 perpessas
2499 1632 2573 1686 ad
2594 1632 2890 1703 integrum
2920 1650 3229 1689 numerum
3253 1653 3488 1708 repara-

1863 1723 2071 1791 vimus,
2103 1726 2421 1796 conscripta
2448 1725 2518 1780 de
2547 1726 2656 1780 hoc
2688 1743 2847 1781 sacra
2872 1728 3056 1782 forma
3092 1728 3164 1782 ad
3193 1730 3492 1800 praefectu-

118 1820 447 1887 nationem,
489 1818 775 1891 siquidem
829 1822 941 1872 tua:
990 1816 1358 1884 beatitudini,
1415 1819 1473 1870 et
1522 1800 1988 1887 posterisBram
2042 1818 2401 1886 urbicariam,
2461 1823 2521 1873 ut
2567 1820 2835 1875 omnibus
2877 1821 3062 1876 modis
3101 1838 3165 1876 ea
3213 1840 3324 1877 una
3365 1840 3494 1878 cum

123 1912 441 1985 opportuni
458 1913 806 1967 videbuntur
827 1912 1085 1977 existere,
1114 1916 1171 1965 et
1197 1910 1299 1965 Dei
1323 1908 1644 1964 ministerio
1675 1910 1761 1964 di-

123 2008 249 2079 gni,
297 2010 361 2063 ut
400 2023 515 2061 non
544 2007 924 2077 profanentur
972 2009 1165 2059 sancta
1195 2003 1292 2058 Dei
1336 2004 1463 2073 (hoc
1500 2002 1766 2057 videlicet

125 2101 285 2173 quod
310 2100 486 2156 sacris
513 2100 767 2155 sancitur
799 2099 1078 2171 eloquiis),
1102 2097 1204 2153 sed
1230 2097 1445 2152 intacta
1475 2100 1533 2150 et
1556 2095 1761 2150 ineffa-

124 2194 265 2250 bilia
296 2194 711 2266 tremendaque
742 2194 1069 2259 constituta,
1100 2195 1293 2246 sancte
1321 2194 1380 2245 et
1407 2193 1522 2246 Deo
1552 2189 1766 2244 amabi-

122 2289 258 2343 liter
289 2293 350 2343 et
380 2288 709 2343 venerande
742 2290 1080 2342 tractentur.
1110 2285 1248 2350 Qua:
1274 2284 1450 2356 igitur
1464 2282 1630 2338 nobis
1649 2284 1765 2354 pla-

126 2387 391 2448 cuerunt,
427 2385 484 2436 et
511 2397 613 2452 per
643 2381 794 2435 hanc
830 2396 1051 2434 sacram
1100 2378 1505 2451 exprimuntur
1550 2378 1762 2449 legem,

127 2491 197 2530 ea
227 2478 291 2529 ut
320 2475 381 2529 in
411 2479 757 2547 perpetuum
783 2473 1081 2527 beatitudo
1112 2477 1208 2527 tua
1249 2472 1544 2540 custodiat,
1578 2470 1764 2525 sanci-

128 2585 297 2623 mus:
327 2573 484 2623 certo
516 2568 762 2622 scientes
805 2566 960 2638 quod
1002 2582 1119 2620 non
1169 2566 1360 2620 minus
1390 2565 1555 2620 nobis
1585 2580 1766 2617 sacro—

128 2668 463 2717 sanctarum
503 2660 871 2715 ecclesiarum
910 2659 1219 2714 commoda
1248 2675 1401 2712 cura:
1426 2657 1559 2726 sint,
1591 2673 1765 2727 quam

129 2755 256 2827 ipsa
302 2755 438 2809 vita.
473 2756 600 2809 Dat.
633 2771 704 2808 xv
736 2754 805 2807 K.
850 2755 1084 2807 Novem.
1121 2755 1417 2808 Constant.
1447 2751 1586 2822 imp.
1614 2751 1672 2805 d.
1706 2767 1763 2803 n.

127 2849 331 2905 Justin.
357 2853 526 2920 Aug.,
560 2850 689 2920 post
719 2846 867 2901 Bilis.
904 2863 958 2901 v.
989 2862 1039 2902 c.
1067 2862 1226 2901 cons.
1261 2861 1397 2899 ann.
1427 2848 1478 2900 3.

709 3007 1025 3063 NOVELLA
1051 3008 1176 3062 LlX.

214 3127 289 3181 De
318 3123 612 3192 exsequiis,
643 3136 780 3191 quas
803 3122 923 3189 ﬁeri
950 3123 1194 3189 oporteat
1218 3122 1277 3173 in
1304 3118 1682 3187 defuncth

724 3193 1178 3259 funerationibus.

198 3322 528 3392 Imperator
552 3318 910 3374 Justinianus
935 3319 1226 3387 Augustus
1253 3316 1457 3371 Joanni
1483 3318 1769 3372 factorum

128 3432 233 3487 per
258 3414 557 3468 Orientem
586 3411 994 3484 praetoriorum
1022 3410 1293 3481 praefecto
1316 3411 1530 3465 iterum
1563 3427 1767 3466 excon-

130 3507 249 3563 sule
283 3512 341 3561 et
370 3505 635 3577 patricio.

199 3602 257 3657 Si
278 3600 561 3671 quidquid
581 3615 826 3671 usquam
847 3602 933 3653 est
951 3598 1238 3653 bonorum
1252 3613 1513 3669 operum,
1529 3597 1588 3651 id
1609 3613 1774 3668 opor-

128 3700 209 3751 tet
239 3693 492 3765 (volente
523 3694 655 3763 Deo)
687 3709 792 3764 per
816 3709 922 3747 nos
947 3691 1173 3747 initium
1197 3707 1403 3763 capere
1429 3708 1442 3745 :
1472 3691 1775 3746 conveniet

130 3790 273 3844 item
301 3792 368 3842 ut
394 3804 465 3842 ea
491 3787 648 3841 bona
674 3802 802 3857 quae
824 3803 930 3857 per
952 3786 1092 3841 alios
1120 3788 1437 3856 coeperunt,
1469 3785 1515 3839 si
1544 3785 1632 3838 his
1661 3784 1769 3839 im-

131 3884 360 3938 mineat
377 3881 636 3949 exitium,
661 3896 765 3951 per
780 3896 885 3935 nos
905 3880 1091 3935 denuo
1110 3881 1507 3934 restaurentur
1530 3882 1589 3932 et
1608 3878 1667 3932 in
1685 3894 1774 3933 ve-

130 3980 321 4032 terem
342 3974 697 4029 reducantur
716 3974 1003 4042 ordinem,
1031 3978 1094 4028 ut
1112 3989 1342 4044 semper
1363 3972 1529 4027 nobis
1550 3972 1637 4026 vel
1656 3972 1774 4043 ipsa

128 4071 211 4125 rei
255 4068 644 4134 confectione,
678 4068 768 4121 vel
800 4067 1215 4121 restauratione
1248 4065 1318 4121 ad
1346 4066 1653 4138 praeclaras
1680 4081 1771 4119 ac-

128 4165 322 4220 tiones
343 4160 735 4223 contendendi
750 4161 1048 4215 facultates
1062 4160 1267 4215 adsint.
1288 4160 1387 4230 Cuj
1398 4159 1620 4214 usmodi
1638 4175 1773 4213 sane

127 4258 415 4330 quiddam
442 4271 573 4309 eum
590 4260 647 4309 et
664 4256 720 4309 in
744 4255 1149 4310 defunctorum
1176 4253 1634 4308 funerationibus
1651 4270 1774 4325 per-

126 4369 336 4425 peram
361 4349 822 4414 administretur,
853 4348 1142 4420 corrigere
1166 4348 1223 4402 id
1256 4347 1437 4402 visum
1462 4350 1567 4415 est,
1590 4351 1646 4401 et
1670 4348 1770 4402 ho-

128 4446 392 4502 minibus
421 4444 625 4498 exinde
653 4443 870 4513 largiri,
900 4460 972 4496 ne
1010 4442 1302 4512 geminam
1333 4442 1773 4497 incommodita-

1790 3171 1845 3245 C

1866 1910 2291 1966 obsecundante
2328 1912 2406 1966 illi
2437 1913 2671 1968 cohorte
2709 1914 2867 1969 mille
2894 1918 2953 1969 et
2979 1919 3209 1969 centum
3243 1917 3494 1971 ofﬁcinas

1864 2003 1961 2059 Dei
1978 2006 2385 2060 amantissimis
2397 2006 2791 2062 defensoribus
2812 2011 2868 2062 et
2886 2010 3192 2063 (economis
3211 2011 3494 2081 prmdictaa

1864 2103 2240 2153 sacrosanctae
2282 2101 2532 2157 ecclesia:
2567 2101 2833 2156 tradant:
2867 2102 3212 2173 octingentis
3259 2104 3495 2175 quidem

1866 2192 2112 2247 ofﬁcinis
2134 2209 2264 2247 cum
2287 2194 2615 2266 corporibus
2635 2196 2958 2266 prmbendis
2978 2196 3076 2251 Dei
3093 2198 3499 2253 amantissimis

1866 2286 2281 2356 defensoribus,
2316 2288 2580 2342 trecentis
2604 2306 2737 2344 vero
2760 2289 3127 2361 pientissimis
3155 2308 3293 2361 erga
3315 2294 3494 2347 Deum

1865 2380 2224 2435 ceconomis:
2266 2386 2326 2435 ut
2355 2382 2458 2436 Dei
2500 2383 2730 2453 quidem
2780 2383 3162 2438 amantissimi
3212 2386 3496 2440 azconomi

1864 2476 2147 2528 trecentas
2199 2474 2323 2529 illas
2377 2476 2631 2530 oflicinas
2682 2480 2738 2529 et
2781 2476 3033 2531 reditum
3076 2478 3147 2531 ab
3200 2479 3498 2533 Anastasio

1866 2566 2243 2622 sacratissimo
2282 2568 2538 2640 principe
2581 2569 2859 2624 donatum
2891 2570 2949 2624 in
2991 2571 3177 2625 fructu
3224 2572 3494 2641 habeant,

1868 2659 2114 2714 nihilam
2124 2661 2268 2731 plius
2280 2662 2349 2716 ob
2365 2662 2714 2717 diminutum
2729 2668 3147 2735 conquerentes
3162 2682 3496 2736 numerum,

1868 2752 1969 2806 sed
1992 2752 2049 2807 in
2070 2756 2536 2825 supplementum
2560 2756 2835 2811 habentes
2853 2774 2979 2828 quas
3001 2759 3258 2829 praebent
3273 2764 3497 2814 trecen-

1865 2850 1940 2901 tae
1963 2847 2228 2916 ofﬁcinae,
2246 2851 2367 2902 tam
2386 2849 2616 2905 decanis
2632 2867 2805 2922 quam
2831 2852 3060 2923 reliquis
3080 2852 3315 2906 cartibns
3343 2870 3500 2907 men-

1869 2944 2154 2995 struarum
2199 2943 2633 3012 prcestationum
2678 2945 3062 3016 erogationem
3110 2946 3324 3001 faciant
3354 2964 3366 3001 :
3400 2946 3497 3001 Dei

1868 3046 2003 3086 vero
2049 3031 2431 3086 amantissimi
2460 3033 2792 3089 defensores
2827 3033 2901 3088 ad
2937 3051 3174 3089 manum
3220 3035 3500 3089 habentes

1872 3125 2231 3196 octingentas
2282 3126 2557 3193 ofﬁcinas,
2614 3130 2733 3180 tam
2776 3128 3093 3183 lecticarios
3153 3132 3232 3196 (ut
3278 3128 3501 3201 vocant)

1871 3218 2191 3283 exhibeant,
2224 3235 2397 3290 quam
2425 3220 2713 3290 reliquum
2763 3221 3169 3290 ministerium,
3216 3223 3369 3293 quod
3400 3223 3500 3276 de-

1869 3312 2199 3367 functorum
2213 3313 2493 3384 exsequiaa
2513 3312 2832 3384 requirunt,
2853 3316 3158 3383 sufﬁciant,
3179 3333 3293 3387 quo
3316 3316 3504 3388 magis

1870 3422 1940 3461 ea
1969 3423 2029 3461 re
2059 3406 2358 3461 defunctos
2380 3423 2414 3461 a
2444 3408 2660 3461 damno
2701 3423 3024 3463 asseramus
3053 3413 3110 3463 et
3136 3410 3365 3480 injuria.
3397 3413 3504 3465 Eas

1871 3499 2049 3571 igitur
2073 3500 2375 3571 praedictas
2393 3501 2549 3554 mille
2577 3505 2631 3555 et
2652 3504 2885 3555 centum
2909 3503 3165 3557 ofﬁcinas
3182 3505 3283 3558 Dei
3303 3521 3501 3559 aman-

1871 3593 2103 3647 tissimis
2132 3594 2445 3648 (economis
2475 3598 2533 3648 et
2563 3594 2960 3649 defensoribus
2984 3596 3196 3668 absque
3228 3598 3340 3651 ulla
3366 3604 3506 3653 tem-

1872 3687 2029 3758 poris
2048 3688 2427 3759 praeﬁnitione
2454 3704 2586 3742 cum
2618 3688 2980 3744 immunitate
3011 3694 3071 3743 et
3097 3692 3237 3745 citra
3263 3692 3507 3747 diminu-

1872 3780 2091 3835 tionem
2112 3781 2405 3851 custodiri,
2421 3782 2538 3835 etsi
2560 3798 2902 3853 quocunque
2924 3784 3098 3838 modo
3119 3786 3311 3857 aliqua
3335 3787 3507 3841 inter-

1873 3873 2043 3942 cidat,
2066 3875 2333 3929 lumenve
2363 3878 2566 3943 mutet,
2590 3878 2688 3929 aut
2714 3876 3150 3945 commercium,
3168 3896 3201 3932 a
3224 3880 3506 3951 gloriosis-

1875 3967 2023 4021 simo
2044 3967 2216 4038 hujus
2249 3969 2418 4023 alma;
2445 3968 2600 4023 urbis
2626 3969 2896 4041 praefecto
2924 3972 3175 4041 suppleri
3201 3988 3504 4045 recupera-

1874 4060 2037 4132 rique
2068 4067 2315 4132 oportet,
2343 4067 2408 4118 ut
2428 4064 2529 4118 Dei
2560 4063 2795 4135 quidem
2822 4064 3197 4119 amantissimi
3224 4068 3505 4123 ceconomi

1875 4155 2208 4225 fundorum,
2233 4156 2329 4227 qui
2357 4158 2663 4229 sepulturis
2681 4157 2938 4212 attributi
2964 4162 3116 4225 sunt,
3144 4158 3509 4217 administra-

1874 4249 2090 4303 tionem
2140 4249 2433 4317 habentes,
2483 4252 2756 4307 habentes
2798 4251 2937 4305 item
2978 4256 3035 4305 et
3077 4269 3110 4307 a
3141 4253 3506 4324 vectigalium

1874 4342 2242 4413 prmstationc
2264 4341 2556 4399 immunes
2573 4350 2856 4401 trecentas
2877 4344 3153 4411 ofﬁcinas,
3178 4346 3509 4403 defensores

1875 4452 2011 4491 vero
2038 4437 2396 4507 octingentas
2425 4437 2655 4507 alteras,
2676 4439 2900 4510 utrique
2926 4439 3321 4505 defunctorum
3348 4458 3505 4496 exse-

128 4545 245 4595 tem
267 4538 612 4602 sustineant,
635 4540 753 4590 tam
772 4552 904 4590 suos
920 4536 1248 4589 amittentes
1268 4552 1438 4606 quam
1459 4536 1634 4589 etiam
1655 4536 1773 4589 illo-
1794 4545 1853 4617 D
1877 4529 2039 4601 quias
2059 4529 2165 4584 rite
2184 4529 2527 4601 gubernent.
2544 4532 2893 4588 Omnimodo
2915 4550 3048 4588 sane
3060 4533 3213 4605 quod
3229 4551 3294 4587 ex
3314 4552 3507 4590 annuo

130 4650 265 4689 rum
310 4631 547 4685 nomine
580 4630 894 4684 subeuntes
925 4629 1245 4701 dispendia.
1279 4629 1393 4683 Sed
1432 4630 1589 4700 quod
1619 4630 1779 4684 divus

130 4727 408 4799 princeps
444 4724 849 4780 Constantinus
873 4729 1024 4778 recte
1053 4723 1437 4793 excogitatum
1479 4723 1775 4795 disposuit,

134 4825 191 4875 et
212 4818 591 4892 postmodum
611 4818 937 4873 Anastasius
958 4817 1343 4889 pientissimus
1364 4816 1632 4887 princeps
1649 4833 1781 4872 con-

131 4912 416 4979 ﬁrmavit,
454 4911 677 4983 adjecto
718 4912 955 4982 insuper
988 4914 1045 4965 et
1080 4910 1290 4976 reditu,
1324 4909 1380 4963 id
1414 4926 1519 4964 nos
1548 4910 1777 4964 ruinam

133 5007 423 5062 minitans
454 5010 773 5060 restaurare
798 5005 986 5073 simul,
1021 5008 1079 5059 et
1121 5003 1375 5075 undique
1405 5002 1479 5058 ad
1504 5004 1776 5067 stabilita-

135 5105 260 5156 tem
292 5100 593 5155 redactum
621 5099 1090 5154 convenientibus
1106 5098 1423 5170 astringere
1437 5095 1781 5167 juramentis

132 5209 547 5268 properamus,
598 5193 911 5247 efﬁcientes
951 5209 1019 5248 ea
1061 5209 1122 5247 re
1165 5199 1227 5246 ut
1270 5192 1591 5247 immortale
1648 5207 1775 5263 per-

133 5291 405 5344 maneat.

213 5383 361 5437 Nam
376 5398 506 5436 eum
528 5376 918 5453 pientissimus
938 5378 1199 5451 princeps
1215 5379 1626 5435 Constantinus
1642 5395 1782 5434 non-

137 5478 348 5549 gentas
374 5475 794 5546 quinquaginta
842 5472 1100 5530 ofﬁcinas
1136 5489 1202 5527 ex
1248 5472 1484 5528 diversis
1524 5472 1783 5543 collegiis

135 5569 317 5640 hujus
348 5569 515 5624 almze
547 5568 701 5623 urbis
731 5571 1107 5623 sacrosanctae
1139 5566 1341 5638 majori
1371 5566 1622 5622 ecclesiae
1649 5582 1781 5620 cum

135 5662 512 5719 immunitate
541 5661 785 5729 dederit,
815 5659 1139 5715 Anastasius
1169 5675 1398 5731 quoque
1439 5660 1577 5713 item
1615 5658 1779 5729 pien-

135 5756 399 5813 tissimus
433 5755 703 5828 princeps
737 5772 855 5810 non
894 5753 1077 5807 solum
1121 5753 1362 5808 ofﬁcinis
1404 5753 1517 5807 illis
1550 5754 1785 5807 centum

141 5850 572 5941 quinquaginta
599 5849 741 5908 alias
759 5840 1109 5924 apposuerit,
1131 5848 1234 5904 sed
1262 5845 1437 5904 etiam
1465 5862 1569 5921 pro
1584 5843 1788 5901 libera-

1878 4624 2188 4678 fundorum
2216 4623 2403 4677 reditu
2434 4626 2713 4694 provenit,
2741 4644 2773 4680 a
2802 4628 2900 4682 Dei
2928 4626 3332 4681 amantissimis
3355 4645 3506 4683 (Pco-

1877 4718 2066 4772 nomis
2086 4718 2143 4771 in
2165 4717 2585 4787 sepulturarum
2606 4735 2770 4773 usum
2788 4722 3512 4794 conferatur,quemadmo-

1879 4812 2017 4866 dum
2045 4810 2281 4865 inferius
2299 4810 2356 4865 in
2376 4827 2684 4883 progressu
2706 4813 3344 4888 dicemus,apponentes
3372 4834 3513 4872 non-

1878 4905 2022 4959 nihil
2050 4905 2119 4961 de
2146 4908 2529 4959 trecentarum
2576 4904 2943 4961 ofﬁcinarum
2985 4911 3194 4977 reditu,
3223 4917 3394 4982 prout
3438 4912 3509 4968 de

1880 5000 2032 5055 facto
2065 5000 2122 5053 hi
2151 5017 2183 5053 a
2214 5000 2377 5053 nobis
2424 5015 2626 5070 capere
2675 4998 2978 5070 petierunt.
3008 5008 3085 5057 Ac
3122 5006 3394 5077 quoniam
3444 5007 3513 5061 de

1880 5092 2036 5147 mille
2058 5097 2114 5147 et
2134 5098 2365 5149 centum
2386 5092 2649 5160 ofﬁcinis,
2673 5109 2799 5163 qua:
2822 5092 2879 5147 in
2900 5092 3053 5148 alma
3072 5097 3179 5153 hac
3200 5100 3340 5155 urbe
3361 5106 3511 5168 sunt,

1883 5187 2166 5259 pleneque
2212 5186 2647 5253 interciderunt,
2679 5187 3039 5259 praecipimus
3066 5190 3128 5243 in
3154 5209 3428 5262 prasens,
3454 5199 3517 5248 ut

1883 5280 1972 5334 has
2026 5282 2428 5352 suppleantur,
2477 5285 2533 5335 et
2576 5280 2675 5335 Dei
2729 5281 3142 5336 amantissimis
3207 5288 3517 5343 meonomis

1882 5373 2370 5445 pientissimisqne
2398 5391 2536 5445 erga
2565 5374 2741 5429 Deum
2764 5374 3152 5428 defensoribus
3184 5377 3316 5447 (quo
3343 5381 3516 5436 modo

1882 5484 1915 5522 ει
1954 5466 2118 5521 nobis
2158 5467 2375 5522 dictum
2425 5472 2525 5538 est)
2575 5468 2732 5523 mille
2778 5470 2835 5522 et
2870 5470 3099 5521 centum
3152 5468 3518 5530 ofﬁcinarum

1884 5577 2161 5616 numerus
2205 5559 2582 5617 indiminutus
2613 5568 2670 5618 et
2699 5558 3115 5634 simplicissime
3147 5561 3359 5618 divisus
3388 5582 3520 5622 con-

1884 5660 2170 5723 servetur,
2222 5671 2294 5709 ne
2360 5670 2477 5725 quo
2538 5662 2707 5725 pacto
2776 5652 3068 5727 pauciores
3133 5653 3333 5709 decani
3400 5659 3518 5714 sive

1885 5747 2177 5818 copiasne,
2206 5763 2376 5819 quam
2401 5746 2737 5818 octingenti,
2759 5749 2860 5805 Dei
2885 5747 3289 5802 amantissimis
3315 5747 3519 5804 defen-

1885 5839 2110 5903 soribus
2141 5840 2400 5899 attributi
2438 5838 2568 5897 sint.
2602 5841 2713 5901 Pro
2742 5840 3010 5900 trecentis
3035 5846 3226 5900 autem
3255 5839 3364 5899 illis
3390 5856 3522 5916 quae
