4032 6232
518 317 619 370 995

1650 310 1903 366 S/ECULI
1944 308 2135 366 SEXTI
2175 308 2732 367 SUPPLEMENTUM.

3791 311 3897 363 996

515 422 615 478 Dei
652 420 1052 477 amantissimis
1097 419 1229 475 viris
1260 419 1571 474 oeconomis
1614 418 2003 489 assignantur,
2032 417 2144 473 sive
2166 430 2226 502 Α
2247 417 2335 472 his
2364 418 2629 472 omnibus
2654 433 2849 472 curam
2873 416 3237 489 impertiente
3264 416 3597 472 beatissimo
3621 432 3730 488 pro
3748 420 3897 471 tem-

518 516 775 571 ofﬁcinas
803 516 861 570 in
892 515 1223 586 corporibus
1267 512 1556 583 percipere
1592 512 1789 579 velint,
1814 514 1902 566 vel
1949 530 2148 569 omnes

514 614 603 666 vel
633 612 907 683 quasdam
936 627 1000 665 ex
1040 608 1146 676 his,
1182 607 1297 661 sive
1340 607 1490 660 ferre
1531 623 1635 677 per
1682 623 1906 660 causam
1937 606 2020 677 (ut
2046 625 2145 663 vo-

517 706 663 778 cant)
692 710 1086 760 excusatarum
1117 700 1475 755 officinarum
1501 700 1592 754 vel
1610 700 1887 768 omnium,
1905 702 1993 755 vel
2015 719 2150 773 qua-

513 801 781 855 rumdam
802 797 1088 869 pecunias,
1112 794 1478 849 insumantur
1499 797 1555 847 et
1582 794 1671 847 ha:
1693 793 1840 848 circa
1859 794 2151 850 defuncto-

514 910 645 947 rum
672 892 984 961 exsequias,
1003 894 1067 943 ut
1088 906 1152 943 ex
1175 888 1262 942 his
1284 887 1540 959 pecuniis
1568 887 1738 940 simul
1763 890 1820 941 et
1839 888 2147 944 fundorum

514 985 879 1058 proventibus
927 982 1246 1037 distributio
1284 983 1387 1036 ﬁat
1429 981 1487 1035 in
1545 982 1812 1049 decanos,
1856 983 2143 1050 ascetrias,

514 1078 839 1144 canonicas,
892 1076 1207 1143 acoluthos,
1260 1079 1318 1128 et
1365 1075 1525 1142 alios,
1580 1078 1750 1145 prout
1798 1075 2033 1131 inferius
2087 1077 2147 1131 in

512 1188 812 1244 progressu
855 1169 1273 1224 constituimus.
1304 1170 1448 1223 Nam
1477 1185 1607 1222 cum
1635 1168 1869 1239 digestis
1898 1169 1955 1222 in
1989 1169 2145 1223 ordi-

513 1283 648 1320 nem
678 1264 990 1319 rationibus
1020 1263 1121 1317 Dei
1149 1262 1523 1317 amantissimi
1567 1264 1851 1317 ceconomi
1881 1264 2142 1318 ostende-

511 1360 628 1415 rint
654 1358 999 1430 impossibile
1047 1374 1168 1411 esse
1214 1360 1279 1410 ut
1312 1373 1378 1409 ex
1427 1355 1621 1410 fundis
1648 1356 1719 1410 de
1750 1359 1956 1411 castero
1992 1356 2144 1411 idem

509 1452 728 1507 reditus
757 1451 1074 1523 colligatur,
1102 1450 1306 1505 merito
1330 1454 1719 1505 trecentarum
1748 1468 1849 1504 nos
1881 1450 2141 1505 officina-

509 1563 638 1601 rum
671 1546 1127 1601 additamentum
1157 1545 1291 1599 huic
1323 1544 1467 1615 parti
1498 1544 1883 1611 attribuimus,
1907 1548 1969 1597 ut
1991 1545 2145 1615 quod

510 1641 781 1695 hactenus
824 1639 971 1693 circa
1015 1639 1352 1693 cadaverum
1395 1638 1703 1692 elationem
1748 1638 2144 1692 laborantibus

511 1733 783 1799 dabatur,
836 1732 977 1787 citra
1033 1731 1536 1802 reprehensionem
1596 1731 1865 1802 deinceps
1913 1747 2142 1803 quoque

2250 527 2389 582 pore
2440 511 2867 583 archiepiscopo
2913 511 3085 581 hujus
3133 512 3298 565 almae
3349 511 3504 565 urbis
3545 515 3601 564 ct
3640 510 3896 564 universi

2252 605 2374 675 ejus
2402 608 2613 660 tractus
2642 605 2997 675 patriarchae,
3041 605 3145 658 sub
3180 605 3341 676 cujus
3368 605 3544 659 tutela
3579 607 3637 657 et
3668 603 3895 657 ditione

2251 703 2552 754 censentur
2575 703 2632 754 et
2662 698 2761 753 Dei
2783 699 3160 754 amantissimi
3192 698 3473 753 oeconomi
3500 701 3556 752 et
3587 699 3896 752 universus

2250 793 2454 860 clerus,
2496 796 2551 847 et
2584 795 2737 847 totus
2768 796 3141 847 sacrosanctae
3182 793 3432 847 ecclesias
3467 792 3632 847 ordo.
3690 792 3789 845 His
3812 792 3893 845 ita

2249 886 2657 954 evenientibus,
2691 902 2865 941 nemo
2887 885 3122 940 omnino
3152 885 3222 939 ab
3252 885 3428 940 invito
3447 902 3551 957 pro
3575 889 3776 940 curato
3798 884 3895 939 de-

2248 979 2461 1034 mortui
2481 994 2722 1050 corpore
2743 978 3057 1050 quidquam
3085 980 3327 1033 auferat.
3358 979 3469 1034 Sed
3490 983 3550 1032 ut
3574 984 3759 1033 totum
3780 978 3893 1032 dis-

2248 1088 2572 1142 cernamus,
2601 1072 2887 1127 sancimus
2907 1076 2970 1126 ut
2987 1071 3297 1143 unicuique
3318 1073 3553 1139 feretro,
3574 1072 3731 1142 quod
3751 1087 3888 1142 gra-

2248 1165 2318 1219 tis
2348 1166 2696 1233 conceditur,
2727 1183 2905 1221 unam
2933 1166 3164 1220 accedat
3190 1165 3560 1219 ascetriarum
3583 1169 3685 1219 aut
3713 1181 3887 1219 cano-

2248 1259 2504 1314 nicarum
2530 1259 2893 1328 asceterium,
2917 1276 3035 1313 non
3052 1258 3242 1313 minus
3268 1262 3396 1313 octo
3422 1258 3764 1313 mulieribus
3796 1261 3888 1312 fe-

2246 1357 2463 1407 retrum
2510 1352 2992 1423 prmeedentibus,
3047 1356 3104 1406 et
3158 1352 3550 1423 psallentibus,
3594 1356 3651 1407 et
3700 1352 3889 1407 tribus

2245 1446 2548 1514 acoluthis,
2585 1446 2682 1516 qui
2712 1461 2816 1501 nec
2846 1445 2953 1517 ipsi
2978 1444 3295 1517 quidquam
3338 1445 3634 1515 accipient.
3665 1445 3725 1500 Si
3756 1445 3887 1516 quis

2244 1556 2380 1594 vero
2403 1556 2470 1594 ex
2500 1539 2751 1594 defuncti
2780 1540 3039 1611 cognatis
3066 1544 3123 1594 et
3147 1539 3415 1593 afﬁnibus
3444 1539 3545 1610 qui
3574 1540 3885 1594 elationem

2244 1638 2557 1704 procurant
2587 1634 2720 1688 velit
2759 1650 2859 1687 sua
2892 1638 3122 1705 sponte,
3163 1633 3394 1687 nemine
3424 1638 3689 1703 cogente,
3724 1632 3884 1686 aliud

2243 1728 2481 1799 insuper
2509 1728 2850 1782 asceterium
2870 1728 2960 1782 vel
2990 1743 3192 1795 unum,
3216 1727 3304 1780 vel
3329 1727 3464 1793 duo,
3487 1728 3576 1779 vel
3601 1728 3768 1797 plura
3793 1743 3884 1780 as-

507 1826 851 1897 praebeatur,
867 1842 970 1898 per
996 1826 1250 1897 singulos
1265 1824 1479 1879 scilicet
1502 1840 1748 1893 menses,
1782 1827 1892 1878 tam
1912 1825 2141 1879 decanis
2160 1819 2218 1891 B
2243 1838 2491 1889 sumere,
2520 1824 2640 1876 esto
2668 1821 2811 1875 illud
2831 1820 3065 1893 quidem
3092 1822 3151 1875 in
3180 1822 3355 1893 ipsius
3379 1820 3627 1891 positum
3657 1820 3890 1874 muniﬁ-

508 1923 567 1973 et
595 1919 870 1974 acoluthis
888 1936 1060 1990 quam
1088 1918 1377 1998 canonicis
1406 1922 1463 1973 et
1490 1917 1760 1984 ascetriis,
1789 1922 1845 1972 et
1869 1918 2013 1985 aliis,
2041 1935 2144 1990 pro

506 2008 920 2068 consuetudine
962 2013 1236 2067 hactenus
1274 2011 1427 2082 apud
1474 2011 1628 2082 ipsos
1672 2012 1985 2066 obtinente.
2032 2013 2143 2068 Hoc

507 2112 593 2161 est
636 2105 868 2160 decanis
922 2105 1159 2177 quidem
1209 2122 1313 2175 per
1355 2104 1607 2176 singulos
1655 2122 1883 2159 menses
1932 2105 2143 2162 solidos

504 2216 670 2267 Lxxu,
710 2199 963 2255 ascetriis
992 2202 1049 2253 et
1078 2198 1373 2268 acoluthis,
1417 2198 1580 2253 solid.
1613 2214 1722 2265 xm,
1753 2202 1810 2252 et
1854 2200 2142 2254 canonicis

504 2292 668 2348 solid.
699 2309 881 2349 xxxvx.
922 2293 1027 2357 Qui
1056 2292 1289 2363 quidem
1322 2292 1391 2346 ab
1428 2292 1565 2363 ipsis
1596 2292 1696 2347 Dei
1736 2294 2143 2347 amantissimis

505 2387 850 2459 colligantur
893 2386 1224 2453 oeconomis,
1269 2387 1559 2441 solvantur
1588 2403 1720 2441 vero
1756 2404 1858 2457 per
1887 2386 2142 2457 singulos

503 2497 598 2534 sex
627 2498 875 2548 menses,
908 2481 1115 2552 quibus
1147 2486 1201 2534 et
1241 2484 1410 2534 antea
1456 2480 1673 2550 percipi
1701 2487 2135 2535 consueverunt.

504 2574 745 2645 Oportet
765 2578 961 2628 autem
989 2591 1117 2628 eam
1146 2574 1377 2644 quidem
1405 2591 1529 2627 auri
1554 2578 1800 2645 partem,
1827 2591 1955 2645 quae
1981 2591 2137 2629 asce-

500 2666 623 2720 triis
668 2668 960 2738 competit,
994 2684 1027 2721 a
1062 2668 1160 2720 Dei
1194 2666 1603 2721 amantissimis
1638 2668 1954 2722 meonomis
1989 2685 2135 2738 prae-

502 2758 654 2815 dicto
688 2760 935 2816 termino
966 2760 1087 2815 dari
1113 2760 1369 2831 Eugenio
1403 2760 1498 2813 Dei
1526 2761 1915 2815 amantissimo
1946 2761 2135 2816 diaco-

498 2870 596 2921 no,
630 2858 687 2907 et
724 2854 903 2925 ipsius
934 2855 1305 2924 Sampsorum
1337 2853 1619 2924 religiosae
1647 2855 1940 2909 memoria:
1972 2871 2138 2909 xeno-

496 2947 605 3015 nis,
633 2948 992 3019 aliorumque
1014 2964 1044 3000 a
1072 2947 1236 3001 nobis
1268 2948 1349 3001 illi
1380 2948 1918 3003 commendatorum
1956 2966 2133 3003 xeno-

497 3042 701 3111 docho,
728 3045 783 3095 et
811 3041 909 3113 qui
928 3057 1182 3111 unquam
1210 3041 1394 3113 ipsum
1426 3042 1524 3096 Dei
1546 3043 2009 3096 amantissimum
2033 3044 2133 3097 ho-

495 3152 625 3190 rum
655 3152 949 3189 xenonum
985 3135 1307 3189 xcnodochi
1348 3135 1594 3190 secuturi
1619 3140 1749 3189 sunt
1781 3153 1792 3189 :
1830 3142 2133 3207 propterea

496 3228 651 3299 quod
674 3228 929 3283 ascetrice
957 3246 1084 3299 quae
1106 3228 1164 3282 in
1194 3229 1344 3283 hunc
1374 3246 1541 3283 usum
1569 3230 1917 3284 adhibentur
1942 3234 1997 3284 et
2024 3231 2128 3285 mi-

494 3322 797 3377 nisterium
822 3326 1113 3394 praestant,
1145 3322 1248 3376 sub
1276 3320 1689 3393 praedictorum
1714 3325 2135 3381 venerabilium’

493 3432 783 3470 xenonum
812 3434 913 3488 pro
941 3421 1199 3487 tempore
1229 3417 1577 3471 xenodochis
1599 3424 1971 3488 censeantur;
1999 3421 2132 3476 alte-

490 3526 619 3565 ram
646 3527 779 3566 vero
806 3510 961 3564 illam
983 3528 1109 3582 quas
1137 3514 1252 3565 tam
1274 3511 1554 3566 acoluthis
1579 3528 1752 3583 quam
1780 3514 2130 3568 reverendis-

488 3602 645 3659 simis
673 3604 959 3659 canonicis
994 3606 1268 3675 competit
1296 3623 1308 3661 :
1342 3605 1721 3661 consimiliter
1763 3606 1833 3660 ab
1862 3606 1996 3677 ipsis
2029 3608 2128 3661 Dei

488 3698 901 3752 amantissimis
941 3698 1255 3753 (nconomis
1290 3699 1406 3753 dari
1455 3700 1541 3753 his
1580 3700 1678 3770 qui
1717 3704 1771 3753 et
1809 3701 1980 3754 modo
2017 3700 2127 3756 illis

485 3792 739 3863 praefecti
771 3795 922 3860 sunt,
954 3795 1011 3845 et
1041 3792 1140 3863 qui
1174 3810 1276 3864 pro
1321 3796 1574 3865 tempore
1618 3808 1872 3864 unquam
1915 3793 1974 3847 in
2017 3795 2127 3850 illis

485 3885 872 3957 principatum
912 3886 1189 3956 obtinent,
1220 3891 1286 3942 ut
1328 3904 1433 3958 per
1460 3887 1612 3958 ipsos
1650 3892 1782 3943 ante.
1811 3888 2125 3961 designatis

485 3982 545 4034 et
594 3980 698 4033 sub
752 3980 889 4051 ipsis
952 3981 1177 4035 censitis
1245 3980 1529 4049 ascetriis,
1591 3986 1649 4036 et
1697 3984 2014 4051 canonicis,
2070 3989 2126 4039 et

482 4069 719 4144 insuper
772 4070 947 4127 etiam
994 4074 1275 4128 acoluthis
1333 4074 1656 4129 distributio
1711 4077 1828 4131 fiat.
1879 4078 1935 4133 Si
1988 4095 2121 4133 vero

482 4179 714 4221 moram
763 4165 908 4221 circa
954 4166 1237 4237 ejusmodi
1283 4168 1627 4222 solutionem
1675 4169 1981 4227 admittant
2024 4173 2121 4227 Dei

482 4259 865 4319 amantissimi
906 4260 1211 4328 asconomi,
1251 4260 1423 4332 idque
1463 4261 1678 4315 clarum
1711 4263 1936 4331 existat,
1977 4265 2121 4321 forte

482 4371 578 4411 sex
603 4356 797 4410 alteris
822 4354 946 4426 jam
973 4354 1267 4409 mensibus
1292 4360 1422 4426 post
1450 4355 1610 4425 prius
1636 4361 1906 4411 semestre
1928 4358 2122 4413 decur-

480 4450 767 4516 rentibus,
813 4465 944 4503 cum
982 4449 1135 4503 nulla
1175 4449 1359 4502 adhuc
1406 4450 1611 4504 solutio
1652 4450 1801 4505 facta
1840 4451 1931 4519 sit,
1985 4457 2119 4509 tunc

2246 1916 2454 1970 centia.
2501 1916 2782 1971 Caeterum
2813 1932 3000 1987 neque
3026 1900 3134 1970 hoc
3159 1914 3675 1970 indeterminatum
3704 1914 3882 1968 relin-

2246 2010 2495 2081 quimus,
2516 2009 2783 2063 eamdem
2802 2009 2895 2064 hic
2911 2026 3142 2082 quoque
3169 2025 3504 2063 mensuram
3524 2008 3581 2061 in
3601 2008 3883 2075 ascetriis,

2244 2103 2533 2158 canonicis
2560 2106 2617 2158 et
2644 2103 2921 2158 acoluthis
2948 2104 3046 2174 qui
3083 2120 3189 2175 per
3236 2102 3700 2159 muniﬁcentiam
3725 2118 3883 2156 assu-

2243 2202 2481 2252 muntur
2519 2214 2639 2251 esse
2669 2197 2924 2251 volentes
2969 2214 3141 2268 quam
3190 2213 3361 2268 supra
3391 2196 3776 2264 definivimus,
3810 2212 3885 2249 ne

2243 2292 2540 2362 pauciores
2572 2290 2785 2345 scilicet
2811 2307 2981 2362 quam
3009 2296 3135 2346 octo
3169 2292 3423 2346 ascetrize
3468 2291 3555 2344 vel
3588 2290 3883 2344 canonicee

2242 2401 2311 2439 ex
2326 2402 2439 2439 uno
2452 2400 2683 2456 quoque
2696 2384 2975 2440 asceterio
2989 2390 3373 2455 assumantur,
3388 2391 3444 2441 et
3463 2389 3580 2441 tres
3590 2385 3665 2439 ad
3677 2401 3886 2439 unum-

2243 2478 2510 2549 quodque
2556 2479 2900 2533 asceterium
2926 2480 3198 2535 acoluthi.
3238 2481 3457 2535 Dentur
3500 2483 3692 2533 autem
3722 2494 3877 2533 asce-

2241 2571 2363 2625 triis
2391 2573 2504 2626 sive
2535 2573 2823 2628 canonicis
2856 2591 2984 2645 quae
3018 2575 3168 2627 ultra
3209 2574 3264 2628 id
3296 2573 3483 2644 ipsum
3510 2573 3877 2638 asceterium,

2242 2665 2397 2736 quod
2429 2667 2606 2737 gratis
2636 2666 3022 2721 ministerium
3072 2668 3417 2722 funerationi
3450 2667 3691 2737 przebet,
3725 2684 3879 2720 assu-

2239 2761 2819 2830 munturzsiquidem
2863 2761 3014 2814 intra
3051 2776 3231 2815 novos
3274 2778 3470 2815 muros
3497 2760 3669 2830 hujus
3702 2762 3877 2814 almae

2239 2853 2395 2906 urbis
2419 2854 2930 2925 elatiOperagatur,
2956 2871 3136 2925 usque
3163 2855 3234 2908 ad
3263 2858 3376 2908 tres
3391 2854 3616 2921 solidos,
3636 2853 3782 2907 nihil
3803 2871 3878 2907 ex

2237 2947 2347 3001 hoc
2377 2947 2605 3018 penitus
2628 2948 3019 3002 auferentibus
3042 2948 3341 3016 acoluthis,
3367 2964 3554 3019 neque
3569 2949 3875 3018 partienti-

2236 3039 2342 3093 bus
2370 3040 2477 3095 ista
2504 3058 2632 3095 cum
2662 3041 3145 3097 reverendissimis
3185 3042 3437 3096 ascetriis
3469 3046 3524 3097 et
3558 3043 3874 3096 canonicis.
3918 3041 3925 3045 ’

2235 3135 2345 3189 Sed
2372 3135 2651 3189 acoluthis
2687 3134 2783 3206 qui
2829 3139 2957 3207 post
2999 3141 3113 3190 tres
3158 3136 3282 3189 illos
3321 3136 3494 3207 gratis
3523 3135 3880 3190 funerationi

2234 3228 2623 3283 ministrantes
2642 3233 3028 3297 assumuntur,
3059 3230 3341 3301 siquidem
3372 3234 3490 3283 tres
3519 3231 3614 3284 alii
3639 3231 3758 3283 sint
3778 3231 3875 3284 tri-

2231 3321 2335 3376 bus
2364 3323 2578 3393 siliquis
2603 3323 2919 3391 contentis;
2948 3324 2994 3377 si
3023 3341 3137 3393 sex,
3169 3324 3384 3395 siliquis
3404 3340 3527 3389 sex;
3560 3328 3621 3378 ut
3642 3325 3713 3378 ad
3737 3342 3873 3378 eum

2230 3417 2467 3471 modum
2505 3434 2859 3489 quaecunque
2920 3418 3025 3472 hoc
3067 3422 3416 3473 concernunt
3462 3419 3545 3472 ita
3596 3419 3873 3490 deinceps

2231 3516 2503 3580 gerantur
2523 3512 2743 3566 ordine.
2769 3512 2913 3567 lllud
2937 3529 3072 3566 sane
3098 3512 3473 3566 manifestum
3492 3518 3595 3580 est,
3612 3513 3660 3566 si
3684 3515 3873 3585 majus

2228 3603 2590 3659 intervallum
2614 3605 2704 3673 sit,
2724 3610 2780 3660 et
2807 3606 2907 3676 qui
2932 3607 3145 3661 feretro
3173 3607 3497 3662 inserviunt
3520 3607 3725 3661 decani
3746 3610 3871 3680 plu-

2227 3714 2319 3751 res
2349 3698 2480 3767 sint,
2511 3704 2568 3753 et.
2585 3701 2750 3771 plura
2774 3701 3067 3769 asceteria,
3095 3702 3248 3773 quod
3271 3707 3510 3773 propter
3528 3702 3700 3771 hujus
3720 3718 3869 3773 pon-

2228 3791 2333 3846 dus
2347 3796 2403 3847 et
2418 3792 2555 3864 ipsis
2568 3795 2863 3865 paululum
2885 3796 3128 3864 dabitur,
3152 3797 3223 3851 ad
3245 3795 3693 3850 similitudinem
3718 3813 3871 3851 asce-

2224 3886 2465 3941 triarum
2496 3904 2622 3958 quae
2653 3889 2805 3944 circa
2825 3891 3244 3947 funerationem
3270 3891 3532 3946 laborem
3557 3889 3866 3946 sustinent.

2225 3981 2296 4035 Ut
2340 3987 2580 4053 propter
2616 3984 2944 4039 distantiam
2995 3990 3053 4039 et
3100 3986 3208 4057 ipsi
3248 3986 3515 4057 copiastze
3559 3986 3873 4041 videantur

2224 4075 2425 4129 exinde
2446 4077 2707 4132 nonnihil
2730 4078 2939 4133 habere
2958 4080 3166 4151 solatii,
3181 4079 3483 4134 videantur
3501 4084 3698 4135 autem
3716 4082 3870 4135 intra

2223 4185 2400 4223 novos
2426 4187 2643 4238 muros,
2679 4177 2735 4226 et
2772 4173 3088 4228 terminum
3126 4173 3540 4229 Justinianeum
3579 4180 3635 4228 et
3677 4175 3862 4241 Ficus,

2222 4264 2696 4334 quandoquidem
2743 4283 2857 4320 non
2898 4268 3069 4337 longe
3112 4266 3345 4334 distant,
3380 4283 3565 4339 neque
3598 4285 3746 4339 opus
3778 4273 3865 4323 est

2221 4356 2479 4428 longiore
2501 4362 2780 4430 tempore,
2802 4361 3090 4430 majoreve
3110 4361 3326 4429 labore,
3349 4365 3409 4414 ut
3425 4361 3518 4416 illo
3547 4364 3861 4433 pervenia-

2219 4448 2330 4500 tur.
2361 4447 2419 4501 Si
2450 4464 2586 4503 vero
2615 4453 2769 4503 extra
2814 4467 2993 4505 novos
3040 4468 3237 4507 muros
3278 4452 3447 4523 hujus
3483 4453 3650 4507 almae
3678 4454 3859 4522 urbis,

481 4543 765 4616 quidquid
790 4546 919 4614 post
948 4543 1108 4614 prius
1138 4547 1411 4600 semestre
1448 4544 1702 4598 debitum
1734 4546 1924 4613 fuerit,
1956 4548 2061 4602 hoc
2084 4566 2116 4602 a
2135 4576 2194 4648 D
2218 4544 2320 4595 aut
2344 4542 2417 4596 ad
2448 4543 2585 4597 alios
2615 4545 2901 4600 terminos
2925 4562 3097 4616 quam
3137 4547 3351 4601 dictum
3385 4550 3488 4613 est,
3525 4548 3699 4602 elatio
3731 4552 3856 4619 fiat,

480 4638 581 4692 Dei
609 4637 1017 4692 amantissimis
1043 4636 1355 4692 osconomis
1374 4637 1640 4708 exigatur
1666 4656 1793 4693 cum
1818 4641 2116 4696 trientibus

477 4730 668 4785 usuris
708 4730 982 4802 legitimas
1026 4731 1372 4800 centesimze,
1412 4731 1832 4803 providentiam
1871 4734 1931 4788 in
1969 4734 2115 4790 hanc

478 4840 603 4880 rem
623 4826 929 4881 collocante
958 4826 1386 4896 religiosissimo
1417 4843 1520 4897 pro
1555 4830 1815 4898 tempore
1844 4829 2116 4900 archiepi-

478 4936 646 4991 scopo
683 4925 740 4974 et
770 4920 1106 4990 patriarchae
1138 4924 1516 4975 sacrosanctze
1557 4920 1614 4974 in
1649 4921 1755 4976 hac
1783 4924 1938 4977 alma
1977 4925 2113 4979 urbe

477 5012 713 5084 majoris
740 5012 1009 5066 ecclesiae.
1045 5012 1099 5068 Si
1137 5031 1267 5067 vero
1300 5018 1356 5067 et
1389 5015 1533 5068 alter
1571 5030 1756 5089 annus
1785 5020 2109 5087 prmtcreat,

478 5111 534 5161 et
565 5124 637 5161 ne
667 5109 791 5159 tum
814 5105 1047 5175 quidem
1075 5106 1289 5177 aliquid
1308 5107 1411 5161 Dei
1435 5108 1811 5163 amantissimi
1829 5112 2114 5166 oeconomi

477 5200 769 5266 solverint,
821 5199 1179 5253 sanctissimo
1211 5217 1312 5270 pro
1352 5204 1612 5272 tempore
1662 5204 2003 5274 patriarchae
2044 5206 2108 5259 li-

479 5295 665 5349 centia
692 5293 762 5348 sit
792 5310 907 5348 non
940 5294 1119 5347 solum
1150 5293 1307 5365 quod
1334 5296 1822 5351 reverendissimis
1850 5299 2108 5354 mulieri-

471 5388 576 5442 bus
598 5392 653 5444 et
678 5387 967 5459 prmdictis
984 5387 1217 5441 decanis
1238 5387 1494 5456 debetur,
1520 5408 1552 5443 a
1577 5390 1672 5444 Dei
1701 5394 2111 5448 amantissimis

473 5481 789 5537 (economis
817 5497 946 5535 cum
984 5480 1239 5553 praefatis
1286 5482 1467 5535 usuris
1498 5484 1743 5555 exigere,
1790 5487 1890 5540 sed
1935 5488 2109 5541 etiam

469 5576 627 5649 ipsos
652 5591 858 5646 cogere
891 5578 953 5627 ut
983 5574 1174 5628 omnia
1197 5591 1324 5646 quae
1345 5575 1619 5647 deputata
1644 5582 1780 5633 sunt
1803 5582 2105 5650 praestent;

469 5674 523 5725 et
552 5670 598 5724 si
631 5666 1021 5723 sanctissimus
1047 5666 1369 5739 patriarcha
1395 5670 1658 5737 voluerit,
1689 5675 1751 5725 ut
1788 5674 1962 5727 etiam
1994 5674 2104 5728 sol-

470 5762 769 5819 licitudine
798 5760 1114 5817 fundorum
1146 5762 1300 5832 ipsos
1330 5762 1534 5832 ejiciat,
1562 5767 1619 5820 et
1642 5769 1868 5837 repetat
1892 5765 2104 5822 horum

468 5852 908 5925 inspectionem,
933 5853 1421 5925 quemadmodum
1443 5857 1615 5913 modo
1636 5859 1790 5931 apud
1816 5859 1970 5932 ipsos
1991 5866 2100 5917 est:

2216 4637 2352 4690 tunc
2366 4637 2622 4691 ascetrias
2641 4639 2877 4709 quidem
2896 4641 3011 4694 sive
3023 4642 3316 4695 canonicaa
3337 4645 3449 4695 tres
3472 4647 3529 4697 et
3547 4641 3859 4698 dimidium

2216 4728 2462 4784 solidum
2516 4732 2858 4803 percipiant,
2899 4751 3083 4807 neque
3126 4735 3216 4788 hic
3257 4735 3568 4807 quidquam
3612 4738 3859 4793 omnino

2215 4824 2637 4879 communionis
2660 4827 3001 4882 habentibus
3025 4829 3322 4884 acoluthis.
3344 4829 3482 4901 Ipsis
3510 4834 3707 4886 autem
3733 4849 3863 4888 aco-

2213 4918 2388 4972 luthis
2406 4919 2476 4972 ad
2499 4919 2727 4992 singula
2754 4923 3028 4977 asceteria
3048 4927 3350 4996 quaternas
3373 4926 3773 4986 auferentibus
3791 4935 3861 4989 si-

2211 5012 2414 5083 liquas,
2436 5016 2493 5067 et
2518 5020 2802 5087 praeterea
2821 5017 2997 5072 nihil:
3028 5020 3344 5073 secundum
3366 5022 3861 5091 prmdictamdivi-

2214 5106 2434 5161 sionem
2463 5110 2735 5165 asceterio
2753 5128 2884 5165 cum
2906 5112 3087 5166 tribus
3110 5114 3390 5168 acoluthis
3414 5116 3696 5173 feretrum
3718 5136 3856 5192 grai-

2211 5200 2285 5254 tis
2317 5202 2621 5272 praebitum
2651 5212 2946 5276 sequente,
2966 5210 3023 5261 et
3050 5208 3291 5263 omnino
3316 5210 3397 5264 illi
3418 5212 3735 5269 accedente
3751 5234 3860 5288 per

2213 5301 2338 5350 octo
2366 5297 2637 5352 ascetrias
2666 5299 2780 5353 sive
2821 5301 3127 5356 canonicas
3156 5307 3214 5357 et
3236 5307 3353 5358 tres
3385 5305 3467 5375 (ut
3497 5306 3720 5363 dictum
3751 5316 3855 5382 est)

2209 5391 2519 5458 acoluthos,
2539 5392 2679 5447 nihil
2696 5410 2930 5464 prorsus
2949 5397 3296 5468 auferentes,
3318 5403 3417 5452 aut
3433 5401 3853 5470 perdationem

2210 5500 2510 5539 cereorum
2554 5488 2866 5558 exigentes,
2895 5493 2993 5543 aut
3020 5490 3123 5544 sub
3151 5492 3261 5546 alio
3292 5494 3619 5549 velamento
3654 5514 3855 5569 quem-

2210 5594 2435 5650 cunque
2466 5581 2779 5636 exactionis
2805 5584 3043 5638 modum
3065 5586 3473 5657 excogitantes.
3495 5588 3629 5644 Haec
3660 5596 3855 5647 autem

2208 5673 2402 5729 omnia
2422 5675 2490 5729 de
2508 5675 2595 5729 his
2615 5680 2840 5731 tantum
2863 5678 3191 5748 definimus,
3209 5681 3305 5751 qui
3325 5698 3443 5736 non
3460 5699 3568 5754 per
3584 5687 3854 5742 ambitio-

2208 5782 2343 5821 nem
2372 5771 2427 5823 et
2449 5769 2903 5827 muniﬁcentiam
2930 5789 3142 5845 magna
3164 5776 3258 5830 illa
3278 5775 3391 5831 duo
3408 5777 3627 5833 feretra
3645 5780 3706 5835 in
3729 5798 3857 5853 pre-

2207 5860 2484 5918 tiosarum
2512 5880 2705 5921 rerum
2718 5866 2991 5925 thesauro
3009 5871 3553 5945 recondita,nempe
3581 5874 3859 5948 gloriosa:
