4032 6232
137 282 233 336 997

1004 282 1371 340 JUSTlNIANI
1408 282 1736 340 NOVELLE
1776 281 2107 341 SELECTE.
2150 284 2458 342 NOVELLA
2496 286 2645 343 LXV.

3416 290 3518 349 998

133 387 429 443 memoriae
457 388 665 457 Studii,
702 394 757 445 ct
785 390 1102 463 magniﬁca:
1148 393 1440 448 memoriae
1482 393 1774 464 Stephani,
1801 414 1859 487 Α
1880 394 2116 466 alicujus
2140 394 2493 451 funeratione
2520 394 2704 450 danda
2731 394 2820 451 sit.
2855 394 3014 450 Nulla
3041 396 3188 452 inter
3216 397 3513 454 defuncto-

132 487 456 558 requirunt.
489 487 543 543 Si
575 488 701 559 quis
747 489 901 544 enim
936 490 1030 544 illa
1070 491 1278 546 habere
1319 491 1528 563 cupiat,
1557 496 1621 547 ut
1651 508 1779 563 quae
1883 504 2011 543 rum
2037 505 2305 560 personas
2348 488 2705 544 distinctione
2745 490 3193 558 introducenda;
3223 492 3337 547 sive
3369 492 3514 547 divi-

134 584 188 635 et
203 582 405 635 multis
416 582 747 637 hominibus
762 582 879 637 indi
887 589 1139 655 gcant,et
1153 586 1260 656 maj
1269 602 1427 640 orem
1442 586 1775 651 custodiam,

131 678 302 745 atque
329 676 388 728 in
418 693 641 730 summa
666 677 896 747 plenam
922 678 1138 750 negotii
1167 679 1605 734 asservationem
1639 679 1780 734 desi-

131 767 354 837 derant,
401 769 509 823 hoc
558 769 840 840 prmdictis
890 787 1006 825 non
1046 772 1452 841 connectimus,
1480 773 1577 826 sed
1617 772 1779 843 quasi

130 860 225 931 qui
270 861 627 917 ambitiosius
656 868 914 918 mortuos
943 881 1069 917 suos
1094 863 1285 919 efferri
1315 864 1575 935 gestiant,
1608 865 1774 935 quid-

128 953 266 1024 quid
296 972 401 1025 pro
426 955 622 1010 labore
653 973 710 1010 se
738 957 988 1025 dccanis,
1012 962 1110 1012 aut
1130 957 1613 1012 reverendissimis
1631 975 1778 1012 asce-

125 1047 247 1114 tris,
282 1053 384 1102 aut
409 1049 694 1104 canonicis
736 1050 966 1105 daturos
1003 1051 1514 1123 compromiserint,
1555 1055 1778 1105 tantum

124 1145 179 1195 et
198 1147 497 1211 praestent,
527 1148 592 1197 ut
620 1148 811 1197 tamen
843 1144 911 1198 ad
954 1144 1139 1215 ipsum
1187 1144 1246 1198 in
1291 1144 1510 1198 duobus
1554 1144 1775 1199 feretris

125 1233 336 1289 Studiii
364 1240 419 1289 et
440 1236 711 1307 Stephani
735 1236 1033 1291 duodecim
1060 1236 1367 1292 solidorum
1400 1238 1775 1309 quantitatem

124 1328 404 1384 excedere
430 1335 693 1401 nequeat.
714 1332 822 1385 Pro
840 1347 905 1385 eo
926 1348 1056 1386 vero
1074 1331 1223 1403 quod
1236 1348 1375 1386 auro
1404 1332 1773 1387 intertextum

124 1426 227 1490 est,
260 1422 421 1493 quod
464 1423 524 1477 in
563 1428 918 1479 sacrosancta
945 1426 1159 1496 majore
1199 1426 1432 1480 ecclesia
1458 1426 1770 1496 reponitur,

124 1515 169 1568 si
194 1516 435 1586 quidem
463 1533 578 1572 uno
604 1518 724 1572 solo
768 1518 827 1573 in
858 1518 980 1589 ejus
1019 1520 1204 1573 locum
1236 1521 1316 1590 (ut
1342 1518 1638 1590 probabile
1670 1520 1771 1588 est)

122 1611 478 1680 apparando,
525 1618 773 1682 quatuor
834 1612 1057 1681 solidis;
1109 1612 1358 1667 ascetriis
1400 1616 1611 1682 autem,
1660 1612 1773 1666 sive

122 1702 432 1771 canonicis,
480 1704 593 1759 sive
640 1703 932 1772 acoluthis,
964 1705 1135 1777 duplo
1174 1706 1389 1777 majora
1428 1722 1601 1777 quam
1642 1711 1772 1760 ante

1880 582 1972 637 tiis
1999 586 2258 649 afﬂuant,
2290 585 2403 639 sive
2434 588 2769 654 premantur
2793 584 3002 654 inopia,
3032 585 3139 639 nisi
3161 586 3305 641 forte
3328 586 3409 654 (ut
3436 588 3520 642 di-

1878 680 2085 750 ximus)
2109 693 2285 733 unam
2311 694 2378 731 ex
2409 678 2591 732 tribus
2615 678 2727 731 illis
2752 678 2975 732 feretris
3000 678 3262 749 diligant,
3286 680 3345 733 in
3383 682 3511 752 qui-

1876 774 1983 828 bus
2028 778 2086 827 et
2126 772 2233 844 ipsi
2261 770 2649 824 convenientia
2698 770 3097 841 disposuimus.
3136 773 3514 845 Volumusque

1877 868 1970 922 illa
1999 872 2055 922 et
2081 866 2150 920 ad
2177 865 2328 919 hunc
2355 864 2609 919 obtinere
2637 865 2893 934 modum,
2924 870 2980 919 et
3015 865 3226 937 absque
3256 869 3512 937 praeﬁni-

1874 962 2029 1016 tione
2057 958 2328 1029 temporis
2354 958 2589 1012 immota
2618 973 2850 1013 manere
2876 962 2933 1013 et
2960 962 3191 1013 aeterna.
3219 962 3402 1030 Atque
3428 979 3513 1016 sa-

1877 1071 1972 1109 cra
2022 1055 2125 1107 hac
2180 1051 2529 1123 pragmatica
2588 1051 2713 1121 lege
2767 1052 2827 1105 in
2875 1056 3218 1122 perpetuum
3270 1055 3511 1121 valente,

1875 1146 2153 1218 quamdiu
2180 1144 2440 1199 homines
2465 1149 2617 1210 sunt,
2640 1160 2929 1215 quamque
2954 1144 3052 1199 diu
3078 1161 3351 1217 maguum
3374 1146 3513 1201 illud

1874 1244 1931 1295 et
1978 1240 2147 1310 longe
2172 1237 2604 1293 celeberrimum
2633 1236 3079 1292 Christianorum
3116 1256 3330 1293 nomen
3366 1240 3515 1296 inter

1873 1332 2135 1388 homines
2159 1331 2486 1395 habebitur,
2515 1330 2765 1401 quotidie
2787 1331 2961 1385 etiam
2992 1332 3211 1386 domini
3242 1334 3341 1387 Dei
3359 1333 3513 1388 benio

1876 1427 2091 1499 gnitate
2118 1420 2535 1480 incrementum
2561 1423 2820 1494 accipiat.
2846 1426 2884 1477 ll
2894 1424 2981 1478 uic
3006 1424 3261 1480 videlicet
3280 1428 3512 1498 negotio

1871 1537 1992 1592 prae
2031 1518 2249 1574 caeteris
2293 1518 2557 1572 omnibus
2584 1518 2704 1587 ipso
2730 1517 3152 1588 religiosissimo
3194 1520 3511 1590 patriarcha

1874 1614 2043 1684 hujus
2066 1613 2230 1666 almae
2260 1610 2417 1665 urbis
2442 1609 2843 1682 prospiciente,
2875 1627 2947 1665 ne
2978 1612 3081 1665 hac
3108 1628 3273 1666 causa
3297 1630 3401 1684 pro
3421 1632 3507 1669 sa-

1874 1704 2139 1761 cerdotali
2167 1708 2441 1777 potestate
2484 1720 2622 1758 usus
2659 1703 2997 1773 committat,
3029 1708 3095 1758 ut
3135 1705 3206 1759 ab
3235 1706 3351 1759 ulla
3380 1723 3510 1777 per-

123 1795 191 1850 de
243 1796 315 1851 iis
365 1797 778 1869 praeﬁnivimus
826 1798 1140 1854 ferentibus
1170 1816 1184 1854 ε
1216 1804 1277 1854 ut
1302 1799 1565 1856 videlicet
1588 1797 2012 1871 ipsumBsona
2052 1801 2137 1854 vel
2186 1797 2538 1867 sacerdotali,
2586 1797 2675 1851 vel
2722 1797 3059 1869 magistratu
3106 1799 3386 1866 decorata,
3423 1800 3511 1855 vel

121 1905 354 1962 quoque
421 1892 813 1966 ascetriarum,
834 1909 932 1947 seu
966 1894 1374 1949 canonicamm
1411 1894 1767 1963 asceterium,

122 1984 277 2054 quod
310 1985 487 2056 gratis
507 1992 710 2042 caetera
738 1987 949 2041 feretra
974 1987 1270 2059 praecedit,
1300 1988 1561 2043 eamdem
1586 2004 1767 2060 quan-

122 2077 353 2133 titatem
380 2080 656 2151 percipiat
681 2097 855 2152 quam
892 2085 947 2137 et
989 2081 1207 2153 reliqua
1237 2082 1526 2136 asceteria.
1558 2082 1767 2136 Eodem

120 2170 246 2240 hoc,
274 2173 431 2243 quod
480 2174 873 2245 praediximus,
919 2178 974 2229 et
1016 2173 1074 2228 in
1096 2174 1369 2229 acoluthis
1397 2175 1763 2244 observando,

120 2270 184 2319 ut
207 2270 265 2320 et
288 2266 353 2319 lii
386 2266 625 2338 duplum
652 2285 851 2322 eorum
876 2284 1005 2339 quae
1025 2269 1149 2340 jam
1179 2285 1211 2322 a
1238 2268 1401 2323 nobis
1444 2269 1766 2324 constituta:

121 2364 250 2413 sunt
269 2360 538 2414 auferant
560 2380 573 2416 :
600 2360 874 2416 nimirum
888 2361 931 2414 si
957 2361 1015 2415 id
1042 2362 1098 2415 in
1116 2379 1228 2433 quo
1244 2363 1525 2417 funeratio
1545 2363 1770 2434 peragi-

119 2458 230 2522 tur,
263 2470 455 2508 unum
486 2454 556 2508 de
581 2454 763 2509 tribus
790 2455 896 2509 illis
922 2456 1145 2510 feretris
1166 2456 1257 2521 sit,
1286 2456 1392 2510 hoc
1419 2455 1629 2511 scilicet
1665 2473 1763 2511 vo-

117 2546 266 2601 lente
293 2563 364 2601 eo
382 2547 475 2601 cui
496 2548 868 2603 funerationis
890 2565 1023 2603 cura
1048 2549 1346 2603 incumbit.
1369 2549 1764 2605 Necessitatem

114 2640 331 2695 scilicet
384 2643 780 2696 tantummodo
830 2642 1171 2698 habentibus
1219 2643 1319 2697 Dei
1362 2643 1766 2697 amantissimis

114 2734 533 2801 defensoribus,
566 2740 627 2789 ut
666 2736 1008 2791 decanorum
1046 2753 1280 2808 corpora
1325 2753 1395 2791 ex
1426 2737 1765 2808 octingentis

113 2826 223 2881 illis
253 2828 524 2897 ofﬁcinis,
547 2846 686 2900 quas
714 2830 847 2900 ipsis
872 2830 1303 2901 assignavimus,
1329 2836 1385 2884 et
1402 2830 1540 2885 item
1558 2830 1765 2885 feretra

116 2922 448 2991 exhibeant,
477 2939 593 2976 non
620 2927 811 2977 autem
844 2928 904 2977 ut
929 2928 1223 2994 sumptum
1257 2924 1505 2995 aliquem
1534 2924 1757 2995 impen-

116 3014 273 3070 dant.
308 3015 409 3069 Dei
435 3032 570 3071 vero
609 3017 1016 3070 amantissimis
1053 3017 1357 3072 oeconomis
1396 3017 1680 3089 cogendis,
1701 3021 1766 3071 ut

113 3111 233 3162 tam
267 3125 341 3163 ex
374 3109 559 3163 reditu
585 3126 616 3163 a
644 3110 1021 3164 sacratissimo
1047 3110 1303 3182 principe
1347 3110 1641 3166 Anastasio
1670 3128 1760 3165 rc-

112 3199 268 3271 licto,
303 3219 477 3273 quam
508 3219 578 3257 ex
606 3203 870 3258 trecentis
903 3203 1142 3277 ofﬁcinis
1172 3205 1232 3259 in
1254 3205 1547 3275 praedictas
1572 3221 1763 3275 perso-

113 3311 234 3365 nas,
266 3295 585 3351 secundum
601 3314 633 3351 a
650 3296 886 3351 nobisin
900 3298 1164 3352 omnibus
1190 3298 1555 3353 constitutam
1580 3298 1764 3353 distri-

113 3388 435 3460 butionem,
455 3407 651 3445 omnes
670 3391 937 3463 prmfatas
958 3391 1241 3463 impensas
1267 3393 1493 3447 faciant.
1518 3394 1594 3446 Ita
1616 3392 1761 3447 nihil

110 3482 627 3539 iudeterminatum
655 3484 784 3554 erit,
812 3485 908 3539 sed
937 3489 992 3540 et
1017 3485 1115 3557 qui
1142 3485 1549 3540 moderatiores
1578 3487 1762 3558 sepul-

109 3581 269 3631 turas
301 3577 425 3631 ﬁeri
454 3578 670 3647 volunt,
699 3594 769 3633 ex
817 3579 921 3633 hac
966 3579 1333 3650 dispositione
1373 3580 1624 3634 fructum
1662 3597 1756 3634 ca-

110 3670 276 3741 pient
296 3688 315 3739 ;
344 3674 401 3724 et
426 3671 522 3742 qui
550 3672 621 3725 ad
639 3671 1009 3727 ambitionem
1021 3673 1481 3744 respiciunt,non
1506 3691 1610 3745 per
1628 3674 1758 3728 inde

114 3764 348 3835 magnis
371 3763 728 3819 involventur
747 3765 1075 3837 dispendiis,
1097 3767 1193 3821 sed
1219 3766 1367 3821 intra
1393 3771 1611 3821 certum
1640 3784 1760 3821 mo-

114 3856 251 3911 dum
282 3856 539 3912 muniﬁci
580 3863 768 3914 erunt.
802 3860 928 3913 Haec
954 3876 1058 3914 nos
1084 3859 1261 3931 igitur
1284 3866 1402 3915 tam
1426 3861 1496 3916 de
1523 3860 1759 3915 ofﬁcinis

113 3966 293 4022 quam
322 3950 620 4020 reditibus,
652 3956 710 4007 et
728 3953 997 4008 funerum
1027 3953 1387 4022 elationibus,
1417 3955 1531 4009 sive
1561 3955 1755 4026 gratis,

113 4044 227 4101 sive
258 4061 395 4100 cum
408 4046 655 4117 quadam
665 4047 974 4103 ambitione
998 4053 1364 4120 peragantur,
1379 4048 1757 4104 deﬁnivimus.

113 4138 183 4192 Ut
208 4143 407 4193 autem
424 4139 784 4194 ofﬁcinarum
802 4157 1076 4196 numerus
1093 4142 1250 4196 nullo
1270 4159 1524 4214 unquam
1546 4148 1760 4213 tempo-

114 4248 172 4285 re
200 4231 651 4287 diminutionem
680 4234 948 4305 patiatur,
988 4236 1245 4290 custodes
1279 4237 1399 4307 ejus
1439 4238 1521 4291 rei
1546 4238 1756 4291 consti-

110 4326 255 4379 tuim
267 4343 353 4395 us,
371 4342 486 4380 non
508 4329 732 4381 tantum
751 4328 1218 4399 gloriosissimum
1236 4329 1405 4400 hujus
1420 4331 1585 4385 almae
1603 4330 1758 4385 urbis

110 4420 471 4489 praefectum,
521 4424 574 4473 et
628 4420 1122 4493 obtemperantem
1174 4422 1254 4476 illi
1301 4424 1612 4491 cohortem,
1662 4424 1757 4478 sed

1870 1909 2229 1967 quacunque,
2258 1893 2317 1947 in
2345 1894 2537 1946 nostra
2566 1890 2930 1963 delinquatur
2955 1892 3280 1947 constituta.
3311 1894 3417 1948 Sed
3454 1899 3511 1949 et

1869 1993 1933 2042 ut
1958 1988 2080 2058 ipsa
2107 1987 2373 2057 majestas
2400 1985 2765 2056 imperatoria
2794 1984 2852 2038 in
2892 1988 3007 2039 tam
3047 1985 3299 2056 amplam
3330 1986 3512 2057 digni-

1867 2082 1997 2136 tatis
2022 2086 2079 2135 et
2124 2079 2354 2134 honoris
2394 2078 2587 2133 sedem
2636 2077 2917 2132 conversis
2957 2079 3155 2147 oculis,
3186 2080 3510 2152 quicunque

1867 2174 2099 2229 tandem
2135 2172 2363 2245 imperii
2390 2176 2612 2243 sceptra
2660 2171 2895 2240 tenebit,
2925 2171 3058 2226 huic
3087 2173 3170 2226 rei
3196 2173 3505 2244 provideat,

1866 2267 2241 2323 decernimus.
2272 2267 2462 2337 Neque
2491 2263 2645 2319 enim
2667 2281 2768 2335 pro
2790 2264 3067 2319 defunctis
3088 2269 3309 2320 tantum
3335 2266 3507 2335 istud,

1867 2361 1965 2416 sed
1992 2361 2161 2415 etiam
2188 2377 2291 2432 pro
2320 2358 2650 2424 viventium,
2678 2358 2930 2429 adeoque
2952 2358 3399 2429 imperitantium
3426 2378 3508 2415 sa-

1864 2455 1982 2509 lute
2011 2460 2114 2524 est,
2148 2457 2211 2508 ut
2237 2452 2569 2508 omnimodo
2604 2451 2711 2522 pize
2741 2452 2988 2519 actiones
3018 2454 3089 2507 ad
3119 2454 3381 2509 effectum
3402 2456 3501 2510 de-

1865 2549 2166 2617 ducantur,
2186 2563 2371 2619 neque
2392 2546 2658 2618 praeclara
2682 2546 2968 2617 majorum
2994 2546 3256 2601 instituta
3284 2565 3385 2619 per
3411 2566 3510 2605 ne-

1867 2641 2202 2713 gligentiam
2244 2644 2606 2713 posterorum
2656 2639 2984 2709 depereant.
3012 2642 3505 2705 Quemadmodum

1863 2740 2055 2790 autem
2083 2740 2312 2791 centum
2354 2734 2476 2787 illas
2503 2738 2557 2788 et
2584 2732 2739 2787 mille
2770 2732 3024 2787 ofﬁcinas
3053 2734 3425 2791 indiminutas
3453 2744 3506 2793 et

1864 2829 2150 2884 immunes
2183 2827 2450 2883 custodiri
2480 2826 2882 2898 disposuimus,
2911 2827 2989 2880 ita
3035 2843 3233 2882 omnes
3258 2830 3504 2902 reliquas

1865 2924 2117 2978 ofﬁcinas
2158 2921 2462 2994 praestandi
2491 2920 2855 2992 vectigalibus
2880 2920 3161 2975 sancimus
3185 2939 3303 2977 esse
3326 2924 3499 2979 obno-

1865 3016 1983 3071 xias
2012 3033 2025 3071 :
2056 3015 2284 3071 nemine
2312 3014 2552 3069 omnino
2580 3013 2873 3068 licentiam
2904 3013 3146 3069 habente
3176 3021 3239 3070 ut
3263 3032 3355 3071 eas
3380 3017 3498 3073 exi-

1864 3115 2001 3179 mat,
2031 3110 2145 3164 sive
2183 3110 2253 3164 ad
2297 3124 2484 3163 sacras
2523 3108 2689 3173 aedes,
2722 3107 2836 3161 sive
2880 3108 2951 3161 ad
2992 3125 3259 3179 xenonas,
3290 3111 3402 3166 sive
3430 3110 3499 3166 ad

1865 3203 2156 3270 asceteria,
2201 3203 2313 3257 sive
2344 3201 2706 3270 monasteria,
2741 3200 2855 3255 sive
2902 3202 3282 3274 quodcunque
3325 3205 3496 3273 aliud,

1861 3298 1958 3352 sed
1986 3312 2171 3368 neque
2199 3297 2243 3350 si
2272 3297 2340 3350 ad
2372 3296 2562 3367 regias
2593 3299 2817 3349 nostras
2838 3295 3064 3365 domus,
3097 3298 3185 3351 vel
3209 3298 3504 3369 magistra-

1860 3395 1944 3459 tu,
1974 3395 2072 3445 aut
2096 3390 2349 3461 potentia
2378 3389 2648 3461 przeditos
2684 3389 3012 3460 pertineant
3034 3391 3193 3463 ;-sed
3229 3408 3299 3445 ex
3336 3409 3500 3464 aequo

1862 3483 2129 3537 omnibus
2170 3481 2407 3536 ofﬁcinis
2450 3481 2815 3550 vectigalium
2869 3483 3289 3552 praestationem
3330 3502 3502 3556 agno-

1860 3577 2166 3646 scentibus,
2194 3592 2267 3631 ne
2295 3576 2342 3629 si
2368 3575 2643 3645 paulatim
2678 3574 3063 3645 unusquisque
3094 3583 3412 3648 excusetur,
3444 3586 3500 3634 et

1859 3670 2096 3742 quisque
2134 3685 2237 3724 sua
2286 3669 2513 3737 relevet,
2560 3667 2752 3739 paucis
2787 3668 3142 3738 quibusdam,
3185 3670 3284 3740 qui
3332 3673 3498 3728 relin-

1859 3768 2125 3835 quantur,
2174 3767 2357 3818 totum
2396 3760 2826 3833 praestationum
2870 3778 3011 3815 onus
3052 3761 3395 3833 imponatur,
3438 3771 3497 3822 et

1858 3874 2138 3929 magnum
2191 3856 2396 3912 exinde
2449 3854 2810 3928 dispendium
2860 3855 3174 3911 sustineant
3207 3856 3267 3910 hi
3305 3858 3405 3929 qui
3436 3859 3495 3914 id

1861 3952 2009 4008 ferre
2038 3954 2346 4023 nequeant.

1929 4045 2270 4117 Quae-igitur
2303 4059 2404 4115 per
2432 4046 2775 4114 praesentem
2826 4058 3042 4098 sacram
3077 4045 3489 4117 pragmaticam

1857 4139 2101 4193 formam
2153 4138 2319 4193 nobis
2370 4137 2726 4209 placuerunt,
2778 4153 2840 4193 ea
2891 4140 3009 4193 tam
3043 4138 3372 4195 excellentia
3398 4147 3493 4196 tua

1858 4250 2030 4304 quam
2062 4232 2160 4304 qui
2190 4235 2317 4303 post
2350 4237 2404 4285 te
2434 4231 2702 4285 eumdem
2728 4232 3125 4303 magistratum
3177 4232 3494 4306 suscepturi

1858 4331 2011 4393 sunt,
2041 4332 2096 4381 et
2121 4327 2525 4397 obtemperans
2552 4324 2652 4379 tibi
2684 4327 2886 4381 cohors
2914 4328 3248 4381 custodient.
3275 4329 3395 4383 Dat.
3428 4331 3495 4384 ΙΙΙ

1858 4422 1990 4475 Nov.
2021 4423 2292 4477 Constant
2317 4420 2457 4490 imp.
2497 4420 2553 4474 d.
2596 4436 2655 4472 n.
2683 4419 2887 4475 Justin.
2921 4421 3025 4475 PP.
3053 4424 3198 4492 Aug.
3232 4437 3366 4477 ann.
3404 4426 3488 4491 ll,

110 4514 287 4567 etiam
313 4513 497 4567 multo
511 4513 693 4585 magis
710 4515 1097 4569 excellentiam
1116 4518 1294 4584 tuam,
1311 4522 1367 4571 et
1384 4517 1755 4589 quiunquam
1777 4544 1836 4617 D
1856 4518 1987 4587 post
2014 4514 2166 4568 Bilis.
2196 4530 2251 4568 v.
2284 4530 2332 4567 c.
2356 4528 2508 4567 cons.
2541 4528 2692 4567 anno
2719 4516 2776 4568 2.

111 4606 215 4661 hoc
244 4606 545 4678 dignitatis
569 4607 881 4679 fastigium,
912 4608 1001 4664 cui
1027 4614 1089 4664 tu
1126 4611 1298 4665 modo
1324 4628 1525 4682 praees,
1554 4616 1756 4667 tenue-

109 4701 245 4754 rint.
281 4702 352 4755 Et
397 4700 631 4771 insuper
678 4718 903 4773 poenam
942 4703 1159 4758 cohorti
1190 4709 1303 4758 tuae
1346 4705 1759 4777 quinquaginta

109 4794 300 4865 pondo
335 4794 463 4849 auri
502 4795 840 4866 irrogamus,
872 4796 916 4849 si
946 4798 1325 4868 negligentius
1363 4799 1586 4870 egerit:
1621 4799 1757 4854 item

110 4887 402 4960 duplicem
433 4890 627 4943 contra
659 4906 754 4943 eos
782 4890 880 4960 qui
906 4906 1161 4961 unquam
1190 4892 1456 4946 thronum
1478 4895 1644 4947 tuum
1670 4911 1759 4947 su-

112 4981 364 5053 scepturi
390 4987 541 5052 sunt,
572 4998 686 5053 quo
716 4982 907 5036 minus
928 4985 1287 5040 committant
1314 4992 1375 5041 ut
1395 4987 1704 5041 secundum
1725 5003 1755 5040 a

109 5076 273 5130 nobis
299 5076 510 5131 dictam
540 5076 871 5131 divisionem
900 5077 1051 5132 mille
1073 5081 1130 5133 et
1156 5085 1382 5134 centum
1403 5080 1755 5135 oflicinarum

110 5186 389 5225 numerus
418 5170 658 5226 deﬁciat.
695 5170 802 5226 Sed
842 5170 888 5224 si
932 5172 1042 5227 hoc
1092 5172 1381 5240 doceatur,
1404 5180 1469 5229 ut
1499 5176 1583 5229 vel
1615 5175 1752 5246 ipse,

110 5265 194 5318 vel
221 5280 573 5320 successores
595 5264 698 5333 tui,
728 5265 786 5319 in
815 5266 959 5320 hanc
987 5282 1109 5320 rem
1136 5267 1549 5338 providentiam
1570 5269 1756 5323 confe-

110 5358 266 5423 ratis,
285 5359 720 5431 procuretis'que
748 5364 809 5415 ut
822 5376 923 5432 per
937 5360 1125 5414 omnia
1151 5360 1198 5415 is
1215 5359 1334 5414 sine
1352 5361 1750 5430 diminutione,

110 5451 228 5505 sine
256 5466 455 5517 onere,
476 5452 597 5508 sine
627 5453 1046 5509 machinatione
1071 5453 1277 5525 aliqua,
1300 5459 1422 5509 tum
1449 5472 1551 5525 per
1576 5455 1753 5509 excel-

108 5544 348 5599 lentiam
370 5552 553 5614 tuam,
583 5552 701 5602 tum
732 5565 834 5619 per
853 5549 1111 5620 quamvis
1128 5548 1295 5602 aliam
1311 5566 1609 5619 personam
1631 5564 1753 5619 per-

108 5645 374 5694 maneat:
408 5656 480 5695 ne
503 5640 707 5696 exinde
732 5658 876 5697 nova
895 5642 1184 5698 oboriatur
1202 5643 1439 5713 occasio,
1464 5647 1529 5698 ut
1547 5647 1754 5715 praeter

111 5731 507 5791 deﬁnitionem
554 5740 805 5792 nostram
848 5737 1036 5792 denuo
1076 5753 1293 5793 merces
1351 5753 1455 5810 pro
1497 5752 1752 5811 personae

2429 4664 2743 4722 NOVELLA
2770 4666 2918 4723 LXV.

2071 4766 2144 4818 De
2172 4762 2256 4817 his
2285 4776 2403 4831 qua:
2426 4762 2617 4816 relicta
2646 4765 2776 4815 sunt
2805 4761 3036 4817 ecclesias
3063 4762 3273 4831 Mysia.

1929 4891 2147 4947 Scimus
2173 4896 2339 4946 antea
2363 4891 2569 4963 legem,
2601 4895 2705 4945 etc.
2751 4891 2960 4946 Relicta
3015 4894 3263 4949 ecclesiae
3305 4895 3494 4968 Mysiae

1856 4986 1926 5040 ad
1972 4986 2421 5057 redemptionem
2468 4986 2819 5056 captivorum
2872 4991 2928 5040 et
2978 5004 3294 5058 pauperum
3356 4992 3490 5046 sub-

1858 5080 2256 5135 stentationem
2315 5080 2655 5148 venduntor,
2708 5080 2754 5134 si
2799 5081 3024 5152 longius
3061 5083 3131 5136 ab
3177 5100 3243 5136 eo
3284 5084 3404 5138 loco
3430 5086 3490 5139 in

1856 5173 2073 5228 azdibus
2120 5177 2219 5227 aut
2267 5172 2446 5227 vineis
2492 5174 2805 5230 consistant
2855 5192 2867 5228 :
2918 5179 2983 5229 ut
3032 5180 3223 5229 tamen
3273 5178 3371 5247 qui
3426 5194 3493 5232 ea

1855 5267 2106 5337 reliquit,
2157 5283 2224 5320 ex
2278 5266 2603 5321 venditione
2648 5268 2972 5323 relictorum
3011 5268 3245 5339 jusserit
3290 5287 3490 5341 erogao

1851 5361 2069 5416 tionem
2099 5359 2237 5414 ﬁeri.
2274 5361 2322 5413 Is
2349 5360 2450 5431 qui
2493 5360 2549 5413 in
2586 5360 2719 5430 jure
2751 5364 3088 5431 postulatur,
3134 5364 3179 5417 si
3208 5380 3266 5418 se
3288 5363 3489 5419 absen-

1853 5459 1951 5523 tet,
1983 5454 2408 5522 condemnator,
2442 5453 2703 5507 videlicet
2727 5454 2936 5507 malam
2968 5473 3086 5510 rem
3114 5474 3307 5528 agens,
3336 5458 3491 5529 quod

1854 5552 2161 5603 contestata
2198 5548 2293 5602 lite
2332 5551 2389 5600 et
2416 5546 2669 5616 legitime
2712 5550 2959 5612 vocatus,
2992 5564 3107 5602 non
3130 5551 3489 5621 obtempera-

1853 5642 2016 5697 verit.
2042 5640 2169 5710 PP.,
2198 5656 2392 5695 mense
2422 5636 2622 5710 Aprili,
2653 5654 2803 5692 anno
2834 5638 3058 5709 imperii
3104 5640 3158 5696 d.
3191 5643 3490 5700 Iustiniani

1854 5738 1940 5805 l2,
1970 5736 2185 5791 Joanne
2211 5750 2265 5790 v.
2298 5750 2350 5789 c.
2387 5749 2501 5793 cos.
