4032 6232
1039 381 1348 444 NOVELLA
1376 387 1574 443 LXVII.

494 484 575 541 Ne
597 484 719 552 quis
745 483 1044 537 oratorium
1067 485 1205 536 citra
1231 484 1508 536 scientiam
1539 483 1771 550 episcopi
1795 482 2035 550 wdiﬁcet.
2058 485 2130 538 Et

565 559 626 607 ut
649 557 808 623 prius
835 555 1060 623 deﬁniat
1081 569 1201 622 qua:
1219 554 1294 605 ad
1322 569 1508 604 curam
1527 558 1576 606 et
1604 555 1992 606 institutionem
2013 569 2132 606 ora-

565 626 692 679 torii
717 625 1024 693 aediﬁcandi
1065 626 1362 676 necessaria
1391 627 1590 690 futura
1631 625 1761 676 sint.
1799 627 1864 678 Et
1895 640 1961 678 ne
1997 627 2132 692 epis-

563 699 682 764 copi
710 697 889 750 absint
918 713 952 748 α
978 697 1087 749 suis
1119 696 1386 755 Ecclcsiis,
1424 711 1489 748 ac
1510 695 1574 748 de
1597 695 1922 750 alienatione
1946 697 2131 748 immo-

565 767 753 820 bilium
780 782 960 820 rerum
980 767 1481 819 ecclesiasticarum.

566 870 875 941 Imperator
905 866 1255 920 Justinianus
1281 869 1568 938 Augustus
1596 868 1814 922 Mennas
1843 866 2127 921 sanctissi-

489 979 585 1018 mo
611 967 666 1016 et
690 960 1010 1014 beatissimo
1036 960 1464 1032 archiepiscopo
1501 959 2129 1031 Constantinopolitano

491 1061 547 1110 et
574 1052 819 1109 universi
849 1053 970 1123 ejus
997 1057 1208 1108 tractus
1239 1053 1600 1124 patriarclue.

561 1150 894 1218 Quanquam
923 1147 1112 1202 multis
1129 1147 1249 1219 jam
1271 1147 1493 1218 legibus
1517 1165 1581 1202 ea
1601 1164 1729 1219 quae
1752 1152 2128 1201 sacrosanctas

487 1244 838 1296 concernuut
896 1242 1173 1306 ecclesias,
1204 1242 1760 1313 comprehendimus,
1806 1240 2128 1311 indigemus

487 1328 678 1390 tamen
733 1335 920 1390 adhuc
959 1335 1075 1389 alia
1112 1335 1376 1406 quadam,
1410 1352 1539 1406 quae
1579 1335 1648 1388 ad
1694 1339 2047 1405 emergentes
2072 1337 2130 1387 et

489 1431 677 1485 denuo
703 1435 1056 1484 renascentes
1076 1445 1235 1483 casus
1263 1429 1525 1483 sufﬁciat.
1544 1428 1700 1483 Multi
1723 1427 1879 1482 enim
1907 1444 2128 1498 compa—

489 1523 654 1579 randi
681 1523 930 1578 nominis
959 1539 1096 1593 ergo
1122 1523 1380 1577 animum
1414 1523 1604 1576 solent
1640 1521 1712 1576 ad
1749 1526 2126 1575 sacrosancta-

487 1633 619 1672 rum
647 1617 1011 1672 ecclesiarum
1037 1617 1453 1671 extructionem
1483 1615 1791 1687 appellere,
1841 1615 2128 1685 simulque

491 1715 555 1765 ut
579 1727 670 1764 eas
697 1710 1141 1776 exaediﬁcarunt,
1173 1709 1390 1764 nullam
1419 1713 1697 1780 praeterea
1721 1725 1919 1763 curam
1961 1707 2124 1762 adhi-

1640 274 1892 336 διεϐίω
1931 271 2123 334 SEXTl
2163 269 2719 334 SUPPLEMENTUM.

2148 406 2208 478 Α
2227 389 2540 460 provincias
2563 403 2883 444 oeconomos
2909 402 3186 460 expensas
3211 385 3320 441 sibi
3368 386 3784 454 transmittere,
3816 395 3869 442 et

3733 275 3868 332 1000

2228 483 2581 538 sanctissima
2611 482 2844 536 ecclesia
2863 481 3149 554 expendat
3177 481 3432 552 quidem,
3461 481 3614 552 quod
3645 481 3766 552 ipse
3797 481 3875 534 ei-

2227 592 2338 647 que
2382 577 2512 630 inde
2555 575 2856 630 observare
2887 592 3001 630 non
3029 575 3298 647 patiatur.
3328 575 3628 629 Sancimus
3669 574 3866 644 igitur,

2221 669 2340 738 jam
2367 686 2400 721 a
2426 669 2588 722 nobis
2606 669 3041 739 positamlegem
3063 668 3121 722 in
3145 685 3242 722 sua
3266 685 3496 722 manere
3526 669 3738 722 virtute
3757 667 3868 722 sive

2228 762 2473 816 defuerit
2501 763 2610 815 Deo
2641 761 2902 816 amabilis
2933 762 3232 833 episcopus
3277 761 3541 818 Ecclesiae
3581 779 3724 829 suae,
3759 761 3868 816 sive
3909 813 3923 824 ,

2228 855 2472 926 amplius
2494 859 2722 926 tempus
2738 855 2954 909 nullam
2977 855 3030 908 ei
3050 854 3197 909 mitti
3219 871 3526 926 expensam
3554 855 3625 910 de
3644 856 3874 926 provin-

2229 949 2336 1020 cia,
2371 949 2467 1003 sed
2500 949 2654 1003 illam
2681 949 2913 1020 quidem
2951 949 3100 1003 circa
3144 955 3303 1003 actus
3346 949 3468 1020 pios
3499 954 3554 1004 et
3580 949 3867 1003 sanctissi-

2227 1058 2381 1096 mam
2408 1043 2712 1096 Ecclesiam
2742 1042 3007 1112 expendi,
3039 1042 3226 1113 ipsum
3272 1059 3405 1097 vero
3450 1042 3542 1096 hic
3579 1048 3870 1097 errantem

2229 1153 2342 1190 non
2376 1136 2638 1207 expensis
2667 1135 3079 1190 sanctissimam
3114 1135 3415 1190 Ecclesiam
3460 1152 3825 1206 prazgravare
3859 1153 3870 1188 :

2227 1245 2356 1283 cum
2391 1236 2606 1283 certum
2636 1229 2707 1283 sit
2754 1229 2906 1300 quod
2947 1229 2993 1282 si
3037 1229 3290 1300 plurimo
3320 1235 3574 1300 tempore
3602 1229 3873 1292 defuerit,

2227 1339 2354 1393 quae
2373 1323 2494 1393 jam
2515 1339 2547 1376 a
2563 1323 2722 1376 nobis
2736 1339 2906 1394 super
2925 1322 3144 1377 eisdem
3167 1323 3376 1377 sancita
3401 1329 3552 1388 sunt,
3575 1320 3871 1376 valebunt.

2226 1416 2504 1480 Quoniam
2534 1433 2664 1471 vero
2700 1416 2983 1488 contingit
3017 1416 3138 1486 jam
3185 1433 3286 1470 nos
3314 1415 3561 1470 sanxisse
3591 1421 3655 1470 ut
3682 1415 3730 1470 si
3761 1432 3875 1486 qua

2228 1508 2285 1563 in
2307 1509 2613 1580 provinciis
2636 1509 2905 1564 alienatio
2937 1510 3018 1564 rei
3037 1510 3340 1564 immobilis
3367 1509 3770 1580 ecclesiasticae
3799 1509 3874 1563 fa-

2228 1601 2428 1658 cienda
2457 1609 2558 1672 est,
2588 1603 2902 1658 secundum
2928 1603 3221 1658 decretum
3254 1603 3399 1657 hanc
3427 1603 3761 1674 procedere,
3795 1603 3870 1656 si-

2228 1695 2342 1750 cuti
2368 1696 2585 1752 dudum
2616 1697 2833 1768 prolata
2856 1696 3067 1751 anobis
3097 1697 3424 1752 constitutio
3445 1696 3601 1764 dicit,
3625 1695 3718 1766 agi
3739 1711 3873 1751 vero

489 1804 773 1875 bere,quo
802 1805 1062 1858 decentes
1091 1804 1228 1858 item
1255 1808 1514 1874 sumptus
1541 1803 1648 1857 illis
1675 1808 1796 1858 tum
1827 1803 1900 1856 ad
1929 1802 2123 1856 incen-
2147 1783 2204 1855 B
2229 1789 2520 1845 decretum
2549 1807 2661 1844 ηοῐι
2691 1791 2875 1845 δοὶιιηι
2896 1796 3175 1862 Ρΐαθδϐηῑθ
3205 1791 3314 1844 Πεο
3339 1789 3573 1844 amabili
3600 1789 3875 1861 ρρίεεορο

495 1897 681 1952 denda
708 1897 1035 1964 luminaria,
1067 1902 1189 1952 tum
1209 1897 1280 1952 ad
1307 1897 1771 1951 sustentationem
1799 1913 1999 1950 eorum
2027 1895 2130 1967 qui

489 1989 597 2046 illis
623 1998 821 2045 vacent
847 1997 904 2046 et
928 1990 1232 2058 assideant,
1261 2007 1449 2062 neque
1477 2007 1591 2044 non
1618 1991 1691 2044 ad
1723 2007 1942 2044 sacrum
1965 1989 2127 2043 mini-

491 2085 725 2140 sterium
754 2084 1060 2151 deliniant;
1094 2084 1191 2139 sed
1222 2084 1555 2156 relinquunt
1583 2101 1676 2138 eas
1706 2085 1762 2138 in
1789 2083 1958 2138 nudis
1985 2083 2125 2138 redi-

489 2177 650 2246 ﬁciis,
696 2179 782 2232 vel
809 2178 1020 2233 iterum
1046 2177 1432 2244 destruendas,
1463 2177 1552 2232 vel
1577 2194 1735 2232 sacro
1760 2177 1984 2232 orbatas
2013 2176 2124 2230 mi-

491 2271 746 2326 nisterio.

561 2365 858 2420 Sancimus
881 2363 1058 2435 igitur
1085 2369 1147 2418 ut
1171 2367 1300 2418 ante
1328 2364 1522 2418 omnia
1542 2363 1774 2435 quidem
1803 2363 1938 2418 illud
1969 2380 2128 2435 pera-

493 2464 682 2531 gatur,
711 2475 784 2513 ne
809 2458 935 2529 quis
974 2457 1264 2511 licentiam
1301 2457 1505 2512 habeat
1533 2458 1617 2511 vel
1647 2457 2002 2526 monasterii,
2037 2457 2124 2511 vel

491 2552 760 2619 ecclesiae,
793 2551 883 2604 vel
921 2550 1150 2604 oratorii
1189 2549 1620 2605 aedificationem
1665 2551 1934 2622 incipere,
1963 2551 2125 2622 prius

490 2663 662 2718 quam
693 2644 786 2698 Dei
830 2644 1249 2698 amantissimus
1277 2643 1515 2698 civitatis
1551 2643 1846 2716 episcopus
1883 2645 2120 2698 interve-

490 2739 675 2806 niens,
703 2738 761 2792 in
790 2738 909 2792 loco
935 2753 1132 2808 preces
1159 2736 1379 2802 fundat,
1405 2739 1462 2790 et
1484 2737 1712 2807 publico
1748 2737 1879 2791 illuc
1905 2754 2127 2808 proces-

491 2848 558 2886 su
583 2831 862 2899 instituto,
887 2846 1111 2884 crucem
1143 2831 1301 2901 tigat,
1334 2834 1390 2884 et
1413 2830 1626 2884 factum
1655 2830 1920 2884 omnibus
1950 2829 2126 2884 mani-

488 2925 699 2980 festum
748 2925 967 2978 reddat.
1007 2923 1163 2978 Multi
1211 2923 1370 2977 enim
1421 2924 1752 2978 simulantes
1791 2941 1849 2978 se
1878 2925 2126 2978 oratoria

486 3018 877 3084 fabricaturos,
905 3017 1020 3070 suis
1071 3016 1462 3088 obsequuntur
1491 3015 1783 3070 affectibus
1815 3021 1872 3070 et
1913 3017 2125 3071 morbis

489 3110 692 3179 animi,
723 3127 838 3164 non
868 3115 932 3165 ut
956 3109 1406 3164 orthodoxarum
1432 3109 1818 3177 ecclesiarum,
1843 3110 1938 3164 sed
1968 3109 2124 3164 illici-

485 3208 678 3259 tarum
701 3203 1098 3274 speluncarum
1128 3202 1451 3256 conditores
1478 3203 1612 3257 sint.
1641 3203 1852 3257 Deinde
1872 3220 1942 3257 ne
1961 3203 2126 3256 aliter

489 3297 559 3352 de
585 3313 734 3351 novo
761 3295 1055 3350 ecclesiam
1081 3295 1337 3363 aedificet,
1366 3311 1541 3366 quam
1569 3312 1696 3349 cum
1728 3297 1826 3349 Dei
1859 3295 2126 3350 amantis-

490 3389 634 3445 simo
661 3390 922 3460 episcopo
950 3405 1015 3442 ea
1033 3389 1100 3442 de
1122 3405 1181 3443 re
1211 3389 1382 3442 verba
1411 3389 1597 3458 faciat,
1623 3394 1678 3444 et
1696 3394 1810 3443 tam
1839 3389 1910 3444 ad
1939 3389 2126 3444 incen-

490 3483 676 3538 denda
701 3481 1005 3537 luminaria
1033 3485 1092 3536 et
1110 3482 1178 3536 ad
1206 3499 1426 3536 sacrum
1447 3482 1846 3551 ministerium,
1871 3500 2045 3554 quam
2066 3487 2128 3537 ut

490 3577 639 3632 mdes
660 3580 807 3630 sarta
835 3582 980 3631 tecta
1005 3576 1298 3645 habeatur,
1328 3581 1383 3630 et
1419 3577 1489 3629 ad
1528 3577 1992 3632 sustentationem
2029 3594 2124 3632 co-

487 3686 620 3726 rum
648 3670 745 3742 qui
788 3669 894 3723 illis
920 3673 1124 3724 vacent
1169 3668 1562 3736 et.assideant,
1606 3675 1826 3724 certum
1869 3670 2126 3741 pecunim

489 3764 729 3820 modum
768 3763 995 3819 finierit.
1026 3767 1101 3818 Ac
1151 3763 1196 3816 si
1239 3763 1498 3817 sufﬁcere
1531 3763 1805 3830 videatur,
1861 3769 1925 3818 ut
1971 3763 2127 3835 prius

490 3874 690 3914 eorum
735 3875 861 3930 quae
903 3857 1223 3928 deputanda
1267 3860 1401 3911 sunt
1453 3857 1814 3911 donationem
1863 3857 2123 3926 celebret,

488 3955 615 4007 tum
637 3949 870 4007 demum
896 3967 1111 4005 sacram
1135 3951 1316 4005 aedem
1339 3954 1605 4006 exstruat.
1622 3952 1900 4006 Cmterum
1921 3950 1965 4004 si
1988 3967 2126 4006 cum

489 4045 620 4118 quis
636 4045 706 4100 ad
724 4045 778 4100 id
799 4061 914 4098 non
927 4044 1185 4113 sufliciat,
1206 4044 1349 4098 nihil
1369 4044 1565 4099 ominu
1577 4061 1600 4098 s
1617 4047 1803 4099 tamen
1821 4043 2126 4115 cupiditate

489 4144 550 4194 et
573 4155 767 4193 amore
796 4137 1164 4208 comparandi
1195 4137 1463 4206 nominis,
1493 4140 1559 4192 ut
1587 4137 1797 4192 scilicet
1817 4138 1934 4210 ipse
1959 4138 2128 4192 eccle-

487 4232 586 4288 sias
606 4233 866 4288 conditor
889 4231 1228 4303 appelletur,
1253 4231 1360 4285 hoc
1385 4231 1520 4285 velit
1544 4231 1754 4300 facere,
1785 4231 1918 4303 quia
1946 4231 2128 4286 multa

488 4333 623 4385 sunt
651 4327 784 4382 hinc
815 4325 964 4395 inde,
1009 4331 1130 4379 tam
1170 4324 1228 4379 in
1277 4324 1380 4379 hac
1431 4324 1593 4396 regia
1643 4325 1806 4392 urbe,
1855 4341 2027 4396 quam
2067 4323 2126 4379 in

484 4421 786 4498 provinciis
812 4417 1080 4488 ecclesiaz,
1112 4419 1170 4473 in
1200 4419 1409 4491 quibus
1441 4419 1673 4472 tametsi
1724 4418 2127 4473 convenienter

2227 1883 2466 1938 civitatis
2495 1884 2731 1956 ejusque
2761 1885 2930 1951 clero,
2961 1884 3059 1938 sed
3104 1884 3273 1938 etiam
3325 1883 3715 1955 metropoleos
3757 1884 3878 1954 epi-

2227 1993 2416 2048 scopo,
2447 1995 2552 2032 nec
2583 1995 2696 2032 non
2728 1983 2786 2032 et
2812 1977 2949 2032 illud
2979 1978 3212 2050 insuper
3239 1983 3323 2033 est
3371 1978 3676 2045 sancitum,
3723 1983 3793 2032 ut
3830 1977 3877 2030 si

2228 2072 2606 2142 metropoleos
2633 2069 3019 2126 sanctissimus
3062 2072 3362 2144 episcopus
3405 2072 3635 2127 futurus
3661 2075 3751 2126 est
3775 2087 3872 2126 ve-

2226 2165 2506 2234 nundare,
2539 2166 2654 2220 sive
2705 2165 2828 2236 ejus
2876 2166 3124 2220 ecclesia
3170 2165 3510 2220 sanctissimi
3557 2163 3872 2232 ceconomi,

2227 2258 2364 2328 quid
2387 2263 2642 2329 oporteat
2669 2259 2810 2328 ﬁeri,
2841 2259 3013 2313 etiam
3048 2259 3153 2313 hoc
3181 2259 3502 2330 adjicimus,
3545 2264 3615 2313 ut
3648 2259 3764 2313 duo
3802 2275 3875 2313 ex

2227 2352 2440 2423 synodo
2465 2369 2594 2424 qua:
2622 2353 2725 2406 sub
2747 2369 2813 2407 eo
2839 2356 2922 2408 est
2951 2353 3064 2406 Deo
3093 2353 3422 2406 amabilium
3442 2352 3871 2424 episcoporum,

2226 2461 2596 2517 quoscunque
2608 2447 2864 2518 elegerit,
2882 2445 2988 2518 ipsi
3001 2445 3285 2515 intersint,
3305 2451 3363 2500 et
3375 2446 3482 2500 alia
3503 2447 3660 2500 omni
3674 2445 3871 2500 obser-

2226 2538 2448 2594 vatione
2479 2539 2776 2606 custodita,
2793 2556 2920 2611 quae
2932 2539 3056 2611 jam
3068 2539 3278 2594 sancita
3293 2545 3394 2608 est,
3413 2539 3716 2610 praesentia
3735 2539 3874 2593 duo-

2225 2649 2354 2687 rum
2371 2633 2481 2688 Deo
2497 2633 2825 2687 amabilium
2841 2633 3238 2705 episcoporum
3263 2633 3562 2702 adjiciatur
3590 2637 3655 2687 ut
3674 2649 3851 2688 secun
3865 2667 3876 2677 -

2227 2725 2364 2780 dum
2390 2743 2446 2780 se
2469 2726 2726 2781 videatur
2749 2744 2880 2782 cum
2901 2744 3000 2781 sua
3029 2727 3242 2799 synodo
3270 2744 3393 2780 rem
3423 2743 3596 2798 agere
3623 2733 3678 2781 et
3726 2727 3874 2781 sicut

2224 2819 2344 2890 ipse
2373 2837 2494 2874 rem
2521 2820 2654 2875 facit
2677 2821 3023 2888 credibilem,
3054 2824 3110 2875 et
3134 2820 3504 2874 sufticienlem
3537 2821 3590 2874 ei
3632 2821 3732 2893 qui
3767 2820 3873 2874 sub

2225 2929 2292 2968 eo
2315 2915 2656 2968 constitutus
2681 2919 2783 2980 est,
2825 2914 2960 2969 dum
2989 2931 3238 2986 praesens
3276 2918 3380 2982 est,
3413 2914 3490 2968 ita
3519 2920 3574 2968 et
3605 2915 3715 2985 ipsi
3742 2931 3875 2985 quze

2225 3007 2330 3061 sub
2369 3024 2435 3062 eo
2473 3013 2557 3062 est
2604 3007 2850 3078 synodus
2894 3024 3144 3079 praesens
3187 3025 3288 3079 per
3321 3008 3462 3062 duos
3505 3008 3617 3062 Deo
3657 3008 3878 3062 amabi-

2225 3100 2364 3154 lium
2389 3101 2785 3172 episcoporum
2815 3101 3098 3156 videbitur
3126 3119 3248 3156 rem
3276 3101 3537 3172 przebere
3572 3101 3872 3156 sanctissi-

2146 3155 2201 3228 Ο
2225 3209 2380 3248 mam
2407 3201 2666 3250 sumente
2703 3212 2773 3250 ex
2804 3195 3131 3266 hujusmodi
3157 3195 3372 3266 synodo
3391 3195 3810 3250 testimonium.

2299 3288 2448 3342 Hanc
2476 3305 2605 3342 vero
2631 3294 2884 3342 nostram
2923 3280 3131 3360 legem,
3161 3293 3280 3342 tam
3301 3289 3370 3344 ad
3399 3289 3598 3344 sedem
3627 3290 3877 3344 beatitu-

2227 3381 2375 3436 diuis
2398 3387 2511 3436 tua:
2537 3399 2708 3452 quam
2727 3382 2797 3436 ad
2824 3387 3057 3436 caeteros
3082 3381 3468 3437 transmissam
3490 3383 3871 3453 patriarchas,

2226 3474 2328 3546 ipsi
2346 3492 2446 3546 per
2457 3475 2712 3546 proprias
2726 3475 2938 3530 litteras
2963 3476 3064 3530 sub
3082 3475 3237 3529 vobis
3253 3476 3570 3530 constitutis
3587 3481 3874 3548 metropo-

2225 3568 2414 3622 litauis
2431 3569 2792 3624 manifestam
2818 3568 3052 3624 facietis.
3079 3567 3428 3633 Quirursum
3452 3570 3556 3624 sub
3582 3587 3643 3624 se
3668 3567 3874 3642 positis

2227 3661 2502 3733 episc0pis
2532 3679 2656 3717 eam
2684 3662 3078 3734 divulgabunt,
3095 3679 3166 3716 ne
3182 3663 3316 3734 quid
3332 3663 3503 3718 lateat
3522 3680 3723 3719 eorum
3741 3681 3873 3736 qua:

2223 3771 2256 3809 a
2316 3755 2483 3810 nobis
2529 3757 2829 3810 constituta
2867 3761 3019 3811 sunt.
3072 3757 3171 3811 Dat
3216 3757 3278 3810 K.
3324 3755 3474 3810 Maii.
3507 3758 3869 3813 Constantia.

2226 3847 2364 3921 imp.
2396 3849 2492 3904 du.
2515 3850 2715 3904 Justin.
2739 3850 2842 3904 PP.
2865 3853 3010 3921 Aug.
3035 3866 3171 3904 ann.
3200 3849 3535 3906 t2..loaune.
3558 3867 3614 3906 v.
3638 3868 3689 3908 c.
3711 3868 3869 3908 cons.

2755 3988 3078 4044 NOMELLA
3127 3989 3314 4044 LXXV.

2223 4081 2350 4136 Hzc
2375 4082 2679 4154 constitutio
2707 4084 3102 4152 interpretatur
3122 4087 3359 4154 priorem
3401 4088 3866 4149 constitutionem,

2297 4169 2417 4222 quas
2442 4153 2508 4207 de
2535 4153 2618 4208 his
2643 4154 2758 4208 lata
2779 4160 2876 4216 est,
2905 4157 3002 4224 qui
3024 4153 3410 4224 ingrediuntur
3435 4160 3792 4219 monasteria,
3815 4165 3868 4212 et

2297 4225 2632 4300 substantias
2651 4241 2778 4280 suas
2797 4233 3126 4288 consecrant,
3141 4231 3192 4281 et
3207 4243 3274 4281 ea:
3297 4243 3400 4297 quo
3427 4229 3603 4297 ipsam
3632 4233 3866 4300 tempore

2296 4297 2479 4350 valere
2504 4301 2767 4366 Oportcat.

2301 4412 2456 4466 ldem
2485 4412 2798 4482 imperator
2814 4411 3018 4466 Joanni
3046 4413 3450 4484 gloriosissimo
3482 4409 3864 4473 Orientalium

485 4517 677 4574 omnia
706 4516 984 4571 obeantur
1012 4512 1346 4578 ministeria,
1379 4517 1573 4566 tamen
1599 4511 1916 4584 periculum
1947 4518 2030 4567 est
2053 4529 2124 4566 ne
2145 4530 2203 4602 D
2225 4505 2624 4577 pl'zetoriorum
2643 4506 2934 4576 praefecto,
2964 4504 3171 4560 iterum
3187 4509 3491 4562 exconsule
3519 4515 3578 4564 et
3603 4511 3863 4581 patricio.

483 4629 605 4687 pra:
635 4615 912 4666 vetustate
955 4607 1273 4676 concidant,
1305 4611 1404 4661 aut
1425 4606 1596 4660 etiam
1639 4623 1823 4678 parva:
1853 4606 2120 4675 existant,

485 4713 586 4762 aut
612 4705 836 4760 minore
865 4706 1067 4758 ornatu
1100 4718 1272 4774 quam
1302 4702 1536 4772 cupiant
1561 4699 1622 4754 hi
1649 4701 1746 4772 qui
1775 4717 1932 4754 sacra
1959 4700 2015 4754 iu
2059 4700 2124 4756 iis

484 4803 732 4856 tractant
755 4797 1034 4865 manibus,
1056 4796 1244 4850 licebit
1265 4811 1400 4848 sane
1427 4793 1480 4847 ei
1502 4809 1676 4847 unam
1699 4811 1766 4848 ex
1795 4793 2122 4864 liujusmodi

485 4893 734 4949 ecclesiis
761 4893 1076 4958 desumere,
1108 4894 1164 4944 et
1196 4889 1344 4943 hanc
1371 4887 1744 4955 exzediticare,
1778 4887 1868 4940 hic
1895 4903 2122 4958 quoque

481 5005 616 5045 cum
667 4986 901 5041 scientia
943 4990 1000 5038 et
1037 4999 1312 5038 consensu
1358 4981 1456 5036 Dei
1515 4979 1890 5036 amantissimi
1936 4981 2124 5034 ortho-

485 5077 767 5134 doxorum
788 5072 1032 5146 episcopi
1051 5089 1116 5127 ea
1141 5087 1200 5126 re
1215 5071 1675 5127 conficiendaJta
1694 5070 1844 5126 enim
1862 5071 2122 5125 futurum

485 5178 571 5229 est
595 5175 662 5227 ut
689 5176 745 5225 et
769 5185 940 5224 sacra:
971 5167 1107 5222 aedis
1153 5165 1421 5221 conditor
1458 5167 1796 5238 appelletur,
1825 5181 2013 5236 neque
2053 5165 2122 5220 de

484 5284 588 5323 suo
621 5265 934 5337 quidquam
974 5265 1248 5333 prieterea
1275 5265 1533 5330 sumptus
1582 5259 1769 5328 addat,
1803 5259 2122 5330 sumptibus

484 5378 591 5434 pro
618 5376 774 5415 more
798 5359 920 5429 jam
944 5355 1015 5411 ad
1040 5355 1145 5409 hoc
1177 5354 1456 5425 deputatis
1484 5353 1913 5424 suppeditandis
1938 5353 2009 5408 ab
2036 5353 2124 5408 his

485 5455 584 5528 qui
610 5454 772 5528 prius
796 5466 1022 5536 quoque
1040 5465 1132 5530 eas
1163 5446 1523 5519 erogationes
1546 5445 1843 5501 faciebant.

555 5547 698 5604 lllud
721 5561 948 5618 quoque
977 5542 1279 5610 sancimus,
1303 5543 1584 5613 quatenus
1612 5540 1920 5596 secundum
1939 5541 2062 5612 jam
2089 5558 2124 5596 a

483 5641 646 5698 nobis
674 5639 952 5711 prolatam
977 5637 1187 5708 legem,
1212 5636 1323 5690 Deo
1347 5632 1620 5688 amabiles
1645 5633 1893 5704 episcopi
1917 5633 1972 5688 in
2004 5634 2122 5689 suis

485 5734 742 5792 Ecclesiis
771 5736 1036 5786 maneant
1055 5735 1111 5786 et
1137 5745 1253 5785 non
1278 5725 1850 5800 relinquantquidem
1874 5743 1987 5797 eas,
2016 5743 2124 5799 per

488 5829 717 5901 tempus
740 5841 874 5882 vero
900 5823 1146 5880 multum
1194 5822 1283 5879 hic
1321 5825 1638 5892 morentur,
1683 5825 1739 5878 et
1777 5825 1984 5895 cogant
2019 5838 2124 5896 per

2295 4600 2468 4654 Causa
2499 4601 2624 4654 talis
2653 4599 2723 4654 ad
2767 4616 2870 4654 nos
2896 4599 3174 4670 pervenit,
3212 4619 3384 4673 quam
3411 4602 3866 4659 existimavimus

2223 4695 2486 4766 oportere
2499 4691 2845 4766 competenti
2865 4690 2952 4747 uti
2967 4711 2998 4747 a
3024 4694 3184 4748 nobis
3203 4695 3677 4766 interpretatione
3696 4699 3867 4753 simul

2223 4793 2280 4843 et
2293 4787 2594 4858 adjutorio.
2611 4789 2990 4860 Cognovimus
3005 4790 3214 4846 etenim
3231 4790 3364 4861 quia
3377 4789 3582 4845 mulier
3597 4792 3870 4863 quaedam

2223 4880 2440 4936 habens
2467 4881 2672 4950 tilium,
2700 4883 2806 4937 sibi
2833 4899 2901 4938 ex
2928 4885 3142 4957 nuptiis
3167 4883 3439 4956 legitimis
3475 4891 3864 4956 procreatum,

2221 4973 2399 5028 voluit
2422 4975 2652 5046 quidem
2682 4992 2981 5048 segregare
3013 4994 3072 5032 se
3105 4995 3136 5030 a
3161 4977 3455 5031 communi
3492 4977 3598 5032 ista
3625 4995 3864 5035 conver-

2222 5067 2458 5136 satione,
2485 5069 2616 5123 etin
2647 5070 2893 5141 quodam
2914 5071 3224 5126 mulierum
3248 5071 3592 5127 monasterio
3615 5089 3868 5129 comma-

2221 5177 2380 5231 nere,
2403 5161 2645 5232 plurima
2672 5163 2822 5219 bona
2849 5165 3061 5220 faciens
3089 5165 3424 5221 mulieribus
3449 5169 3863 5224 reverendissi-

2222 5255 2330 5309 mis
2355 5253 2564 5310 ibidem
2593 5260 2975 5330 congregatis.
3007 5260 3074 5314 Et
3095 5259 3369 5332 quoniam
3401 5265 3611 5314 nostrae
3633 5262 3860 5332 pietatis

2221 5348 2314 5404 lex
2342 5350 2462 5404 vult
2489 5367 2585 5406 eos
2608 5352 2706 5423 qui
2737 5370 2794 5407 se
2815 5353 3171 5408 monasteriis
3199 5353 3532 5422 dedicarint,
3561 5371 3663 5410 seu
3691 5355 3856 5426 viros,

2222 5459 2322 5498 seu
2346 5445 2633 5513 mulieres,
2665 5453 2968 5520 antequam
2997 5446 3400 5520 ingrediantur
3423 5451 3858 5520 monasterium,

2222 5554 2290 5594 eo
2315 5555 2428 5612 quo
2453 5537 2736 5596 voluerint
2761 5541 2928 5597 modo
2953 5558 3082 5614 quas
3107 5558 3208 5597 sua
3239 5547 3374 5596 sunt
3400 5541 3726 5614 disponere,
3759 5561 3860 5600 nec

2221 5633 3131 5706 posse,postquamingrediuntur
3155 5635 3588 5701 monasterium,
3621 5638 3857 5694 ulterius

2221 5742 2391 5799 agere
2415 5727 2730 5801 quidquam
2759 5728 2828 5784 de
2865 5729 3132 5802 propriis,
3160 5733 3223 5785 ut
3250 5736 3380 5803 pote
3407 5729 3628 5788 domini
3659 5747 3854 5788 rerum

2221 5837 2338 5878 non
2383 5821 2623 5878 ulterius
2661 5820 2983 5897 existentes,
3013 5839 3082 5881 eo
3107 5818 3263 5902 quod
3319 5825 3398 5883 sic
3445 5825 3857 5886 sanciverimus
