4032 6232
177 402 304 453 1001

1000 397 1364 456 ΙΗΒΤῘΝΙΑΝΙ
1404 397 1731 456 NOVELLIE
1770 395 2105 454 SELECTE.
2148 397 2454 453 NOVELLA
2494 395 2714 450 LXXIX.

3413 406 3430 452 1
3443 405 3546 458 00'2

169 509 505 580 hujusmodi
533 509 683 564 viros
709 513 764 564 et
790 509 1054 565 mulieres
1088 527 1219 566 cum
1251 527 1487 583 corpore
1529 516 1587 566 et
1617 513 1810 566 anima
1830 521 1890 596 Α
1910 525 2083 580 quam
2105 515 2170 564 ut
2195 510 2293 581 qui
2321 509 2450 564 fidei
2483 514 2693 564 nostra:
2732 525 2764 562 a
2807 508 3038 563 domino
3079 510 3190 564 Deo
3240 515 3549 570 concrediti

166 604 292 674 ipso
324 603 588 674 ingressu
619 604 686 657 ad
715 604 1121 658 monasterium
1167 605 1425 659 dedicare
1471 621 1528 660 se
1570 622 1809 677 suasque

167 696 538 765 substantias,
567 701 624 751 et
649 696 929 767 siquidem
957 697 1334 763 discesserint,
1363 713 1592 753 manere
1635 699 1812 753 etiam

169 791 247 844 sic
273 806 478 844 eorum
509 789 849 844 substantias
875 790 934 844 in
960 791 1387 859 monasterium,
1421 807 1488 845 eo
1515 792 1665 862 quod
1711 793 1812 846 do-

169 883 317 938 mini
349 884 556 938 harum
589 883 828 938 ulterius
855 901 971 938 non
997 883 1245 939 existunt
1272 901 1284 938 :
1313 884 1444 938 hinc
1475 889 1664 938 autem
1690 902 1811 940 me-

168 984 354 1046 tuere,
408 994 479 1031 ne
527 978 668 1032 forte
705 978 983 1048 (quamvis
1023 983 1213 1032 nostra
1259 979 1583 1032 constitutio
1632 980 1812 1033 multo

171 1071 453 1142 posterior
483 1070 556 1124 sit
598 1086 768 1141 quam
812 1087 944 1124 cum
971 1071 1031 1126 in
1058 1071 1392 1142 praedictam
1436 1071 1815 1126 venerabilem

170 1164 412 1217 domum
442 1164 699 1234 ingressa
725 1168 809 1217 est
837 1163 1034 1234 (aliqui
1078 1165 1416 1235 prohibeant
1439 1180 1563 1218 eam
1593 1164 1813 1234 prOSpi-

171 1272 300 1310 cere
329 1273 434 1311 suo
462 1257 595 1324 ﬁlio,
615 1261 672 1311 et
701 1263 961 1328 oportere
981 1263 1214 1328 propter
1241 1258 1578 1328 praedictum
1599 1261 1815 1312 metum

173 1350 296 1404 haec
324 1350 707 1421 interpretari,
732 1354 789 1404 et
809 1351 933 1421 lege
962 1356 1154 1405 nostra
1188 1351 1310 1405 fieri
1342 1351 1662 1417 manifesta,
1683 1352 1816 1422 quia

170 1443 316 1497 nihil
349 1445 485 1497 laesa
513 1443 602 1511 sit,
632 1449 730 1497 aut
777 1445 898 1514 ipsa
933 1455 1030 1498 aut
1066 1445 1213 1497 filius
1248 1446 1369 1514 ejus
1409 1445 1559 1498 circa
1600 1446 1722 1514 ejus
1751 1461 1816 1498 ex

169 1540 493 1590 memorata
553 1537 950 1592 constitutione
1012 1538 1443 1592 successionem.
1513 1540 1817 1608 Propterea

171 1631 482 1698 sancimus,
511 1630 556 1683 si
588 1631 715 1701 quis
757 1631 1161 1684 monasterium
1210 1631 1546 1685 habitaverit
1590 1630 1676 1684 vir
1720 1636 1819 1684 aut

169 1725 381 1778 mulier
410 1728 542 1777 ante
572 1724 906 1794 praedictam
939 1729 1191 1777 nostram
1219 1723 1699 1789 constitutionem,
1721 1728 1818 1776 aut

170 1817 450 1871 hactenus
478 1816 712 1885 habitat,
747 1820 803 1871 et
828 1818 1074 1870 maxime
1099 1817 1229 1870 tiliis
1254 1816 1620 1870 existentibus
1643 1859 1656 1882 ,
1685 1818 1814 1870 nul-

169 1912 288 1964 lam
330 1911 544 1965 habere
585 1910 979 1964 necessitatem
1011 1927 1160 1964 nunc
1209 1927 1408 1964 eorum
1445 1910 1818 1964 substantiam

171 2005 231 2057 in
259 2004 691 2069 monasterium,
724 2004 819 2057 sed
845 2003 960 2057 ﬁlio
989 2008 1089 2057 aut
1118 2003 1247 2057 tilia:
1278 2003 1689 2070 transmittere,
1723 2007 1820 2056 aut

171 2103 354 2151 totam
391 2103 488 2151 aut
523 2097 694 2150 etiam
730 2103 953 2166 partem
992 2114 1107 2150 suae
1139 2097 1463 2150 substantiae
1483 2139 1495 2162 ,
1527 2103 1624 2150 aut
1648 2097 1817 2150 etiam

171 2207 288 2261 quo
319 2191 562 2244 voluerit
590 2190 760 2243 modo
803 2207 890 2243 res
930 2206 1058 2243 suas
1095 2190 1391 2259 disponere
1423 2206 1436 2244 :
1469 2195 1664 2261 utpote
1699 2191 1816 2260 pri-

171 2300 332 2337 mam
359 2283 515 2337 illam
532 2284 718 2353 legem
741 2283 851 2336 alia
875 2288 1070 2336 nostra
1092 2283 1197 2336 hac
1220 2284 1620 2338 constitutione
1649 2283 1820 2337 inter-

170 2381 437 2447 pretante
454 2367 565 2444 (eos
586 2376 737 2429 enim
750 2376 847 2446 qui
869 2377 1041 2429 semel
1057 2381 1187 2430 ante
1209 2381 1581 2430 memoratam
1603 2377 1819 2430 dudum

172 2475 430 2523 nostram
452 2471 640 2539 legem
655 2468 995 2523 monasteria
1008 2469 1362 2533 intraverint,
1387 2469 1444 2522 in
1458 2471 1618 2523 nullo
1640 2470 1819 2540 posita

171 2567 370 2634 postea
395 2563 486 2616 lex
511 2562 929 2630 contristatura,
961 2567 1060 2615 aut
1089 2562 1346 2616 ablatura
1373 2567 1459 2616 est
1488 2562 1575 2616 his
1597 2578 1658 2616 ea
1691 2578 1818 2633 quae

172 2657 334 2727 prius
365 2656 464 2721 eis,
500 2661 561 2708 ut
600 2655 751 2721 licet,
788 2655 917 2709 data
961 2658 1132 2721 sunt),
1178 2671 1362 2725 neque
1408 2656 1567 2726 prius
1607 2659 1819 2710 nostrae

175 2749 320 2820 legis
346 2749 820 2818 impedimentum
839 2748 1063 2817 penitus
1088 2749 1346 2816 faciente,
1367 2765 1433 2802 eo
1453 2749 1604 2819 quod
1631 2763 1818 2818 neque

172 2841 441 2913 possibile
462 2841 534 2894 sit
555 2841 667 2894 hoc
693 2841 839 2906 fieri,
865 2845 927 2894 ut
947 2841 1292 2911 oportuisset
1317 2841 1473 2911 prius
1495 2842 1814 2912 disponere,

174 2942 232 2990 et
257 2935 338 2988 ita
363 2934 586 3005 ingredi
625 2934 1050 2988 monasterium.
1081 2933 1141 2988 Si
1180 2951 1314 2988 vero
1345 2935 1502 2988 nulla
1537 2940 1672 2989 tunc
1720 2935 1818 2988 tali

173 3029 303 3099 lege
335 3028 520 3098 posita
547 3028 606 3080 in
632 3027 1042 3081 monasterium
1087 3027 1340 3096 ingressa
1382 3033 1500 3095 est,
1535 3029 1817 3098 quomodo

174 3122 300 3175 ﬁeri
326 3121 582 3192 potuerit
595 3121 841 3175 converti
865 3120 1124 3174 ordinem
1149 3120 1313 3191 legis,
1333 3125 1388 3175 et
1399 3121 1626 3190 exigere
1642 3125 1704 3174 ut
1719 3121 1816 3191 qui

172 3216 336 3286 prius
362 3215 603 3287 ingressi
633 3219 765 3268 sunt
806 3214 1246 3280 monasterium,
1299 3214 1394 3267 illa
1433 3214 1639 3268 faciant
1686 3231 1816 3284 quae

171 3308 332 3379 prius
358 3307 638 3378 ignorata,
669 3313 863 3379 postea
887 3324 992 3378 per
1018 3323 1232 3361 sacram
1259 3312 1515 3362 nostram
1545 3307 1812 3362 constitu-

171 3402 390 3456 tionem
419 3406 550 3455 sunt
591 3401 876 3454 innovate.
915 3400 1023 3454 Sed
1056 3417 1523 3471 unumquemque
1549 3402 1820 3471 competit

173 3495 491 3549 secundum
536 3510 637 3547 sua
677 3499 938 3564 tempora
975 3498 1299 3563 exspectare
1339 3509 1437 3561 ea;
1483 3497 1542 3547 et
1587 3493 1816 3568 quidem

173 3605 302 3660 quae
323 3590 450 3658 post
471 3588 655 3657 legem
676 3591 827 3653 sunt,
842 3586 919 3640 ita
938 3603 1193 3656 quazrere
1224 3586 1366 3652 fieri,
1395 3586 1538 3640 sicut
1567 3586 1657 3640 lex
1678 3587 1815 3640 vult.

176 3681 230 3736 Si
261 3681 400 3751 quid
426 3685 618 3734 autem
643 3682 773 3734 ante
796 3680 984 3750 legem
1014 3680 1377 3733 subsecutum
1405 3684 1519 3744 est,
1547 3680 1656 3733 hoc
1701 3696 1818 3733 non

174 3789 556 3838 commovere,
586 3789 771 3843 neque
799 3773 1174 3843 perscrutari,
1215 3773 1312 3827 sed
1339 3773 1398 3826 in
1427 3771 1605 3843 priori
1636 3773 1819 3842 figura

176 3869 522 3938 relinquere.
557 3867 682 3920 Haec
715 3865 894 3936 igitur
937 3866 1027 3920 lex
1061 3882 1164 3936 pro
1197 3865 1663 3935 interpretatione
1692 3865 1818 3920 utili

176 3961 359 4033 posita
385 3961 458 4014 sit
483 3959 686 4031 prioris
714 3965 923 4013 nostra
961 3959 1112 4013 illius
1161 3959 1602 4024 constitutionis,
1634 3962 1699 4012 ut
1722 3959 1819 4013 illa

175 4057 233 4109 in
265 4053 674 4126 posterioribus
703 4053 1077 4124 temporibus,
1101 4068 1166 4105 ex
1191 4069 1303 4123 quo
1328 4052 1472 4106 facta
1499 4056 1600 4118 est,
1630 4052 1817 4106 locum

175 4149 386 4202 habeat
407 4165 420 4213 ;
445 4152 502 4203 et
535 4147 623 4201 his
647 4147 744 4218 qui
769 4151 964 4217 postea
990 4150 1410 4212 convertentur,
1437 4145 1570 4198 viris
1597 4161 1660 4198 ac
1686 4161 1816 4199 mu-

175 4243 416 4297 lieribus
442 4242 620 4312 posita
650 4241 756 4307 sit,
795 4240 1011 4312 sibique
1038 4241 1374 4310 potestatem
1400 4239 1459 4292 in
1490 4239 1604 4293 illis
1633 4244 1816 4293 custo-

175 4337 310 4398 diat,
343 4335 503 4388 nullo
531 4334 736 4388 horum
765 4349 893 4404 quae
925 4338 1092 4388 antea
1125 4332 1338 4388 fuerint
1364 4333 1772 4404 perscrutando
1801 4349 1814 4386 :

174 4445 307 4484 cum
334 4426 564 4481 licentia
584 4426 655 4480 sit
683 4425 967 4496 prioribus
988 4426 1120 4479 viris
1139 4443 1203 4479 ac
1229 4426 1563 4480 mulieribus
1587 4425 1687 4496 qui
1714 4426 1816 4479 ha-

169 4521 517 4589 bitaverunt,
537 4522 637 4573 aut
673 4518 845 4573 etiam
867 4518 1138 4572 hactenus
1159 4519 1421 4573 habitant
1447 4518 1508 4573 in
1533 4522 1814 4573 monaste-

1912 608 2062 673 sunt,
2085 604 2321 658 honeste
2350 603 2560 670 vivant,
2606 607 2662 656 et
2709 603 2829 672 ejus
2874 603 3323 660 benevolentiam
3363 608 3551 662 deme~

1911 701 2164 764 reantur,
2187 697 2506 768 praesertim
2529 713 2659 750 cum
2686 695 2785 750 Dei
2811 712 2946 766 erga
2972 697 3235 753 homines
3257 716 3418 754 amor
3437 719 3548 756 non

1912 791 2227 856 interitum,
2257 790 2356 844 sed
2385 790 2806 844 conversionem
2831 806 2895 844 ac
2922 791 3159 846 salutem
3186 793 3340 862 velit;
3371 799 3429 849 et
3456 812 3552 849 eos

1913 885 2013 956 qui
2037 884 2242 938 alicubi
2274 883 2651 951 offenderunt,
2686 885 2828 937 Deus
2853 884 3021 938 simul
3050 891 3230 956 atque.
3252 887 3552 958 eriguntur

1915 983 1971 1032 et
1997 978 2056 1031 in
2082 978 2233 1031 viam
2259 977 2520 1046 redeunt,
2555 976 2839 1048 suscipiat.
2876 979 2996 1041 Qua
3028 978 3198 1032 etiam
3224 980 3292 1034 de
3332 998 3392 1035 re
3424 998 3549 1037 om-

1915 1087 2014 1126 nes
2043 1072 2428 1138 cohortamur,
2449 1074 2510 1125 ut
2527 1071 2626 1124 Dei
2642 1070 2908 1124 timorem
2929 1071 2987 1125 in
3007 1072 3196 1126 animo
3209 1075 3549 1145 concipiant,

1916 1170 1973 1219 et
1997 1165 2118 1235 ejus
2142 1164 2445 1234 implorent
2471 1163 2900 1233 benignitatem.
2942 1165 3007 1219 Et
3033 1166 3244 1219 scimus
3270 1167 3424 1237 quod
3452 1170 3553 1239 qui

1917 1259 2092 1311 Deum
2121 1257 2382 1327 diligunt,
2415 1257 2624 1327 quique
2652 1257 2772 1326 ejus
2810 1258 3204 1327 praestolamur
3229 1259 3550 1318 misericoro

1919 1351 2097 1418 diam,
2129 1351 2233 1403 hoc
2263 1353 2454 1420 agant.
2489 1350 2626 1412 Quia
2660 1366 2791 1403 vero
2828 1351 3099 1404 diabolica
3139 1353 3370 1424 quidam
3398 1355 3554 1410 insti-

1921 1445 2143 1513 gatione
2173 1443 2408 1510 detenti,
2439 1443 2792 1511 gravioribus
2819 1443 3030 1513 seipsos
3060 1446 3296 1499 luxuriis
3325 1448 3553 1502 commi-

1919 1541 2132 1605 serunt,
2169 1542 2223 1590 et
2254 1537 2357 1607 ipsi
2388 1541 2604 1590 naturae
2629 1537 2908 1590 contraria
2927 1537 3160 1604 faciunt,
3183 1540 3553 1596 adhortamur

1919 1636 1975 1684 et
1995 1631 2180 1696 hosce,
2203 1635 2264 1684 ut
2286 1630 2383 1682 Dei
2412 1630 2672 1682 timorem
2693 1636 2748 1683 et
2767 1630 3021 1683 futurum
3037 1631 3316 1700 judicium
3344 1633 3400 1686 in
3427 1635 3551 1687 ani-

1919 1740 2012 1776 mo
2039 1723 2377 1794 concipiant,
2408 1727 2463 1776 et
2493 1723 2810 1776 istiusmodi
2842 1723 3133 1777 diabolicis
3168 1729 3223 1777 et
3243 1727 3550 1781 illicitislu-

1919 1816 2096 1870 xuriis
2127 1816 2466 1884 abstineant,
2498 1832 2568 1869 ne
2594 1832 2694 1887 per
2719 1821 2835 1869 tam
2863 1816 3038 1887 impia
3073 1818 3324 1872 facinora
3349 1837 3379 1873 a
3403 1821 3556 1889 justa

1838 1890 1894 1961 B
1921 1910 2016 1963 Dei
2044 1910 2130 1962 ira
2156 1909 2242 1962 vel
2284 1909 2453 1962 urbes
2496 1925 2626 1962 cum
2667 1909 2780 1963 suis
2818 1909 3015 1962 incolis
3043 1927 3270 1980 pessum
3299 1912 3380 1965 ire
3409 1913 3556 1966 inve-

1921 2003 2167 2056 niantur.
2222 2004 2322 2054 Per
2376 2008 2596 2055 sanctas
2653 2003 2803 2055 enim
2852 2003 3170 2072 Scripturas
3227 2006 3551 2075 edocemur,

1918 2095 2072 2165 quod
2104 2096 2175 2149 ob
2220 2102 2338 2148 tam
2383 2095 2558 2164 impia
2602 2096 2846 2148 facinora
2888 2096 3056 2149 etiam
3089 2097 3255 2151 urbes
3283 2115 3393 2151 una
3425 2117 3555 2153 cum

1919 2189 2242 2242 hominibus
2273 2188 2562 2258 perierint.
2615 2191 2850 2259 Insuper
2894 2190 3027 2259 quia
3067 2191 3214 2244 ultra
3259 2193 3557 2261 praedictos

1920 2282 2150 2352 quidam
2179 2281 2537 2335 exsecrabilia
2559 2283 2729 2335 etiam
2745 2283 2916 2335 verba
2935 2289 2990 2336 et
3009 2284 3328 2352 juramenta
3351 2286 3418 2338 de
3445 2287 3554 2340 Deo

1920 2375 2234 2445 proferunt,
2266 2376 2444 2428 Deum
2479 2380 2846 2443 provocantes
2877 2376 2949 2429 ad
2981 2376 3351 2444 iracundiam,
3381 2381 3558 2432 consi-

1919 2468 2133 2522 militer
2180 2473 2236 2521 et
2287 2468 2391 2521 hos
2434 2467 2826 2535 admonemus,
2866 2475 2930 2522 ut
2972 2473 3086 2522 tam
3124 2471 3558 2525 exsecrabilibus

1919 2561 2122 2630 verbis,
2142 2566 2198 2615 et
2224 2560 2361 2614 item
2382 2577 2485 2632 per
2502 2561 2787 2630 capillum,
2813 2565 2868 2614 et
2887 2566 3056 2632 caput
3081 2564 3553 2634 adjurationibus,

1919 2660 1975 2708 et
2015 2655 2069 2708 id
2110 2671 2292 2725 genus
2318 2654 2439 2708 aliis
2476 2654 2660 2708 verbis
2699 2655 3038 2708 abstineant.
3069 2657 3206 2709 Nam
3236 2657 3281 2710 si
3307 2658 3558 2712 convicia

1918 2748 2248 2802 hominibus
2274 2748 2494 2817 ingesta
2539 2748 2736 2801 saltem
2771 2747 2948 2801 inulta
2975 2765 3086 2801 non
3128 2750 3556 2821 relinquuntur,

1918 2842 2099 2895 multo
2129 2841 2308 2912 magis
2335 2841 2430 2911 qui
2470 2840 2720 2894 divinum
2767 2856 2982 2894 numen
3025 2843 3286 2895 conviciis
3329 2843 3558 2898 incessit

1918 2935 2124 3005 dignus
2153 2940 2236 2988 est
2255 2935 2352 3004 qui
2384 2934 2726 3004 supplicium
2747 2934 3037 2988 sustineat.
3064 2936 3365 3004 Propterea
3385 2936 3560 3006 igitur

1916 3044 2112 3082 omnes
2154 3027 2483 3097 hujusmodi
2527 3027 2910 3093 cohortamur,
2948 3033 3011 3081 ut
3051 3028 3307 3098 praefatis
3343 3029 3559 3083 delictis

1917 3121 2252 3188 abstineant,
2283 3125 2338 3174 et
2365 3121 2463 3173 Dei
2493 3121 2755 3174 timorem
2804 3120 2861 3173 in
2911 3121 3162 3174 animum
3213 3128 3468 3191 sumant,
3501 3125 3559 3176 et

1917 3231 2008 3269 eos
2035 3214 2132 3284 qui
2157 3215 2390 3267 honeste
2413 3215 2584 3267 vitam
2613 3214 2955 3283 transigunt,
2988 3215 3303 3269 imitentur.
3326 3217 3559 3286 Propter

1920 3307 2251 3377 hujusmodi
2276 3307 2430 3360 enim
2463 3307 2666 3361 delicta
2689 3312 2744 3360 et
2777 3307 2984 3375 fames,
3018 3311 3075 3361 et
3098 3314 3470 3375 terraamotus,
3502 3313 3559 3362 et

1918 3401 2253 3472 pestilentiae
2282 3399 2640 3454 oboriuntur.
2673 3405 2852 3470 Atque
2892 3401 2997 3454 hoc
3028 3418 3208 3471 genus
3253 3401 3558 3456 hominum

1919 3499 2234 3565 propterea,
2253 3496 2314 3545 ut
2330 3493 2660 3547 memoratis
2681 3493 2883 3547 illicitis
2894 3493 3210 3548 actionibus
3221 3495 3557 3562 abstineant,

1919 3589 2311 3652 admonemus,
2356 3603 2429 3639 ne
2474 3603 2600 3639 suas
2641 3586 2892 3655 ipsorum
2927 3587 3144 3640 animas
3169 3587 3470 3657 conjiciant
3495 3589 3554 3642 in

1918 3680 2231 3735 interitum.
2265 3680 2403 3732 Nam
2429 3679 2475 3732 si
2506 3682 2632 3749 post
2661 3679 2807 3732 hanc
2834 3684 3088 3732 nostram
3113 3680 3559 3734 admonitionem

1920 3775 2120 3828 iisdem
2183 3773 2460 3826 inhaerere
2522 3771 2737 3825 delictis
2786 3771 2961 3841 aliqui
3038 3772 3553 3841 deprehendantur,

1918 3866 2197 3938 principio
2233 3865 2460 3936 quidem
2500 3864 2766 3934 indignos
2811 3882 2867 3918 se
2908 3864 3244 3935 praabebunt
3292 3866 3385 3919 Dei
3423 3882 3558 3936 erga

1921 3961 2179 4014 homines
2206 3975 2418 4026 amore,
2460 3957 2661 4012 deinde
2688 3957 2970 4028 legitimas
3000 3957 3168 4011 etiam
3199 3959 3560 4014 sustinebunt

1919 4071 2132 4124 poenas.
2174 4053 2440 4108 Dedimus
2477 4050 2690 4106 etenim
2735 4051 3138 4122 gloriosissimo
3178 4052 3353 4122 regiae
3400 4051 3556 4106 urbis

1919 4147 2185 4218 praefecto
2213 4146 2532 4218 negotium,
2553 4149 2614 4198 ut
2637 4161 2730 4199 eos
2750 4145 2848 4214 qui
2869 4148 2995 4216 post
3019 4144 3162 4198 hanc
3184 4150 3435 4200 nostram
3455 4146 3552 4200 ad-

1919 4239 2290 4294 monitionem
2336 4238 2620 4310 praedictis
2666 4237 2870 4291 illicitis
2908 4243 2965 4291 et
3020 4237 3208 4306 impiis
3244 4238 3556 4292 actionibus

1920 4333 2198 4387 inhaerere
2225 4350 2338 4386 non
2367 4331 2764 4399 dubitaverint,
2787 4334 2844 4384 et
2861 4330 3329 4400 comprehendat,
3354 4336 3409 4384 et
3431 4331 3556 4384 ulti-

1920 4443 2013 4480 mo
2043 4425 2336 4479 submittat
2361 4425 2635 4496 supplicio
2659 4441 2671 4479 :
2695 4441 2766 4478 ne
2793 4423 3018 4494 quando
3045 4439 3112 4476 ex
3139 4422 3336 4476 talium
3363 4440 3556 4493 pecca-

1918 4525 2107 4573 torum
2124 4522 2473 4588 contemptu,
2499 4535 2600 4588 per
2616 4523 2729 4572 tam
2748 4517 2922 4588 impia
2940 4516 3216 4585 facinora,
3231 4516 3554 4570 inveniatur

173 4617 291 4678 riis,
317 4621 376 4668 et
394 4602 644 4667 maxime
665 4612 794 4665 filiis
815 4612 1205 4679 existentibus,
1221 4629 1351 4666 suas
1367 4628 1456 4667 res
1482 4629 1605 4684 quo
1627 4613 1821 4667 volunt
1839 4627 1898 4699 D
1919 4619 2036 4668 tam
2057 4611 2178 4682 ipsa
2204 4612 2325 4664 haac
2341 4611 2552 4678 civitas,
2576 4627 2746 4681 quam
2767 4617 2884 4665 tota
2906 4609 3143 4664 civilitas
3162 4614 3217 4662 et
3243 4609 3555 4679 respublica

174 4710 483 4779 disponere
514 4707 701 4760 modo.
732 4707 850 4760 Tua
881 4706 1058 4776 igitur
1083 4705 1392 4760 eminentia
1422 4722 1550 4776 quae
1588 4707 1815 4777 placue-

175 4808 314 4856 runt
339 4800 522 4869 nobis,
557 4805 613 4855 et
633 4816 734 4870 per
761 4801 905 4854 hanc
925 4816 1139 4853 sacram
1159 4799 1435 4854 declarata
1457 4804 1590 4854 sunt
1610 4801 1815 4872 legem,

176 4895 510 4949 solemniter
554 4910 657 4965 per
709 4897 1132 4965 programmate
1181 4910 1280 4947 sua
1321 4893 1586 4947 omnibus
1633 4893 1818 4949 facere

178 4989 483 5042 manifesta
516 4987 761 5042 festinet.
806 4987 928 5040 Dat.
963 4987 1038 5041 Id.
1074 4987 1294 5055 Octob.,
1324 4986 1463 5058 imp.
1497 4987 1551 5042 d.
1585 5003 1642 5041 n.
1673 4989 1815 5042 Just.

173 5084 278 5137 PP.
311 5085 460 5152 Aug.
491 5097 623 5135 ann.
655 5085 742 5149 11,
770 5081 984 5135 Joanne
1011 5097 1062 5134 v.
1093 5097 1142 5135 c.
1172 5097 1348 5149 cons.,
1379 5081 1498 5134 ind.
1529 5085 1579 5135 2.

697 5203 1010 5258 NOVELLA
1049 5203 1280 5257 LXXVII.

181 5297 244 5350 Ut
275 5298 371 5364 qui
400 5301 592 5350 contra
620 5303 879 5352 naturam
911 5298 1284 5359 luxuriantur,
1314 5301 1364 5350 et
1385 5313 1488 5366 per
1515 5301 1680 5352 Deum
1710 5297 1814 5351 ad-

236 5368 460 5433 jurant,
511 5371 636 5422 item
681 5370 1041 5439 blasphemias
1086 5372 1146 5422 in
1185 5371 1349 5422 Deum
1378 5371 1652 5436 ingerunt,
1697 5370 1813 5436 αῇῑ-

245 5441 470 5492 c-iantur
493 5441 782 5510 supplicio.

250 5551 568 5620 Imperator
603 5550 950 5605 Justinianus
980 5554 1266 5622 Augustus
1306 5551 1813 5621 Constantinopoli-

175 5643 343 5696 tanis.

246 5736 523 5792 Omnibus
553 5738 674 5808 jam
699 5739 1025 5794 hominibus
1051 5740 1150 5812 qui
1176 5745 1325 5795 recte
1352 5741 1596 5811 sapiunt,
1629 5739 1815 5792 mani-

173 5840 382 5894 festum
408 5854 529 5892 esse
551 5840 839 5908 putamus,
870 5835 928 5890 in
950 5836 1162 5890 nullam
1189 5852 1289 5889 nos
1308 5851 1427 5889 rem
1448 5850 1606 5904 sique
1627 5832 1816 5886 omnia

177 5936 442 5992 conferre
468 5931 672 5998 studia,
697 5936 796 5984 aut
817 5930 1054 6000 perinde
1083 5930 1296 6000 aliquid
1329 5929 1386 5984 in
1414 5928 1559 5981 votis
1588 5925 1813 5991 habere,

549 6031 826 6096 PATBOL.
877 6028 1112 6093 LXXII.

1921 4705 2196 4760 sustinere
2228 4703 2516 4772 injuriam.
2566 4704 2618 4758 Si
2661 4705 2892 4774 quidem
2937 4709 2994 4757 et
3037 4704 3083 4757 si
3115 4708 3236 4773 post
3261 4703 3405 4756 hanc
3447 4719 3550 4757 no-

1920 4805 2090 4855 stram
2111 4796 2556 4852 cohortationem
2579 4797 2750 4866 aliqui
2771 4797 2911 4852 tales
2945 4797 3315 4864 invenientes,
3345 4812 3443 4852 eos
3468 4814 3557 4852 oc-

1920 4891 2272 4959 cultaverint,
2318 4888 2689 4944 consimiliter
2723 4893 2780 4942 et
2818 4890 2926 4959 ipsi
2953 4908 2986 4944 a
3013 4891 3249 4946 Domino
3276 4890 3390 4944 Deo
3417 4907 3550 4946 con-

1919 4985 2357 5042 demnabuntur.
2388 4982 2496 5038 Sed
2526 4988 2581 5036 et
2608 4981 2725 5052 ipse
2748 4981 3187 5051 gloriosissimus
3229 4984 3548 5055 praefectus,

1921 5082 1966 5136 si
1987 5097 2131 5152 quos
2158 5079 2266 5134 tale
2292 5076 2506 5148 aliquid
2529 5075 2858 5145 delinquere
2878 5075 3335 5146 deprehenderit,
3370 5093 3554 5149 neque

1920 5176 2027 5230 illis
2070 5173 2382 5228 secundum
2431 5171 2582 5240 leges
2635 5173 2853 5223 nostras
2893 5169 3197 5223 vindictam
3241 5171 3549 5238 induxerit,

1917 5269 2199 5341 principio
2231 5267 2461 5338 quidem
2494 5263 2592 5318 Dei
2617 5262 2832 5334 judicio
2863 5262 3143 5316 obnoxius
3186 5264 3315 5333 erit,
3349 5265 3553 5320 deinde

1917 5380 2050 5418 vero
2079 5362 2246 5416 etiam
2278 5377 2311 5413 a
2334 5359 2495 5414 nobis
2524 5356 2974 5427 indignationem
3007 5355 3266 5424 excipiet.

2457 5459 2767 5515 NOVELLA
2811 5457 3015 5511 LXXIX.

1953 5549 2124 5620 Apud
2149 5562 2279 5617 quos
2313 5549 2555 5615 oporteat
2592 5545 2806 5610 litigare
2833 5541 3118 5594 monachos
3156 5545 3203 5593 et
3239 5549 3516 5603 ascet-rz’as.

1995 5645 2304 5714 Imperator
2338 5637 2680 5692 Justinianus
2718 5639 3003 5705 Augustus
3029 5635 3243 5688 Hennae
3271 5637 3552 5710 archiepi-

1919 5753 2088 5808 sc0po
2115 5730 2732 5798 Constantinopolitano
2759 5771 2771 5793 ,
2805 5731 2859 5781 et
2887 5727 3136 5782 universi
3185 5727 3306 5798 ejus
3344 5731 3556 5788 tractus

1919 5830 2272 5901 patriarchre.

1991 5926 2128 5978 Rem
2157 5918 2556 5988 cognoscentes
2595 5929 2710 5968 non
2748 5916 2962 5966 rectam
3009 5913 3126 5966 fieri
3177 5916 3236 5969 iu
3275 5916 3375 5969 hac
3404 5919 3560 5985 regia

3165 6018 3242 6075 3'2
