4032 6232
570 402 704 458 I003

1721 397 1975 454 SECULI
2015 396 2210 453 SEXTI
2247 395 2803 454 SUPPLEMENTUM.

3801 395 3935 449 1004

563 509 782 564 civitate
801 547 815 574 ,
849 504 1135 561 communi
1179 506 1305 576 lege
1335 503 1780 560 existimavimus
1818 507 1922 560 hoc
1949 507 2192 575 mederi,
2216 519 2274 591 Α
2295 506 2502 560 bilibus
2521 503 2882 560 monasteriis
2899 501 3280 558 habitantium
3295 501 3560 558 habuerit
3579 517 3829 556 causam.
3852 504 3932 556 De

563 602 893 657 inchoantes
936 601 1167 670 quidem
1206 597 1276 652 ab
1319 598 1426 651 hac
1461 597 1783 652 felicissima
1831 600 2055 654 civitate
2076 641 2090 667 ,
2134 600 2195 654 in
2295 599 2510 654 clericis
2530 599 2741 653 etenim
2767 603 2823 652 et
2850 598 3047 652 ordine
3067 597 3462 651 conventionis
3483 612 3683 651 eorum
3705 596 3828 665 jam
3850 596 3927 649 le-

564 694 719 749 omni
745 710 875 748 vero
904 694 1024 746 loco
1063 708 1125 744 ea
1153 706 1283 761 qua:
1325 689 1578 760 subjecta
1618 697 1749 746 sunt
1789 691 2190 746 distendentes.

563 788 802 852 Quidam
827 785 981 839 enim
1019 785 1264 837 volentes
1302 799 1668 854 corrumpere
1705 785 2035 839 orthodoxae
2061 785 2194 840 ﬁdei

561 880 936 945 honestatem,
978 877 1025 929 si
1065 876 1294 946 quidem
1330 875 1486 930 litem
1528 876 1832 931 habuerint
1866 879 2024 948 quasi
2061 894 2192 932 cum

561 970 853 1026 monachis
897 975 995 1022 aut
1033 967 1300 1036 ascetriis,
1335 969 1522 1024 civiles
1549 970 1769 1040 judices
1809 970 2189 1042 interpellant.

560 1067 632 1118 At
677 1063 755 1116 illi
797 1061 1034 1116 mittunt
1076 1065 1433 1116 exsecutores
1479 1067 1891 1133 praesumentes
1929 1064 2192 1119 accedere

558 1156 709 1210 intra
744 1156 868 1209 loca
904 1160 1112 1222 sancta,
1155 1160 1210 1208 et
1248 1155 1553 1210 monachos
1591 1156 1836 1225 trahere,
1876 1159 2047 1228 atque
2074 1173 2192 1211 mo-

560 1254 818 1321 nastrias,
846 1254 934 1308 vel
959 1253 1221 1307 ascetrias
1246 1253 1564 1324 inquietare
1588 1253 1778 1308 forsan
1805 1271 1896 1308 eas
1922 1270 2046 1325 quae
2072 1271 2190 1310 non

557 1348 840 1402 videntur.
870 1348 938 1400 Et
963 1347 1095 1400 hinc
1132 1346 1399 1416 injuriam
1420 1351 1475 1401 et
1500 1347 1887 1401 confusionem
1912 1364 2029 1402 non
2057 1366 2186 1419 par-

556 1456 688 1494 vam
714 1440 1097 1494 adorabilibus
1134 1440 1256 1493 fieri
1290 1440 1442 1493 locis.
1475 1442 1776 1510 Propterea
1809 1441 1986 1511 igitur
2017 1443 2190 1496 sanci-

557 1549 722 1601 mus,
776 1533 822 1586 si
867 1533 994 1603 quis
1039 1548 1436 1603 quamcunque
1483 1533 1744 1587 habuerit
1795 1550 2018 1587 causam
2059 1551 2191 1588 cum

559 1627 839 1698 aliquibus
865 1621 1274 1680 venerabilibus
1300 1626 1837 1696 sanctimonialibus,
1881 1632 1981 1681 aut
2018 1628 2192 1681 sacris

554 1719 903 1790 virginibus,
943 1723 1041 1771 aut
1089 1718 1419 1772 mulieribus
1457 1719 1691 1773 omnino
1738 1719 1797 1773 in
1833 1721 2192 1775 monasteriis

559 1811 1013 1879 consistentibus,
1048 1813 1158 1865 Deo
1185 1811 1484 1866 amabilem
1518 1812 1756 1866 civitatis
1793 1813 1941 1866 illius
1983 1813 2190 1884 episco-

2296 709 2393 764 ges
2417 691 2857 763 conscripsimus
2877 733 2890 758 ,
2935 707 3080 762 quas
3107 691 3292 744 valere
3318 693 3377 744 et
3403 690 3599 743 ﬁrmas
3620 704 3744 742 esse
3773 689 3932 742 omni

2291 787 2550 839 volumus
2593 785 2783 840 modo.
2821 784 3106 855 Scriptum
3135 783 3436 854 exemplar
3469 783 3590 836 viro
3618 781 3932 835 clarissimo

2291 877 2492 933 Joanni
2521 878 2788 949 praefecto
2816 893 3106 932 sacromm
3137 876 3370 931 orientis
3398 875 3686 946 przetorio,
3721 875 3930 928 iterum

2291 972 2594 1026 exconsule
2621 971 2909 1026 ordinario
2939 975 2995 1025 et
3020 970 3274 1041 patricio.
3318 969 3604 1040 Scriptum
3635 968 3933 1038 exemplar

2291 1065 2515 1119 Basilidi
2547 1063 2948 1136 gloriosissimo
2973 1063 3247 1134 magistro
3263 1077 3559 1116 sacrorum
3585 1059 3928 1134 ofﬁciorum.

2289 1157 2574 1228 Scriptum
2602 1157 2895 1229 exemplar
2931 1155 3184 1228 Longino
3226 1153 3634 1226 gloriosissimo
3660 1153 3934 1224 praafecto

2288 1250 2438 1305 urbi.
2484 1251 2602 1304 Dat.
2637 1267 2692 1305 v1
2733 1249 2814 1305 Id.
2858 1251 3040 1316 Mart,
3083 1250 3300 1314 Const.,
3344 1247 3488 1318 imp.
3520 1247 3578 1301 d.
3629 1247 3931 1302 n.1ustin.

2287 1345 2390 1400 PP.
2422 1347 2567 1416 Aug.
2599 1360 2732 1399 ann.
2767 1347 2852 1412 I5,
2879 1343 3085 1398 Arione
3111 1357 3166 1397 v.
3195 1357 3246 1396 c.
3274 1357 3430 1396 cons.

2821 1457 3132 1512 NOVELLA
3180 1456 3390 1511 LXXXI.

2327 1553 2668 1615 Constitutio,
2708 1566 2827 1621 quae
2846 1566 2949 1622 per
2978 1551 3276 1619 dignitates
3299 1553 3351 1602 et
3380 1548 3679 1618 episcopale
3700 1560 3898 1600 munus

2669 1624 2811 1691 ﬁlias
2839 1621 3032 1676 liberat
3053 1625 3320 1692 potestate
3343 1621 3549 1689 poma.

2358 1717 2672 1786 Imperator
2692 1715 3038 1770 Justinianus
3065 1715 3349 1785 Augustus
3376 1728 3538 1767 sacro
3569 1711 3746 1782 regiae
3776 1709 3935 1764 urbis

2289 1807 2528 1862 senatui.

557 1920 700 1977 pum
729 1905 1066 1974 interpellet.
1100 1904 1194 1957 Ille
1220 1919 1350 1957 vero
1376 1903 1583 1972 mittat,
1603 1909 1660 1958 et
1683 1920 1816 1958 cum
1842 1905 1997 1958 omni
2017 1905 2190 1959 hone-
2208 1891 2265 1962 B
2360 1901 2418 1956 Si
2455 1900 2592 1972 quid
2619 1901 2693 1955 ad
2718 1899 3022 1956 utilitatem
3046 1903 3102 1954 et
3127 1898 3300 1953 decus
3328 1897 3551 1953 traditae
3578 1896 3741 1951 nobis
3762 1913 3793 1950 a
3818 1897 3937 1951 Deo

560 2001 703 2053 state
729 2013 856 2068 quae
902 2002 1035 2050 sunt
1078 1996 1147 2049 de
1178 2011 1546 2066 personarum
1579 1997 1877 2067 praesentia
1911 1998 2188 2068 disponat,

561 2091 675 2145 sive
706 2094 927 2161 oportet
964 2105 1066 2160 per
1106 2089 1352 2158 abbates,
1386 2089 1500 2144 sive
1529 2106 1632 2160 per
1659 2091 2008 2161 responsales
2030 2132 2044 2159 ,
2078 2090 2191 2146 sive

558 2203 664 2258 per
687 2187 826 2241 alios
845 2186 1124 2257 quoslibet
1147 2187 1252 2240 hoc
1287 2186 1434 2240 ﬁeri.
1469 2189 1587 2257 Ipse
1619 2203 1751 2242 vero
1772 2203 1902 2242 cum
1921 2188 2079 2241 omni
2103 2203 2192 2242 ve-

559 2281 857 2336 neratione
884 2280 1214 2334 sacerdotali
1241 2295 1468 2334 causam
1489 2280 1772 2334 examinet
1790 2286 1846 2335 et
1866 2281 2104 2351 judicet,
2136 2286 2193 2336 et

560 2373 745 2428 civiles
781 2389 896 2426 non
934 2373 1048 2426 sint
1083 2372 1309 2442 penitus
1334 2373 1455 2443 ejus
1473 2373 1724 2442 judices,
1751 2389 1934 2444 neque
1960 2374 2192 2428 confun-

558 2468 694 2522 dant
711 2483 908 2522 eorum
938 2466 1310 2533 honestatem,
1338 2481 1470 2519 cum
1493 2466 1680 2520 idonei
1704 2466 1817 2520 sint
1844 2467 1956 2520 Deo
1982 2467 2192 2521 amabi-

555 2559 638 2614 les
681 2558 1034 2629 singularum
1076 2558 1366 2612 civitatum
1405 2559 1674 2629 episcopi,
1723 2563 1780 2613 et
1819 2575 1948 2630 quas
1988 2561 2056 2614 de
2093 2560 2190 2616 lite

559 2656 712 2719 sunt,
735 2657 793 2705 et
817 2653 886 2706 de
903 2652 1124 2705 cautela
1138 2650 1485 2721 judiciorum
1503 2651 1822 2722 disponere,
1848 2656 1906 2705 et
1911 2652 2186 2722 judicare,

557 2746 793 2799 honeste
821 2750 988 2814 atque
1014 2743 1452 2810 sacerdotaliter,
1487 2749 1544 2798 et
1563 2745 1873 2798 secundum
1901 2745 2054 2816 leges
2082 2761 2186 2798 no-

555 2842 700 2892 stras
720 2843 778 2892 et
791 2836 1191 2891 sacratissimas
1204 2837 1448 2906 regulas.
1465 2836 1554 2891 Sic
1565 2836 1718 2890 enim
1740 2840 1796 2890 et
1815 2837 1913 2908 qui
1940 2837 2189 2908 aliquam

554 2929 1039 2985 ratiocinationem
1071 2929 1279 2984 habere
1304 2934 1596 3000 putantur,
1625 2929 1997 2984 merebuntur
2015 2929 2186 3001 justi-

555 3019 715 3088 tiam,
749 3024 806 3072 et
842 3019 1105 3074 honestas
1149 3022 1498 3072 sacratorum
1538 3018 1822 3087 inviolata,
1850 3019 2188 3091 integraque

554 3111 894 3166 servabitur.
910 3111 1242 3165 Communis
1261 3110 1438 3180 igitur
1449 3111 1520 3164 sit
1538 3111 1650 3178 lex,
1669 3111 1988 3182 habeatque
2011 3118 2188 3168 custo-

555 3204 708 3258 diam
738 3221 769 3257 a
797 3203 1211 3273 gloriosissimis
1235 3203 1532 3272 praefectis,
1565 3204 1661 3273 qui
1688 3221 1790 3274 per
1815 3210 2044 3260 cunctas
2062 3206 2181 3260 exi-

554 3301 714 3352 stunt
725 3295 988 3349 dimceses
1005 3296 1080 3364 (et
1096 3295 1296 3366 Illyrici
1313 3295 1570 3364 dicimus,
1586 3299 1644 3350 et
1666 3297 1852 3367 Libyae
1877 3298 2183 3369 Italiaeque,

555 3395 613 3444 et
638 3388 878 3442 Orientis
897 3388 1080 3457 totius)
1102 3393 1159 3442 et
1188 3405 1222 3441 a
1244 3388 1656 3458 gloriosissimis
1675 3390 1957 3460 prazfectis
1978 3392 2182 3445 utrius-

553 3497 668 3553 que
679 3482 894 3548 Romae,
909 3485 965 3535 et
975 3480 1530 3551 magniﬁcentissimo
1549 3485 1792 3552 praetore
1812 3485 2182 3554 populorum,

553 3580 611 3629 et
630 3573 919 3646 judicibus
950 3574 1227 3645 gentium,
1255 3589 1566 3645 eorumque
1593 3575 1811 3643 ofﬁciis,
1837 3559 2083 3630 et-nulla
2105 3576 2185 3630 eis

550 3667 653 3722 ﬁat
680 3667 913 3721 omnino
942 3667 1255 3737 corruptio,
1271 3667 1369 3721 sed
1396 3667 1618 3737 integra
1636 3668 1706 3722 ad
1730 3668 2013 3723 honorem
2032 3684 2185 3723 reve-

550 3760 1019 3816 rendissimorum
1039 3759 1451 3813 monachorum
1465 3760 1835 3814 custodiatur.
1854 3761 1978 3814 Haec
1991 3768 2185 3815 autem

551 3854 725 3910 etiam
753 3858 854 3908 tua
877 3851 1168 3906 beatitudo
1193 3867 1564 3922 cognoscens,
1595 3858 1652 3906 et
1677 3853 1798 3923 ipsa
1820 3853 2100 3908 custodiat
2123 3854 2184 3908 in

553 3947 658 4000 hac
679 3945 1003 4000 felicissima
1025 3944 1246 3999 civitate
1261 3949 1316 4000 et
1335 3945 1458 4015 ejus
1473 3945 1747 4000 conﬁniis.
1775 3947 1973 4001 Utatur
1989 3949 2183 4001 autem

550 4040 624 4094 ad
650 4040 764 4093 Deo
792 4036 1066 4093 amabiles
1103 4036 1390 4092 civitatum
1418 4039 1901 4109 metropolitanos,
1939 4056 2185 4112 quantm

549 4134 673 4202 ipse
699 4129 989 4201 suscepisti
1011 4129 1452 4198 ordinationem,
1474 4147 1798 4202 proponens
1817 4134 2062 4204 propriis
2087 4133 2181 4188 lit-

549 4225 688 4281 teris
710 4225 858 4279 hanc
884 4227 1133 4278 nostram
1156 4239 1371 4278 sacram
1403 4224 1612 4294 legem.
1641 4226 1842 4280 Verum
1871 4226 1963 4280 ille
1988 4227 2092 4280 sub
2125 4242 2184 4282 se

549 4317 866 4374 constitutis
893 4316 1169 4388 episcopis
1195 4317 1318 4371 haec
1346 4317 1632 4381 nuntient,
1653 4324 1718 4373 ut
1737 4335 1807 4372 ex
1826 4319 2022 4390 paucis
2040 4319 2184 4374 litte-

546 4412 628 4467 ris
657 4427 774 4466 una
796 4409 1145 4465 continuatio
1170 4409 1310 4480 legis
1331 4410 1406 4464 ad
1436 4426 1665 4466 omnem
1691 4412 1986 4481 perveniat
2009 4412 2179 4466 ditio-

548 4521 707 4560 nem.
742 4504 851 4560 Sed
877 4503 1052 4559 etiam
1075 4503 1388 4558 accelerare
1420 4503 1546 4558 lites
1580 4504 1859 4559 sancimus
1891 4505 2184 4560 monachis

2205 3249 2260 3324 C

2289 1997 2504 2064 spectat
2521 1993 2867 2064 reipublicae,
2889 1992 2950 2046 id
2969 2008 3195 2064 semper
3211 2007 3343 2045 cum
3362 2007 3589 2046 summa
3604 1989 3790 2044 animi
3824 1990 3939 2043 ala-

2291 2086 2488 2140 critate
2511 2087 2804 2141 studemus
2831 2085 2905 2139 ad
2931 2085 3197 2139 eﬁ'ectum
3228 2085 3528 2139 deducere.
3553 2083 3688 2137 Inde
3708 2083 3858 2136 adeo
3879 2087 3937 2136 et

2283 2179 2408 2248 jam
2435 2185 2601 2234 antea
2635 2179 2826 2250 legem
2875 2179 2944 2233 de
2987 2177 3407 2249 gloriosissimis
3431 2177 3641 2231 nostris
3678 2174 3934 2246 patriciis

2291 2272 2750 2344 conscripsimus,
2774 2288 2904 2343 quae
2929 2271 3152 2325 datione
3169 2270 3457 2341 dignitatis
3481 2269 3818 2323 ostenderet
3836 2284 3933 2322 eos

2289 2366 2472 2436 patria
2488 2365 2753 2420 liberatos
2781 2381 2899 2420 esse
2935 2367 3230 2435 potestate.
3271 2362 3605 2417 Indecorum
3622 2360 3779 2416 enim
3811 2377 3932 2415 esse

2288 2459 2634 2529 putavimus,
2662 2462 2726 2512 ut
2747 2457 2807 2512 hi
2825 2458 2930 2511 sub
2959 2456 3190 2512 alterius
3219 2456 3433 2526 degant
3459 2460 3759 2526 potestate,
3784 2470 3933 2525 quos

2289 2551 2352 2606 in
2374 2551 2498 2607 loco
2521 2567 2622 2606 nos
2641 2555 2944 2623 parentum
2963 2550 3242 2604 ducimus.
3265 2549 3404 2602 Nam
3426 2547 3474 2601 si
3493 2551 3651 2602 actus
3671 2547 3930 2601 emanci-

2287 2644 2548 2715 pationis,
2571 2645 2670 2716 qui
2695 2644 2828 2699 olim
2858 2643 2961 2698 sub
2986 2642 3127 2714 legis
3153 2641 3401 2695 actiones
3440 2642 3524 2702 (ut
3547 2643 3767 2710 vocant)
3789 2655 3928 2693 con-

2286 2735 2643 2804 stituebatur,
2660 2737 2748 2792 vel
2767 2752 2900 2791 cum
2925 2734 3285 2790 contumeliis
3310 2739 3366 2788 et
3380 2733 3574 2804 alapis,
3596 2732 3934 2802 huiusmodi

2289 2846 2384 2884 eos
2409 2831 2645 2885 vinculis
2670 2830 2964 2894 liberabat,
2991 2827 3284 2900 quomodo
3317 2843 3434 2881 non
3475 2827 3612 2880 item
3649 2824 3929 2893 codicilli,

2287 2924 2386 2994 qui
2407 2924 2670 2978 omnibus
2695 2922 3022 2977 hominibus
3044 2921 3324 2992 dignitate
3350 2923 3636 2991 praestant,
3679 2917 3807 2972 dari
3835 2935 3930 2972 so-

2285 3016 2372 3070 liti
2418 3033 2452 3070 a
2493 3017 2789 3087 majestate
2841 3015 3227 3087 imperatoria,
3273 3030 3404 3085 quas
3441 3028 3682 3067 summa:
3725 3027 3933 3066 rerum

2286 3109 2570 3180 praesidet,
2599 3110 2796 3179 patrita
2813 3108 3110 3179 potestatis
3129 3108 3261 3178 jure
3279 3107 3430 3176 ipsos
3447 3105 3694 3159 libarent
3708 3105 3736 3158 ‘I
3768 3105 3933 3159 Nunc

2283 3219 2417 3258 vero
2439 3218 2572 3257 cum
2597 3201 2995 3256 humaniorem
3021 3199 3332 3271 quamdam
3356 3203 3414 3252 et
3439 3199 3566 3270 plus
3590 3197 3930 3268 amplitudi-

2284 3297 2371 3350 nis
2421 3296 2720 3349 allaturam
2767 3293 3094 3365 reipublicm
3135 3292 3478 3347 sententiam
3525 3291 3815 3362 agitemus
3869 3291 3931 3344 in

2282 3387 2492 3454 animo,
2522 3388 2693 3442 etiam
2738 3387 2807 3441 de
2837 3385 3252 3456 gloriosissimis
3278 3383 3635 3451 consulibus,
3670 3383 3772 3454 qui
3798 3388 3932 3454 post

2283 3480 2639 3550 majestatem
2660 3479 3089 3551 imperatoriam
3109 3493 3321 3532 nomen
3351 3493 3523 3531 suum
3548 3475 3769 3531 addunt
3786 3481 3931 3530 tem-

2282 3572 2430 3642 pori,
2446 3589 2632 3644 neque
2651 3588 2763 3627 non
2785 3573 2856 3626 de
2877 3571 2964 3625 his
2993 3571 3094 3642 qui
3116 3570 3502 3626 consularibus
3522 3569 3931 3623 tantummodo

2283 3665 2640 3720 honorantur
2677 3664 2965 3731 codicillis,
3011 3668 3186 3736 atque
3229 3663 3651 3734 magistratibus
3687 3679 3721 3715 a
3770 3679 3930 3717 nexu

2283 3758 2452 3813 curias
2479 3758 2716 3812 liberare
2745 3757 3107 3828 queuntibus,
3136 3757 3243 3811 hoc
3283 3761 3369 3810 est
3394 3755 3735 3826 praefectura
3754 3756 3929 3826 juxta

2284 3860 2341 3910 et
2365 3853 2689 3927 magisterio
2718 3853 2964 3908 militum
2979 3853 3094 3924 (qui
3120 3858 3314 3908 tamen
3333 3853 3395 3907 in
3421 3852 3558 3924 ipsis
3576 3853 3808 3906 thronis
3837 3857 3925 3906 at-

2282 3965 2394 4020 que
2417 3952 2545 4003 actu
2563 3947 2778 4002 fuerint
2805 3947 3059 4018 cogniti),
3086 3946 3192 4000 hoc
3214 3946 3366 4001 idem
3393 3945 3782 4014 sancimus,ut
3797 3963 3923 3999 om-

2282 4042 2370 4096 nis
2396 4040 2678 4112 ejusmodi
2697 4039 2946 4111 dignitas
2965 4039 3205 4110 talisque
3218 4039 3584 4109 magistratus
3601 4039 3923 4106 nonnullis,

2281 4151 2423 4205 quos
2448 4133 2557 4204 ipsi
2587 4149 2690 4187 nos
2713 4133 3161 4204 probaverimus,
3192 4131 3520 4202 acquisitus,
3548 4131 3646 4202 qui
3676 4136 3735 4185 et
3759 4149 3793 4185 a
3833 4148 3928 4185 cu-

2281 4227 2365 4281 ria
2390 4227 2543 4297 ipsos
2568 4226 2776 4280 liberos
2815 4225 3038 4295 reddit,
3072 4225 3121 4278 is
3157 4225 3340 4278 valeat
3365 4223 3539 4278 etiam
3559 4225 3692 4293 jure
3719 4225 3926 4294 patriae

2282 4323 2384 4375 aut
2419 4319 2583 4374 avitae
2608 4335 2705 4373 eos
2733 4319 3026 4390 potestatis
3051 4317 3311 4372 liberare.
3346 4315 3406 4372 Si
3431 4315 3586 4370 enim
3609 4317 3738 4386 lege
3767 4316 3923 4370 cavi—

2279 4430 2408 4468 mus
2437 4417 2498 4466 ut
2527 4412 2575 4466 si
2602 4427 2796 4466 servus
2834 4411 3037 4482 aliquis
3076 4410 3284 4464 sciente
3322 4408 3556 4463 domino
3589 4409 3795 4463 militia
3823 4416 3926 4462 aut

2279 4507 2468 4576 aliqua
2493 4505 2638 4560 forte
2664 4504 2941 4575 dignitate
2972 4521 3006 4558 a
3029 4503 3320 4573 majestate
3346 4502 3617 4572 dignatus
3647 4501 3720 4555 sit
3744 4502 3923 4572 impe-

548 4598 808 4667 illibatis,
843 4602 905 4652 ut
945 4613 1063 4652 non
1101 4611 1265 4651 mens
1299 4613 1497 4652 eorum
1539 4602 1845 4668 occupetur
1883 4599 2032 4653 circa
2069 4599 2180 4654 litis
2198 4611 2259 4684 D
2283 4599 2511 4666 ratoria,
2539 4598 2799 4669 protinus
2827 4597 3122 4664 liberetur,
3151 4600 3209 4650 et
3238 4595 3310 4649 ad
3339 4596 3524 4666 ipsam
3553 4595 3811 4665 rapiatur
3838 4595 3927 4648 in-

549 4691 1012 4757 sollicitudinem,
1043 4691 1138 4745 sed
1177 4690 1448 4745 velociter
1475 4691 1697 4745 liberati
1723 4692 1894 4745 sacris
1919 4692 2180 4762 operibus
2281 4694 2654 4765 genuitatem,
2670 4690 2953 4762 quomodo
2973 4689 3321 4760 nonjustum
3339 4688 3514 4742 fuerit
3533 4704 3668 4742 eum
3687 4704 3924 4758 quoque

548 4784 950 4840 obsecundent.
980 4785 1170 4840 Sciant
1206 4783 1384 4855 igitur
1423 4784 1521 4854 qui
1566 4789 1776 4854 printer
1817 4785 1939 4839 hac
1967 4787 2180 4856 aliquid

549 4877 791 4948 egerint,
820 4877 865 4930 si
894 4876 1126 4947 quidem
1148 4876 1329 4946 judex
1356 4875 1429 4930 sit
1452 4876 1550 4962 qui
1570 4877 1744 4931 talem
1774 4877 2024 4947 proferre
2049 4896 2177 4934 sen-

548 4971 784 5025 tentiam
823 4969 1269 5040 praesumpserit,
1302 4969 1455 5040 quod
1477 4969 1546 5023 ab
1568 4969 2058 5026 administratione
2083 4989 2176 5027 re-

544 5063 792 5136 pelletur
829 5065 1097 5132 tanquam
1124 5061 1406 5116 Divinitati
1433 5063 1831 5117 contumeliam
1859 5064 2089 5132 faciens,
2122 5069 2182 5121 et

547 5169 718 5226 pcnna
743 5152 937 5207 decem
963 5151 1236 5206 librarum
1259 5151 1384 5204 auri
1412 5167 1524 5205 una
1549 5167 1682 5205 cum
1709 5152 1892 5206 ofﬁcio
1917 5171 2016 5207 suo
2035 5156 2180 5209 mul-

545 5248 779 5312 tabitur,
804 5245 1181 5301 sacratissimo
1208 5248 1405 5298 nostro
1432 5245 1616 5300 danda
1635 5247 1855 5301 aerario.
1880 5248 2179 5304 Exsecuto-

544 5361 638 5399 res
667 5345 766 5396 aut
792 5343 1201 5412 praesumentes
1220 5336 1424 5392 oﬁ‘erre
1441 5339 1675 5394 omnino
1701 5340 2175 5408 admonitionem,

546 5438 616 5492 ab
645 5435 784 5507 ipsis
829 5434 945 5488 Deo
982 5430 1314 5486 amabilibus
1347 5431 1626 5503 episcopis
1665 5433 2094 5504 prohibeantur,
2123 5439 2180 5489 et

546 5528 915 5584 retrudantur
933 5525 990 5577 in
1011 5523 1146 5578 locis
1164 5539 1293 5594 quas
1313 5523 1579 5579 decanica
1606 5529 2011 5594 nuncupantur
2029 5542 2042 5580 :
2064 5542 2178 5598 pa:-

541 5639 646 5680 nas
664 5624 1054 5690 competentes
1082 5617 1325 5688 passuri,
1348 5616 1702 5672 exactionem
1731 5618 1950 5672 nullam
1969 5619 2038 5674 de
2063 5635 2173 5674 caa-

541 5722 666 5770 tero
686 5729 854 5784 agere
871 5709 1255 5780 permittendi.
1282 5710 1393 5763 Hac
1416 5710 1635 5764 valente
1655 5710 1799 5780 lege,
1827 5711 1872 5765 si
1892 5712 2017 5782 quis
2046 5729 2177 5767 cum

543 5807 738 5875 aliquo
774 5801 1375 5858 reverendissimorum
1410 5803 1848 5873 monachorum,
1876 5810 1976 5858 aut
1999 5805 2175 5875 virgi-

545 5911 708 5963 num,
737 5898 840 5948 aut
867 5893 1172 5947 mulierum
1198 5893 1434 5948 omnino
1449 5911 1760 5965 sacrarum,
1787 5899 1846 5951 et
1868 5898 1928 5953 in
1949 5914 2179 5953 venera-

2279 4787 2379 4860 qui
2396 4790 2517 4841 tam
2547 4783 2754 4856 amplis
2784 4782 3052 4838 codicillis
3070 4782 3334 4854 dignatus
3363 4781 3455 4848 sit,
3486 4781 3557 4835 ab
3581 4780 3786 4835 alienae
3816 4797 3922 4851 po-

2277 4880 2495 4936 testatis
2517 4879 2648 4949 jure
2686 4877 2933 4931 liberum
2972 4874 3139 4930 ﬁeri?
3175 4876 3250 4929 Ea
3289 4877 3524 4945 propter
3568 4873 3923 4944 amplissima

2279 4975 2387 5029 hac
2415 4973 2544 5044 lege
2567 4971 2675 5039 usi,
2707 4969 2987 5024 sancimus
3021 4971 3084 5022 ut
3121 4968 3393 5023 ordinarii
3421 4967 3677 5022 consules
3697 5009 3710 5034 ,
3743 4966 3791 5020 si
3818 4965 3926 5020 sub

2281 5066 2512 5121 alterius
2541 5065 2812 5135 potestate
2841 5062 3072 5133 degant,
3103 5077 3220 5116 una
3247 5077 3380 5116 cum
3399 5059 3572 5126 dicto,
3590 5057 3746 5130 quod
3765 5059 3925 5114 hunc

2279 5158 2574 5230 dignitatis
2615 5157 2856 5228 gradum
2900 5155 3035 5226 ipsis
3079 5154 3340 5225 largitur,
3383 5153 3455 5207 ad
3483 5169 3599 5206 suae
3631 5153 3929 5222 potestatis

2277 5251 2578 5307 arbitrium
2598 5249 2942 5305 deferantur.
2974 5249 3210 5319 Insuper
3224 5251 3288 5301 ut
3307 5246 3396 5300 his
3412 5261 3639 5317 quoque
3659 5245 3760 5315 qui
3779 5261 3921 5298 con—

2277 5345 2556 5400 sularibus
2573 5343 2842 5398 codicillis
2857 5358 2891 5394 a
2909 5341 3203 5411 majestate
3225 5339 3598 5395 honestantur
3618 5338 3926 5408 imperato-

2276 5438 2382 5504 ria,
2417 5435 2700 5507 siquidem
2725 5435 2828 5490 sub
2856 5450 3034 5488 manu
3060 5436 3296 5504 patrum
3320 5431 3613 5486 constituti
3638 5434 3793 5498 sunt,
3825 5448 3920 5483 co-

2277 5531 2496 5586 dicillus
2541 5527 3008 5600 emancipationis
3051 5527 3172 5581 loco
3213 5526 3306 5580 sit.
3351 5526 3522 5580 Porro
3554 5527 3611 5579 et
3655 5524 3702 5577 si
3745 5539 3921 5594 quem

2277 5623 2589 5694 cuicunque
2619 5624 2822 5676 harum
2849 5619 3426 5687 administrationum,
3461 5617 3670 5688 quibus
3701 5617 3917 5687 glorio—

2276 5715 2478 5771 sissimi
2515 5715 2768 5787 praefecti
2805 5730 3098 5768 sacrorum
3140 5718 3466 5767 nostrorum
3515 5710 3914 5781 preteriorum

2275 5815 2548 5880 prmsunt,
2589 5806 3010 5879 praefecerimus
3035 5848 3048 5875 ,
3091 5812 3190 5861 aut
3225 5805 3298 5860 ad
3335 5803 3677 5858 urbicariam
3713 5803 3911 5874 praefe-

2276 5904 2496 5957 cturam
2506 5900 2802 5972 utriusque
2824 5901 3024 5956 Romae
3045 5897 3507 5970 produxerimus,
3522 5896 3908 5967 magisterium
