4032 6232
292 396 430 448 1005

284 594 515 648 testatis
539 592 882 648 efficiantur.
902 593 1047 647 Nam
1068 594 1130 645 ut
1146 592 1192 645 is
1208 591 1307 662 qui
1322 594 1408 646 tot
1428 590 1762 646 hominibus
1779 607 1920 661 pre-

285 686 473 741 iturus
501 688 588 740 est
617 684 887 755 imperio,
928 687 1127 754 totque
1176 684 1510 739 hominibus
1552 683 1790 737 daturus
1835 686 1921 737 est

285 778 587 844 mandata,
622 778 727 831 sub
749 776 986 832 alterius
1011 777 1335 831 etiamnum
1356 779 1642 847 potestate
1659 778 1916 841 maneat,

286 887 481 942 neque
502 871 655 925 inter
670 873 865 941 patres
889 870 1251 925 familiarum
1262 874 1581 935 censeatur,
1604 869 1828 939 legibus
1843 867 1917 922 si-

285 965 413 1019 mul
448 967 507 1018 et
534 963 764 1018 sedibus
786 963 995 1018 nostris
1023 962 1331 1033 indignum
1362 962 1646 1016 duximus.
1688 963 1833 1016 Sane
1858 960 1919 1016 in

284 1073 507 1128 genere
540 1056 737 1127 (prout
765 1056 985 1110 dictum
1015 1058 1116 1125 est)
1148 1056 1435 1111 sancimus
1471 1058 1533 1108 ut
1561 1070 1918 1125 quaecunque

287 1148 897 1220 dignitas,quicunque
913 1148 1407 1220 magistratus,qui
1419 1164 1454 1202 a
1470 1146 1629 1201 curia
1640 1146 1919 1201 liberandi

282 1243 637 1314 potestatem
668 1241 862 1308 habet,
896 1241 942 1295 is
974 1244 1034 1295 et
1062 1258 1177 1296 suae
1225 1240 1524 1312 potestatis
1546 1240 1641 1309 jus
1678 1238 1735 1292 in
1771 1255 1914 1309 prse-

284 1336 473 1390 mium
491 1334 614 1405 ipso
640 1334 939 1389 honoratis
956 1334 1231 1404 praebeat.
1258 1337 1371 1389 Hoc
1394 1336 1546 1387 certe
1575 1335 1767 1402 patres
1783 1347 1921 1401 quo-

284 1444 400 1498 que
422 1426 868 1482 venerabiliores
881 1426 1094 1494 reddit,
1110 1443 1241 1481 cum
1262 1427 1467 1480 talium
1487 1430 1679 1496 patres
1696 1424 1918 1494 sintqui

284 1520 371 1575 ita
392 1520 466 1574 ab
493 1518 870 1591 imperatoria
895 1518 1201 1588 majestate
1229 1518 1561 1573 afﬁciuntur
1581 1516 1914 1572 honoribus.

284 1614 485 1684 Neque
512 1612 669 1667 enim
691 1615 989 1682 tantOpere
1011 1612 1221 1667 horum
1240 1611 1477 1667 nomine
1504 1610 1765 1681 precibus
1802 1626 1920 1663 ma-

277 1706 551 1776 jestatem
583 1704 923 1775 fatigassent
968 1704 1426 1774 imperatoriam,
1466 1702 1574 1756 nisi
1602 1701 1919 1772 conjunctis

284 1798 492 1852 studiis
521 1814 634 1851 una
663 1813 795 1851 cum
822 1796 952 1850 ﬁliis
992 1796 1052 1849 id
1102 1796 1554 1852 contendissent.
1606 1794 1767 1849 Unde
1800 1794 1916 1848 sive

284 1890 399 1944 hoc
434 1893 698 1961 tempore
744 1889 950 1960 aliquis
980 1888 1372 1943 filiusfamilias
1417 1888 1570 1942 hisce
1602 1865 1994 1942 honoribusB

285 1988 388 2038 aut
403 1982 832 2053 magistratibus
857 1981 1084 2048 fruitur,
1104 1997 1248 2051 quos
1267 1984 1401 2036 ante
1423 1980 1913 2047 enumeravimus,

284 2076 404 2130 sive
424 2075 612 2130 etiam
640 2077 841 2144 postea
876 2074 1153 2128 fruiturus
1178 2078 1284 2141 est,
1313 2073 1683 2143 consequitor
1714 2089 1919 2126 omnes

284 2168 460 2224 hosce
485 2167 786 2239 potestatis
812 2183 925 2220 suae
934 2165 1049 2236 jus,
1078 2166 1234 2236 quod
1263 2166 1375 2220 illis
1400 2171 1459 2220 et
1482 2166 1773 2236 peculium
1800 2165 1914 2219 lar-

286 2261 498 2332 giatur,
515 2265 573 2315 et
588 2262 821 2330 plenam
843 2259 1062 2314 arbitrii
1086 2259 1413 2313 libertatem
1427 2259 1661 2326 tribuat,
1680 2262 1742 2312 ut
1754 2258 1919 2313 etho-

285 2370 454 2423 nore,
479 2357 538 2407 et
557 2352 843 2423 imperiali
871 2352 941 2406 de
970 2352 1108 2423 ipsis
1128 2350 1349 2421 judicio
1383 2351 1562 2422 digna
1588 2351 1820 2405 faciant.
1838 2353 1920 2406 lta

286 2447 446 2502 enim
474 2446 735 2517 patribus
758 2445 968 2515 majori
994 2461 1064 2498 ea
1089 2460 1181 2498 res
1205 2444 1361 2499 laudi
1392 2444 1519 2511 erit,
1554 2448 1613 2498 et
1641 2459 1917 2514 magnam

286 2540 371 2594 eis
402 2539 615 2593 laetitias
638 2554 842 2593 ansam
872 2537 1174 2608 przebebit.

361 2631 477 2687 Sed
503 2634 561 2686 et
582 2630 723 2686 illud
738 2632 973 2701 insuper
997 2631 1126 2701 lege
1154 2628 1480 2697 statuimus,
1501 2646 1574 2683 ne
1597 2628 1919 2684 istiusmodi

282 2741 409 2780 suae
435 2723 734 2795 potestatis
746 2723 881 2793 jura
900 2721 1223 2778 consimilia
1250 2722 1592 2792 largiantur,
1615 2724 1789 2792 atque
1807 2722 1920 2776 alia

286 2834 419 2889 quas
449 2833 552 2888 per
567 2815 1063 2887 emancipationes
1079 2814 1458 2885 proveniunt;
1481 2814 1583 2868 sed
1614 2814 1920 2885 imperato-

282 2910 376 2965 ria
403 2910 675 2980 majestas
702 2924 809 2980 per
835 2907 1169 2979 hujusmodi
1198 2924 1312 2962 suae
1342 2905 1641 2978 potestatis
1656 2907 1793 2977 jura
1813 2907 1921 2962 exi-

283 3002 476 3058 mium
502 3000 797 3073 quoddam
821 3017 1033 3055 munus
1060 3000 1333 3071 praebeat.
1363 2999 1558 3071 Neque
1580 2998 1736 3053 enim
1768 3001 1922 3055 volu-

285 3112 420 3150 mus
448 3094 632 3165 utqui
654 3110 722 3149 eo
744 3093 920 3149 modo
947 3093 1364 3164 paterfamilias
1390 3093 1572 3148 factus
1592 3095 1696 3159 est,
1721 3097 1820 3147 aut
1835 3094 1918 3161 ﬁt,

288 3186 513 3259 aliquid
536 3186 781 3257 legitimi
793 3186 940 3257 juris
957 3185 1206 3251 amittat,
1234 3184 1338 3239 sed
1354 3189 1469 3239 tam
1487 3185 1725 3241 familiae
1738 3185 1812 3240 ad
1830 3186 1918 3257 ip-

287 3296 384 3335 sos
411 3295 589 3350 quam
614 3278 751 3350 ipsis
781 3278 855 3332 ad
884 3275 1164 3333 familiam
1184 3276 1446 3349 legitima
1477 3277 1649 3332 simul
1675 3283 1732 3333 et
1752 3281 1920 3334 natu-

285 3370 431 3429 ralia
451 3371 584 3442 jura
613 3371 828 3426 intacta
858 3374 1059 3440 sunto;
1084 3374 1143 3425 et
1170 3369 1272 3424 filii
1299 3387 1500 3426 eorum
1521 3374 1651 3442 post
1679 3387 1920 3426 avorum

287 3469 543 3521 mortem
564 3464 624 3519 in
654 3463 911 3536 ipsorum
942 3466 1290 3536 potestatem
1322 3463 1622 3519 recidunto
1647 3464 1804 3518 haud
1825 3463 1923 3519 ali-

288 3563 381 3615 ter
410 3574 587 3629 quam
614 3556 663 3611 si
677 3557 885 3612 horum
901 3560 1090 3627 patres
1119 3559 1305 3611 morte
1328 3572 1563 3612 suorum
1591 3560 1918 3628 parentum,

288 3668 410 3706 non
431 3654 629 3705 autem
650 3666 718 3704 ex
732 3649 1004 3721 praesenti
1034 3650 1183 3703 forte
1202 3650 1331 3721 lege
1359 3652 1549 3721 patres
1567 3640 1922 3709 familiarum

288 3744 427 3800 facti
440 3747 651 3813 essent,
667 3746 726 3797 et
740 3741 948 3798 merito
964 3741 1112 3797 filios
1130 3758 1262 3806 suos
1278 3745 1407 3813 post
1423 3746 1674 3798 mortem
1688 3759 1923 3798 suorum

288 3835 603 3905 parentum
622 3832 683 3885 in
712 3834 999 3902 potestate
1024 3830 1327 3899 haberent,
1347 3834 1411 3885 ut
1434 3830 1495 3884 in
1523 3832 1680 3885 nullo
1710 3848 1778 3886 ea
1794 3848 1923 3902 (ιιιω

290 3942 326 3981 a
356 3925 660 3996 majestate
683 3923 1033 3995 proveniunt
1048 3922 1443 3994 imperatoria,
1461 3923 1677 3995 aliquid
1698 3922 1834 3995 ipsis
1849 3922 1925 3978 vi-

289 4017 540 4073 deantur
568 4016 847 4085 adimere,
885 4032 1018 4071 cum
1045 4014 1325 4087 quidquid
1351 4014 1465 4069 sive
1495 4032 1525 4068 a
1570 4016 1709 4083 Deo,
1743 4016 1857 4071 sive
1890 4034 1925 4071 a

288 4111 598 4181 majestate
616 4109 985 4182 imperatoria
1001 4109 1181 4163 Deum
1201 4108 1467 4163 imitante
1487 4105 1818 4164 hominibus
1838 4126 1925 4165 ac-

290 4204 466 4271 cedit,
492 4203 713 4258 bonum
734 4203 824 4272 sit,
858 4206 917 4257 et
946 4202 1147 4257 deceat
1178 4218 1301 4256 esse
1332 4217 1689 4269 mansurum,
1720 4208 1777 4257 et
1798 4219 1921 4257 om-

288 4296 382 4353 nis
409 4296 646 4351 malitiaz
673 4299 731 4349 et
751 4293 1151 4359 diminutionis
1175 4298 1535 4350 extraneum.
1564 4294 1761 4349 Palam
1787 4312 1923 4350 vero

293 4392 383 4445 est
407 4388 703 4443 neminem
728 4386 969 4442 existere
1001 4386 1097 4459 qui
1118 4386 1350 4459 ignoret
1366 4403 1487 4458 pra:
1516 4386 1784 4442 omnibus
1812 4388 1921 4441 uti-

293 4499 409 4555 que
436 4479 877 4552 religiosissimis
905 4480 1079 4534 etiam
1098 4479 1380 4552 episcopis
1399 4496 1514 4534 una
1540 4496 1669 4535 cum
1699 4480 1926 4534 ordina~

1067 391 1432 447 JUSTINIANI
1472 391 1801 446 manus
1840 389 2089 445 mmor
2112 389 2170 443 π.
2218 388 2525 444 Novum
2569 352 2850 444 Lxxxm.

284 517 353 554 ve
374 496 612 570 aliquod
658 496 928 564 militum,
954 502 1017 552 ut
1042 498 1099 553 hi
1123 515 1352 569 quoque
1382 499 1642 569 protinus
1667 516 1784 552 sua:
1815 515 1919 569 po-
1940 511 2000 582 Α

3490 394 3644 445 1006

2522 514 2837 567 NOVELLA
2886 512 3140 566 LXXXIII.

2024 609 2089 662 Ut
2112 608 2294 662 clerici
2317 607 2470 677 apud
2491 610 2741 676 proprios
2765 608 3035 674 episcopos
3058 608 3293 674 primum
3321 610 3646 662 convenian-

2290 683 2399 739 tur,
2431 682 2482 732 et
2505 683 2633 747 post
2661 680 2755 731 hoc
2783 677 2936 745 apud
2959 677 3144 730 civiles
3158 677 3390 745 judices.

2090 775 2247 828 Idem
2265 777 2553 844 Augustus
2569 772 2775 829 Joanni
2796 772 3201 841 gloriosissimo
3220 789 3325 843 per
3349 772 3643 828 Orientem

2018 867 2419 938 praetoriorum
2452 867 2745 936 praefecto,
2780 866 2989 919 iterum
3019 867 3323 920 exconsule
3355 866 3643 921 ordinario

2020 965 2078 1013 et
2104 959 2362 1029 patricio.

2089 1051 2371 1107 Plurimae
2390 1067 2578 1106 sacras
2602 1050 2916 1106 scribentes
2944 1051 3119 1120 leges,
3144 1054 3202 1106 et
3230 1051 3302 1106 de
3334 1053 3451 1107 Deo
3478 1068 3638 1106 ama-

2016 1145 2229 1199 bilibus
2257 1143 2554 1214 episcopis,
2584 1148 2642 1198 et
2684 1144 2907 1214 reliquo
2951 1143 3110 1198 omni
3146 1144 3489 1211 sacerdotio,
3537 1161 3643 1199 nec

2019 1254 2137 1293 non
2159 1237 2230 1291 de
2246 1236 2737 1291 reverendissimis
2763 1237 3062 1292 monachis
3076 1241 3136 1292 et
3150 1255 3337 1309 nuper
3350 1238 3459 1292 hoc
3471 1253 3645 1307 agen-

2017 1333 2124 1396 tes,
2168 1330 2225 1383 in
2256 1330 2463 1399 quibus
2488 1330 2750 1383 volumus
2786 1329 3294 1384 reverendissimos
3332 1330 3647 1384 monachos

2017 1422 2171 1493 apud
2201 1423 2351 1476 solos
2375 1421 2617 1475 civitatis
2648 1421 2963 1491 episc0pos,
2992 1422 3094 1476 sub
3123 1422 3327 1492 quibus
3352 1425 3487 1475 sunt
3514 1438 3639 1475 mo-

2018 1514 2288 1581 nasteria,
2311 1514 2719 1568 conventiones
2736 1514 3021 1585 suscipere
3044 1514 3207 1585 petiti
3224 1531 3421 1568 sumus
3441 1531 3475 1567 a
3493 1514 3642 1569 Men-

2016 1624 2095 1661 na
2119 1609 2237 1661 Deo
2264 1606 2501 1661 amabili
2527 1606 2957 1678 archiepiscopo
2990 1608 3158 1677 hujus
3188 1607 3529 1666 felicissimae
3562 1613 3641 1667 ci-

2016 1700 2225 1767 vitatis,
2268 1704 2327 1754 et
2375 1699 2682 1754 universali
2733 1700 3090 1770 patriarcha,
3148 1704 3643 1761 reverendissimis

2018 1793 2237 1848 clericis
2273 1794 2383 1848 hoc
2414 1793 2552 1847 dare
2596 1792 2981 1863 privilegium,
3013 1799 3073 1847 ut
3104 1792 3151 1847 si
3178 1794 3307 1864 quis
3334 1795 3512 1851 habet
3538 1800 3642 1853 ad-

2016 1903 2211 1939 versus
2242 1902 2342 1940 eos
2359 1885 2678 1956 quemlibet
2698 1885 3091 1956 pecuniariam
3120 1902 3371 1955 causam,
3395 1890 3553 1959 prius
3572 1892 3645 1946 ad

2017 1979 2136 2033 Deo
2157 1978 2466 2032 amabilem
2488 1978 2983 2048 archiepiscopum
3005 1983 3230 2049 pergat,
3253 1980 3356 2034 sub
3378 1998 3492 2052 quo
3515 2000 3646 2039 con-

2017 2072 2246 2126 stitutus
2276 2075 2378 2137 est,
2400 2074 2457 2123 et
2483 2070 2810 2140 interpellet
2829 2086 2983 2136 eum,
3004 2074 3062 2124 et
3089 2088 3156 2124 ex
3182 2089 3299 2126 non
3331 2075 3543 2145 scripto
3555 2078 3644 2147 ju-

2019 2164 2232 2218 dicium
2264 2167 2575 2217 mereatur.
2610 2164 2678 2216 Et
2703 2162 2747 2216 si
2776 2164 2883 2218 hoc
2922 2163 3041 2232 fiat,
3072 2180 3143 2217 ne
3173 2180 3307 2219 eum
3336 2166 3641 2237 inquietet,

2020 2257 2348 2311 nectrahat
2376 2256 2449 2310 ad
2486 2255 2773 2310 auditoria
2802 2254 3005 2321 civilia,
3035 2272 3225 2326 neque
3258 2274 3292 2313 a
3321 2275 3479 2314 sacro
3511 2278 3644 2317 eum

2018 2365 2221 2404 vacare
2248 2348 2421 2402 faciat
2447 2347 2784 2414 ministerio,
2817 2347 2917 2402 sed
2950 2363 3016 2401 ex
3046 2364 3159 2403 non
3189 2350 3397 2420 scripto
3423 2354 3640 2409 exami-

2020 2445 2191 2496 netur
2215 2440 2513 2511 negotium
2530 2441 2651 2495 sine
2675 2440 2921 2507 damnis,
2937 2443 2996 2494 et
3014 2441 3256 2511 accipiat
3271 2443 3511 2498 formam
3535 2447 3644 2501 for-

2020 2552 2122 2589 san
2139 2533 2309 2588 etiam
2328 2534 2617 2604 scriptam,
2632 2532 2677 2587 si
2694 2534 2802 2588 hoc
2820 2549 3048 2603 quoque
3061 2538 3249 2603 partes
3266 2537 3566 2605 voluerint,
3588 2544 3645 2594 et

2018 2626 2402 2699 poposcerint,
2434 2628 2491 2680 et
2512 2626 2829 2679 liberentur
2860 2629 3059 2679 mutuo
3082 2627 3494 2684 certamine.Si
3514 2647 3646 2686 vero

2019 2724 2120 2774 aut
2146 2723 2384 2791 propter
2414 2734 2598 2773 causae
2628 2721 2918 2786 naturam,
2952 2720 3051 2772 aut
3074 2722 3311 2789 propter
3332 2722 3644 2790 quamdam

2018 2813 2166 2868 forte
2196 2812 2597 2866 difﬁcultatem
2620 2828 2735 2865 non
2765 2811 2939 2865 fuerit
2966 2810 3235 2880 possibile
3262 2812 3378 2867 Deo
3410 2816 3647 2872 amabili

2021 2904 2287 2976 episc0po
2306 2904 2572 2959 decidere
2603 2902 2925 2974 negotium,
2955 2906 3089 2957 tunc
3117 2904 3409 2959 licentiam
3434 2923 3558 2962 esse
3590 2915 3648 2963 et

2019 2997 2093 3053 ad
2136 2997 2328 3051 civiles
2364 2996 2588 3067 judices
2635 3012 2895 3066 pergere,
2924 3000 2983 3049 et
3019 2995 3333 3066 privilegiis
3373 3000 3644 3056 omnibus

2021 3089 2337 3156 custoditis,
2371 3105 2501 3160 quas
2532 3087 3023 3143 reverendissimis
3049 3088 3269 3143 clericis
3293 3106 3469 3145 sacras
3497 3109 3643 3162 pras-

2020 3186 2172 3237 stent
2211 3180 2666 3247 constitutiones,
2700 3184 2759 3234 et
2782 3180 3028 3251 litigare,
3074 3185 3132 3234 et
3155 3181 3645 3240 examinationem

2020 3276 2167 3341 fieri,
2193 3278 2252 3329 et
2281 3274 2597 3329 terminum
2632 3273 2856 3344 imponi
2887 3273 2993 3340 liti,
3027 3277 3085 3327 et
3117 3273 3199 3327 ita
3239 3274 3487 3330 liberam
3516 3277 3645 3332 fieri

2022 3384 2273 3435 causam,
2296 3365 3242 3435 clarissimisjudicibussecundum
3260 3373 3486 3423 nostras
3507 3385 3645 3424 con-

2020 3460 2365 3535 stitutiones,
2387 3460 2474 3513 vel
2506 3460 2663 3529 leges
2691 3458 3073 3526 studentibus,
3101 3475 3232 3513 cum
3254 3462 3645 3531 magnanimi-

2023 3556 2139 3607 tate
2166 3555 2225 3606 et
2255 3551 2525 3607 velociter
2548 3552 2675 3614 lites
2705 3550 2995 3618 decidere,
3018 3554 3225 3606 utnon
3265 3556 3503 3623 propter
3537 3556 3644 3610 hu-

2014 3644 2270 3716 jusmodi
2292 3660 2490 3699 causas
2505 3643 2680 3698 sacris
2700 3647 3079 3698 amoveantur
3098 3643 3417 3713 obsequiis,-
3440 3650 3646 3703 etcum

2023 3739 2287 3809 oporteat
2326 3737 2501 3790 Deum
2545 3735 2781 3807 placari,
2810 3737 2867 3789 et
2893 3734 3154 3789 decentia
3182 3751 3218 3789 a
3258 3736 3649 3795 sacerdotibus

2023 3830 2137 3901 agi,
2166 3828 2464 3884 auditoriis
2495 3832 2552 3882 et
2580 3828 2811 3882 illorum
2839 3828 3018 3881 turbis
3045 3828 3431 3899 detineantur,
3474 3838 3645 3904 atque

2024 3923 2275 3977 tumultu
2299 3921 2648 3993 litigantium
2669 3920 3020 3975 inhaerentes
3050 3928 3300 3977 noceant
3321 3924 3643 3982 animabus.

2024 4016 2083 4072 Si
2115 4020 2308 4070 tamen
2332 4015 2403 4069 de
2436 4013 2772 4069 criminibus
2803 4013 3236 4083 conveniantur,
3259 4016 3545 4087 siquidem
3568 4020 3645 4074 ci-

2022 4108 2247 4174 vilibus,
2270 4106 2362 4161 hic
2387 4106 2622 4178 quidem
2645 4109 3039 4177 competentes
3058 4107 3303 4178 judices,
3336 4109 3396 4164 in
3425 4111 3650 4181 provin-

2022 4201 2123 4257 ciis
2152 4203 2347 4256 autem
2374 4215 2574 4254 earum
2605 4198 2878 4269 prazsides
2905 4199 3021 4253 sint
3049 4199 3308 4273 judices:
3338 4218 3456 4259 non
3487 4208 3643 4261 tran-

2025 4293 2334 4348 scendente
2365 4293 2461 4347 lite
2488 4290 2777 4346 mensium
2800 4291 3048 4369 duorum
3078 4294 3346 4363 spatium,
3366 4311 3431 4350 ex
3446 4312 3562 4367 quo
3579 4298 3644 4352 li-

2023 4387 2097 4441 tis
2121 4385 2462 4441 contestatio
2488 4385 2572 4451 fit,
2596 4389 2877 4455 quatenus
2900 4384 3084 4439 brevis
3104 4384 3437 4456 imponatur
3460 4405 3648 4445 causae

2024 4479 2327 4541 terminus.
2370 4477 2513 4533 Illud
2544 4478 2735 4549 palam
2765 4479 2870 4545 est,
2913 4476 2957 4531 si
2989 4493 3153 4531 reum
3188 4494 3310 4531 esse
3342 4480 3649 4549 provincias

292 4575 453 4631 tione
483 4591 602 4629 suae
630 4572 930 4646 potestatis
950 4572 1045 4643 jus
1066 4572 1356 4628 accedere.
1379 4574 1523 4626 Nam
1551 4573 1647 4644 qui
1663 4573 1924 4628 omnium
1942 4582 2002 4655 D
2024 4588 2237 4642 praeses
2271 4570 2558 4643 putaverit
2587 4587 2720 4625 eum
2757 4570 2853 4642 qui
2884 4570 3239 4637 convenitur,
3272 4575 3330 4624 et
3362 4588 3533 4642 poena
3555 4575 3646 4645 ju-

292 4667 581 4740 spiritales
607 4670 803 4739 patres
828 4669 980 4734 sunt,
1005 4665 1294 4737 quomodo
1324 4663 1569 4720 aliorum
1601 4664 1789 4720 adhuc
1818 4681 1920 4737 po-

290 4760 488 4817 testati
519 4760 734 4815 subditi
759 4758 910 4814 sint?
943 4758 1056 4813 Sed
1085 4757 1354 4815 convenit
1392 4758 1544 4829 ipsos
1576 4775 1806 4829 quoque
1827 4757 1928 4812 tali

293 4853 521 4910 honore
548 4852 788 4924 perfrui,
822 4856 994 4923 atque
1022 4851 1177 4907 hunc
1194 4868 1261 4905 ex
1291 4849 1652 4922 legislatione
1684 4851 1792 4906 hac
1830 4867 1931 4906 no-

295 4950 418 5003 stra
446 4947 696 5001 fructum
724 4944 1041 5017 percipere.
1082 4943 1218 5008 Qum
1250 4942 1426 5015 igitur
1464 4942 1629 4998 nobis
1656 4943 1731 4998 ad
1766 4960 1927 4999 reve-

296 5038 549 5096 rentiam
592 5039 998 5109 honoremque
1025 5040 1299 5105 vestrum,
1335 5036 1674 5108 amplissimi
1714 5039 1928 5109 patres,

292 5134 657 5206 placuerunt,
688 5148 758 5186 ea
774 5130 834 5186 in
851 5131 1196 5203 perpetuum
1212 5130 1496 5198 volumus,
1521 5133 1645 5185 tum
1669 5131 1742 5186 ad
1765 5147 1933 5186 orna-

296 5232 425 5282 tum
451 5230 723 5291 vestrum,
744 5229 868 5279 tum
895 5223 969 5279 ad
985 5223 1314 5296 largitatem
1338 5226 1617 5292 nostram,
1642 5240 1817 5297 quam
1837 5242 1933 5297 pa-

298 5317 483 5375 tribus
532 5318 762 5385 nostris,
806 5316 1135 5372 consulibus
1176 5319 1235 5372 et
1266 5317 1659 5373 sacerdotibus
1689 5318 1934 5373 contuli—

300 5429 455 5479 mus,
489 5410 1026 5477 demonstrandam,
1059 5415 1270 5465 nostra:
1301 5410 1475 5464 decus
1501 5409 1712 5466 addere
1742 5410 1933 5482 reipu-

301 5503 485 5560 blicaa.
509 5504 633 5558 Dat.
656 5520 723 5558 xv
745 5504 810 5558 K.
834 5502 1034 5574 April.,
1059 5503 1274 5570 Const.,
1297 5502 1435 5575 imp.
1462 5503 1517 5557 d.
1543 5503 1933 5558 nJustin.PP.

302 5599 477 5668 Aug.,
500 5596 712 5652 Arione
743 5613 796 5652 v.
827 5612 877 5651 c.
909 5612 1065 5649 cons.

897 5770 1298 5781 -————-——-~.

2026 4663 2300 4717 dicaverit
2318 4664 2583 4735 dignum,
2603 4663 2761 4735 prius
2780 4663 2933 4718 hunc
2953 4662 3187 4733 spoliari
3214 4680 3247 4717 a
3274 4664 3392 4719 Deo
3415 4667 3650 4722 amabili

2027 4755 2295 4828 episcopo
2327 4757 2659 4811 sacerdotali
2675 4756 2977 4828 dignitate,
2997 4761 3053 4810 et
3082 4755 3162 4810 ita
3183 4756 3288 4810 sub
3317 4758 3513 4829 legum
3528 4760 3651 4816 fieri

2028 4865 2228 4902 manu.
2260 4848 2319 4903 Si
2339 4864 2473 4902 vero
2502 4849 2947 4904 ecclesiasticum
2978 4847 3047 4903 sit
3067 4848 3359 4917 delictum,
3378 4867 3557 4922 egens
3569 4870 3655 4909 ca-

2031 4940 2339 5012 stigatione
2366 4941 2749 4996 ecclesiastica
2779 4945 2838 4996 et
2867 4944 3071 5008 multa,
3098 4943 3216 4997 Deo
3244 4944 3505 4999 amabilis
3534 4947 3651 5018 epi-

2031 5049 2236 5104 scopus
2250 5032 2359 5086 hoc
2377 5032 2684 5099 discernat,
2703 5033 2843 5088 nihil
2856 5034 3410 5090 communicantibus
3423 5038 3659 5093 clarissi-

2032 5126 2141 5180 mis
2171 5123 2796 5197 provinciazjudicibus.
2827 5126 3021 5198 Neque
3051 5127 3206 5182 enim
3235 5129 3494 5184 volumus
3522 5132 3659 5188 talia

2035 5217 2266 5290 negotia
2295 5216 2532 5272 omnino
2561 5216 2705 5271 scire
2742 5216 2964 5275 sciviles
2987 5220 3229 5288 judices,
3257 5238 3390 5276 cum
3432 5229 3659 5295 oportet

2033 5311 2171 5366 talia
2187 5309 2563 5366 ecclesiastica
2582 5308 2917 5377 examinari,
2939 5314 2997 5363 et
3012 5314 3314 5370 emendari
3325 5316 3548 5372 animas
3568 5319 3660 5374 de-

2036 5404 2422 5477 linquentium
2453 5419 2555 5475 per
2580 5401 3021 5458 ecclesiasticam
3064 5407 3305 5462 multam
3348 5412 3661 5468 secundum

2039 5515 2228 5554 sacras
2259 5503 2317 5552 et
2341 5496 2562 5551 divinas
2591 5496 2839 5567 regulas,
2873 5510 3015 5565 quas
3049 5496 3227 5552 etiam
3262 5506 3473 5558 nostra:
3499 5506 3660 5577 sequi

2037 5608 2156 5647 non
2191 5589 2578 5660 dedignantur
2604 5589 2782 5659 leges.
2815 5586 2873 5641 Si
2899 5602 3032 5640 vero
3059 5589 3326 5658 quaedam
3350 5596 3506 5665 prius
3535 5614 3666 5653 con-

2040 5687 2257 5742 testatae
2297 5683 2428 5736 sunt
2465 5680 2613 5747 lites,
2660 5680 2749 5734 ha:
2779 5682 3049 5734 maneant
3092 5678 3152 5732 in
3192 5680 3318 5752 ipso
3350 5688 3662 5758 schemate,

2043 5780 2294 5833 velocem
2338 5771 2680 5841 accipientes
2719 5772 2915 5837 ﬁnem,
2966 5770 3232 5825 omnibus
3281 5791 3409 5843 quae
3450 5779 3575 5846 jam
3632 5800 3665 5837 a
