4032 6232
398 376 531 428 1007

1534 363 1789 422 δίΕΕΙΙΙιΙ
1830 365 2025 421 SEXTI
2063 358 2621 421 SUPPLEMENTUM.

3624 368 3765 421 1008

395 480 559 536 nobis
588 479 808 534 sancita
828 482 979 546 sunt,
1006 476 1120 532 sive
1151 493 1323 547 super
1348 474 1726 529 sanctissimis
1747 473 2022 541 ecclesiis,
2048 489 2106 561 Α
2126 474 2225 527 ciae
2255 471 2495 543 praeside
2525 471 2881 525 audientiam
2909 469 3326 538 accommodet,
3351 478 3408 527 et
3426 472 3655 543 utrique
3672 474 3764 526 vel

398 579 512 633 sive
538 594 709 648 super
739 578 857 631 Deo
889 575 1233 631 amabilibus
1252 572 1551 643 episcopis,
1582 571 1698 625 sive
1727 587 1897 642 super
1921 572 2028 625 cle-

398 671 548 737 ricis,
581 670 696 724 sive
737 686 908 741 super
945 667 1242 722 monachis
1284 665 1577 737 propriam
1608 665 1878 718 virtutem
1925 664 2026 718 ha-

396 763 685 818 bentibus.

468 859 586 911 Tua
628 856 807 926 igitur
845 854 1168 908 eminentia
1206 869 1335 924 quae
1380 851 1721 923 placuerunt
1757 850 1940 919 nobis,
1975 856 2033 905 et

400 966 504 1021 per
523 949 672 1004 hanc
686 964 908 1002 sacram
933 947 1223 1000 declarata
1246 949 1380 999 sunt
1395 946 1606 1015 legem,
1620 960 1725 1014 per
1740 959 2035 1015 program-

401 1046 561 1098 mata
583 1042 816 1113 propria
829 1041 1137 1094 manifesta
1155 1039 1329 1093 faciat
1348 1038 1647 1103 universis,
1670 1043 1729 1092 et
1748 1037 1804 1090 in
1834 1050 2035 1108 perpe-

402 1141 565 1191 tuum
608 1135 836 1190 studeat
877 1133 1171 1189 custodiri.
1211 1134 1336 1187 Dat.
1379 1148 1448 1187 xv
1486 1132 1608 1185 Kal.
1648 1131 1847 1201 April.,
1880 1132 2031 1185 Con-

404 1228 738 1299 stantinop.,
772 1227 911 1298 imp.
942 1227 999 1282 d.
1032 1244 1087 1280 n.
1115 1226 1321 1282 Justin.
1344 1226 1447 1279 PP.
1474 1227 1643 1295 Aug.,
1672 1224 1883 1279 Arione
1911 1240 1961 1277 v.
1982 1240 2031 1277 c.

404 1338 560 1376 CODS.

919 1389 1238 1445 NOVELLA
1265 1390 1520 1444 LXXXVI.

613 1488 966 1529 IMPERATORIS
997 1488 1299 1527 JUSTINIANI
1328 1486 1557 1525 AUGUSTI
1588 1484 1838 1524 EDICTUM.

414 1571 480 1624 Ut
504 1567 786 1637 prxsides,
817 1569 915 1635 qui
942 1566 1341 1635 interpellantis
1380 1565 1620 1631 allegata.
1649 1562 1851 1637 audire
1877 1561 2033 1637 diﬂ’ee

478 1634 629 1699 runt,
661 1634 1052 1706 compellantur
1078 1634 1148 1689 id
1173 1638 1355 1701 facere
1381 1637 1449 1688 ab
1487 1636 1763 1703 episcopis.
1807 1635 1875 1687 Et
1905 1637 1966 1706 ut
1991 1634 2039 1706 si

479 1711 599 1779 quis
619 1705 900 1779 prmsidem
922 1713 1225 1775 suspectum
1251 1707 1429 1767 habet,
1462 1709 1521 1759 in
1543 1706 1895 1779 cognitionem
1927 1705 2039 1779 litis

479 1776 738 1834 adhibeat
760 1781 1021 1846 societque
1052 1780 1211 1831 etiam
1232 1779 1468 1831 civitatis
1489 1778 1812 1844 episcopum.
1829 1776 1959 1846 Item
1978 1777 2041 1826 ut

481 1853 577 1921 qui
613 1867 647 1903 α
680 1845 1293 1921 ρνκεξάείοίΐεηεὶοηριη
1338 1850 1629 1921 patiuntur
1663 1849 1712 1899 et
1757 1845 2036 1921 injuriam,

481 1916 700 1975 ἆάεαηῐ
712 1936 774 1973 ea
805 1920 869 1972 de
888 1934 945 1972 re
972 1921 1295 1987 episc0pum.
1318 1921 1495 1987 Deque
1524 1918 1639 1970 alia
1664 1916 1893 1974 cautela.
1923 1930 2044 1983 quae

481 1992 551 2045 ab
580 1992 840 2059 episcopis
875 1986 1088 2043 omnino
1124 1986 1480 2051 corroborari,
1516 1990 1637 2056 ﬁeri
1663 2002 1786 2041 vero
1820 1986 1974 2040 debet
2009 2002 2043 2039 a

475 2061 824 2133 prmsidibus.

480 2156 557 2210 Ex
588 2170 702 2225 quo
735 2155 882 2209 Deus
913 2170 1018 2208 nos
1049 2153 1445 2207 Romanorum
1486 2151 1742 2222 praefecit
1776 2150 2041 2221 imperio,

414 2263 644 2318 semper
669 2263 898 2301 summo
913 2246 1282 2301 elaboramus
1296 2244 1508 2311 studio,
1530 2249 1592 2299 ut
1611 2244 1810 2299 omnia
1829 2260 1956 2314 quae
1972 2243 2047 2297 ad

411 2341 775 2396 subditorum
798 2357 831 2393 a
852 2340 965 2394 Deo
996 2338 1160 2393 nobis
1182 2338 1527 2393 concreditre
1548 2337 1874 2409 reipublicae
1902 2336 2048 2390 utili-

410 2437 593 2489 tatem
606 2434 853 2488 tendunt
868 2449 1125 2501 agamus,
1142 2448 1495 2503 agamusque
1515 2432 1613 2484 illa
1626 2447 1753 2502 quae
1768 2430 1924 2484 omni
1949 2446 2048 2484 eos

414 2526 776 2594 difﬁcultate,
794 2526 1028 2579 laesione
1047 2524 1412 2579 etattritione
1432 2524 1697 2591 liberent,
1724 2540 1794 2576 nc
1819 2523 2047 2593 quando

414 2636 518 2691 per
548 2635 777 2673 causam
799 2618 984 2672 litium
1017 2622 1074 2671 et
1101 2618 1210 2671 alia
1236 2617 1569 2688 hujusmodi
1587 2634 1617 2671 e
1644 2634 1746 2671 sua
1770 2621 2050 2686 cogantur

412 2712 692 2784 proﬁcisci
726 2712 933 2783 patria,
958 2714 1015 2765 et
1036 2711 1093 2765 in
1119 2711 1428 2781 peregrino
1457 2711 1578 2765 solo
1605 2709 1846 2764 miseriis
1873 2709 2044 2764 afﬁci.

414 2806 736 2877 EaprOpter
762 2809 819 2859 et
850 2805 908 2858 in
937 2805 1245 2875 praesentia
1277 2804 1460 2858 visum
1492 2804 1659 2858 nobis
1688 2809 1773 2857 est
1796 2820 2049 2873 praesens

416 2899 668 2955 edictum
688 2899 746 2952 in
769 2898 1093 2952 universam
1120 2897 1349 2968 imperii
1380 2897 1561 2951 nostri
1589 2896 1868 2951 ditionem
1890 2896 2052 2950 emit-

414 2996 559 3059 tere,
594 2996 650 3046 et
679 2991 942 3046 omnium
974 2991 1268 3045 civitatum
1297 3008 1363 3044 ac
1395 3007 1677 3061 pagorum
1707 2990 1909 3044 incolis
1935 2991 2046 3044 cla-

418 3101 548 3140 rum
564 3086 779 3139 facere:
806 3100 1014 3155 nempe
1040 3085 1087 3137 si
1105 3083 1231 3154 quis
1252 3100 1382 3137 cum
1402 3084 1583 3138 altero
1600 3082 1811 3138 habeat
1828 3088 2052 3138 contro-

416 3178 683 3243 versiam,
714 3178 829 3231 sive
859 3178 929 3231 de
961 3177 1295 3247 pecuniaria
1323 3193 1511 3242 causa,
1536 3177 1650 3230 sive
1673 3176 1827 3247 quod
1852 3194 1944 3231 res
1972 3177 2053 3231 illi

420 3271 665 3325 mobiles
696 3271 945 3340 abreptae
958 3270 1090 3337 sint,
1114 3271 1203 3323 vel
1226 3270 1575 3333 immobiles,
1600 3271 1685 3324 vel
1701 3271 1915 3340 seipsas
1934 3286 2054 3325 mo-

420 3367 639 3429 ventes,
675 3363 790 3418 sive
822 3362 893 3416 de
923 3361 1336 3429 criminalibus,
1369 3366 1431 3416 ut
1457 3363 1612 3433 prius
1641 3380 1709 3416 ea
1736 3363 1806 3417 de
1845 3380 1906 3417 re
1934 3365 2051 3418 cla-

420 3456 716 3511 rissimum
748 3455 1055 3527 provinciae
1086 3455 1391 3526 prmsidem
1420 3456 1606 3521 adeat,
1649 3473 1762 3527 quo
1785 3457 1971 3528 magis
1998 3462 2055 3512 et

421 3549 511 3604 his
527 3566 655 3620 quae
682 3549 739 3603 in
762 3549 927 3603 litem
949 3549 1299 3616 referuntur,
1319 3548 1635 3603 secundum
1652 3550 1810 3621 leges
1832 3554 2056 3606 nostras

422 3642 909 3699 examinationem
927 3638 1278 3712 interponat,
1300 3646 1358 3695 et
1373 3642 1576 3714 cuique
1584 3643 1679 3713 jus
1696 3659 1862 3697 suum
1879 3661 2057 3698 reser-

420 3740 535 3791 vet.
577 3736 635 3792 Si
661 3753 791 3790 vero
820 3735 1026 3807 aliquis
1056 3752 1187 3790 cum
1216 3735 1525 3806 provinciae
1555 3736 1860 3807 praesidem
1885 3738 2054 3792 adiis-

424 3833 531 3897 set,
579 3831 674 3901 jus
723 3846 890 3884 suum
940 3846 1056 3885 non
1109 3828 1380 3898 obtinuit,
1413 3834 1549 3883 tunc
1573 3830 1846 3900 jubemus
1887 3836 1948 3885 ut
1983 3832 2059 3886 ad

423 3923 921 3995 religiosissimum
955 3923 1076 3993 ejus
1116 3923 1225 3977 loci
1266 3923 1595 3994 episcopum
1641 3924 1895 3992 accedat,
1929 3928 1987 3979 et
2012 3925 2060 3980 is

426 4017 500 4071 ad
551 4016 933 4071 clarissimum
982 4016 1291 4086 provinciae
1339 4016 1646 4086 praesidem
1694 4017 1906 4088 mittat,
1964 4025 2062 4075 aut

426 4110 598 4165 etiam
643 4125 747 4179 per
783 4126 841 4163 se
874 4109 995 4179 ipse
1046 4109 1469 4180 progrediatur,
1503 4113 1561 4163 et
1606 4115 1895 4181 procuret,
1947 4129 2061 4183 quo

430 4202 621 4257 modis
644 4201 915 4256 omnibus
942 4202 1254 4256 adeuntem
1282 4203 1498 4271 audiat,
1530 4208 1587 4257 et
1595 4204 1747 4274 juste
1770 4220 1901 4258 eum
1919 4206 2059 4260 libe-

428 4298 520 4350 ret
545 4295 861 4350 secundum
894 4298 1119 4350 nostras
1145 4295 1320 4366 leges,
1346 4312 1419 4349 ne
1452 4301 1690 4367 cogatur
1719 4314 1959 4369 peregre
1990 4299 2062 4354 de

430 4405 535 4444 sua
556 4389 834 4461 proﬁcisci
870 4388 1074 4459 patria.

502 4482 560 4538 Si
574 4500 706 4537 vero
727 4482 901 4537 etiam
923 4482 1282 4537 sanctissimo
1304 4481 1571 4554 episcopo
1588 4484 1893 4555 praesidem
1913 4502 2065 4541 com-

431 4575 705 4648 pellente,
721 4574 1097 4630 nihilominus
1118 4591 1333 4647 praeses
1353 4577 1669 4631 secundum
1679 4577 1775 4648 jus
1792 4578 2062 4634 dirimere

432 4669 771 4724 adeuntium
807 4668 1042 4741 negotia
1088 4668 1336 4737 differat,
1373 4673 1473 4724 aut
1512 4669 1791 4742 disceptet
1831 4672 2066 4743 quidem

433 4762 902 4829 controversiam,
935 4779 1052 4817 non
1081 4779 1215 4817 vero
1246 4763 1368 4833 ejus
1400 4779 1460 4817 se
1481 4763 1696 4833 judicio
1722 4766 2065 4835 permitten-

430 4854 585 4911 tibus
617 4858 850 4909 tueatur
871 4854 966 4925 jus
1014 4872 1199 4924 suum,
1240 4856 1605 4928 praecipimus
1632 4858 2065 4929 religiosissimo

432 4948 587 5005 illius
621 4947 862 5003 civitatis
904 4950 1170 5021 episcopo
1200 4953 1263 5004 ut
1292 4950 1342 5004 ei
1373 4950 1469 5021 qui
1492 4951 1588 5021 jus
1620 4968 1785 5005 suum
1818 4969 1935 5007 non
1964 4953 2065 5007 ob-

432 5041 608 5098 tinuit
651 5041 749 5096 det
775 5040 847 5095 ad
879 5058 983 5096 nos
1010 5042 1251 5111 litteras,
1287 5059 1415 5113 qua
1454 5043 1747 5099 declarent
1771 5046 1925 5116 quod
1957 5046 2068 5100 im-

432 5136 631 5208 pulsus
652 5135 724 5190 ab
737 5135 862 5208 ipso
881 5152 1096 5207 presses
1109 5136 1421 5191 adeuntem
1440 5136 1659 5207 audire,
1681 5142 1737 5192 et
1758 5155 1882 5210 quae
1898 5140 2072 5195 inter-

433 5230 625 5302 ipsum
656 5233 714 5285 et
740 5229 986 5284 alterum
1013 5229 1285 5283 adversus
1311 5246 1485 5301 quem
1513 5232 1936 5288 accusationem
1970 5234 2067 5288 ha-

433 5323 533 5380 bet
559 5325 1060 5379 controvertantur
1080 5322 1396 5394 disceptare
1421 5322 1666 5393 differat,
1684 5329 1746 5380 ut
1772 5344 1895 5394 nos,
1919 5327 2072 5385 hisce

437 5418 703 5489 cognitis,
732 5416 1037 5489 provinciae
1067 5415 1295 5488 prasidi
1342 5416 1669 5490 irrogemus
1706 5422 2068 5493 supplicium,

437 5527 503 5567 eo
534 5510 691 5582 quod
720 5514 777 5564 et
803 5509 1101 5582 abinjuria
1123 5509 1327 5565 affecto
1350 5511 1557 5581 aditus,
1579 5517 1637 5567 et
1662 5530 1695 5568 a
1724 5516 2073 5587 religiosissi-

437 5621 534 5660 mo
550 5604 818 5675 episcopo
830 5603 902 5657 ad
923 5602 978 5657 id
997 5602 1325 5672 inclinatus,
1340 5609 1707 5662 controversa
1729 5625 1840 5662 non
1862 5609 2075 5681 discep-

435 5697 660 5751 taverit.
693 5694 855 5759 Quod
877 5695 923 5748 si
940 5713 1044 5750 usu
1059 5696 1254 5751 veniat
1275 5702 1338 5752 ut
1357 5702 1689 5754 nostrorum
1711 5700 2073 5757 subditorum

440 5787 643 5856 aliquis
667 5786 971 5857 presidem
996 5792 1323 5859 suspectum
1352 5790 1584 5862 habeat,
1606 5791 1880 5862 jubemus
1906 5798 1968 5848 ut
1992 5812 2078 5849 re-

441 5874 843 5947 ligiosissimus
867 5879 1167 5951 episcopus
1198 5897 1310 5937 una
1338 5899 1471 5940 cum
1495 5883 1810 5943 clarissimo
1840 5888 2074 5959 provin-

2130 566 2420 621 amicabili
2456 564 2851 620 conciliatione
2893 568 3264 620 controversa
3296 566 3640 637 transigant,
3676 566 3767 620 vel

2130 676 2236 731 per
2247 659 2688 714 annotationem
2708 659 2915 729 scripto
2930 660 3430 730 comprehensam,
3451 663 3550 713 aut
3569 658 3771 729 cogni-

2131 752 2424 807 tionaliter
2453 752 2776 823 disceptent
2803 767 2873 805 ea
2906 752 2976 807 de
3007 752 3212 822 quibus
3254 752 3403 807 inter
3442 752 3772 822 litigatores

2133 846 2423 901 contentio
2449 849 2553 912 est,
2580 848 2638 898 et
2664 860 2850 899 causa:
2881 844 3128 899 formam
3158 845 3430 915 dentjuri
3459 849 3517 899 et
3538 845 3771 915 legibus

2133 939 2594 1005 convenientem,
2632 955 2705 992 ne
2746 954 2850 1008 per
2893 938 3226 1009 hujusmodi
3275 954 3507 992 causam
3553 938 3773 992 subditi

2133 1032 2314 1087 nostri
2364 1049 2469 1087 sua
2506 1034 2790 1102 cogantur
2819 1031 3092 1085 excedere
3139 1031 3344 1101 patria.
3380 1032 3667 1085 Caeterum
3719 1030 3771 1083 si

2136 1126 2262 1196 quis
2280 1128 2434 1179 ratus
2448 1126 2907 1196 qualemcunque
2919 1140 2978 1178 se
2993 1124 3264 1193 adversus
3282 1125 3535 1195 aliquem
3549 1124 3772 1177 habere

2136 1219 2448 1286 actionem,
2481 1235 2669 1288 neque
2701 1218 3085 1272 clarissimum
3118 1217 3420 1289 provincia
3457 1216 3774 1289 praesidem

2135 1312 2324 1378 adeat,
2381 1327 2570 1382 neque
2620 1312 2946 1382 alloquatur
2990 1311 3482 1381 religiosissimum
3530 1310 3777 1365 civitatis

2139 1406 2488 1477 episcopum,
2512 1411 2683 1477 atque
2728 1406 2800 1459 ita
2830 1406 3237 1476 progrediatur
3265 1407 3377 1460 huc
3409 1406 3530 1459 sine
3566 1404 3777 1459 litteris

2137 1499 2549 1569 religiosissimi
2578 1499 2851 1571 episcopi,
2876 1503 3065 1553 certus
3086 1504 3206 1554 esto
3225 1499 3458 1553 easdem
3486 1516 3545 1552 se
3572 1514 3778 1570 poenas

2138 1592 2461 1647 subiturum
2489 1609 2630 1662 quas
2651 1593 3012 1647 sustinuisset
3026 1609 3255 1663 praeses,
3272 1593 3318 1646 si
3332 1592 3403 1645 ab
3422 1592 3545 1663 ipso
3560 1591 3776 1658 aditus,

2132 1686 2227 1756 jus
2258 1686 2338 1739 illi
2367 1702 2533 1740 suum
2566 1686 2711 1740 tueri
2746 1702 2863 1741 non
2893 1685 3223 1739 studuisset.
3259 1686 3386 1740 Haec
3419 1686 3611 1739 autein
3642 1701 3777 1738 om-

2141 1779 2237 1833 nia
2265 1779 2488 1833 sancire
2512 1779 2696 1833 visum
2725 1782 2812 1848 est
2835 1782 3074 1850 propter
3103 1795 3305 1832 eorum
3338 1778 3643 1833 utilitatem
3676 1777 3779 1848 qui

2061 1865 2118 1937 B
2143 1872 2309 1926 urbes
2330 1876 2388 1926 et
2415 1889 2597 1943 pagos
2617 1872 2897 1941 incolunt,
2933 1889 3004 1927 ne
3023 1872 3068 1926 si
3090 1872 3304 1943 patrias
3328 1889 3458 1926 suas
3484 1871 3778 1937 deserant,

2145 1970 2203 2020 et
2226 1966 2332 2037 ipsi
2361 1966 2419 2019 in
2449 1966 2757 2037 peregrino
2783 1966 2904 2019 solo
2934 1965 3288 2037 afﬂigantur,
3319 1969 3377 2019 et
3412 1964 3647 2019 interim
3683 1980 3782 2017 res

2146 2076 2348 2113 eorum
2372 2059 2671 2113 familiaris
2706 2075 2935 2129 pessum
2961 2062 3071 2113 eat.
3101 2059 3414 2129 Propterea
3445 2058 3603 2112 enim
3645 2073 3774 2111 ma-

2146 2154 2417 2223 gistratus
2432 2154 2608 2223 gratis
2621 2153 3037 2219 constituimus,
3054 2152 3232 2222 etjusj
3242 2152 3524 2206 urandum
3540 2150 3786 2221 insuper

2147 2251 2299 2322 ipsos
2333 2248 2524 2302 subire
2544 2246 2833 2317 jubemus,
2858 2250 2920 2299 ut
2938 2245 3250 2316 unicuique
3266 2246 3421 2315 ipsos
3442 2242 3695 2311 adeunti,
3720 2243 3783 2297 id

2148 2342 2301 2414 quod
2321 2342 2542 2412 justum
2570 2343 2676 2402 est,
2706 2338 3021 2393 secundum
3039 2338 3203 2409 leges
3234 2342 3457 2392 nostras
3483 2342 3782 2391 tueantur.

2147 2439 2323 2492 Porro
2345 2435 2390 2488 si
2406 2433 2707 2502 contingat
2727 2431 3083 2485 subditorum
3101 2435 3431 2485 nostrorum
3455 2430 3714 2500 aliquem
3748 2446 3784 2483 a

2147 2528 2463 2584 clarissimo
2494 2525 2801 2597 provinciis
2819 2524 3061 2596 praeside
3083 2523 3297 2594 injuria
3321 2524 3493 2591 afﬁci,
3509 2524 3788 2594 jubemus

2147 2628 2213 2680 ut
2232 2620 2674 2692 religiosissimae
2700 2618 2940 2673 civitatis
2961 2618 3110 2672 illius
3124 2617 3457 2688 episcopum
3472 2615 3663 2683 adeat,
3683 2616 3787 2686 qui

2149 2719 2298 2771 inter
2328 2713 2708 2769 clarissimum
2740 2711 3045 2783 praesidem
3084 2712 3349 2781 interque
3379 2722 3516 2764 eum
3543 2709 3641 2779 qui
3674 2709 3785 2762 sibi

2150 2812 2222 2865 ab
2243 2810 2368 2881 ipso
2388 2809 2605 2862 illatam
2620 2809 2782 2877 putat
2800 2806 3072 2876 injuriam
3089 2805 3384 2875 disceptet.
3398 2807 3477 2857 Ac
3494 2801 3785 2873 siquidem

2151 2904 2446 2972 contingat
2471 2899 2777 2972 praesidem
2805 2915 2840 2952 a
2875 2897 3307 2968 religiosissimo
3333 2896 3603 2967 episcopo
3642 2894 3787 2965 legi-

2151 2998 2292 3051 time
2324 2998 2425 3049 aut
2434 2994 2588 3065 juste
2605 2992 3002 3058 condemnari,
3023 2990 3183 3045 omni
3206 2989 3380 3045 modo
3403 2990 3455 3043 ei
3476 2989 3574 3059 qui
3597 2987 3669 3041 de
3693 2988 3785 3041 in-

2146 3090 2300 3161 juria
2313 3089 2500 3160 ipsum
2517 3086 2837 3159 postulavit,
2858 3084 3187 3140 satisfaciat.
3208 3084 3264 3139 Si
3283 3083 3343 3137 id
3358 3083 3549 3137 facere
3572 3097 3791 3153 praeses

2152 3185 2397 3247 recuset,
2417 3196 2598 3251 eaque
2610 3196 2783 3234 causa
2794 3179 2868 3233 ad
2888 3196 2993 3233 nos
3010 3175 3619 3249 perveniat,siquidem
3633 3175 3791 3228 inve—

2154 3277 2411 3331 nerimus
2432 3274 2587 3345 juste
2608 3272 2795 3343 ipsum
2814 3272 3129 3326 secundum
3150 3272 3306 3342 leges
3334 3273 3560 3323 nostras
3588 3285 3623 3322 a
3652 3266 3788 3321 reli-

2156 3368 2478 3442 giosissimo
2511 3366 2778 3438 episcopo
2808 3366 3252 3421 condemnatum
3278 3364 3533 3434 judicata
3561 3377 3681 3416 non
3710 3361 3794 3414 fe-

2156 3463 2318 3530 cisse,
2334 3461 2533 3515 ultimo
2546 3461 2698 3514 hunc
2710 3458 2986 3530 supplicio
3006 3457 3171 3512 subdi
3182 3457 3532 3528 jubebimus,
3548 3458 3792 3525 pr0pter

2158 3574 2226 3611 ea
2256 3554 2411 3627 quod
2449 3570 2579 3608 cum
2617 3553 2759 3607 alios
2795 3552 3005 3622 injuria
3050 3567 3352 3622 oppressos
3389 3548 3683 3602 vindicare
3732 3551 3793 3600 et

2159 3648 2471 3703 defendere
2494 3645 2801 3712 debuisset,
2833 3646 2953 3717 ipse
2977 3644 3187 3715 injuria
3214 3642 3565 3715 Oppressisse
3589 3641 3795 3711 depre-

2158 3744 2372 3797 hensus
2392 3742 2482 3795 sit.
2504 3741 3018 3810 Obtemperantem
3041 3753 3271 3809 quoque
3291 3736 3376 3790 illi
3394 3736 3716 3800 cohortem,
3737 3737 3795 3786 et

2160 3836 2488 3907 quicunque
2510 3833 2838 3888 clarissimis
2858 3831 3197 3903 praesidibus
3216 3831 3275 3883 in
3294 3828 3619 3884 ministerio
3638 3831 3793 3889 sunt,

2153 3929 2426 4000 jubemus
2454 3931 2516 3981 ut
2534 3927 2740 3981 horum
2773 3925 2902 3979 lites
2932 3925 3029 3996 qui
3051 3924 3212 3978 illum
3239 3922 3458 3977 adeunt
3485 3920 3682 3975 dirimi
3708 3921 3792 3973 fa-

2162 4022 2336 4089 ciant,
2369 4021 2510 4075 nihil
2543 4020 2891 4091 accipientes
2929 4019 3077 4072 ultra
3106 4034 3174 4071 ea
3204 4032 3333 4087 quae
3362 4014 3575 4070 nostris
3607 4010 3793 4068 conti-

2165 4119 2376 4169 nentur
2392 4113 2906 4168 constitutionibus.
2934 4112 2992 4166 Si
3013 4127 3147 4166 vero
3171 4112 3293 4164 haec
3312 4126 3430 4164 non
3448 4106 3794 4171 custodiant,

2164 4208 2330 4263 subdi
2351 4207 2625 4278 jubemus
2656 4205 2967 4277 suppliciis.

2233 4301 2396 4355 Certe
2418 4301 2463 4354 si
2481 4316 2654 4372 quem
2685 4296 3251 4370 religiosissimorum
3279 4293 3684 4366 episcoporum
3706 4292 3801 4347 de-

2164 4392 2666 4467 prehenderimus,
2698 4392 2755 4445 in
2786 4391 3034 4462 gratiam
3060 4389 3317 4461 alicujus,
3340 4390 3722 4443 contemnere
3742 4386 3801 4441 id

2167 4487 2323 4559 quod
2342 4488 2531 4541 facere
2540 4486 2763 4557 justum
2783 4488 2887 4554 est,
2903 4483 3243 4539 canonicam
3258 4481 3339 4536 illi
3354 4481 3797 4553 castigationem

2084 4600 2143 4672 D
2167 4581 2368 4635 inferri
2382 4580 2672 4652 jubemus,
2703 4594 2817 4650 quo
2840 4577 3029 4649 magis
3049 4594 3180 4631 cum
3208 4576 3414 4630 timore
3432 4574 3534 4629 Dei
3542 4574 3700 4644 juste
3713 4573 3801 4643 ju-

2168 4674 2359 4729 dicare
2387 4674 2669 4740 studeant,
2704 4689 2777 4727 ne
2809 4671 2854 4726 si
2884 4672 2980 4742 jus
3018 4686 3185 4725 suum
3216 4668 3483 4723 homines
3510 4684 3630 4722 non
3660 4667 3801 4722 obti-

2168 4772 2364 4836 neant,
2403 4770 2686 4839 cogantur
2714 4766 2981 4820 deserere
3008 4780 3140 4818 suas
3164 4762 3357 4828 urbes,
3388 4760 3715 4833 provincias
3738 4776 3801 4814 ac

2170 4861 2335 4916 sedes
2363 4863 2421 4915 et
2462 4861 2573 4915 huc
2604 4876 2923 4915 accurrere.
2964 4860 3028 4912 In
3067 4856 3272 4928 quibus
3302 4871 3436 4909 vero
3479 4854 3803 4908 civitatibus

2170 4954 2442 5027 praesides
2477 4958 2687 5026 prazsto
2719 4970 2835 5008 non
2862 4954 3014 5019 sunt,
3040 4950 3332 5022 jubemus,
3372 4951 3434 5001 ut
3454 4947 3553 5019 qui
3581 4945 3802 5017 aliquid

2171 5047 2574 5105 controversiae
2626 5048 2859 5114 habent,
2897 5045 2955 5100 hi
2984 5044 3195 5099 adeant
3234 5043 3630 5107 defensorem,
3661 5043 3719 5093 et
3763 5039 3808 5093 is

2173 5143 2451 5214 disceptet
2479 5158 2607 5213 qua}
2637 5139 2788 5195 inter
2818 5140 2971 5211 ipsos
3007 5138 3535 5193 controvertuntur.
3564 5132 3732 5198 Quod
3760 5133 3803 5187 si

2174 5237 2271 5308 qui
2297 5253 2428 5291 cum
2456 5236 2615 5290 litem
2644 5234 2880 5301 habent,
2901 5249 3019 5288 non
3044 5231 3433 5297 defensorem,
3458 5228 3558 5281 sed
3582 5226 3809 5298 religio-

2173 5330 2461 5385 sissimum
2479 5329 2743 5400 judicare
2764 5326 2943 5382 velint
2962 5324 3314 5398 episcopum,
3331 5322 3610 5394 jubemus
3630 5324 3689 5375 et
3703 5320 3807 5374 hoc

2172 5424 2317 5480 ﬁeri.

2246 5516 2360 5573 Sed
2372 5533 2559 5587 neque
2575 5514 2951 5583 monachum,
2966 5529 3155 5585 neque
3169 5510 3461 5577 clericum,
3486 5525 3678 5580 neque
3699 5506 3812 5579 epi-

2175 5628 2415 5683 scopum
2452 5610 2726 5681 jubemus
2766 5610 2878 5664 huc
2927 5606 3199 5662 accedere
3231 5604 3352 5659 sine
3392 5600 3808 5673 religiosissimi

2175 5705 2517 5777 patriarchae
2537 5705 2622 5759 sui
2639 5703 2860 5771 litteris,
2877 5706 2978 5756 aut
2995 5700 3133 5756 certi
3151 5702 3320 5754 sunto
3339 5697 3497 5769 quod
3514 5694 3809 5766 religionis

2176 5798 2375 5853 habitu
2402 5815 2461 5852 se
2475 5798 2748 5869 indignos
2763 5796 2995 5852 facient.
3018 5796 3305 5850 Praeterea
3327 5790 3372 5845 si
3395 5790 3525 5861 quis
3542 5789 3811 5859 magiste-

2177 5891 2395 5961 rianus,
2425 5896 2524 5947 aut
2558 5893 2980 5965 praefectianus,
3014 5891 3114 5945 aut
3146 5888 3539 5961 cujuscunque
3575 5881 3812 5940 tandem
