4032 6232
264 364 400 425 1009

1130 375 1494 430 JUSTINIANI
1534 374 1867 433 ΝονΕιΑΑε
1906 379 2240 435 δειεωῑίε.
2284 380 2593 440 Νονειω
2631 382 2761 442 CIX.

3493 390 3630 446 lOlO

256 474 529 571 fortuna,
552 475 863 547 ampliores
875 478 1159 548 sportulas
1174 495 1349 550 quam
1370 482 1544 535 sacris
1576 484 1780 538 nostris
1796 484 1890 538 de-
1911 498 1970 571 Α
1991 502 2079 540 sos
2107 487 2178 541 ab
2204 488 2335 542 ovili
2361 490 2459 545 Dei
2506 500 2836 565 segregant,
2878 495 3105 566 quando
3143 495 3376 568 quidem
3401 495 3628 569 justum

256 567 436 623 ﬁnita
474 572 608 622 sunt
644 570 1149 626 constitutionibus
1181 575 1484 644 acceperit,
1518 575 1790 645 jubemus
1828 581 1892 631 ut
1911 567 1969 571 η
1992 594 2110 634 non
2137 582 2223 634 est
2248 586 2313 636 ut
2338 586 2649 654 aqualibus
2676 588 2987 660 privilegiis
3010 567 3305 645 hareticos
3321 567 3631 660 dignemur

254 678 473 732 prases
508 662 817 733 provincia
844 680 946 719 suo
969 666 1222 735 periculo
1241 668 1555 723 secundum
1573 669 1765 740 legem
1787 687 1891 725 no-

255 760 439 809 stram
476 756 665 810 modis
678 757 945 811 omnibus
969 758 1077 812 hoc
1090 758 1361 829 vindicet,
1376 765 1434 815 et
1461 762 1893 832 castigationem

256 849 346 905 his
375 849 475 919 qui
506 850 641 903 talia
672 851 1144 921 prasumpserint
1169 852 1399 909 inferat.
1447 854 1505 909 Si
1534 871 1744 925 prases
1776 873 1893 911 non

253 941 649 1011 vindicaverit,
705 942 996 998 licentiam
1037 945 1244 999 damus
1276 946 1703 1017 religiosissimo
1745 949 1895 1003 illius

255 1035 503 1089 civitatis
549 1036 839 1107 episcopo,
882 1037 1156 1092 certiores
1180 1055 1287 1093 nos
1329 1040 1503 1093 dehis
1544 1041 1808 1109 reddere,
1838 1045 1896 1097 et

258 1129 494 1200 qualem
530 1132 813 1199 praterea
837 1130 1101 1185 militiam
1132 1134 1231 1186 aut
1250 1132 1587 1203 dignitatem
1616 1135 1824 1189 habeat
1848 1135 1896 1189 is

257 1222 359 1292 qui
381 1222 507 1277 hac
526 1224 912 1294 prasumpsit,
943 1224 1207 1295 adjicere,
1240 1229 1303 1280 ut
1331 1229 1387 1280 et
1412 1227 1639 1298 prasidi
1668 1228 1895 1300 pericu-

254 1315 376 1369 lum
404 1316 748 1386 irrogemus,
793 1317 891 1387 qui
932 1318 1052 1371 hac
1090 1319 1447 1389 concesserit,
1495 1323 1552 1374 et
1582 1322 1897 1392 jussionem

254 1415 514 1462 nostram
544 1409 878 1479 despexerit,
912 1415 968 1465 et
986 1410 1173 1481 ipsum
1193 1413 1292 1484 qui
1314 1413 1448 1468 talia
1471 1416 1901 1487 prasumpserit

248 1502 557 1572 jubeamus
582 1502 733 1575 afﬁci
760 1503 1057 1575 supplicio.

843 1653 1153 1708 NOVELLA
1186 1654 1311 1709 CIX.

649 1749 719 1801 De
749 1747 1066 1802 mulieribus
1093 1746 1200 1816 fide
1228 1748 1511 1804 haereticis.

1992 688 2122 727 cum
2148 675 2486 746 orthodoxis,
2523 686 2819 750 eapropter
2860 687 2917 736 et
2956 683 3027 736 ad
3056 688 3397 753 prasentem
3441 684 3630 755 legem

1993 767 2363 836 respeximus.
2392 772 2467 824 Ex
2496 789 2606 842 quo
2634 773 2788 827 enim
2824 776 3257 846 prarogativam
3289 776 3633 832 mulieribus

1994 858 2253 914 dedimus
2281 861 2340 915 in
2369 863 2594 919 dotibus
2621 866 2873 937 quidem,
2904 872 2969 922 ut
3002 869 3420 940 antiquioribus
3446 870 3632 926 credi-

1994 952 2210 1007 toribus
2226 956 2618 1028 praferantur,
2645 963 2703 1013 et
2728 960 2962 1015 meliore
2988 962 3114 1016 loco
3141 962 3274 1029 sint,
3296 979 3631 1035 quanquam

1995 1048 2253 1117 tempore
2298 1049 2622 1121 vincantur;
2664 1052 2723 1106 in
2767 1054 3167 1110 donationibus
3218 1071 3354 1110 vero
3397 1061 3638 1128 propter

1996 1140 2221 1210 nuptias
2239 1184 2253 1208 ,
2286 1146 2347 1196 ut
2374 1160 2478 1214 pro
2504 1145 2721 1201 ratione
2746 1151 3070 1218 temporum
3094 1148 3301 1219 quibus
3329 1148 3491 1204 facta
3520 1150 3638 1205 sint

1996 1232 2447 1303 hypothecarum
2477 1237 2574 1307 jus
2618 1238 2901 1306 habeant;
2933 1241 3197 1295 omnibus
3237 1242 3297 1296 in
3332 1243 3637 1313 prasentia

1996 1341 2101 1396 per
2119 1327 2265 1383 hanc
2283 1345 2497 1384 sacram
2519 1332 2707 1402 legem
2729 1337 2982 1388 nostram
3000 1339 3197 1389 notum
3225 1335 3463 1394 facimus
3481 1336 3637 1408 quod

1998 1424 2054 1473 et
2109 1420 2255 1475 hanc
2308 1424 2762 1495 prarogativam,
2814 1431 2870 1481 et
2908 1428 3106 1483 tacitas
3155 1429 3522 1499 hypothecas,
3578 1433 3639 1485 et

1998 1513 2189 1567 omnia
2230 1514 2342 1569 alia
2370 1532 2497 1586 qua
2526 1519 2861 1574 mulieribus
2889 1520 2949 1574 in
2985 1520 3219 1575 diversis
3256 1522 3566 1593 privilegiis
3604 1538 3640 1576 a

1998 1607 2207 1660 nostris
2226 1623 2488 1664 concessa
2507 1615 2638 1665 sunt
2668 1612 2909 1681 legibus,
2938 1613 3026 1667 his
3050 1614 3185 1669 solis
3203 1615 3542 1685 prabemus,
3571 1616 3642 1670 ut

2001 1716 2072 1754 ex
2101 1699 2187 1753 his
2209 1700 2459 1757 fructum
2496 1704 2741 1776 capiant,
2773 1705 3117 1778 illorumque
3153 1712 3388 1763 utantur
3415 1708 3635 1763 beneﬁ-

2001 1793 2121 1859 ciis,
2150 1812 2278 1866 qua
2305 1795 2660 1867 diligentiam
2692 1798 2982 1865 adhibent,
3004 1815 3118 1871 quo
3138 1800 3320 1872 magis
3344 1804 3555 1855 rectam
3582 1804 3642 1856 et

328 1881 645 1950 Imperator
668 1879 1014 1933 Justinianus
1042 1882 1332 1950 Augustus
1365 1882 1564 1935 Joanni
1612 1882 1895 1953 gloriosis-
1918 1860 1975 1932 B
1998 1860 2349 1944 adora-udam
2374 1860 2545 1944 ﬁdem
2571 1896 2821 1946 nostram
2850 1860 3077 1963 (nempe
3098 1860 3390 1949 catholica
3416 1897 3475 1948 et
3497 1911 3639 1965 apo-

254 1973 401 2025 simo
454 1972 828 2027 Orientalium
883 1973 1285 2044 praetoriorum
1322 1975 1590 2046 prafecto
1615 2018 1629 2044 ,
1687 1976 1899 2031 iterum
1998 1981 2208 2036 stolica
2235 1982 2511 2052 Ecclesia)
2539 1984 2849 2054 retineant,
2873 1991 2931 2040 et
2950 1986 3287 2056 participent
3314 1987 3547 2041 salutari
3577 1987 3639 2042 in

255 2066 562 2119 exconsule
584 2065 869 2119 ordinario
896 2071 952 2120 et
976 2067 1234 2136 patricio.
1999 2091 2064 2129 ea
2100 2075 2523 2130 communione.
2578 2078 2714 2140 Qua
2762 2078 2917 2132 enim
2965 2095 2997 2132 a
3046 2082 3237 2133 sancta
3272 2079 3546 2134 catholica
3584 2083 3642 2135 et

329 2158 571 2213 Unicum
613 2158 775 2212 nobis
816 2160 1095 2214 auxilium
1138 2176 1242 2230 per
1282 2177 1449 2216 omne
1490 2161 1899 2217 administrata
1997 2168 2302 2238 apostolica
2323 2169 2421 2223 Dei
2444 2170 2686 2224 Ecclesia
2706 2170 2919 2242 seipsas
2947 2175 3209 2241 separant
3234 2187 3420 2244 neque
3438 2172 3638 2227 incon-

254 2251 589 2324 reipublica
618 2252 876 2323 gestique
905 2269 938 2305 a
980 2253 1144 2307 nobis
1179 2253 1403 2325 imperii
1446 2258 1690 2326 tempus,
1740 2272 1897 2327 spem
2000 2262 2273 2315 taminata
2301 2262 2361 2316 in
2387 2279 2455 2319 ea
2483 2264 2885 2318 communione
2926 2280 3053 2319 cum
3097 2265 3198 2319 Dei
3234 2265 3641 2320 amantissimis

254 2351 316 2403 in
350 2351 529 2404 Deum
557 2366 677 2404 esse
701 2350 1040 2404 conﬁdimus
1071 2367 1084 2404 :
1119 2351 1362 2406 scientes
1398 2352 1547 2423 quod
1589 2353 1696 2407 hoc
1736 2354 1900 2407 nobis
2000 2355 2170 2425 hujus
2194 2356 2581 2411 sacerdotibus
2616 2357 2956 2429 participare
2983 2358 3294 2427 sustinent,
3326 2376 3418 2413 eas
3448 2361 3638 2415 neuti-

254 2444 433 2513 ipsius
462 2444 634 2498 etiam
661 2444 866 2497 anima
895 2444 1134 2499 salutem
1154 2445 1426 2515 praebeat.
1460 2445 1614 2500 Unde
1641 2447 1901 2501 convenit
1998 2465 2169 2519 quam
2199 2448 2458 2503 volumus
2478 2450 2805 2521 hujusmodi
2829 2451 3145 2522 privilegiis
3165 2452 3402 2522 perfrui.
3432 2453 3570 2507 Nam
3593 2454 3640 2509 si

250 2542 320 2591 ut
345 2541 403 2591 et
448 2536 829 2607 legislationes
871 2542 1095 2592 nostras
1138 2538 1343 2592 exinde
1381 2538 1685 2610 pendeant,
1733 2545 1789 2594 et
1832 2557 1898 2594 eo
2001 2558 2035 2595 a
2061 2542 2160 2596 Dei
2187 2559 2244 2597 se
2267 2544 2599 2598 muneribus
2618 2548 2901 2615 separant,
2934 2548 2992 2598 et
3017 2561 3050 2599 a
3082 2550 3272 2600 sancta
3297 2549 3354 2600 et
3378 2545 3637 2602 inconta-

252 2629 578 2701 respiciant,
608 2635 663 2683 et
690 2630 800 2684 hoc
841 2647 1038 2684 eorum
1076 2630 1419 2702 principium
1449 2632 1651 2699 simul,
1682 2635 1739 2687 et
1773 2649 1895 2687 me-

251 2724 440 2791 dium,
478 2728 649 2794 atque
676 2723 806 2777 ﬁnis
836 2724 927 2777 sit.

328 2818 541 2871 Omnes
583 2817 760 2888 igitur
783 2821 1068 2872 noverunt
1096 2818 1248 2888 quod
1281 2818 1377 2889 qui
1411 2822 1542 2872 ante
1572 2836 1677 2874 nos
1707 2820 1894 2891 impe-

253 2913 406 2965 rium
439 2916 730 2979 rexerunt,
776 2915 832 2965 et
870 2910 1116 2965 maxime
1162 2912 1271 2965 Leo
1317 2911 1428 2982 pia
1470 2913 1795 2978 memoria,
1844 2917 1900 2968 et

252 3004 668 3059 sacratissimus
691 3004 955 3076 princeps
978 3004 1229 3058 Justinus
1252 3009 1415 3074 pater
1435 3008 1646 3073 noster,
1675 3006 1734 3060 in
1762 3023 1897 3075 con-

250 3098 644 3153 stitutionibus
686 3098 803 3152 suis
840 3098 899 3151 in
939 3097 1270 3151 universum
1314 3098 1577 3153 omnibus
1616 3099 1899 3154 hareticis

252 3190 674 3258 interdixerint,
701 3207 774 3245 ne
800 3207 973 3262 quam
1002 3190 1106 3261 ipsi
1127 3191 1214 3245 vel
1242 3191 1503 3246 militiam
1520 3172 1894 3264 capesserent,

250 3285 338 3338 vel
360 3285 423 3337 in
448 3284 690 3355 publicis
722 3282 1191 3337 sollicitudinibus
1219 3284 1398 3338 ullam
1434 3285 1899 3340 communionem

252 3377 534 3432 haberent
563 3393 576 3430 :
605 3377 915 3448 quominus
941 3376 1229 3431 occasione
1246 3380 1368 3431 tum
1399 3377 1751 3447 militiarum,
1773 3383 1898 3432 tum

251 3470 590 3525 tractatione
616 3470 849 3541 insuper
877 3469 1235 3539 publicorum
1267 3470 1633 3540 negotiorum
1657 3513 1669 3538 ,
1694 3476 1900 3525 sancta

249 3563 546 3619 catholica
559 3567 616 3617 et
630 3564 955 3634 apostolica
968 3563 1066 3617 Dei
1085 3562 1343 3616 Ecclesia
1365 3566 1553 3633 partes
1572 3563 1901 3618 viderentur

251 3672 646 3727 corrumpere.
671 3658 738 3710 Et
758 3673 859 3710 nos
876 3673 1101 3728 quoque
1129 3656 1234 3709 hoc
1254 3656 1443 3727 ipsum
1464 3656 1719 3726 fecimus,
1745 3656 1898 3711 hisce

252 3768 357 3822 per
387 3750 692 3805 constituta
721 3755 917 3804 nostra
944 3749 1337 3804 corroboratis.
1372 3749 1675 3804 Hareticos
1710 3755 1900 3804 autem

250 3844 333 3898 illi
361 3844 648 3909 dixerunt,
676 3848 733 3898 et
758 3858 864 3898 nos
893 3842 1132 3897 dicimus
1150 3883 1163 3908 ,
1192 3843 1517 3914 quicunque
1546 3842 1901 3897 diversarum

253 3940 539 3991 sectarum
552 3940 702 3990 sunt.
717 3936 930 4000 Quibus
943 3937 1333 3991 connectimus
1348 3941 1404 3990 et
1422 3952 1901 3991 connumeramus

253 4047 350 4085 eos
377 4045 608 4101 quoque
633 4030 733 4100 qui
772 4029 1060 4084 Judaicam
1097 4029 1339 4084 Nestorii
1386 4035 1706 4100 sequuntur
1738 4046 1899 4084 vesa-

255 4124 433 4189 niam,
464 4127 520 4176 et
547 4122 1015 4193 Eutychianistas,
1033 4128 1090 4176 et
1108 4123 1436 4194 Acephalos,
1451 4128 1508 4177 et
1522 4123 1619 4193 qui
1640 4138 1905 4194 perversa

257 4216 507 4271 Dioscori
521 4220 576 4270 et
588 4215 774 4271 Severi
787 4215 1056 4286 opinione
1069 4216 1449 4288 laborant,qui
1467 4216 1905 4270 Manichaorum

257 4315 314 4365 et
332 4309 676 4381 Apollinaris
694 4308 1049 4380 impietatem
1070 4312 1441 4377 renovarunt;
1460 4313 1517 4364 et
1534 4310 1767 4380 insuper
1781 4310 1907 4380 qui-

2000 2636 2218 2690 minata
2236 2653 2296 2691 se
2323 2637 2725 2691 communione
2753 2638 2966 2692 alienas
2990 2638 3227 2705 faciunt,
3247 2640 3430 2694 multo
3456 2640 3642 2712 magis

1999 2745 2184 2800 neque
2226 2745 2329 2783 nos
2370 2730 2815 2785 concesserimus
2857 2733 2922 2784 ut
2959 2730 3272 2802 privilegiis
3312 2732 3502 2804 digna
3532 2734 3635 2787 ha-

1998 2821 2258 2891 beantur,
2292 2825 2462 2893 atque
2487 2840 2554 2877 ex
2580 2824 2776 2894 legum
2803 2826 3123 2877 nostrarum
3155 2824 3435 2895 applausu
3460 2842 3525 2879 ac
3553 2825 3639 2880 fa-

1998 2930 2129 2968 vore
2153 2914 2403 2969 fructum
2430 2916 2768 2987 percipiant.
2796 2916 2940 2980 Quin
2967 2917 3155 2986 potius
3184 2917 3459 2971 beneﬁcia
3493 2934 3524 2971 e
3554 2918 3639 2973 le-

2001 3007 2163 3078 gibus
2188 3008 2441 3078 profecta
2468 3009 2696 3080 penitus
2726 3008 2860 3079 ipsis
2886 3009 3167 3064 inaccessa
3192 3014 3383 3078 sunto,
3406 3014 3462 3065 et
3481 3011 3641 3067 omni

1998 3100 2298 3171 privilegio
2328 3119 2362 3155 a
2404 3102 2904 3157 constitutionibus
2950 3102 3156 3157 nostris
3196 3103 3333 3174 ipsis
3376 3119 3641 3182 concesso

1999 3190 2395 3265 privabuntur.
2429 3194 2640 3249 Licebit
2662 3199 2855 3249 autem
2882 3194 2993 3264 eis,
3044 3195 3138 3248 ubi
3179 3195 3477 3250 meliorem
3508 3212 3639 3251 sen-

1998 3288 2237 3341 tentiam
2256 3288 2554 3359 amplexa,
2580 3292 2639 3341 et
2659 3293 2869 3342 rectam
2890 3304 3198 3359 veramque
3216 3288 3385 3343 ﬁdem
3409 3304 3640 3344 exoscu-

1997 3380 2146 3448 lata,
2171 3397 2353 3451 neque
2371 3398 2484 3435 non
2506 3380 2793 3435 mordicus
2820 3397 3227 3452 usquequaque
3248 3397 3376 3435 eam
3396 3382 3642 3437 retinere

1998 3479 2214 3527 conata
2239 3474 2487 3541 fuerint,
2518 3473 2836 3528 istiusmodi
2877 3474 3210 3529 muneribus
3239 3480 3296 3529 et
3328 3474 3644 3546 privilegiis

1999 3567 2238 3637 perfrui.
2282 3567 2375 3619 His
2403 3583 2505 3636 per
2533 3566 2856 3621 universam
2886 3566 3115 3637 imperii
3152 3567 3330 3622 nostri
3369 3567 3645 3623 ditionem

2001 3659 2388 3714 obtinentibus
2425 3664 2482 3713 et
2518 3659 2879 3713 observandis
2916 3659 3311 3730 principaliter
3338 3660 3576 3730 quidem
3607 3677 3642 3714 a

2002 3753 2098 3806 Dei
2129 3751 2534 3806 amantissimis
2567 3751 2970 3821 sacerdotibus,
3004 3752 3210 3807 deinde
3237 3769 3367 3806 vero
3393 3757 3451 3807 et
3477 3771 3510 3808 a
3538 3770 3642 3807 no-
3680 3799 3685 3803 .

2001 3846 2127 3899 stris
2156 3844 2582 3915 magistratibus
2622 3851 2679 3899 et
2709 3844 3020 3915 judicibus,
3061 3845 3177 3899 sive
3218 3846 3482 3916 majores,
3528 3847 3645 3901 sive

2001 3938 2252 3993 minores
2297 3939 2558 4003 existant,
2603 3942 2662 3992 et
2691 3939 2921 4008 insuper
2949 3938 3020 3991 ab
3050 3938 3382 3993 excellentia
3423 3942 3541 4006 tua,
3573 3940 3646 3995 ad

2002 4048 2173 4103 quam
2202 4035 2259 4086 et
2283 4036 2625 4104 praesentem
2652 4031 2839 4103 legem
2863 4031 3229 4102 proferimus.
3259 4032 3416 4087 Unde
3447 4048 3646 4087 conve-

2004 4125 2165 4179 niens
2190 4129 2277 4179 est
2304 4129 2370 4179 ut
2403 4124 2624 4195 judices
2651 4125 2803 4196 apud
2830 4141 2971 4196 quos
2998 4125 3087 4179 vel
3114 4128 3311 4179 contra
3336 4125 3604 4180 mulieres
3627 4167 3642 4195 ,

2004 4219 2153 4273 vela
2182 4218 2519 4273 mulieribus
2562 4218 2825 4290 quadam
2867 4218 2973 4272 sibi
3018 4219 3313 4290 privilegia
3360 4219 3646 4274 vindicare

2006 4312 2338 4378 volentibus,
2368 4311 2571 4382 aliqua
2598 4314 2903 4367 moventur
2930 4312 3076 4380 lites,
3099 4312 3167 4366 ad
3189 4312 3483 4381 prasentis
3502 4310 3648 4383 legis

254 4419 481 4474 cunque
500 4403 827 4458 membrum
850 4406 1060 4457 sancta
1088 4403 1179 4458 Dei
1202 4404 1492 4457 catholica
1514 4401 1905 4474 etapostolica
2007 4405 2314 4476 respiciant
2334 4405 2607 4475 vigorem,
2639 4411 2695 4459 et
2717 4404 3055 4475 potentiam.
3090 4405 3156 4458 Et
3180 4404 3227 4457 si
3264 4404 3650 4475 deprehende-

258 4495 521 4551 Ecclesia
546 4510 661 4549 non
688 4495 915 4564 sunt,in
943 4512 1056 4566 qua
1083 4500 1138 4550 et
1164 4512 1361 4550 omnes
1381 4495 1719 4550 sanctissimi
1733 4496 1907 4551 totius
2008 4498 2123 4552 rint
2148 4514 2241 4553 eas
2266 4498 2596 4552 orthodoxa
2621 4497 2753 4552 ﬁdei
2778 4512 2895 4550 non
2923 4512 3065 4563 esse,
3093 4512 3282 4567 neque
3310 4497 3652 4551 incontami-

258 4588 494 4644 habitati
548 4588 699 4643 orbis
752 4588 1111 4659 patriarcha,
1147 4594 1262 4643 tam
1300 4591 1496 4644 Roma
1544 4588 1902 4644 occidentalis
1920 4596 1980 4667 Ι)
2004 4597 2134 4645 nata
2154 4595 2213 4645 et
2238 4590 2527 4645 adoranda
2545 4590 2642 4643 illa
2663 4589 3071 4643 communione
3092 4589 3150 4642 in
3166 4594 3357 4643 sancta
3373 4589 3652 4644 catholica

257 4698 436 4754 quam
459 4682 630 4753 hujus
650 4681 824 4752 regia
844 4680 1019 4749 urbis,
1037 4687 1094 4736 et
1113 4682 1485 4751 Alexandria,
1505 4687 1562 4736 et
1579 4682 1901 4753 Theopolis,
2003 4688 2059 4761 et
2083 4684 2386 4754 apostolica
2412 4684 2656 4738 Ecclesia
2689 4699 2821 4737 cum
2845 4682 3342 4737 venerandissimis
3366 4683 3536 4754 hujus
3559 4699 3649 4736 sa-

257 4781 315 4831 et
341 4775 887 4846 Hierosolymorum,
920 4780 977 4830 et
1004 4791 1199 4830 omnes
1230 4775 1334 4830 sub
1364 4775 1433 4829 iis
1463 4775 1752 4830 constituti
1783 4775 1905 4831 reli-

259 4868 565 4940 giosissimi
596 4868 863 4939 episcopi,
884 4885 996 4922 uno
1014 4885 1110 4923 ore
1136 4868 1503 4940 apostolicam
1530 4868 1701 4923 ﬁdem
1721 4873 1778 4924 et
1797 4873 1908 4924 tra-

259 4962 536 5017 ditionem
563 4961 891 5032 pradicant.
922 4961 1028 5025 Qui
1054 4961 1229 5033 igitur
1251 4961 1703 5016 incontaminata
1741 4978 1904 5016 com-

261 5057 534 5111 munione
561 5056 620 5109 in
647 5054 923 5109 catholica
949 5055 1180 5110 ecclesia
1216 5072 1348 5110 cum
1374 5056 1474 5110 Dei
1501 5054 1908 5109 amantissimis

262 5150 437 5219 hujus
465 5148 851 5203 sacerdotibus
875 5165 990 5203 non
1020 5147 1384 5220 participant,
1415 5149 1634 5221 optimo
1658 5148 1790 5219 jure
1816 5164 1909 5201 vo-

263 5258 462 5298 camus
491 5242 807 5297 haereticos.
842 5242 1090 5296 Tametsi
1124 5242 1277 5297 enim
1314 5242 1772 5297 Christianorum
1804 5240 1910 5296 sibi

262 5350 475 5391 nomen
495 5335 819 5405 imponunt,
839 5352 905 5389 eo
924 5340 1116 5389 tamen
1135 5336 1255 5405 ipso
1275 5335 1426 5406 quod
1441 5353 1475 5389 a
1490 5351 1620 5390 vera
1636 5334 1909 5391 Christia-

264 5445 477 5484 norum
502 5428 613 5482 ﬁde
644 5428 855 5499 pariter
876 5431 933 5482 et
957 5427 1358 5483 communione
1388 5429 1599 5499 seipsos
1625 5431 1910 5499 separant,

265 5523 365 5578 Dei
392 5539 450 5576 se
469 5521 685 5593 judicio
704 5520 869 5575 subdi
885 5525 1255 5593 cognoscunt.
1273 5525 1347 5576 Ac
1363 5522 1517 5592 leges
1529 5521 1761 5591 quidem
1783 5537 1914 5592 qua

267 5617 337 5671 de
348 5615 633 5672 hareticis
649 5615 1030 5687 promulgata
1042 5619 1194 5683 sunt,
1210 5613 1474 5668 omnibus
1487 5613 1785 5669 manifeste
1802 5613 1915 5669 exi-

267 5712 446 5764 stunt.
482 5709 591 5763 Nos
612 5724 747 5763 vero
777 5724 908 5762 cum
937 5723 1031 5762 eos
1065 5708 1164 5778 qui
1192 5707 1566 5762 orthodoxam
1592 5708 1917 5761 exosculan-

269 5808 367 5857 tur
401 5802 595 5865 ﬁdem,
625 5805 684 5855 et
708 5800 992 5855 mordicus
1028 5817 1154 5855 eam
1178 5800 1426 5855 retinere
1463 5803 1761 5868 conantur,
1790 5816 1915 5854 am-

277 5895 426 5967 plius
441 5893 810 5968 privilegium
831 5894 1043 5950 habere
1067 5895 1326 5961 velimus,
1349 5910 1524 5966 quam
1543 5910 1642 5949 eos
1659 5893 1759 5966 qui
1778 5892 1922 5964 seip-

2005 4777 2327 4832 cerdotibus
2354 4776 2717 4848 participare,
2740 4792 2855 4830 non
2886 4775 3199 4831 concedant
3216 4776 3373 4831 hisce
3396 4780 3459 4830 ut
3486 4776 3654 4847 privi-

2005 4870 2169 4942 legiis
2188 4887 2219 4925 e
2237 4870 2445 4925 nostris
2472 4869 2968 4925 constitutionibus
2988 4869 3251 4940 profectis
3266 4870 3650 4941 perfruantur.

2076 4961 2211 5024 Qua
2237 4959 2413 5031 igitur
2442 4959 2605 5013 nobis
2638 4959 3010 5031 placuerunt,
3045 4964 3103 5013 et
3129 4974 3232 5029 per
3259 4959 3405 5013 hanc
3438 4973 3654 5013 sacram

2009 5053 2370 5109 declarantur
2409 5054 2617 5124 legem,
2658 5069 2727 5106 ea
2772 5067 3116 5122 cognoscens
3152 5052 3483 5106 excellentia
3530 5056 3650 5118 tua,

2009 5148 2176 5202 simul
2202 5162 2351 5201 cura
2368 5145 2594 5211 habeto,
2617 5145 2755 5200 utin
2774 5146 3070 5200 movendis
3089 5145 3241 5216 apud
3260 5145 3441 5215 ipsam
3462 5143 3656 5199 litibus

2010 5241 2282 5309 observet,
2311 5245 2369 5296 et
2395 5238 2618 5294 effectui
2649 5256 2713 5294 ac
2737 5238 2841 5293 ﬁni
2882 5238 3069 5294 tradat
3093 5280 3106 5305 ,
3146 5237 3313 5291 simul
3362 5252 3463 5306 per
3492 5236 3656 5291 solita

2013 5334 2197 5390 edicta
2226 5339 2283 5389 et
2304 5333 2562 5406 proprias
2587 5333 2869 5404 jussiones
2898 5331 3163 5387 omnibus
3202 5330 3500 5385 manifesta
3526 5329 3658 5384 faci-

2017 5432 2093 5497 to,
2125 5432 2242 5482 tam
2272 5427 2331 5482 in
2357 5428 2504 5482 alma
2547 5427 2656 5481 hac
2699 5426 2863 5493 urbe,
2905 5442 3077 5497 quam
3121 5424 3182 5479 in
3220 5423 3557 5495 provinciis,
3594 5428 3658 5478 ut

2015 5537 2215 5577 omnes
2241 5525 2581 5592 cognoscant
2606 5524 2883 5590 quantum
2910 5518 3071 5571 nobis
3097 5534 3246 5571 cura
3268 5518 3362 5585 sit,
3384 5521 3507 5573 tum
3528 5533 3660 5571 vera

2017 5615 2075 5669 in
2103 5614 2407 5669 Dominum
2431 5612 2715 5668 Christum
2741 5626 2940 5665 verum
2968 5611 3146 5664 Deum
3173 5609 3337 5684 fides,
3370 5615 3492 5666 tum
3525 5610 3657 5664 sub-

2018 5708 2269 5762 ditorum
2297 5710 2624 5762 nostrorum
2648 5705 2817 5759 salus.
2850 5705 2969 5759 Dat.
3000 5719 3039 5758 n
3061 5702 3297 5757 Kalend.
3326 5704 3473 5773 Maii,
3516 5704 3662 5759 Con-

2020 5805 2214 5869 stant.,
2245 5801 2301 5856 d.
2330 5818 2389 5856 n.
2421 5800 2560 5855 Just.
2588 5800 2648 5855 P.
2680 5800 2739 5854 P.
2772 5800 2943 5870 Aug.,
2972 5789 3138 5853 Basili
3168 5812 3222 5851 v.
3255 5813 3302 5851 c.
3333 5813 3484 5851 cons.
