4032 6232
410 346 534 398 1011

983 451 1290 508 NOVELLA
1328 450 1431 505 CX]
1442 490 1454 504 .

475 551 550 602 De
575 553 806 618 tempore
844 549 1113 602 actionum
1143 560 1261 614 quae
1284 546 1454 598 sacris
1486 545 1608 598 locis
1638 549 1962 614 competunt.

478 662 794 731 Imperator
812 658 1162 713 Justinianus
1189 660 1475 727 Augustus
1511 657 1802 711 Theodoto
1837 657 2035 712 Orien-

403 752 605 808 talium
635 753 1034 824 prtetoriorum
1063 749 1347 820 praefecto.

473 846 632 909 Quod
659 845 1068 900 medicamenta
1094 843 1324 911 morbis,
1353 842 1460 896 hoc
1485 843 1756 897 exhibent
1772 844 1904 913 jura
1929 860 2033 898 ne-

407 939 588 1010 gotiis.
620 938 774 992 Unde
801 935 1170 1005 consequitur
1204 938 1265 987 ut
1303 951 1713 1006 nonnunquam
1752 952 1782 988 a
1820 937 2036 1006 judicio

406 1027 681 1081 discordet
708 1024 954 1088 etractus,
985 1029 1039 1077 et
1068 1023 1219 1093 quod
1247 1024 1510 1077 credebat
1533 1025 1860 1093 conjectura
1901 1042 2033 1095 pro-

403 1120 576 1183 desse,
605 1117 995 1187 experimento
1022 1115 1343 1170 inveniatur
1369 1116 1593 1171 inutile.
1629 1117 1831 1171 Probat
1861 1118 2039 1187 igitur

399 1213 506 1267 hoc
525 1209 818 1281 praesentis
836 1210 1006 1264 etiam
1033 1209 1328 1263 necessitas
1345 1209 1669 1275 sanationis,
1706 1211 1765 1263 in
1783 1227 1894 1280 qua
1915 1211 2032 1280 pri-

398 1304 668 1376 vilegium
697 1320 767 1358 ex
795 1303 1056 1372 religioso
1083 1302 1368 1373 proposito
1393 1302 1756 1356 sacrosanctis
1789 1303 2037 1358 ecclesiis

399 1398 499 1453 Dei
526 1400 582 1452 et
606 1395 987 1462 monasteriis,
1017 1395 1253 1465 aliisque
1283 1394 1561 1465 religiosis
1587 1395 1747 1462 locis,
1767 1396 2036 1450 constitu-

395 1491 549 1547 tione
575 1495 767 1544 nostra
798 1505 984 1559 nuper
1009 1489 1318 1556 indultum,
1352 1488 1662 1542 necessaria
1687 1489 2034 1543 correctione

397 1583 820 1654 distinguimus.
847 1581 1071 1636 Dudum
1097 1581 1142 1634 si
1168 1581 1398 1650 quidem
1422 1581 1773 1650 jusseramus
1800 1582 1868 1635 ad
1897 1597 2032 1634 cen-

397 1682 519 1730 tum
550 1676 658 1729 illis
687 1691 865 1728 annos
891 1673 1237 1744 exceptionis
1279 1674 1582 1745 propagari
1627 1674 1906 1728 curricula
1932 1691 2036 1744 per

393 1775 554 1844 cujus
567 1772 855 1827 licentiam
869 1771 1169 1826 sanctionis
1186 1771 1417 1842 negotia
1433 1770 1662 1842 quidem
1684 1772 1864 1825 multa
1884 1788 2033 1825 com-

397 1871 546 1920 mota
585 1868 737 1933 sunt,
768 1870 825 1918 et
848 1864 998 1918 velut
1032 1863 1394 1934 antiquorum
1431 1863 1732 1917 vulnerum
1774 1864 2033 1918 obductae

396 1961 702 2029 patuerunt
731 1957 937 2012 iterum
963 1956 1265 2010 cicatrices.
1298 1956 1402 2011 Sed
1431 1972 1628 2010 eorum
1662 1956 1869 2010 sanitas
1895 1974 2031 2027 pro-

395 2051 587 2106 venire
606 2066 723 2105 non
744 2049 947 2120 potuit,
964 2049 1365 2120 probationum
1383 2049 1591 2104 scilicet
1609 2049 2034 2104 difﬁcultatibus

392 2144 686 2215 impedita,
717 2143 987 2214 quoniam
1021 2158 1126 2214 per
1153 2145 1376 2196 tantum
1415 2142 1605 2195 saeculi
1640 2143 1822 2211 magis
1861 2159 2034 2213 quam

395 2236 668 2307 temporis
715 2236 984 2306 spatium,
1022 2251 1124 2289 nec
1173 2235 1526 2289 documentis
1568 2235 1884 2306 integritas,
1927 2251 2034 2289 nec

394 2329 530 2384 actis
553 2328 713 2395 ﬁdes,
737 2345 841 2382 nec
867 2333 1002 2382 astas
1027 2328 1175 2382 valet
1202 2328 1440 2382 testibus
1472 2326 1790 2397 suffragari.
1821 2329 2032 2381 Verum

393 2422 526 2494 quia
545 2422 794 2492 largitati
815 2424 1020 2476 nostrae
1037 2437 1336 2475 causarum
1355 2437 1473 2476 non
1489 2421 1734 2475 occurrit
1750 2421 2030 2491 angustia,

394 2532 524 2570 cum
551 2515 768 2569 ratione
795 2513 964 2568 simul
992 2530 1056 2568 ac
1081 2513 1356 2584 religione
1375 2517 1678 2568 tractantes
1698 2513 2034 2584 praedictum

392 2606 756 2679 privilegium
785 2621 966 2676 usque
996 2605 1067 2660 ad
1110 2606 1434 2676 possibilem
1469 2606 1704 2660 modum
1733 2606 2030 2675 deducere,

393 2701 784 2771 experimento
811 2698 1168 2753 retraximus.
1192 2700 1257 2752 Et
1271 2699 1542 2768 jubemus
1562 2700 1623 2753 in
1645 2699 1891 2769 negotiis
1903 2715 2033 2768 quas

392 2798 523 2848 ante
548 2793 652 2846 hac
680 2791 916 2862 triginta
934 2807 1216 2846 annorum
1238 2792 1567 2846 removebat
1583 2791 1857 2862 exceptio,
1881 2807 2034 2844 nunc

393 2884 810 2940 venerabilibus
835 2883 1101 2951 ecclesiis,
1131 2884 1488 2938 monasteriis
1508 2927 1520 2950 ,
1553 2888 1609 2938 et
1634 2883 1999 2938 xenodochiis
2016 2924 2031 2949 ,

394 2993 614 3032 necnon
642 2976 1144 3047 orphanotrophiis
1164 3018 1177 3041 ,
1209 2981 1264 3031 et
1290 2976 1758 3048 brephotropbiis
1782 3017 1794 3042 ,
1823 2981 1879 3030 et
1907 2979 2030 3046 pto-

393 3071 536 3129 chiis
579 3069 957 3141 quadraginta
1011 3085 1298 3124 annorum
1346 3070 1647 3139 protelatio
1689 3069 2031 3136 conferatur,

393 3165 542 3218 salva
571 3163 786 3218 scilicet
813 3163 960 3216 circa
999 3163 1138 3215 alias
1184 3178 1448 3232 personas
1487 3167 1542 3217 et
1586 3179 1782 3216 causas
1827 3161 2033 3216 virtute

391 3273 565 3327 quam
593 3271 817 3324 semper
841 3254 1166 3308 tricennalis
1184 3254 1286 3307 sibi
1308 3255 1658 3325 praescriptio
1686 3254 2028 3323 vindicabat,

391 3348 665 3418 quoniam
695 3347 838 3400 hanc
865 3347 1059 3401 decem
1078 3362 1360 3400 annorum
1397 3346 1772 3416 adjectionem
1793 3346 1924 3400 solis
1951 3346 2034 3415 (ut

391 3441 607 3495 dictum
635 3441 736 3507 est)
769 3439 1049 3510 religiosis
1077 3439 1230 3506 locis,
1265 3455 1579 3509 eorumque
1613 3439 1752 3510 juri,
1786 3438 1872 3494 vel
1899 3455 2034 3493 con-

391 3533 661 3587 tractibus
688 3531 1074 3602 indulgemus,
1098 3534 1162 3585 ut
1183 3532 1379 3602 sopita:
1415 3533 1520 3586 hoc
1547 3531 1820 3601 temporis
1851 3532 2031 3602 spatio

393 3631 507 3680 tam
540 3626 861 3696 personales
888 3641 1058 3695 quam
1092 3625 1518 3695 hypothecariaa
1547 3625 1791 3678 actiones
1822 3625 1878 3678 in
1908 3641 2034 3695 per-

389 3724 626 3789 petuum
657 3719 1077 3789 conquiescant,
1110 3717 1254 3771 nihil
1280 3718 1506 3788 penitus
1535 3717 1660 3771 aliis
1690 3717 2033 3788 exceptioni-

390 3813 496 3866 bus
524 3812 883 3884 derogantes,
913 3811 1010 3865 sed
1046 3815 1164 3865 tam
1193 3811 1252 3864 in
1274 3811 1397 3864 aliis
1427 3827 1599 3880 quam
1632 3811 1880 3864 triennio
1915 3811 2030 3864 vim

389 3906 674 3976 roburque
698 3905 1045 3959 tenentibus.
1076 3907 1138 3957 ln
1164 3904 1272 3958 illis
1299 3920 1545 3975 namque
1575 3903 1658 3973 (ut
1684 3904 1898 3958 dictum
1927 3903 2028 3974 est)

386 4005 610 4054 tantum
632 3999 876 4069 negotiis
902 3999 1195 4069 religiosos
1224 4004 1544 4054 contractus
1563 4003 1881 4053 memorato
1897 4015 2032 4069 qua-

390 4093 654 4163 draginta
695 4109 975 4146 annorum
1022 4092 1316 4163 privilegio
1369 4092 1630 4146 volumus
1675 4091 1921 4162 perfrui,
1970 4092 2030 4146 in

387 4185 596 4256 quibus
612 4185 692 4238 eis
709 4189 935 4239 centum
949 4202 1231 4240 annorum
1254 4186 1684 4256 praerogativam
1704 4185 2030 4238 constitutio

384 4282 576 4332 nostra
602 4279 934 4332 contulerat.
975 4278 1030 4332 Si
1079 4295 1216 4348 quas
1265 4279 1428 4348 plane
1473 4294 1665 4332 causas
1707 4282 1838 4331 ante
1883 4277 2029 4331 hanc

385 4376 634 4426 nostram
660 4371 1122 4426 constitutionem
1149 4371 1219 4424 ab
1238 4371 1486 4425 ecclesiis
1505 4370 1836 4440 caeterisque
1856 4369 2028 4424 sacris

385 4465 520 4519 locis
561 4464 888 4535 ubicunque
924 4470 1268 4532 commotas,
1308 4463 1593 4534 judicialis
1624 4463 1903 4518 sententia
1931 4467 2028 4518 aut

1542 347 1795 400 S/ECULI
1833 346 2018 400 SEXTI
2056 345 2612 400 SUPPLEMENTUM.

2061 463 2119 534 Α
2141 451 2624 521 emphyteusibus,
2654 456 2710 507 et
2725 452 3116 519 locationibus,
3148 456 3204 506 et
3228 452 3448 523 reliqua
3471 467 3666 506 rerum
3691 467 3785 506 ec-

3625 349 3766 400 1012

2140 543 2576 597 clesiasticarum
2605 543 3092 598 administratione
3119 544 3494 614 promulgatae
3526 544 3658 609 sint,
3689 543 3780 597 vi-

2136 653 2259 690 sum
2288 636 2450 690 nobis
2482 641 2564 689 est
2601 636 2792 690 omnia
2817 642 3102 708 praesente
3127 637 3422 707 complecti
3458 638 3609 708 lege.
3633 637 3781 692 San-

2138 729 2319 783 cimus
2358 729 2536 799 igitur
2572 730 2759 800 utqui
2801 735 3173 784 sacrosanctae
3213 731 3270 784 in
3309 730 3452 784 urbe
3480 731 3636 800 regia
3661 745 3782 784 ma-

2130 822 2273 891 joris
2301 821 2570 885 ecclesiae,
2623 827 2721 876 aut
2755 823 3228 893 orphanotrophii
3251 864 3265 890 ,
3294 827 3390 876 aut
3415 822 3779 888 xenodochii,

2137 920 2234 968 aut
2261 915 2702 986 ptochotrophii,
2733 921 2832 969 aut
2853 916 3184 982 nosocomii,
3212 920 3310 969 aut
3337 915 3564 968 alterius
3602 931 3780 969 vene-

2136 1008 2328 1060 rabilis
2367 1009 2570 1061 domus
2608 1007 2666 1060 in
2707 1008 2863 1078 regia
2898 1008 3140 1076 civitate,
3183 1013 3281 1062 aut
3328 1008 3451 1078 ejus
3489 1007 3781 1061 territorio

2135 1100 2451 1154 constitutas
2492 1100 2756 1171 (exceptis
2791 1101 3204 1155 venerabilibus
3251 1100 3629 1170 monasteriis)
3682 1116 3779 1154 res

2138 1193 2476 1263 gubernant,
2507 1193 2565 1246 hi
2589 1193 2806 1248 nullam
2830 1194 3115 1247 licentiam
3143 1194 3390 1248 habeant
3411 1194 3657 1248 vendere
3676 1193 3781 1247 aut

2135 1287 2364 1355 donare,
2392 1290 2491 1340 aut
2515 1291 2860 1357 permutare.
2888 1292 2985 1340 aut
3009 1286 3441 1341 remunerandaa
3457 1286 3780 1340 donationis

2137 1379 2315 1448 gratia
2353 1379 2505 1447 dare,
2537 1383 2636 1432 aut
2669 1395 3006 1449 quacunque
3047 1380 3155 1434 alia
3188 1381 3369 1435 forma
3408 1379 3658 1432 alienare
3688 1377 3779 1433 vel

2134 1488 2258 1525 rem
2286 1472 2657 1537 immobilem,
2685 1473 2768 1526 vel
2803 1471 3019 1526 civilem
3049 1489 3354 1536 annonam,
3377 1473 3462 1526 vel
3499 1471 3778 1526 rusticum

2134 1564 2504 1635 mancipium,
2526 1565 2636 1618 nisi
2663 1581 2791 1617 cum
2814 1565 3095 1635 imperiali
3114 1565 3285 1619 domo
3303 1565 3635 1618 instituatur
3649 1579 3778 1634 per-

2135 1657 2393 1724 mutatio,
2425 1660 2481 1710 et
2505 1657 2735 1727 quidem
2757 1658 2956 1710 solum.
2985 1658 3091 1712 Sed
3121 1674 3304 1728 neque
3339 1657 3623 1711 colonario
3641 1657 3775 1726 jure

2133 1749 2250 1803 dari
2273 1749 2486 1820 aliquid
2513 1749 2915 1820 permittimus.
2958 1751 3370 1821 Emphyteuses
3393 1767 3524 1804 vero
3557 1767 3587 1803 a
3622 1766 3774 1819 prte-

2053 1819 2112 1891 Β
2133 1842 2280 1896 dicta
2297 1845 2648 1896 sacrosancta
2670 1842 2846 1913 regiae
2871 1843 3030 1896 urbis
3061 1844 3272 1913 majore
3302 1843 3532 1896 ecclesia
3563 1847 3620 1896 et
3659 1859 3776 1896 me—

2134 1935 2366 1988 moratis
2404 1935 2818 1990 venerabilibus
2856 1935 3122 1990 domibus
3165 1936 3441 1990 celebrari
3478 1935 3772 2004 jubemus,

2133 2039 2256 2086 tum
2283 2033 2340 2086 in
2367 2049 2604 2103 persona
2626 2033 2748 2102 ejus
2769 2033 2866 2104 qui
2897 2034 3132 2104 accepit,
3158 2039 3278 2088 tum
3311 2035 3369 2088 in
3399 2035 3521 2089 aliis
3549 2035 3772 2089 duobus

2134 2126 2330 2180 ordine
2369 2126 2720 2191 haeredibus,
2770 2132 2830 2180 ut
2871 2130 3060 2180 tamen
3102 2127 3250 2180 ultra
3291 2130 3509 2182 sextam
3551 2134 3775 2198 partem

2133 2219 2488 2273 subsistentis
2504 2219 2731 2272 canonis
2752 2219 2892 2272 nihil
2910 2219 2962 2272 ei
2982 2220 3076 2289 qui
3099 2220 3517 2291 emphyteusim
3539 2221 3778 2292 suscipit

2133 2312 2516 2382 indulgeatur.
2553 2314 2627 2366 De
2659 2312 2997 2366 suburbanis
3019 2316 3210 2367 autem
3240 2330 3368 2383 quae
3389 2314 3458 2367 ad
3479 2331 3772 2368 sacrosan-

2134 2409 2280 2458 ctam
2327 2404 2606 2474 majorem
2655 2404 2949 2458 ecclesiam
2999 2410 3054 2459 et
3094 2406 3390 2476 praedictas
3427 2407 3776 2460 venerabiles

2134 2497 2330 2551 domos
2353 2483 2435 2550 'in
2483 2497 2623 2551 urbe
2660 2497 2819 2568 regia
2859 2499 2948 2550 vel
2976 2498 3096 2567 ejus
3126 2499 3406 2552 territorio
3442 2499 3776 2553 constitutas

2132 2589 2440 2660 pertinent,
2457 2590 2727 2660 jubemus
2748 2594 2811 2644 ut
2836 2590 3114 2661 siquidem
3139 2591 3461 2645 suburbana
3482 2591 3771 2662 integrum

2134 2685 2190 2736 et
2216 2681 2458 2736 solidum
2490 2699 2766 2736 canonem
2796 2683 3040 2736 habeant
3062 2683 3120 2736 in
3151 2684 3359 2752 reditu,
3383 2684 3453 2737 ab
3482 2683 3571 2736 bis
3590 2684 3691 2754 qui
3709 2701 3775 2738 ea

2133 2774 2254 2845 ipsa
2305 2775 2645 2829 venerabilia
2686 2777 2809 2828 loca
2855 2775 3193 2846 gubernant,
3241 2777 3449 2830 dentur
3497 2777 3770 2847 praedicto

2134 2867 2300 2921 modo
2327 2867 2386 2920 in
2417 2868 2868 2938 emphyteusim,
2910 2873 3030 2922 tam
3056 2868 3384 2939 suscipienti
3405 2911 3418 2937 ,
3447 2885 3619 2940 quam
3649 2869 3772 2922 aliis

2134 2960 2352 3014 duabus
2383 2960 2848 3029 successionibus,
2878 2977 3063 3032 neque
3093 2962 3279 3032 aliqua
3317 2961 3376 3015 in
3414 2977 3476 3014 re
3503 2961 3601 3015 ﬁat
3625 2962 3770 3015 rele-

2133 3036 2300 3121 vatio,
2343 3054 2438 3107 sed
2477 3053 2662 3123 potius
2687 3059 3080 3124 augmentum.
3126 3055 3181 3108 Si
3213 3070 3279 3107 ea
3305 3054 3628 3108 suburbana
3661 3055 3769 3108 ali-

2135 3162 2308 3216 quem
2337 3146 2570 3199 omnino
2601 3147 2848 3201 reditum
2880 3163 2994 3200 non
3022 3147 3287 3213 habeant,
3316 3147 3604 3201 licentiam
3629 3163 3772 3217 pra:-

2133 3239 2333 3293 bemus
2369 3239 2777 3293 venerabilium
2831 3240 3082 3293 locorum
3137 3239 3618 3310 dispensatoribus
3668 3240 3771 3295 sub

2133 3336 2284 3386 certa
2311 3332 2621 3402 quantitate
2650 3331 2752 3400 (uti
2778 3332 3112 3402 prazdictum
3141 3333 3244 3402 est)
3283 3333 3420 3387 dare
3464 3350 3528 3387 ea
3556 3335 3616 3387 in
3647 3351 3770 3389 em-

2131 3424 2475 3494 phyteusim.
2515 3425 2687 3478 Porro
2717 3423 2762 3477 si
2787 3425 3106 3495 quamlibet
3135 3441 3258 3479 rem
3297 3427 3367 3480 ab
3395 3427 3586 3497 aliquo
3620 3444 3768 3497 prae-

2133 3516 2414 3570 dictorum
2458 3516 2867 3570 venerabilium
2912 3518 3166 3572 locorum
3197 3519 3621 3589 emphyteutico
3639 3520 3771 3588 jure

2133 3609 2273 3675 dari,
2295 3610 2382 3663 vel
2409 3609 2475 3663 ad
2501 3609 2738 3663 domum
2759 3609 3134 3680 imperialem,
3156 3617 3252 3666 aut
3275 3628 3497 3666 sacrum
3513 3615 3771 3667 nostrum

2133 3703 2418 3771 atrarium,
2465 3707 2563 3756 aut
2608 3702 2893 3756 civitatem
2938 3703 3208 3773 aliquam,
3243 3709 3343 3758 aut
3389 3706 3642 3771 curiam,
3675 3710 3772 3760 aut

2131 3794 2299 3848 aliam
2340 3811 2738 3865 quamcunque
2782 3795 3160 3849 venerabilem
3199 3797 3434 3850 domum
3476 3799 3773 3868 pervenire

2132 3887 2453 3958 contigerit,
2468 3887 2755 3941 licentiam
2769 3888 3090 3958 praebemus
3101 3890 3506 3944 venerabilium
3521 3891 3773 3946 locorum

2132 3980 2630 4051 dispensatoribus,
2646 3998 2677 4033 a
2694 3981 2896 4051 quibus
2919 3982 3080 4035 initio
3100 3983 3376 4036 celebrata
3397 3983 3505 4037 fuit
3530 3985 3769 4055 empby-

2131 4074 2323 4142 tensis,
2347 4073 2574 4144 quando
2596 4073 2667 4128 ad
2685 4090 2858 4127 unam
2882 4075 3132 4145 aliquam
3162 4075 3564 4145 praedic-tarum
3587 4093 3773 4146 perso-

2132 4182 2335 4220 narum
2363 4166 2688 4236 bujusmodi
2713 4168 2970 4237 pervenit
2987 4168 3393 4238 empbyteusis,
3410 4175 3475 4223 ut
3494 4186 3658 4223 suam
3679 4169 3772 4223 de-

2130 4260 2346 4313 clarent
2361 4259 2700 4313 sententiam
2719 4259 2866 4313 intra
2886 4259 3182 4314 biennium
3193 4262 3460 4324 ,velintne
3474 4263 3627 4333 apud
3645 4264 3771 4318 illos

2131 4367 2256 4406 eam
2296 4368 2417 4406 rem
2460 4351 2802 4422 relinquere,
2843 4353 2912 4406 ad
2940 4369 3079 4422 quos
3105 4355 3384 4424 pervenit,
3426 4361 3481 4409 et
3511 4372 3770 4410 annuum

2129 4444 2377 4499 reditum
2405 4444 2504 4516 qui
2532 4450 2694 4514 pacto
2725 4445 3168 4515 comprehensus
3195 4453 3280 4501 est
3307 4447 3552 4516 auferre,
3578 4466 3651 4503 an
3678 4465 3765 4503 re-

384 4558 829 4612 transactionum
865 4557 1165 4612 conventio
1197 4556 1551 4622 terminavit,
1579 4557 1846 4611 nolumus
1870 4538 2106 4610 refri-D
2129 4538 2309 4591 50mm
2338 4537 2691 4607 emphyteu-‘ii
2712 4580 2725 4606 ν
2759 4539 2902 4592 hanc
2940 4539 3210 4610 reeipel‘e:
3245 4540 3292 4594 Si
3323 4541 3631 4611 expediens
3668 4543 3772 4596 huc

385 4651 519 4717 cari,
559 4651 657 4705 red
690 4651 748 4704 in
778 4651 1060 4722 reliquum
1106 4650 1214 4704 illis
1261 4652 1408 4704 hanc
1445 4650 1610 4720 objici
1652 4649 2022 4715 sanctionem,

384 4759 525 4814 quas
558 4743 793 4796 antehas
822 4744 1031 4814 sopitas
1061 4749 1184 4798 octo
1214 4745 1525 4798 lustrorum
1554 4742 1777 4796 silentio
1812 4741 2024 4795 moveri

383 4837 658 4891 hactenus
682 4841 777 4890 aut
802 4842 980 4890 motas
1011 4837 1305 4891 terminari
1332 4852 1448 4890 non
1489 4835 1744 4905 contigit.
1785 4834 2023 4887 lllnstris

379 4928 560 4998 igitur
586 4933 643 4982 et
668 4929 969 4999 magniﬁca
993 4929 1299 4984 auctoritas
1325 4935 1416 4983 tua
1437 4970 1450 4996 ,
1480 4944 1606 4998 quae
1632 4944 1735 4998 per
1763 4928 1907 4980 hanc
1934 4942 2023 4997 ge-

380 5022 633 5076 neralem
661 5022 848 5093 legem
877 5025 1070 5076 nostra
1096 5021 1294 5076 statuit
1320 5022 1603 5076 aeternitas
1625 5062 1638 5086 ,
1668 5019 1867 5075 edictis
1895 5035 2023 5090 pro-

379 5115 574 5186 positis
617 5116 687 5169 ad
733 5114 990 5168 omnium
1035 5114 1290 5168 notitiam
1333 5115 1500 5169 faciat
1529 5113 1842 5184 pervenire.
1897 5113 2016 5166 Dat.

379 5210 572 5263 Kalen.
602 5208 805 5275 Juniis,
823 5207 1250 5278 Constantinop.
1278 5207 1524 5277 imperii,
1543 5207 1600 5261 d.
1632 5224 1691 5261 n.
1719 5205 2021 5261 Iustiniani

380 5306 440 5357 Α.
477 5304 578 5358 ΡΡ.
607 5318 760 5358 anno
793 5304 874 5368 15,
910 5299 1112 5355 Basilio
1143 5317 1194 5354 v.
1224 5317 1274 5356 c.
1306 5317 1417 5355 cos.

947 5449 1260 5505 NOVELLA
1295 5450 1440 5506 CXX.

377 5546 447 5598 De
489 5544 816 5598 alienatione
843 5549 894 5598 et
932 5545 1269 5613 emphyteusi
1300 5559 1481 5599 rerum
1514 5543 2012 5598 ecclesiastica-rum.

447 5661 761 5728 Imperator
799 5659 1149 5713 Justinianus
1188 5663 1476 5730 Augustus
1521 5660 1684 5713 Petro
1736 5656 2017 5728 gloriosis-

376 5750 517 5801 simo
545 5751 917 5804 Orientalium
943 5751 1340 5819 praetoriorum
1367 5751 1655 5822 praefecto.

447 5842 589 5892 Cum
618 5843 810 5896 multa:
829 5842 1175 5913 diversaque
1206 5843 1360 5913 leges
1382 5844 1449 5898 de
1475 5842 1927 5912 alienationibus,
1959 5845 2013 5895 et

2126 4631 2264 4702 ipsis
2294 4646 2413 4685 esse
2439 4631 2784 4702 putaverint.
2830 4631 2884 4685 Si
2914 4647 3024 4702 qua
3065 4647 3199 4686 vero
3238 4633 3360 4687 loca
3395 4639 3557 4701 sunt,
3590 4635 3675 4688 vel
3701 4635 3770 4689 ad

2126 4728 2533 4777 sacrosanctam
2575 4723 2850 4793 majorem
2904 4725 3222 4792 ecclesiam,
3257 4727 3340 4779 vel
3390 4726 3462 4780 ad
3517 4727 3768 4798 aliquam

2124 4816 2521 4886 prmdictarum
2551 4816 2964 4871 venerabilium
3005 4818 3280 4872 domuum
3307 4819 3674 4889 pertinentia,
3708 4821 3766 4874 in

2124 4909 2329 4979 quibus
2355 4910 2604 4980 antiquas
2632 4909 2834 4963 domus
2874 4910 3130 4980 collapsae
3162 4911 3423 4980 existant,
3457 4928 3526 4966 ex
3561 4913 3766 4984 quibus

2125 5003 2312 5056 nullus
2340 5002 2575 5056 omnino
2602 5001 2817 5056 reditus
2845 5003 3186 5073 praebeatur,
3215 5011 3547 5059 memoratae
3574 5012 3765 5060 autem

2122 5095 2473 5149 venerabiles
2499 5094 2719 5160 domus,
2752 5095 2821 5149 ad
2856 5112 2994 5166 quas
3030 5096 3151 5150 haec
3181 5097 3297 5150 loca
3328 5097 3640 5167 pertinent,
3675 5115 3771 5152 ex-

2122 5188 2400 5242 aedificare
2429 5204 2520 5241 eas
2551 5193 2864 5260 nequeant,
2906 5189 3192 5244 licentiam
3233 5191 3432 5244 damus
3463 5197 3523 5244 ut
3561 5193 3765 5246 harum

2119 5284 2406 5335 curatores
2454 5297 2518 5334 ea
2562 5282 2682 5335 loca
2719 5284 2994 5352 perpetuo
3015 5283 3147 5351 jure
3189 5284 3630 5354 emphyteuseos
3657 5289 3763 5338 tra-

2119 5375 2281 5430 dant.
2325 5375 2406 5427 lta
2432 5378 2644 5439 tamen,
2673 5379 2737 5428 ut
2765 5374 3152 5446 emphyteusis
3190 5381 3287 5429 aut
3316 5377 3375 5429 in
3411 5377 3579 5431 tertia
3603 5382 3761 5447 parte

2117 5467 2477 5538 pensionum,
2517 5483 2646 5537 quas
2673 5482 2743 5520 ex
2778 5467 2992 5522 sedibus
3015 5468 3200 5523 adhuc
3229 5468 3503 5523 stantibus
3528 5471 3757 5540 collige-

2117 5561 2341 5627 bantur,
2372 5576 2437 5614 ex
2464 5560 2794 5630 primordiis
2821 5561 3226 5631 emphyteutici
3257 5563 3530 5632 temporis
3557 5579 3755 5634 proce-

2115 5654 2239 5720 dat;
2270 5659 2367 5706 aut
2393 5653 2440 5706 si
2469 5653 2838 5722 emphyteuta
2873 5669 2938 5706 ea
2977 5654 3298 5708 conditione
3339 5655 3460 5708 loca
3502 5657 3758 5728 accipere

2115 5745 2400 5811 maluerit,
2432 5751 2493 5799 ut
2529 5747 2686 5815 prius
2713 5746 2970 5813 aediﬁcet,
3001 5750 3058 5799 et
3088 5746 3382 5804 dimidiam
3410 5749 3756 5818 pensionum

2113 5843 2333 5911 partem
2352 5854 2479 5912 quae
2499 5839 2701 5896 exinde
2722 5839 3100 5896 aestimatione
3119 5840 3259 5896 inita
3284 5841 3584 5916 accedunt,
3605 5859 3752 5916 prae~
