4032 6232
219 271 351 324 1013

1073 265 1434 320 JUSTINIANI
1471 265 1800 320 NOVELLAS
1835 265 2171 320 SELECTAS.
2214 265 2526 322 NOVELLA
2565 270 2716 322 CXX.

3444 269 3578 322 1014

211 379 320 429 stet
347 373 401 428 ei
429 371 738 427 venerabili
773 369 967 425 domui
1004 388 1036 424 a
1065 387 1177 442 qua
1201 387 1266 426 ea
1289 373 1410 443 ipsa
1439 373 1560 427 loca
1597 372 1847 446 suscipit,
1871 383 1933 457 Α
1953 373 2236 444 conjuncti
2263 379 2554 444 sunt,post
2580 374 2831 444 ipsorum
2850 377 3093 428 mortem
3109 375 3177 427 ad
3195 373 3578 431 venerabilem

213 473 264 521 et
309 467 424 521 hoc
461 465 586 521 ﬁeri
627 465 1006 520 concedimus.
1046 467 1247 520 Utatur
1283 470 1476 520 autem
1526 465 1846 520 istiusmodi

211 560 584 630 emphyteuta
621 575 686 613 ex
725 559 926 612 dirutis
974 558 1141 612 etiam
1188 558 1404 612 aedibus
1461 558 1575 612 illic
1604 558 1846 613 inventis

211 652 557 707 materiebus
584 668 647 704 ac
672 651 994 705 ruderibus.
1038 653 1320 706 Caeterum
1356 651 1402 704 si
1447 651 1573 721 quis
1605 650 1847 705 voluerit

210 760 614 816 qnamcunque
645 760 767 798 rem
798 743 1145 798 immobilem
1174 760 1309 798 usus
1337 742 1568 798 nomine
1597 760 1630 797 a
1654 759 1843 798 sacro-

210 842 407 892 sancta
431 837 604 908 regia:
635 837 790 892 urbis
816 836 1028 908 majore
1045 835 1296 904 ecclesia,
1316 840 1413 890 aut
1433 853 1542 890 una
1566 852 1846 890 memora-

209 933 401 985 tarum
413 929 821 984 venerabilium
834 930 1110 984 domuum
1120 929 1513 1000 accipere,non
1523 928 1686 982 aliter
1698 929 1846 982 hanc

206 1024 491 1095 percipito
532 1023 644 1078 nisi
677 1023 934 1093 protinus
974 1023 1214 1078 alteram
1254 1038 1376 1077 rem
1411 1020 1720 1076 venerabili
1751 1021 1847 1076 do-

208 1117 330 1171 mui
353 1133 389 1170 a
411 1133 526 1188 qua
548 1133 672 1171 eam
692 1131 815 1170 rem
841 1115 1090 1186 suscipit,
1106 1115 1237 1185 jure
1257 1114 1496 1170 dominii
1516 1114 1843 1186 praebuerit,

208 1226 338 1282 quze
371 1215 429 1264 et
455 1209 811 1264 tantumdem
849 1209 1062 1264 reditus
1106 1208 1330 1277 habeat,
1364 1212 1643 1278 quantum
1677 1207 1848 1263 habet

207 1320 299 1358 res
329 1319 462 1373 qua:
487 1302 571 1356 illi
592 1303 777 1370 datur,
798 1318 983 1373 neque
1011 1301 1323 1372 majoribus
1345 1300 1582 1372 publicis
1603 1316 1848 1371 praegra-

207 1399 337 1450 vata
363 1396 436 1450 sit
459 1395 930 1466 preestationibus,
952 1394 1030 1448 ita
1054 1398 1118 1448 ut
1137 1398 1262 1464 post
1291 1398 1557 1459 mortem,
1580 1397 1678 1448 aut
1704 1393 1848 1448 illud

208 1495 440 1560 tempus
471 1489 528 1542 in
552 1488 700 1558 quod
731 1503 865 1541 usus
892 1487 1041 1562 datio
1066 1489 1231 1558 pacto
1270 1486 1550 1552 convenit,
1583 1485 1734 1558 quod
1759 1490 1844 1540 ta-

209 1598 348 1636 men
376 1581 710 1651 accipientis
737 1579 913 1634 vitam
943 1596 1056 1634 non
1084 1579 1460 1647 transcendat,
1485 1582 1727 1650 utraque
1757 1594 1848 1634 res

208 1676 272 1729 in
297 1675 571 1740 solidum,
590 1680 709 1729 tam
731 1673 1094 1744 proprietate,
1120 1689 1294 1744 quam
1314 1672 1605 1726 usufructu
1628 1671 1698 1726 ad
1720 1687 1845 1726 eam

211 1767 597 1826 venerabilem
641 1741 877 1821 domum
916 1741 1226 1837 perveniat.
1258 1765 1584 1820 Locationes
1623 1781 1850 1836 quoque
1872 1741 1927 1814 Β

210 1862 280 1916 ab
311 1861 515 1915 iisdem
543 1860 961 1914 venerabilibus
991 1859 1257 1914 domibus
1301 1858 1560 1914 contrahi
1584 1857 1846 1912 concedi-

211 1972 358 2023 mus,
377 1955 452 2008 ad
477 1957 843 2025 quotcunque
858 1969 1035 2006 annos
1062 1951 1527 2006 contrahentibus
1546 1951 1847 2022 placuerit,

211 2048 310 2118 qui
336 2053 532 2102 tamen
561 2045 799 2116 triginta
827 2061 1108 2099 annorum
1137 2044 1383 2115 spatium
1410 2060 1528 2098 non
1557 2047 1846 2098 transcen-

210 2141 368 2194 dant.
398 2139 560 2204 Quod
585 2138 632 2192 si
657 2155 759 2192 usu
785 2137 975 2192 veniat
1002 2139 1067 2190 ut
1095 2136 1286 2207 aliqua
1320 2137 1728 2208 praedictarum
1751 2152 1848 2191 ve-

211 2232 560 2288 nerabilium
581 2231 838 2286 locorum
863 2229 1093 2284 nomine
1113 2229 1473 2300 publicarum
1489 2229 1853 2285 contributio-

212 2343 376 2392 num,
410 2329 510 2380 aut
537 2326 607 2380 ob
633 2323 945 2396 quamlibet
973 2323 1139 2377 aliam
1165 2323 1470 2378 venerabili
1491 2323 1684 2379 domui
1705 2322 1849 2378 inci-

213 2421 450 2474 dentem
479 2417 868 2472 necessitatem
895 2417 1150 2487 indigeat
1180 2416 1455 2487 pecuniis,
1484 2416 1703 2470 licitum
1733 2421 1852 2471 esto

214 2514 388 2584 hujus
414 2510 899 2582 dispensatoribus
940 2508 1299 2562 immobilem
1338 2525 1463 2562 rem
1489 2509 1761 2581 obligare,
1795 2511 1854 2564 et

214 2607 271 2660 in
296 2604 538 2675 speciale
564 2603 772 2674 pignus
801 2603 956 2670 dare,
998 2607 1058 2655 ut
1088 2600 1334 2657 creditor
1363 2601 1542 2672 ipsam
1567 2617 1691 2656 rem
1719 2619 1849 2673 pos-

215 2698 418 2766 sideat,
449 2701 505 2751 et
543 2696 677 2750 inde
723 2696 939 2749 fructus
978 2695 1220 2766 colligat,
1252 2711 1458 2766 eosque
1493 2693 1600 2749 sibi
1632 2698 1749 2749 tam
1791 2695 1854 2751 in

214 2793 398 2863 ipsam
434 2790 705 2844 creditam
747 2789 1045 2860 pecuniam
1089 2793 1334 2859 reputet,
1373 2804 1546 2858 quam
1584 2788 1759 2843 etiam
1793 2789 1853 2844 in

215 2901 422 2938 usuras
450 2899 566 2936 non
593 2882 900 2952 ampliores
925 2880 1336 2952 quadrantibus
1361 2880 1631 2952 legitimae
1658 2887 1849 2936 cente-

216 2977 400 3044 simae.
431 2975 486 3030 Si
506 2991 637 3029 vero
665 2991 742 3028 aes
767 2973 1016 3028 alienum
1037 2974 1158 3044 ejus
1171 2973 1509 3027 venerabilis
1529 2975 1732 3029 domus
1757 2990 1854 3028 an-

214 3070 376 3123 tistes
422 3068 796 3136 dissolverint,
841 3070 942 3120 aut
983 3066 1252 3121 creditori
1292 3065 1635 3120 satisfactum
1672 3066 1745 3121 sit
1787 3083 1850 3122 ex

214 3161 514 3224 fructibus,
537 3160 818 3215 recurrito
846 3176 911 3214 ea
937 3176 1026 3214 res
1047 3159 1237 3213 denuo
1262 3159 1334 3213 ad
1353 3159 1732 3214 venerabilem
1762 3160 1856 3214 do-

215 3271 380 3310 mum
402 3253 554 3308 unde
577 3258 632 3307 et
658 3253 787 3307 data
800 3253 927 3307 fuit.
955 3255 1165 3306 Verum
1187 3252 1341 3305 enim
1360 3267 1495 3306 vero
1523 3252 1856 3320 empbyteu-

215 3365 323 3416 ses,
347 3352 407 3401 et
431 3346 801 3417 hypothecas,
839 3351 894 3398 et
918 3343 1382 3416 quinquennium
1409 3343 1741 3398 excedentes
1767 3342 1853 3397 lo-

215 3441 470 3513 cationes
499 3439 756 3494 contrahi
774 3438 1053 3503 volumus,
1077 3454 1108 3490 a
1136 3441 1485 3491 sacrosancta
1513 3436 1743 3507 quidem
1772 3451 1857 3490 re-

218 3535 326 3606 giae
366 3533 530 3588 urbis
575 3532 786 3602 majore
841 3531 1091 3599 ecclesia,
1145 3530 1424 3584 sententia
1476 3532 1533 3583 et
1580 3545 1857 3584 consensu

213 3625 532 3682 beatissimi
555 3625 726 3695 hujus
743 3623 1169 3694 "archiepiscopi
1197 3628 1250 3677 et
1276 3623 1631 3693 patriarchae,
1657 3623 1856 3693 juran-

216 3721 369 3774 tibus
397 3721 519 3790 ipso
548 3721 828 3791 prmsente
873 3721 930 3772 et
959 3716 1333 3782 chartulariis,
1364 3719 1420 3769 et
1448 3715 1541 3770 Dei
1581 3715 1852 3770 amantis-

212 3813 379 3868 simis
424 3813 546 3883 ejus
589 3815 954 3865 sacrosanctae
996 3809 1224 3879 majoris
1255 3808 1502 3863 ecclesia:
1527 3809 1852 3876 oeconomis,

213 3923 361 3979 quos
381 3906 426 3960 is
453 3907 779 3960 contractus
797 3919 911 3957 non
932 3903 1001 3957 ad
1026 3902 1281 3956 fraudem
1310 3906 1366 3956 et
1389 3901 1858 3972 circumscriptio-

212 4017 351 4054 nem
401 3999 522 4068 ejus
554 3997 774 4068 jurium
814 3995 932 4050 ﬁat.
966 3997 1023 4050 ln
1064 3995 1188 4048 aliis
1220 3999 1412 4050 autem
1440 3995 1856 4049 venerabilibus

213 4091 481 4148 domibus
528 4089 812 4160 siquidem
855 4087 1182 4143 chartularii
1223 4087 1353 4157 sint,
1393 4088 1624 4158 juranto
1660 4091 1716 4142 et
1744 4087 1854 4160 ipsi

213 4183 497 4240 consimili
522 4182 691 4237 modo
709 4187 989 4253 praesente
1006 4181 1342 4235 venerabilis
1362 4181 1561 4235 domus
1580 4180 1849 4236 antistite.

213 4279 269 4334 Si
299 4275 632 4331 chartularii
655 4291 773 4329 non
801 4275 934 4343 sint,
967 4273 1071 4345 ipsi
1095 4272 1502 4328 venerabilium
1549 4271 1853 4328 domorum

213 4369 496 4424 antistites
523 4367 830 4440 propositis
859 4366 1226 4423 sacrosanctis
1267 4366 1582 4437 Evangeliis
1625 4371 1848 4420 contra-

1951 467 2184 521 domum
2211 468 2362 521 unde
2387 483 2508 521 rem
2536 469 2927 536 susceperunt,
2959 467 3258 537 pervenire
3281 467 3570 538 jubemus.

1945 562 2125 630 Atque
2151 560 2272 613 hinc
2299 559 2530 631 quidem
2568 560 2636 613 de
2672 563 3024 614 sacrosancta
3063 559 3276 630 majore
3317 559 3569 629 ecclesia,

1945 657 2000 706 et
2027 652 2308 722 praedictis
2338 652 2751 707 venerabilibus
2777 653 3041 707 domibus
3080 652 3140 707 in
3166 653 3324 724 regia
3347 653 3488 708 urbe
3519 657 3576 708 et

1945 744 2067 815 ejus
2106 745 2390 800 territorio
2439 745 2869 800 consistentibus
2907 745 3308 816 disposuimus.
3364 747 3573 801 Conse-

1945 841 2186 908 quenter
2223 842 2414 892 autem
2444 843 2498 892 et
2539 837 2597 892 in
2635 838 2757 893 aliis
2799 837 3161 893 sacrosanctis
3203 839 3469 908 ecclesiis,
3519 842 3578 894 et

1944 931 2318 998 monasteriis,
2350 935 2405 986 et
2425 931 2758 999 xenonibus,
2790 937 2845 986 et
2861 931 3224 999 nosocomiis,
3247 949 3310 986 ac
3339 931 3574 1004 reliquis

1945 1024 2353 1079 venerabilibus
2384 1024 2643 1079 domibus
2667 1024 2726 1078 in
2746 1024 3009 1079 omnibus
3032 1024 3335 1096 provinciis
3359 1028 3573 1080 nostrae

1944 1117 2273 1189 reipublicae
2293 1116 2508 1188 positis,
2535 1133 2720 1188 neque
2747 1134 2862 1172 non
2889 1116 3061 1172 etiam
3084 1118 3437 1173 monasteriis
3456 1123 3573 1172 tam

1946 1210 2004 1264 in
2036 1211 2174 1264 urbe
2200 1210 2360 1281 regia
2386 1226 2557 1280 quam
2578 1210 2863 1265 territorio
2880 1211 3002 1282 ejus
3023 1211 3457 1266 consistentibus
3482 1211 3580 1265 de-

1945 1303 2108 1358 ﬁnire
2134 1303 2294 1356 nobis
2323 1303 2506 1357 visum
2538 1308 2642 1358 est.
2676 1303 2987 1358 Licentiam
3037 1304 3213 1374 igitur
3254 1304 3578 1375 praebemus

1946 1395 2234 1467 prazdictis
2253 1396 2664 1450 venerabilibus
2678 1396 2958 1464 domibus,
2978 1413 3092 1450 non
3108 1398 3289 1450 solum
3309 1399 3373 1449 ut
3385 1412 3579 1450 rerum

1945 1489 2326 1544 immobilium
2342 1489 2411 1544 ad
2429 1505 2486 1544 se
2502 1489 2910 1559 pertinentium
2923 1489 3327 1560 temporariam
3339 1489 3576 1560 emphy-

1945 1581 2152 1636 teusim
2175 1582 2531 1648 contrahant,
2566 1583 2662 1636 sed
2701 1582 2872 1636 etiam
2917 1585 2980 1634 ut
3013 1582 3072 1635 in
3104 1587 3444 1652 perpetuum
3485 1597 3578 1636 eas

1943 1674 2073 1744 jure
2100 1674 2523 1746 emphyteutico
2559 1675 2784 1729 tradant
2809 1674 3147 1728 volentibus.
3178 1675 3248 1727 Et
3275 1674 3504 1745 quidem
3533 1673 3580 1727 si

1950 1771 2318 1822 sacrosancta:
2355 1767 2469 1821 sint
2506 1767 2776 1834 ecclesiis,
2823 1773 2921 1822 aut
2947 1767 3072 1821 aliae
3102 1766 3453 1826 venerabiles
3478 1767 3579 1821 do-

1949 1877 2096 1926 mus,
2126 1877 2368 1931 quarum
2397 1860 2872 1932 gubernationem
2893 1860 3152 1914 locorum
3171 1859 3472 1932 episcOpus
3496 1859 3584 1914 vel

1949 1970 2052 2025 per
2067 1969 2145 2019 se,
2176 1953 2263 2008 vel
2297 1969 2399 2024 per
2424 1953 2808 2007 venerabilem
2830 1953 2952 2023 ejus
2982 1953 3195 2006 clerum
3218 1957 3582 2024 exsequatur,

1950 2047 2231 2101 sententia
2253 2063 2317 2100 ac
2343 2062 2618 2100 consensu
2637 2045 2760 2116 ejus
2777 2045 2872 2115 huj
2883 2044 3101 2099 usmodi
3118 2049 3435 2100 contractus
3461 2061 3586 2116 per-

1948 2139 2149 2206 ﬁcitor,
2177 2139 2505 2210 jurantibus
2535 2143 2815 2210 prasente
2845 2155 2911 2192 eo
2941 2138 3248 2192 oeconomis
3278 2142 3335 2192 et
3360 2137 3586 2210 dispen-

1950 2232 2246 2300 satoribus,
2279 2236 2335 2286 et
2353 2231 2709 2286 chartulariis
2741 2231 3073 2285 venerabilis
3099 2231 3220 2301 ejus
3246 2230 3399 2295 cleri,
3430 2231 3587 2302 quod

1951 2341 2022 2380 ex
2051 2342 2118 2380 ea
2153 2324 2516 2396 emphyteusi
2545 2324 2691 2379 nihil
2721 2323 2916 2378 damni
2961 2324 3265 2378 venerabili
3310 2323 3587 2378 inferatur

1951 2418 2163 2474 domui.
2183 2417 2340 2481 Quod
2367 2418 2414 2471 si
2435 2417 2681 2488 ptochia,
2703 2422 2801 2471 aut
2821 2433 3091 2484 xenones,
3113 2420 3210 2470 aut
3236 2415 3583 2484 nosocomia,

1951 2517 2048 2567 aut
2071 2511 2194 2566 alim
2221 2510 2574 2565 venerabiles
2603 2510 2808 2564 domus
2845 2510 2975 2578 sint,
3004 2526 3132 2580 qua:
3162 2509 3452 2580 propriam
3479 2525 3587 2579 gu-

1951 2605 2343 2659 bernationem
2369 2603 2635 2670 habeant,
2669 2601 2953 2674 siquidem
2983 2607 3173 2656 sancta
3193 2602 3269 2656 ibi
3297 2602 3590 2673 contingat

1953 2714 2073 2752 esse
2125 2697 2386 2764 oratoria,
2431 2695 2710 2750 sententia
2748 2695 2980 2765 majoris
3023 2694 3201 2766 partis
3248 2695 3590 2750 clericorum

1951 2790 2065 2844 illic
2093 2788 2558 2857 ministrantium,
2591 2803 2778 2859 neque
2806 2804 2922 2841 non
2963 2787 3132 2842 etiam
3159 2789 3411 2841 locorum
3436 2788 3588 2842 anti-

1951 2883 2168 2937 stitum.
2197 2882 2251 2938 Si
2279 2881 2634 2936 solummodo
2664 2897 2874 2949 xenon,
2897 2885 2993 2934 aut
3019 2879 3334 2950 ptochium,
3363 2885 3461 2935 aut
3487 2896 3590 2934 no-

1952 2976 2292 3042 socomium,
2331 2979 2431 3029 aut
2467 2974 2576 3028 alia
2619 2973 2954 3028 venerabilis
2997 2973 3200 3027 domus
3229 2972 3318 3041 sit,
3360 2973 3589 3027 antistes

1953 3069 2209 3124 locorum
2226 3073 2575 3123 contractum
2599 3067 2899 3134 celebrato,
2923 3066 3251 3137 jurantibus
3277 3082 3476 3120 earum
3499 3082 3591 3121 ve-

1954 3163 2294 3217 nerabilium
2342 3162 2644 3216 domorum
2685 3159 3165 3231 dispensatoribus
3198 3159 3259 3213 in
3288 3159 3588 3230 praesentia

1957 3255 2055 3308 Dei
2081 3255 2451 3308 amantissimi
2500 3253 2769 3324 episcopi,
2813 3269 2845 3306 a
2889 3268 3002 3323 quo
3033 3252 3120 3306 vel
3156 3256 3586 3322 promoventur,

1954 3346 2042 3400 vel
2071 3347 2428 3412 ordinantur,
2459 3347 2612 3417 quod
2640 3347 2786 3400 nihil
2816 3346 2872 3399 in
2904 3361 2971 3400 eo
3001 3348 3289 3400 contractu
3310 3346 3371 3400 sd
3403 3345 3587 3398 hesio-

1955 3455 2092 3493 nem
2115 3444 2212 3493 aut
2235 3438 2811 3507 circumscriptionem
2839 3454 3036 3491 earum
3061 3438 3467 3492 venerabilium
3495 3438 3590 3492 do-

1957 3548 2158 3585 muum
2187 3531 2300 3584 fiat.
2324 3531 2381 3583 ln
2407 3529 2823 3583 venerabilibus
2841 3534 3032 3583 autem
3061 3529 3416 3584 monasteriis
3443 3547 3587 3600 pras-

1955 3625 2105 3678 sules
2142 3639 2337 3676 eorum
2379 3638 2509 3675 cum
2550 3621 2764 3691 majore
2805 3624 2968 3691 parte
3018 3623 3435 3675 monachorum
3476 3622 3589 3677 illic

1955 3715 2268 3770 ministeria
2289 3713 2622 3768 obeuntium
2653 3718 3005 3768 contractum
3025 3714 3384 3784 perﬁciunto.
3403 3716 3586 3785 Atque

1954 3809 2014 3863 in
2043 3807 2325 3879 praedictis
2351 3823 2482 3862 sane
2512 3806 2776 3861 omnibus
2796 3806 3066 3876 jubemus
3108 3810 3170 3860 ut
3203 3823 3334 3860 cum
3369 3807 3590 3878 jureju-

1954 3901 2130 3955 rando
2156 3901 2505 3954 describatur
2543 3900 2604 3954 in
2648 3900 3026 3953 instrumento
3059 3899 3211 3969 quod
3252 3916 3366 3952 non
3393 3900 3464 3954 ad
3492 3901 3589 3953 lae-

1955 3995 2167 4048 sionem
2232 3996 2332 4046 aut
2396 3991 2975 4063 circumscriptionem
3029 3991 3433 4047 venerabilium
3484 3993 3586 4047 do-

1953 4103 2155 4140 muum
2197 4086 2493 4156 negotium
2528 4084 2872 4155 conficiatar,
2901 4091 2958 4140 et
2986 4102 3052 4140 ea
3091 4086 3477 4140 observatione
3508 4086 3588 4140 sic

1953 4178 2310 4250 procedente,
2343 4177 2608 4232 relevatio
2635 4195 2750 4232 non
2777 4179 2929 4233 ultra
2963 4183 3180 4233 sextam
3206 4178 3424 4232 reditus
3451 4195 3584 4250 par-

1952 4277 2071 4326 tem
2097 4271 2214 4340 tiat,
2247 4287 2416 4342 quem
2447 4288 2534 4326 res
2561 4271 2620 4326 in
2647 4271 3065 4342 emphyteusim
3091 4271 3217 4325 data
3245 4271 3437 4325 habet.

2022 4366 2157 4428 Quae
2183 4381 2315 4418 vero
2341 4365 2409 4418 de
2455 4365 2712 4434 collapsis
2743 4363 2958 4417 aedibus
2986 4364 3052 4417 ad
3097 4363 3446 4417 venerabiles
3492 4365 3589 4418 do-

209 4469 368 4518 ctum
400 4461 742 4526 celebrante,
789 4460 1168 4515 describentes
1198 4459 1257 4513 in
1301 4459 1434 4513 talia
1476 4458 1854 4514 instrumenta
1871 4458 1931 4530 Ι)
1955 4474 2080 4511 mus
2106 4458 2166 4511 in
2195 4459 2302 4511 hac
2329 4457 2489 4527 regia
2509 4457 2648 4510 urbe
2663 4456 2870 4526 positas
2886 4455 3300 4527 pertinentibus
3323 4457 3586 4527 superius

210 4568 346 4607 cum
378 4549 780 4621 jurejurando,
809 4549 962 4620 quod
989 4550 1306 4602 contractus
1331 4548 1400 4601 ad
1444 4546 1730 4601 laesionem
1755 4551 1854 4602 aut

210 4643 799 4714 circumscriptionem
810 4641 1144 4696 venerabilis
1164 4641 1366 4695 domus
1391 4657 1505 4694 non
1532 4640 1649 4694 fiat.
1677 4641 1853 4695 OEco-

211 4738 402 4793 nomis
429 4740 600 4802 certe,
628 4741 684 4790 et
704 4733 1199 4806 orphanotropbis,
1229 4737 1287 4788 et
1311 4717 1659 4806 reliquarum
1690 4751 1854 4789 vene-

213 4829 482 4884 rabilium
499 4829 774 4882 domuum
788 4825 1288 4898 dispensatoribus,
1304 4831 1472 4897 atque
1486 4827 1718 4896 insuper
1727 4843 1851 4880 om-

213 4923 376 4977 nium
427 4920 805 4988 chartulariis,
857 4925 914 4975 et
959 4920 1164 4973 horum
1210 4918 1537 4991 parentibus
1579 4918 1746 4972 simul
1798 4923 1855 4974 et

211 5014 427 5083 liberis,
457 5018 513 5067 et
540 5013 662 5066 aliis
702 5013 789 5066 vel
819 5029 1027 5084 genere
1068 5012 1222 5083 ipsis,
1267 5012 1355 5066 vel
1388 5011 1520 5081 jure
1563 5010 1852 5065 afﬁnitatis

212 5106 555 5178 conjunctis,
585 5105 976 5160 interdicimus
1015 5122 1088 5159 ne
1120 5105 1542 5176 emphyteuses,
1575 5109 1674 5157 aut
1701 5104 1849 5157 loca-

210 5201 419 5265 tiones,
449 5205 546 5254 aut
580 5198 923 5271 hypothecas
963 5191 1156 5252 rerum
1191 5197 1389 5252 iisdem
1435 5196 1854 5252 venerabilibus

213 5293 478 5349 domibus
507 5291 977 5363 competentium,
1005 5291 1091 5346 vel
1115 5307 1218 5362 per
1248 5307 1327 5358 se,
1363 5291 1449 5346 vel
1478 5307 1583 5360 per
1607 5291 1856 5361 interpo-

216 5389 383 5442 sitam
426 5401 729 5456 personam
767 5385 1084 5456 percipiant
1121 5401 1133 5438 :
1168 5384 1393 5438 scituris
1435 5383 1566 5454 ipsis
1608 5383 1758 5454 quod
1807 5383 1853 5437 si

216 5480 353 5552 quid
385 5479 508 5548 ejus
539 5476 762 5549 generis
791 5477 1002 5531 factum
1030 5477 1121 5543 sit,
1156 5493 1270 5530 non
1300 5477 1483 5530 solum
1514 5475 1624 5529 hoc
1650 5475 1850 5528 invali-

217 5575 355 5628 dum
369 5570 600 5639 erit,sed
616 5570 790 5624 etiam
810 5570 1141 5624 universum
1154 5569 1560 5638 patrimonium
1576 5569 1850 5638 ipsorum,

217 5673 332 5718 tam
362 5665 764 5736 accipientium
795 5678 966 5734 quam
997 5678 1440 5731 (economorum,
1474 5666 1530 5715 et
1557 5661 1848 5715 chartula-

217 5759 456 5828 riorum,
489 5763 546 5814 et
573 5757 1045 5830 dispensatorum,
1073 5753 1280 5826 quibus
1309 5754 1372 5809 hi
1398 5753 1668 5827 praedicto
1686 5752 1854 5808 modo

1953 4549 2348 4620 disposuimus,
2396 4565 2464 4602 ea
2500 4555 2557 4603 et
2603 4549 2717 4602 illic
2766 4549 2824 4602 in
2861 4547 3278 4602 venerabilibus
3323 4548 3584 4604 domibus

1953 4643 2207 4697 obtinere
2245 4641 2525 4696 volumus.
2557 4640 2664 4696 Sed
2707 4644 2764 4694 et
2808 4641 2914 4694 hoc
2951 4641 3020 4695 de
3049 4640 3462 4696 venerabilibus
3488 4643 3587 4696 do-

1952 4735 2142 4789 minus
2167 4735 2461 4804 disponere
2491 4733 2652 4788 nobis
2678 4734 2861 4787 visum
2889 4736 2991 4801 est,
3038 4737 3104 4787 ut
3145 4734 3191 4786 si
3229 4751 3357 4805 quae
3396 4753 3464 4790 ex
3492 4735 3581 4808 ip-

1952 4828 2048 4895 sis,
2078 4828 2191 4882 sive
2211 4843 2315 4898 pro
2341 4826 2570 4881 tributis
2598 4825 2856 4896 publicis,
2891 4825 3004 4880 sive
3041 4842 3108 4880 ex
3138 4827 3246 4881 alia
3273 4831 3586 4884 necessaria

1954 4921 2006 4975 ei
2050 4919 2243 4975 domui
2273 4936 2460 4989 causa,
2490 4919 2692 4974 debitis
2738 4918 3050 4973 reddantur
3081 4919 3358 4987 obnoxiae,
3398 4938 3585 4993 neque

1953 5013 2072 5068 fieri
2103 5014 2278 5085 possit
2304 5017 2370 5068 ut
2396 5030 2464 5067 ex
2505 5012 2806 5066 mobilibus
2842 5012 3014 5068 rebus
3049 5030 3115 5067 ea
3151 5014 3338 5068 debita
3383 5015 3582 5068 dissol-

1952 5111 2176 5175 vantur,
2209 5106 2392 5177 primo
2430 5105 2660 5176 quidem
2699 5106 2818 5160 loco
2857 5106 3122 5161 creditori
3149 5122 3236 5159 res
3275 5106 3584 5160 immobilis

1954 5200 2013 5254 in
2042 5200 2277 5270 speciale
2302 5199 2509 5270 pignus
2543 5199 2726 5262 dator,
2768 5203 2830 5252 ut
2855 5198 3100 5253 collectis
3135 5198 3256 5267 ejus
3282 5197 3578 5268 fructibus,

1955 5297 2180 5363 reputet
2204 5309 2296 5347 eos
2325 5293 2430 5346 sibi
2456 5292 2661 5363 partim
2686 5291 2743 5345 in
2770 5291 2949 5360 ipsam
2977 5289 3243 5344 creditam
3261 5293 3578 5359 pecuniam,

1956 5385 2160 5455 partim
2188 5385 2246 5439 in
2263 5401 2463 5439 usuras
2475 5401 2591 5439 non
2618 5385 2859 5453 majores
2883 5381 3294 5452 quadrantibus
3310 5383 3579 5453 legitimae

1954 5477 2296 5532 centesimae.
2331 5477 2387 5533 Si
2403 5493 2470 5531 eo
2496 5476 2667 5530 modo
2682 5474 2937 5528 debitum
2953 5473 3255 5528 dissolvere
3273 5481 3576 5545 nequeant,

1946 5571 2214 5642 jubemus
2255 5577 2314 5624 ut
2353 5569 2422 5623 ab
2463 5569 2550 5623 his
2584 5567 2815 5638 quidem
2857 5565 2952 5635 qui
2989 5582 3022 5617 a
3072 5567 3436 5621 sanctissimis
3483 5584 3577 5620 or-

1954 5663 2222 5717 dinantur
2247 5661 2597 5733 patriarchis,
2629 5660 2742 5713 sive
2771 5659 3209 5731 metropolitani,
3239 5660 3351 5712 sive
3373 5659 3580 5728 episco-

1954 5755 2033 5826 pi,
2079 5755 2193 5810 sive
2242 5752 2702 5809 archimandrita:
2727 5752 2961 5824 fuerint,
2989 5753 3104 5811 sive
3133 5751 3582 5826 orphanotrophi
