4032 6232
460 315 594 367 1015

1590 311 1844 366 διλΕΟυΙιί
1883 311 2074 365 SEXTI
2115 308 2668 364 SUPPLEMENTUM.

3685 307 3819 361 1016

451 419 567 472 sive
580 417 1484 489 ptochotrOphi,sivexenodochi,
1514 422 1615 471 aut
1641 417 1950 485 nosocomi,
1983 418 2082 470 aut
2100 418 2320 502 Atent,
2348 413 2457 469 nisi
2506 414 2663 485 prius
2703 413 3059 468 ostenderint
3096 415 3249 485 quod
3290 414 3350 468 in
3385 429 3524 468 usus
3567 414 3823 485 prafate

449 511 690 565 aliarum
715 511 1128 566 venerabilium
1154 512 1430 566 domuum
1459 510 1893 582 dispensatores,
1927 510 2081 580 apud

450 600 600 671 ipsos
624 600 1006 655 sanctissimos
1046 600 1414 672 patriarchas,
1446 616 1479 654 a
1506 600 1712 671 quibus
1742 599 2081 653 ordinantur

448 700 547 749 aut
587 699 1013 766 promoventur,
1058 698 1312 748 actorum
1360 698 1733 747 monumenta
1780 692 2076 747 confician-

449 794 563 854 tur,
590 787 801 856 etzcum
819 787 1195 858 jurejurando
1222 788 1673 858 dispensatorum
1711 791 1766 841 et
1806 802 2081 841 consensu

450 882 685 953 majoris
714 880 885 953 partis
921 896 1121 935 eorum
1151 881 1248 952 qui
1294 881 1351 934 in
1385 880 1474 936 his
1503 881 1715 935 obeunt
1768 880 2081 935 ministeria

450 976 704 1031 debitum
734 975 1076 1043 insinuetur,
1105 975 1369 1046 quodque
1396 991 1465 1029 ex
1492 991 1553 1029 re
1580 973 1779 1028 mobili
1802 973 1873 1027 ad
1896 973 2082 1044 ipsum

452 1068 675 1124 dissolvi
704 1074 970 1139 nequeat.
1001 1069 1066 1124 Hi
1094 1084 1246 1137 vero,
1276 1067 1373 1139 qui
1415 1085 1447 1122 a
1471 1066 1921 1140 metropolitanis
1957 1067 2079 1138 epi-

453 1163 637 1233 scopis
666 1162 1020 1230 ordinantur,
1047 1163 1161 1217 sive
1187 1161 1432 1233 episcopi
1454 1166 1605 1230 sunt,
1627 1161 1742 1215 sive
1766 1160 2084 1215 archiman-

453 1250 636 1323 dritas,
689 1257 802 1312 sive
855 1255 1323 1328 orphanotrophi,
1382 1254 1496 1310 sive
1552 1254 1928 1327 ptocotrophi,
1986 1258 2084 1310 aut

452 1352 691 1406 aliarum
719 1350 1126 1406 venerabilium
1156 1351 1435 1405 domuum
1480 1348 1916 1420 dispensatores,
1946 1366 2078 1403 con-

450 1445 711 1500 similiter
734 1444 885 1516 apud
910 1445 1059 1515 ipsos
1085 1443 1549 1514 metropolitanos
1574 1442 1862 1513 episcopos
1891 1442 2085 1513 hujus-

453 1539 607 1594 modi
655 1541 1027 1593 monumenta
1076 1537 1494 1592 conscribunto.
1561 1536 1723 1607 Apud
1788 1552 1884 1591 eos
1944 1535 2082 1590 item

451 1632 765 1705 episcOpos,
811 1632 909 1703 qui
938 1631 1084 1686 vela
1121 1629 1472 1701 patriarchis,
1513 1628 1599 1684 vel
1634 1628 2083 1701 metropolitanis

452 1725 727 1796 episcopis
754 1724 1107 1791 ordinantur,
1131 1728 1187 1779 et
1206 1723 1417 1779 habent
1442 1723 1545 1778 sub
1566 1722 1959 1795 jurisdictione
1983 1738 2083 1777 sua

451 1824 548 1874 aut
576 1818 937 1886 monasteria,
984 1822 1079 1871 aut
1121 1817 1366 1888 ptochia,
1400 1821 1500 1871 aut
1542 1831 1809 1883 xenonas,
1838 1821 1936 1870 aut
1978 1832 2082 1870 no-

452 1911 700 1966 socomia
726 1917 824 1966 aut
850 1912 983 1965 alias
1008 1911 1353 1966 venerabiles
1375 1910 1590 1977 domos,
1614 1909 1893 1964 consimili
1912 1909 2083 1963 modo

450 2010 821 2060 monumenta
850 2004 1239 2060 conﬁciuntor.
1267 2005 1343 2058 ita
1365 2009 1577 2073 tamen,
1598 2008 1663 2057 ut
1680 2003 1793 2058 sive
1810 2003 1959 2074 apud
1988 2018 2085 2075 pa-

450 2099 743 2168 triarchas,
776 2098 889 2152 sive
916 2098 1066 2169 apud
1098 2096 1585 2168 metropolitanos,
1628 2096 1743 2151 sive
1771 2096 1921 2167 apud
1948 2096 2083 2149 alios

452 2193 742 2264 episcopos
770 2191 825 2246 id
857 2208 1034 2262 genus
1059 2195 1430 2246 monumenta
1452 2189 1841 2259 conﬁciantur,
1862 2188 2083 2244 nullum

450 2302 553 2358 pro
576 2286 645 2341 iis
673 2284 1032 2357 dispendium
1059 2289 1158 2340 aut
1186 2289 1479 2356 sumptum
1511 2283 1852 2338 venerabiles
1878 2283 2083 2337 domus

452 2379 787 2434 sustineant.
826 2380 1131 2450 Propterea
1169 2377 1322 2432 enim
1361 2377 1631 2432 nolumus
1675 2381 1740 2431 ut
1767 2376 1835 2432 de
1877 2381 2082 2432 caetero

449 2473 601 2545 apud
624 2472 1051 2544 provinciarum
1082 2470 1371 2543 praesides,
1405 2476 1503 2526 aut
1528 2471 1780 2525 locorum
1817 2466 2078 2525 defenso;

450 2579 540 2616 res
587 2579 621 2614 a
666 2560 998 2631 memoratis
1047 2560 1303 2632 personis
1351 2576 1451 2615 seu
1502 2559 1762 2615 domibus
1802 2559 2081 2630 ejusmodi

450 2658 821 2710 monumenta
845 2653 1236 2722 conﬁciantur,
1257 2670 1331 2708 ne
1356 2654 1506 2725 quod
1533 2653 1735 2708 exinde
1765 2653 2083 2708 sustineant

448 2748 832 2820 dispendium.
861 2747 1037 2803 Simul
1058 2752 1227 2818 atque
1259 2763 1391 2801 vero
1418 2747 1540 2801 hazc
1567 2746 1646 2801 ita
1670 2746 1824 2819 apud
1859 2762 2078 2802 memo-

450 2848 598 2897 ratos
642 2841 1025 2897 sanctissimos
1073 2840 1442 2912 patriarchas,
1486 2845 1544 2895 et
1591 2839 2078 2912 metropolitanos,

446 2940 547 2991 aut
586 2934 721 2990 alios
786 2936 1080 3008 episcOpos
1128 2939 1318 2989 secuta
1368 2932 1601 3001 fuerint,
1642 2938 1776 2989 tunc
1825 2933 2082 3005 praedicti

450 3047 561 3085 tere
604 3028 787 3084 alieno
830 3045 1115 3100 oppressae
1154 3028 1492 3083 venerabilis
1540 3028 1743 3083 domus
1785 3026 2078 3098 dispensa-

448 3128 597 3178 tores
620 3138 724 3194 per
742 3121 941 3193 viginti
963 3121 1084 3176 dies
1111 3121 1387 3192 scriptum
1410 3121 1640 3193 aliquod
1666 3120 1726 3175 in
1747 3119 1975 3191 publico
2002 3118 2079 3174 ci-

448 3216 633 3271 vitatis
669 3216 789 3269 loco
827 3219 1206 3286 proponunto,
1243 3220 1298 3268 et
1334 3230 1398 3268 eo
1444 3213 1615 3270 modo
1656 3229 1778 3268 rem
1814 3212 2079 3267 immobi-

450 3311 566 3364 lem
604 3324 792 3364 emere
826 3308 1071 3362 volentes
1102 3311 1462 3379 provocanto,
1491 3311 1558 3361 ut
1594 3306 1693 3378 qui
1721 3307 1848 3378 plus
1874 3306 2079 3377 praebi-

450 3409 612 3457 turus
639 3406 739 3470 est,
772 3402 819 3456 is
866 3401 1086 3456 caeteris
1125 3399 1478 3472 praeferatur.
1506 3401 1642 3465 Quae
1676 3400 1721 3454 si
1766 3400 1959 3454 omnia
2004 3400 2084 3454 ita

448 3495 843 3568 processerint,
872 3494 1184 3549 celebrator
1208 3492 1475 3563 venditio,
1507 3493 1690 3566 pretio
1717 3492 1801 3548 rei
1820 3493 2082 3548 omnibus

447 3589 630 3645 modis
654 3605 757 3660 pro
797 3605 908 3643 aere
938 3588 1123 3642 alieno
1160 3588 1364 3655 dando,
1397 3591 1459 3642 ut
1501 3592 1724 3658 emptor
1767 3604 1881 3641 non
1918 3586 2083 3641 aliter

450 3700 578 3737 eam
622 3699 744 3737 rem
788 3682 1028 3737 ﬁrmiter
1060 3686 1252 3737 tenere
1299 3681 1491 3753 possit,
1534 3680 1640 3736 nisi
1682 3680 1931 3752 pretium
1978 3697 2081 3751 pro

449 3777 573 3851 ipso
602 3775 854 3831 solvatur
889 3775 1102 3844 debito,
1136 3778 1194 3830 et
1236 3775 1342 3830 hoc
1376 3791 1640 3847 expresse
1686 3792 1817 3829 cum
1853 3774 2078 3846 jureju-

449 3870 622 3924 rando
655 3869 713 3923 in
738 3869 1127 3941 syngrapham
1140 3860 1464 3941 'emptionis
1490 3868 1864 3936 describatur,
1897 3868 2079 3940 quod-

448 3981 557 4039 que
586 3964 730 4018 nihil
751 3964 823 4018 ad
849 3963 1141 4017 loesionem
1159 3967 1258 4017 aut
1277 3962 1899 4034 circumpscriptionem
1919 3978 2083 4017 vene-

450 4057 645 4112 rabilis
673 4057 874 4111 domus
894 4057 1007 4110 tiat.
1039 4056 1097 4111 Si
1124 4056 1397 4127 praedicto
1427 4056 1596 4111 modo
1623 4056 1743 4127 ejus
1769 4056 1852 4110 rei
1881 4056 2078 4111 vendi-

447 4157 541 4206 tor
564 4166 680 4204 non
710 4150 880 4205 fuerit
917 4150 1198 4217 inventus,
1234 4150 1504 4221 jubemus
1547 4154 1609 4204 ut
1650 4149 1743 4204 cui
1786 4149 1855 4203 ab
1896 4149 2083 4220 aliqua

447 4239 846 4311 praedictarum
876 4239 1151 4294 domuum
1172 4239 1428 4307 debetur,
1456 4239 1503 4293 is
1538 4255 1604 4293 eo
1627 4238 1778 4309 jure,
1807 4239 1956 4310 quod
1980 4255 2082 4309 pro

447 4333 631 4388 soluto
647 4332 869 4402 dicitur,
900 4332 1044 4388 hanc
1064 4333 1242 4405 ipsam
1260 4332 1670 4404 possessionem
1695 4332 1902 4403 capiat,
1926 4332 2082 4403 justa

448 4431 504 4482 et
545 4426 823 4498 exquisita
870 4427 1244 4482 aestimatione
1284 4425 1443 4494 inita,
1486 4425 1675 4480 addita
1717 4425 1855 4480 item
1900 4426 2081 4497 pretio

447 4521 664 4589 decima
694 4525 851 4593 parte
894 4519 1065 4575 totius
1091 4518 1479 4574 aestimationis
1508 4518 1582 4574 ad
1608 4520 1866 4574 eamdem
1896 4536 2079 4592 quan-

447 4615 664 4670 titatem
697 4633 710 4669 :
742 4613 1040 4686 capiatque
1092 4630 1212 4669 rem
1259 4612 1503 4668 creditor
1536 4629 1638 4685 pro
1682 4613 1882 4679 soluto,
1905 4613 2081 4682 ﬁrmo

447 4724 574 4764 eam
603 4708 832 4764 domino
871 4723 1246 4779 possessurus.
1305 4708 1383 4761 Ita
1422 4710 1634 4774 tamen,
1676 4712 1741 4761 ut
1785 4706 2078 4778 dispensa-

444 4807 595 4857 tores
624 4802 809 4858 debito
859 4818 1138 4873 oppressa
1164 4800 1502 4856 venerabilis
1534 4800 1755 4868 domus,
1803 4806 1859 4855 et
1897 4801 2083 4871 major

446 4912 579 4968 pars
619 4895 677 4949 in
712 4912 780 4951 ea
815 4895 1265 4950 ministrantium
1306 4893 1635 4965 hujusmodi
1663 4894 2082 4949 venditionibus

446 4988 820 5047 consentiant.
850 4990 986 5053 Qua:
1023 5005 1153 5043 vero
1188 4988 1495 5043 immobilis
1537 5005 1626 5043 res
1660 4987 1720 5043 in
1771 4988 1877 5043 hoc
1905 4988 2078 5043 tradi-

446 5090 558 5152 tur,
588 5100 653 5138 ea
690 5101 807 5139 non
845 5083 915 5138 ad
965 5082 1259 5153 optionem
1306 5082 1624 5152 creditoris,
1669 5082 1763 5137 sed
1816 5080 2081 5153 aequabili

445 5178 833 5234 mediocritate
854 5175 1062 5249 partim
1088 5175 1238 5231 inter
1269 5176 1504 5245 fertiles,
1547 5176 1752 5247 partim
1782 5175 1930 5231 inter
1967 5180 2077 5231 ste-

446 5272 575 5327 riles
603 5270 939 5328 venerabilis
978 5270 1181 5325 domus
1220 5270 1617 5342 possessiones,
1649 5276 1704 5325 et
1747 5270 1953 5325 harum
1990 5286 2079 5325 re-

445 5366 615 5434 ditus,
655 5383 841 5439 neque
882 5381 996 5421 non
1032 5364 1394 5434 tributorum,
1436 5369 1493 5420 et
1536 5364 1740 5437 reliqui
1785 5370 1961 5420 status
2017 5382 2080 5419 ac

444 5460 731 5532 qualitatis
776 5461 959 5517 detur.
1008 5462 1077 5514 At
1126 5458 1171 5513 si
1200 5458 1328 5531 quis
1352 5457 1667 5530 episcopus,
1716 5464 1814 5514 aut
1861 5476 2081 5514 oecono-

444 5570 593 5620 mus,
637 5558 736 5609 aut
778 5554 1135 5626 dispensator
1156 5552 1564 5625 ;cujuscunque
1613 5552 1945 5607 venerabilis
1974 5552 2076 5607 do-

446 5663 591 5713 mus,
624 5646 737 5702 sive
777 5648 836 5702 in
876 5647 1033 5719 regia
1062 5647 1224 5715 urbe,
1256 5646 1370 5702 sive
1406 5646 1467 5701 in
1504 5645 1813 5718 provinciis
1856 5644 2075 5716 positas,

444 5737 711 5805 pecunias
738 5743 941 5792 mutuo
968 5739 1367 5810 desumpserit,
1400 5744 1499 5793 aut
1528 5739 1762 5810 posthac
1792 5738 2074 5805 desumet,

436 5827 708 5896 jubemus
730 5835 797 5887 ut
821 5845 1012 5901 neque
1038 5830 1146 5902 ipsi
1174 5832 1481 5887 venerabili
1508 5832 1614 5887 hoc
1658 5830 1853 5886 domui
1879 5831 2073 5903 impu-

2102 3166 2156 3241 C

2181 507 2519 563 venerabilis
2536 508 2737 561 domus
2767 507 2890 561 haec
2916 508 3327 576 processerint;
3357 523 3548 578 neque
3576 508 3827 562 creditor

2179 607 2278 656 aut
2301 601 2558 656 heredes
2578 602 2626 671 ej
2638 617 2700 654 us
2716 600 2966 670 aliquam
2994 616 3096 671 pro
3117 600 3184 654 iis
3211 605 3409 655 contra
3438 601 3826 655 venerabilem

2181 695 2414 750 domum
2468 693 2748 748 actionem
2786 693 3051 762 habeant,
3108 693 3215 748 nisi
3269 695 3429 766 prius
3472 694 3829 769 ostenderint

2180 789 2333 860 quod
2361 788 2419 843 in
2441 804 2635 842 causas
2656 787 2964 842 venerabili
2985 787 3181 844 domui
3206 792 3592 859 competentes
3618 789 3710 843 has
3735 803 3830 859 pe-

2180 882 2361 937 cunia
2389 881 2766 953 profecerim;
2797 881 2893 935 sed
2920 881 3168 935 actiones
3188 898 3316 935 suas
3333 886 3529 935 contra
3550 898 3686 936 eum
3708 897 3830 935 mo-

2181 980 2346 1031 veant
2371 976 2468 1048 qui
2500 974 2765 1045 pecunias
2787 977 2987 1029 mutuo
3014 974 3275 1046 sumpsit,
3300 978 3399 1029 aut
3426 975 3664 1030 heredes
3680 975 3826 1046 ejus.

2252 1070 2367 1124 Hoc
2409 1085 2634 1140 quoque
2666 1068 2959 1139 jubemus,
2987 1073 3053 1123 ut
3082 1072 3319 1139 excepta
3346 1071 3702 1123 sacrosancta
3730 1084 3826 1122 re-

2184 1163 2293 1234 giae
2321 1162 2474 1217 urbis
2501 1162 2712 1231 majore
2741 1161 2995 1227 ecclesia,
3028 1164 3085 1216 et
3111 1161 3417 1216 venerabili
3446 1162 3825 1232 orphanotro-

2183 1257 2337 1327 phio,
2370 1261 2427 1311 et
2462 1255 2795 1322 renonibus,
2843 1259 2899 1309 et
2944 1255 3187 1326 ptochi'is
3233 1256 3293 1309 in
3332 1254 3474 1309 urbe
3518 1256 3675 1325 regia
3728 1260 3833 1309 aut

2183 1349 2467 1405 territorio
2517 1350 2640 1420 ejus
2693 1348 3084 1418 existentibus,
3125 1349 3294 1404 liceat
3342 1349 3605 1403 omnibus
3645 1364 3830 1402 sacro-

2183 1445 2390 1499 sanctis
2429 1443 2695 1512 ecclesiis,
2737 1450 2793 1498 et
2834 1442 3249 1498 venerabilibus
3306 1443 3588 1508 domibus,
3638 1458 3827 1513 neque

2186 1554 2298 1593 non
2325 1538 2496 1593 etiam
2525 1537 2900 1604 monasteriis,
2934 1540 3050 1591 tam
3089 1537 3152 1590 in
3195 1536 3333 1591 urbe
3376 1535 3533 1608 regia
3563 1553 3739 1608 quam
3766 1536 3827 1591 in

2183 1631 2417 1687 diversis
2467 1631 2767 1702 provinciis
2810 1631 3024 1701 positis,
3066 1629 3511 1701 permutationes
3562 1630 3717 1684 inter
3766 1646 3827 1685 se

2185 1741 2379 1779 rerum
2403 1724 2607 1791 facere,
2636 1740 2769 1779 cum
2814 1724 3041 1795 utrique
3084 1723 3390 1778 venerabili
3433 1723 3630 1778 domui
3683 1739 3824 1777 con-

2185 1822 2440 1873 servatur
2465 1817 2803 1872 indemnitas
2825 1816 3307 1872 consentientibus
3336 1817 3396 1870 in
3423 1817 3576 1870 hunc
3608 1821 3833 1871 contra-

2184 1916 2359 1979 ctum,
2390 1911 2504 1965 sive
2534 1911 2947 1966 interveniente
2975 1911 3275 1981 scriptura,
3303 1910 3418 1964 sive
3464 1926 3567 1981 per
3604 1909 3830 1964 confes-

2184 2004 2367 2059 siones
2396 2005 2547 2075 apud
2589 2010 2779 2059 sancta
2820 2005 2916 2058 Dei
2958 2004 3179 2075 eloquia
3208 2004 3544 2075 propositas,
3581 2019 3703 2058 non
3747 2019 3833 2056 so-

2184 2098 2303 2152 lum
2351 2099 2645 2169 utriusque
2684 2097 3023 2153 venerabilis
3075 2097 3275 2151 domus
3319 2096 3827 2168 dispensatoribus,

2183 2191 2283 2246 sed
2313 2192 2485 2246 etiam
2516 2191 2732 2261 majore
2779 2198 2940 2263 parte
2989 2207 3185 2245 eorum
3213 2191 3315 2262 qui
3339 2190 3416 2245 ibi
3442 2189 3831 2244 ministerium

2184 2285 2429 2340 habent.
2472 2286 2607 2349 Quae
2644 2302 2776 2339 vero
2815 2302 2849 2338 a
2885 2285 3053 2340 domo
3078 2283 3361 2355 imperiali
3387 2284 3456 2338 ad
3490 2300 3825 2355 quamcum-

2182 2394 2293 2451 que
2321 2379 2706 2433 venerabilem
2747 2379 2983 2434 domum
3014 2381 3416 2450 pervenerunt,
3444 2381 3546 2431 aut
3583 2378 3827 2448 posthac

2184 2477 2537 2543 perventura:
2578 2478 2728 2541 sunt,
2767 2488 2862 2528 eas
2901 2472 3059 2527 nullo
3102 2472 3271 2527 modo
3300 2472 3566 2541 vendere,
3604 2476 3707 2526 aut
3745 2471 3831 2543 pi-
3914 2530 3921 2541 Δ

2183 2566 2349 2637 gnori
2364 2582 2673 2639 opponere,
2692 2570 2791 2621 aut
2811 2571 3155 2639 permutare,
3174 2569 3274 2621 aut
3300 2565 3535 2621 omnino
3574 2564 3827 2620 alienare

2182 2660 2564 2727 concedimus,
2596 2676 2784 2730 neque
2810 2660 2858 2714 si
2897 2659 3243 2714 venerabiles
3278 2659 3335 2713 id
3362 2659 3565 2714 domus
3588 2659 3743 2712 inter
3767 2675 3825 2713 se

2180 2753 2409 2808 faciant.
2447 2753 2589 2817 Quia
2636 2768 2768 2807 vero
2806 2753 3172 2825 cognovimus
3217 2752 3372 2823 quod
3418 2752 3489 2806 ab
3538 2751 3826 2823 aliquibus

2182 2846 2657 2902 monasteriorum
2681 2862 2912 2918 quoque
2937 2846 3305 2902 alienationes
3333 2846 3476 2901 ﬁant
3500 2845 3559 2899 in
3586 2846 3717 2913 hoc,
3757 2849 3825 2899 ut

2181 2957 2213 2994 a
2239 2944 2451 2994 sacrata
2477 2940 2661 2994 forma
2685 2941 2756 2995 ad
2795 2940 3071 3013 privatam
3116 2944 3173 2995 et
3204 2939 3500 3011 profanam
3541 2939 3822 2993 transfor-

2182 3039 2409 3090 mentur
2427 3033 2932 3103 conversationem,
2962 3039 3017 3088 et
3044 3034 3151 3088 hoc
3172 3033 3438 3087 omnibus
3463 3032 3645 3088 modis
3689 3049 3823 3104 pro-

2182 3126 2464 3182 hibemus.
2500 3127 2657 3191 Quod
2708 3128 2755 3183 si
2795 3128 2906 3182 tale
2953 3126 3167 3198 aliquid
3214 3127 3427 3181 factum
3478 3126 3823 3197 inveniatur,

2182 3220 2501 3291 praebemus
2522 3220 2811 3276 licentiam
2841 3219 3267 3291 religiosissimo
3288 3220 3409 3291 ejus
3427 3219 3535 3274 loci
3559 3220 3825 3291 episcopo

2181 3318 2246 3368 ut
2269 3313 2326 3368 id
2354 3314 2765 3368 monasterium
2794 3314 3060 3383 vindicet,
3095 3318 3151 3368 et
3185 3314 3256 3369 ad
3288 3317 3540 3369 veterem
3574 3313 3822 3368 formam

2182 3406 2432 3462 reducat.
2472 3408 2643 3461 Porro
2684 3407 2731 3460 si
2782 3424 2893 3479 qua
2942 3407 3345 3478 praedictarum
3412 3405 3823 3462 venerabilium

2182 3500 2460 3555 domuum
2490 3505 2613 3555 tum
2642 3501 2703 3556 in
2727 3501 2888 3572 regia
2916 3500 3073 3567 urbe,
3114 3506 3239 3556 tum
3283 3501 3343 3555 in
3371 3500 3677 3572 provinciis
3712 3501 3825 3556 exi-

2181 3593 2471 3663 stentium,
2515 3599 2750 3666 excepta
2797 3598 3143 3649 sacrosancta
3193 3594 3365 3665 regiae
3407 3595 3568 3649 urbis
3605 3596 3823 3667 majore

2183 3686 2435 3754 ecclesia,
2465 3688 2875 3759 possessionem
2903 3688 3107 3743 habeat
3151 3688 3343 3742 multis
3368 3690 3822 3760 praestationibus

2183 3780 2420 3850 publicis
2448 3785 2759 3851 gravatam,
2789 3798 2857 3836 ex
2898 3797 3011 3853 qua
3048 3781 3237 3836 nullus
3284 3782 3500 3837 reditus
3544 3782 3823 3838 inferatur

2183 3873 2488 3929 venerabili
2517 3874 2731 3942 domui,
2761 3875 3049 3930 licentiam
3076 3876 3399 3947 praebemus
3425 3877 3548 3947 ejus
3583 3893 3819 3932 venera-

2182 3966 2309 4022 bilis
2335 3968 2536 4022 domus
2566 3968 3042 4040 dispensatoribus
3084 3974 3147 4023 ut
3182 3968 3357 4024 talem
3385 3971 3816 4041 possessionem,

2182 4078 2521 4133 quocunque
2545 4061 2720 4117 velint
2762 4062 2949 4130 moda,
2979 4062 3049 4117 ad
3079 4062 3201 4133 ejus
3244 4064 3581 4119 venerabilis
3623 4064 3822 4120 domus

2182 4155 2486 4210 utilitatem
2513 4155 2760 4210 alienent
2789 4172 2801 4209 :
2831 4156 3219 4211 monumentis
3245 4156 3505 4212 videlicet
3532 4162 3587 4212 et
3628 4158 3689 4212 in
3715 4158 3818 4213 hac

2181 4246 2518 4302 alienatione
2554 4248 2708 4320 apud
2744 4265 2839 4302 eos
2883 4249 3263 4319 conﬁciendis,
3294 4267 3328 4303 a
3364 4250 3575 4321 quibus
3615 4251 3815 4323 hujus-

2182 4342 2339 4396 modi
2367 4342 2621 4396 locorum
2666 4341 3081 4413 dispensatores
3122 4350 3551 4414 promoventur,
3590 4351 3689 4400 aut
3726 4361 3817 4399 or-

2182 4429 2487 4497 dinantur;
2518 4434 2574 4485 et
2596 4430 2667 4485 ad
2693 4436 2913 4486 sanctas
2942 4431 3256 4503 Scripturas
3285 4433 3612 4504 jurantibus
3632 4476 3645 4502 ,
3698 4439 3817 4488 tam

2099 4538 2160 4611 D
2183 4522 2463 4594 ejusmodi
2497 4523 2826 4579 venerabilis
2860 4524 3061 4579 domus
3096 4526 3460 4594 antistitibus,
3490 4543 3664 4599 quam
3695 4545 3814 4581 ma-

2175 4617 2301 4687 jore
2346 4621 2503 4688 parte
2540 4633 2741 4672 eorum
2778 4618 2878 4689 qui
2919 4618 2997 4673 ibi
3033 4617 3345 4674 ministeria
3381 4619 3626 4687 obeunt,
3668 4622 3821 4693 quod

2182 4726 2368 4782 neque
2413 4726 2516 4782 per
2556 4711 2959 4782 proditionem,
3002 4728 3189 4784 neque
3227 4712 3298 4767 ad
3338 4713 3600 4784 gratiam,
3634 4731 3821 4786 neque

2183 4803 2439 4876 qualibet
2479 4805 3003 4876 circumscriptione
3047 4805 3145 4860 ﬁat
3170 4806 3454 4873 alienatio,
3483 4806 3581 4863 sed
3632 4813 3692 4863 ut
3742 4808 3826 4863 in-

2181 4896 2467 4953 demnitas
2518 4898 2572 4953 ei
2622 4898 2925 4953 venerabili
2974 4898 3170 4953 domui
3214 4904 3597 4956 conservetur.
3650 4901 3822 4972 Atqui

2181 4992 2501 5058 (economis,
2552 4996 2609 5047 et
2658 4991 3157 5062 dispensatoribus,
3197 4997 3255 5047 et
3280 4993 3638 5049 chartulariis
3677 5011 3819 5066 qua-

2182 5101 2535 5157 rumcunque
2574 5085 2989 5140 venerabilium
3033 5086 3333 5154 domuum,
3362 5103 3549 5159 neque
3580 5105 3698 5143 non
3725 5105 3819 5143 eo-

2182 5194 2310 5232 rum
2336 5178 2686 5249 parentibus,
2736 5195 2800 5233 ac
2826 5178 3037 5246 liberis,
3067 5185 3123 5234 et
3150 5179 3292 5249 aliis,
3324 5180 3422 5252 qui
3457 5196 3694 5251 genere,
3723 5187 3823 5236 aut

2181 5270 2470 5327 afﬁnitatis
2499 5272 2631 5343 jure
2677 5271 2785 5327 illis
2823 5272 3111 5343 conjuncti
3156 5278 3307 5343 sunt,
3353 5274 3685 5342 locationes,
3735 5277 3819 5332 vel

2181 5366 2598 5437 emphyteuses,
2626 5367 2712 5421 vel
2741 5366 3080 5438 emptiones,
3108 5368 3197 5422 vel
3238 5367 3584 5439 hypothecas
3628 5387 3815 5428 rerum

2181 5458 2559 5515 immobilium
2583 5460 2654 5515 ad
2682 5476 2777 5515 eas
2802 5459 3151 5516 venerabiles
3177 5460 3376 5517 domos
3402 5463 3816 5533 pertinentium

2178 5552 2369 5608 subire
2398 5554 2483 5608 vel
2520 5570 2627 5625 per
2673 5570 2754 5623 se,
2795 5554 2883 5608 vel
2920 5569 3023 5625 per
3062 5554 3453 5626 interpositam
3491 5574 3815 5628 personam,

2179 5646 2665 5718 quemadmodum
2690 5653 2747 5703 et
2771 5647 2832 5701 in
2857 5646 2928 5702 iis
2956 5648 3054 5719 qui
3080 5647 3139 5703 in
3168 5649 3330 5721 regia
3362 5651 3504 5707 urbe
3535 5658 3693 5721 sunt,
3724 5653 3815 5709 iis-

2178 5739 2307 5795 dem
2333 5741 2513 5811 poenis
2533 5740 2943 5797 interdicimus.

2248 5833 2304 5889 Si
2340 5834 2466 5906 quis
2508 5850 2642 5891 vero
2676 5836 2927 5906 colonus,
2974 5841 3073 5894 aut
3114 5838 3485 5913 cmphyteuta
3530 5856 3602 5898 ex
3646 5841 3813 5900 rebus
