4032 6232
149 375 282 427 1017

1005 369 1375 426 JUSTINIANI
1413 369 1743 426 NOVELLAE
1780 369 2116 426 SELEC'LE.
2158 371 2466 427 NOVELLA
2502 371 2653 426 CXX.

3378 371 3510 428 l0l8

144 480 229 534 vel
260 478 332 534 ad
359 481 783 533 sacrosanctam
814 478 1101 548 majorem
1122 477 1446 547 ecclesiam,
1483 478 1569 532 vel
1602 478 1780 533 aliam
1803 489 1862 562 Α
1884 494 2015 548 quae
2040 482 2100 534 et
2118 478 2480 534 tantumdem
2509 477 2730 533 reditus
2754 477 2968 533 habeat
2994 482 3275 549 quantum
3303 495 3395 533 res
3414 480 3517 535 ha.

142 571 540 628 venerabilem
558 572 796 626 domum
812 570 1158 641 ubicumque
1172 573 1427 626 locorum
1451 578 1660 626 nostra!
1677 572 1784 626 rei-

144 666 394 738 publicae
415 666 661 737 positam
684 664 1108 736 pertinentibus
1127 664 1397 735 aliquam,
1425 681 1601 736 quam
1618 681 1779 733 acce-

145 760 246 831 pit,
291 763 395 813 aut
426 758 665 829 posthac
702 757 1006 828 acceperit,
1046 757 1393 812 deteriorem
1440 758 1660 826 fecerit,
1693 759 1781 812 vel

146 869 248 924 per
278 852 583 907 biennium
616 852 944 906 confessum
988 855 1046 905 et
1075 854 1241 922 pacto
1278 854 1622 906 conventum
1656 866 1778 906 em-

146 946 567 1017 phyteuticum,
592 949 693 1000 aut
715 944 1147 1017 pensionarium
1170 961 1454 999 canonem
1482 960 1597 999 non
1629 945 1779 999 intu-

143 1040 298 1107 lerit,
333 1039 542 1094 damus
571 1039 864 1093 licentiam
896 1036 1208 1092 venerabili
1243 1036 1461 1104 domui,
1488 1055 1523 1092 a
1560 1055 1674 1109 quo
1704 1039 1785 1093 lo-

146 1134 293 1188 catio
324 1136 427 1187 aut
450 1132 847 1203 emphyteusis
867 1131 1157 1185 celebrata
1188 1131 1312 1197 fuit,
1344 1134 1406 1185 ut
1434 1136 1552 1185 tam
1575 1136 1779 1203 praete-

144 1226 236 1280 riti
258 1226 542 1297 temporis
559 1224 773 1291 debita,
794 1227 851 1278 et
868 1229 1119 1278 veterem
1138 1228 1349 1279 statum
1365 1241 1431 1279 ac
1444 1225 1782 1296 qualitatem

146 1322 350 1374 locatas
379 1336 481 1373 seu
520 1319 580 1374 in
619 1318 1047 1389 emphyteusim
1082 1317 1230 1372 datae
1257 1318 1341 1372 rei
1370 1318 1578 1389 exigat,
1608 1336 1782 1390 quam

145 1412 515 1483 emphyteusi
546 1416 644 1465 aut
672 1411 957 1465 locatione
998 1410 1249 1482 depellat
1280 1428 1411 1465 eum
1451 1412 1546 1483 qui
1594 1428 1783 1482 neque

142 1504 619 1560 meliorationum
670 1503 905 1559 nomine
946 1509 1147 1558 contra
1182 1504 1538 1559 venerabiles
1580 1505 1783 1559 domos

145 1599 440 1654 actionem
461 1597 714 1669 aliquam
742 1614 974 1651 movere
999 1597 1195 1669 possit.
1219 1598 1503 1652 Caeterum
1530 1598 1575 1653 si
1596 1598 1785 1670 depel-

147 1696 262 1747 lere
294 1708 433 1746 eum
461 1692 889 1762 dispensatores
904 1692 1111 1744 harum
1141 1691 1344 1757 nolint,
1370 1690 1520 1763 exigi
1545 1691 1780 1762 quidem

145 1786 213 1840 ab
247 1802 321 1839 eo
354 1784 721 1856 praecipimus
752 1801 820 1838 ea
851 1801 978 1855 qua:
1006 1800 1069 1838 ex
1101 1783 1480 1839 conductione
1523 1788 1622 1839 aut
1661 1802 1779 1839 em-

148 1853 416 1949 phyteusi
444 1853 657 1931 debere
680 1853 1062 1948 cognoscitur.
1086 1876 1383 1949 Tantisper
1410 1880 1626 1947 autem,
1646 1878 1782 1933 dum
1802 1853 1860 1926 Β

148 1972 499 2043 praeﬁnitum
547 1975 769 2041 tempus
806 1973 987 2037 exeat,
1029 1970 1226 2025 datam
1259 1970 1365 2025 sibi
1402 1988 1525 2025 rem
1557 1972 1604 2025 is
1632 1971 1781 2026 obti-

150 2069 305 2131 neat,
336 2064 386 2118 si
422 2069 591 2135 pacto
623 2067 902 2118 conventa
938 2068 1189 2135 praestet.
1222 2067 1294 2118 At
1324 2064 1367 2118 si
1397 2063 1680 2135 diti'ugiat,
1716 2065 1779 2119 li-

145 2158 402 2213 centiam
442 2157 768 2228 prtebemus
808 2174 1009 2212 earum
1049 2157 1469 2212 venerabilium
1501 2158 1780 2213 domuum

147 2251 521 2317 antistitibus,
548 2254 609 2305 ut
628 2250 1051 2305 venerabilibus
1072 2249 1343 2305 domibus
1363 2267 1427 2306 ex
1450 2251 1597 2305 illius
1616 2251 1786 2306 bonis

147 2345 598 2400 indemnitatem
632 2350 908 2411 asseraut,
948 2348 1279 2416 nequeunte
1311 2361 1378 2399 eo
1407 2362 1477 2398 ne
1519 2345 1625 2399 hac
1655 2346 1780 2417 qui—

146 2439 283 2494 dem
305 2441 470 2510 parte
503 2437 717 2509 aliquid
742 2438 813 2492 de
844 2437 1340 2492 meliorationibus
1366 2454 1713 2509 proponere.

217 2526 610 2583 Sacrosanctis
642 2526 892 2580 ecclesiis
938 2526 1136 2581 Odessi
1173 2532 1227 2581 et
1257 2526 1558 2581 Tomensis
1588 2527 1780 2582 civita-

148 2628 269 2677 tum
300 2620 713 2692 permittimus,
737 2623 799 2673 ut
820 2636 911 2673 res
938 2619 1265 2674 immobiles
1289 2637 1395 2692 pro
1423 2621 1780 2692 captivorum

145 2713 552 2786 redemptione
579 2713 855 2780 alienent,
885 2712 992 2767 nisi
1032 2730 1103 2767 ea
1133 2713 1465 2769 conditione
1495 2715 1782 2786 quaepiam

146 2809 286 2881 ipsis
313 2806 704 2879 possessiones
730 2806 879 2862 datae
910 2810 1062 2872 sunt,
1093 2824 1164 2861 ne
1198 2806 1313 2861 ullo
1341 2812 1507 2878 pacto
1534 2808 1785 2863 alienen-

146 2908 257 2957 tur.
291 2903 411 2955 Hoc
438 2916 668 2972 quoque
696 2899 1077 2967 concedimus,
1112 2903 1173 2954 ut
1199 2906 1559 2956 sacrosancta
1590 2902 1784 2955 Hiero-

148 2997 507 3066 solymorum
538 2993 784 3047 Ecclesia
815 2992 1104 3048 licentiam
1144 2993 1358 3048 haheat
1382 2993 1587 3049 domos
1623 2994 1695 3049 ad
1726 3012 1783 3048 se

148 3088 529 3161 pertinentes,
561 3090 618 3140 et
644 3086 701 3140 in
749 3086 871 3158 ipsa
919 3091 1113 3141 sancta
1154 3086 1375 3142 civitate
1415 3087 1631 3158 positas
1658 3105 1811 3163 ven;

150 3183 317 3247 dere;
342 3181 445 3235 sed
467 3196 583 3235 non
613 3181 837 3234 minore
857 3180 1041 3251 pretio
1070 3197 1244 3251 quam
1270 3184 1550 3251 quantum
1574 3185 1631 3235 et
1650 3181 1785 3252 ipsis
1806 3218 1860 3293 Ο

404 3274 521 3293 ,ιω
558 3289 659 3293 μη
702 3272 1108 3293 -ηψε-ι-
1353 3274 1527 3293 με,

148 3274 527 3347 pensionibus
555 3289 661 3345 per
692 3272 1117 3344 quinquaginta
1142 3290 1325 3327 annos
1353 3274 1531 3344 possit
1572 3275 1783 3345 colligi,

150 3374 212 3424 ut
249 3385 317 3423 ex
354 3368 563 3422 harum
597 3367 782 3438 pretio
810 3366 1080 3421 meliores
1101 3366 1320 3421 reditus
1350 3371 1783 3439 comparentur.

150 3462 463 3519 Enimvero
493 3461 537 3514 si
580 3460 678 3532 qui
715 3460 1034 3531 cuicunque
1066 3460 1377 3515 venerabili
1420 3461 1637 3527 domui,
1668 3461 1784 3516 sive

148 3558 206 3613 in
240 3555 405 3626 regia
432 3553 678 3621 civitate,
721 3554 836 3607 sive
877 3552 935 3607 in
966 3553 1274 3625 provinciis
1319 3554 1519 3625 positae
1565 3554 1787 3608 steriles

152 3648 544 3721 possessiones
580 3646 942 3713 donaverint,
986 3650 1083 3700 aut
1114 3646 1495 3713 vendiderint,
1536 3652 1633 3702 aut
1671 3646 1785 3702 alio

151 3742 327 3798 modo
352 3739 744 3814 praestiterint,
775 3744 873 3793 aut
900 3739 1259 3809 reliquerint,
1278 3739 1549 3810 jubemus
1578 3743 1639 3793 ut
1666 3741 1787 3795 nul-

152 3839 268 3891 lum
314 3851 422 3907 pro
452 3833 529 3903 iis
559 3833 729 3887 rebus
761 3831 1041 3887 damnum
1088 3832 1429 3887 venerabilis
1470 3832 1679 3887 domus
1714 3834 1788 3888 ad

150 3941 329 3998 quam
362 3921 493 3978 talis
522 3921 786 3994 pervenit
821 3921 1101 3992 possessio
1142 3921 1443 3990 sustineat,
1475 3924 1574 3975 aut
1602 3922 1785 3977 tribu-

150 4025 346 4075 torum
381 4015 639 4083 nomine,
672 4016 759 4069 vel
797 4030 1157 4087 quacumque
1191 4014 1303 4069 alia
1335 4014 1405 4068 de
1445 4031 1617 4069 causa
1647 4032 1789 4086 prae-

147 4116 443 4184 gravetur,
483 4108 584 4164 sed
625 4124 801 4163 omne
842 4107 898 4161 id
937 4124 1082 4162 onus
1128 4107 1184 4161 in
1226 4124 1324 4163 eos
1359 4108 1457 4179 qui
1504 4108 1789 4163 dederunt

149 4204 485 4261 haeredesve
533 4218 735 4257 eorum
779 4200 1140 4268 devolvatur,
1193 4200 1481 4271 cogendos
1534 4201 1787 4273 recipere

151 4296 487 4371 hujusmodi
516 4295 927 4367 possessiones,
943 4294 1086 4348 etde
1116 4294 1465 4366 patrimonio
1487 4312 1589 4350 suo
1612 4312 1789 4351 omne

149 4389 523 4464 dispendium
549 4387 861 4443 venerabili
891 4387 1088 4442 domui
1126 4404 1193 4442 ex
1222 4388 1328 4442 hac
1358 4388 1440 4443 illi
1466 4405 1636 4444 causa
1663 4405 1791 4462 pro-

147 4485 396 4541 veniens
421 4482 743 4538 restituere.
779 4480 893 4537 Sed
925 4486 982 4536 et
1004 4481 1048 4535 si
1084 4481 1415 4552 hujusmodi
1443 4482 1606 4538 dolus
1634 4482 1693 4538 in
1723 4500 1790 4538 ea

1880 574 1979 628 bet
2001 589 2127 643 qua
2154 572 2261 643 ipsi
2292 572 2482 639 datur,
2516 587 2703 644 neque
2734 571 3089 643 gravioribus
3124 572 3508 642 praestationi-

1880 666 1987 720 bus
2024 666 2266 737 publicis
2296 670 2533 738 gravata
2560 666 2650 731 sit,
2682 670 2742 720 ut
2774 668 2903 736 post
2931 665 3080 719 illius
3110 669 3379 733 mortem,
3414 670 3513 720 aut

1881 764 2108 830 tempus
2136 759 2211 814 ad
2240 759 2397 830 quod
2424 760 2621 813 datum
2656 775 2817 812 usum
2858 758 3068 812 durare
3120 759 3354 830 placuit,
3393 775 3510 814 non

1884 852 2299 907 transcendens
2342 853 2609 907 videlicet
2640 851 2975 923 accipientis
3011 852 3220 916 vitam,
3270 857 3512 924 utraque

1884 962 1975 1000 res
1999 951 2119 1001 tam
2148 946 2497 1017 proprietate
2519 962 2694 1017 quam
2716 945 3010 1000 usufructu
3035 945 3108 999 ad
3136 946 3405 1000 eamdem
3423 960 3514 1000 ve-

1885 1039 2203 1094 nerabilem
2221 1040 2460 1094 domum
2483 1039 2798 1110 perveniat.
2821 1040 3008 1109 Atque
3037 1039 3158 1093 haac
3181 1038 3420 1109 quidem
3439 1037 3512 1093 de

1885 1133 2277 1188 immobilibus
2300 1133 2469 1188 rebus
2489 1132 2884 1204 praecepimus.
2915 1132 2990 1186 De
3014 1132 3189 1186 sacris
3208 1149 3346 1187 vero
3368 1131 3513 1185 vasis

1885 1248 2013 1303 qua:
2030 1231 2102 1286 ad
2122 1232 2389 1287 eamdem
2402 1235 2824 1287 sacrosanctam
2846 1230 3020 1302 regias
3044 1231 3198 1285 urbis
3226 1231 3508 1301 majorem

1884 1330 2205 1397 ecclesiam,
2246 1334 2346 1384 aut
2373 1330 2445 1385 ad
2474 1330 2585 1385 alia
2617 1329 2869 1384 oratoria
2897 1330 3222 1401 ubicunque
3251 1331 3509 1384 locorum

1886 1435 2093 1485 nostrae
2119 1429 2443 1501 reipublicaa
2472 1427 2659 1501 posita
2686 1430 2997 1499 pertinent,
3018 1429 3366 1500 generaliter
3395 1428 3510 1482 dis-

1883 1529 2151 1601 ponimus
2171 1533 2365 1582 utnon
2390 1527 2554 1581 aliter
2570 1527 2693 1581 haec
2713 1526 3056 1593 vendantur,
3076 1530 3512 1598 opponanturve

1882 1626 2135 1698 pignori,
2163 1642 2337 1697 quam
2369 1642 2471 1696 pro
2511 1625 2867 1694 captivorum
2899 1623 3320 1695 redemptione.
3362 1624 3513 1679 Sane

1884 1725 1929 1779 si
1948 1726 2260 1796 pluravasa
2287 1724 2345 1777 in
2376 1740 2491 1777 una
2518 1723 2712 1793 aliqua
2738 1726 3193 1776 memoratarum
3212 1722 3513 1776 venerabi-

1885 1822 2025 1877 lium
2069 1821 2347 1876 domuum
2379 1821 2512 1887 sint,
2542 1837 2672 1892 quas
2716 1820 3101 1874 necessarium
3132 1819 3203 1874 de
3248 1836 3307 1873 se
3351 1837 3518 1875 usum

1886 1934 2005 1971 non
2049 1915 2363 1987 praebeant,
2397 1917 2453 1969 et
2492 1930 2596 1968 usu
2624 1914 2836 1980 veniat,
2877 1918 2938 1969 ut
2975 1913 3253 1984 ejusmodi
3284 1930 3520 1967 venera-

1885 2010 2012 2063 bilis
2056 2009 2210 2064 locus
2256 2025 2371 2062 agre
2402 2007 2588 2062 alieno
2632 2013 2922 2077 gravetur,
2980 2022 3168 2077 neque
3214 2009 3520 2077 suppetant

1886 2108 2011 2163 alia;
2031 2123 2123 2161 res
2154 2106 2418 2173 mobiles,
2451 2122 2518 2159 ex
2544 2105 2753 2176 quibus
2781 2121 2858 2158 aes
2887 2103 3140 2158 alienum
3170 2103 3397 2158 restitui
3424 2103 3518 2157 de-

1883 2204 2037 2271 beat,
2061 2204 2355 2258 licentiam
2390 2204 2472 2257 eis
2503 2202 2706 2256 damus
2734 2206 2797 2255 ut
2839 2201 3118 2256 confectis
3163 2200 3329 2269 (sicut
3355 2217 3517 2271 supe-

1886 2301 2004 2355 rius
2046 2300 2262 2355 dictum
2313 2301 2415 2369 est)
2456 2303 2718 2353 actorum
2763 2298 3173 2366 monumentis,
3212 2313 3340 2369 quas
3384 2314 3518 2352 vasa

1887 2414 2233 2470 supervacua
2272 2397 2665 2466 inveniuntur,
2707 2413 2774 2451 ea
2819 2399 2920 2450 aut
2960 2395 3069 2449 iliis
3095 2395 3518 2449 venerabilibus

1884 2496 2026 2551 locis
2044 2512 2168 2566 quae
2187 2495 2274 2549 his
2295 2512 2438 2566 opus
2453 2494 2669 2549 habent
2683 2493 2952 2559 vendant,
2970 2497 3070 2547 aut
3085 2492 3359 2559 conﬂent,
3375 2495 3433 2547 et
3449 2493 3518 2546 si-

1887 2594 2101 2648 militer
2118 2593 2389 2661 vendant,
2406 2592 2766 2663 pretiumque
2785 2607 2987 2645 eorum
2999 2591 3072 2645 ad
3095 2590 3518 2645 dissolvendum

1884 2708 1961 2746 aes
1980 2690 2231 2746 alienum
2259 2689 2569 2756 conferant,
2595 2706 2668 2744 ne
2699 2706 2791 2744 res
2821 2688 3143 2743 immobiles
3176 2687 3514 2742 alienentur.

1955 2806 2012 2862 Si
2034 2810 2235 2862 contra
2255 2822 2323 2861 ea
2355 2821 2484 2877 quae
2511 2808 2845 2877 praesentea
2872 2803 3037 2858 nobis
3056 2802 3184 2873 lege
3210 2801 3519 2856 interdicta

1885 2904 2018 2955 sunt
2055 2902 2382 2954 contractus
2422 2898 2628 2970 aliquis
2656 2898 2714 2952 in
2745 2897 2915 2952 rebus
2945 2895 3254 2951 mobilibus
3286 2911 3416 2967 quae
3446 2894 3518 2949 ad

1887 3010 2059 3047 unam
2082 2992 2331 3064 aliquam
2362 2992 2770 3063 praedictarum
2796 2989 3211 3045 venerabilium
3234 2989 3515 3055 domuum

1884 3086 2179 3159 pertinent
2194 3086 2534 3152 celebretur,
2555 3101 2672 3139 non
2698 3090 2924 3140 tantum
2945 3085 3323 3139 sacrosancta:
3344 3082 3519 3136 eccle-

1887 3181 2003 3249 sim,
2032 3182 2133 3234 aut
2160 3178 2473 3233 venerabili
2510 3178 2709 3233 domui
2746 3195 2815 3232 ea
2841 3194 2953 3244 res,
2991 3176 3049 3231 in
3089 3193 3202 3248 qua
3228 3176 3343 3230 tale
3377 3173 3518 3245 quid

1888 3273 2255 3328 subsecutum
2285 3276 2388 3339 est,
2413 3289 2544 3327 cum
2569 3272 2743 3327 medii
2765 3271 3039 3344 temporis
3058 3270 3335 3325 fructibus
3360 3267 3521 3322 resti-

1888 3367 2080 3434 tuitor,
2114 3367 2214 3421 sed
2254 3365 2425 3421 etiam
2454 3366 2723 3437 pretium,
2759 3371 2857 3419 aut
2889 3365 3041 3437 quod
3071 3360 3519 3420 remunerandus

1887 3460 2235 3526 donationis,
2280 3462 2378 3513 aut
2420 3458 2881 3531 permutationis,
2927 3462 3026 3513 aut
3063 3454 3519 3527 alterius'cujus-

1887 3570 2109 3624 cunque
2136 3569 2318 3607 causa:
2344 3552 2578 3606 nomine
2607 3552 2804 3606 datum
2832 3555 2936 3618 est,
2957 3551 3108 3622 apud
3127 3550 3313 3622 ipsam
3338 3565 3522 3603 rema-

1888 3650 2040 3701 neto.
2073 3645 2237 3710 Quod
2268 3644 2311 3698 si
2342 3644 2733 3716 emphyteusis
2764 3650 2960 3699 contra
2992 3643 3297 3699 interdicta
3327 3645 3520 3696 nostra

1887 3742 2118 3812 peracta
2148 3738 2238 3807 sit,
2261 3738 2532 3809 jubemus
2565 3743 2629 3791 ut
2656 3741 2713 3792 et
2736 3739 3111 3791 sacrosanctae
3139 3735 3390 3790 ecclesia!
3421 3737 3521 3788 aut

1889 3832 2303 3889 venerabilibus
2322 3830 2460 3885 locis
2486 3847 2555 3885 ea
2588 3847 2678 3885 res
2698 3830 2991 3897 reddatur,
3012 3833 3071 3884 et
3089 3831 3372 3900 praeterea
3401 3844 3521 3881 em-

1887 3926 2303 3999 phyteuticum,
2328 3922 2646 3979 secundum
2673 3924 2828 3996 quod
2855 3924 3130 3995 placitum
3149 3925 3253 3989 est,
3284 3924 3523 3993 praeste-

1889 4024 2001 4087 tur,
2031 4019 2379 4098 finiaturque
2406 4021 2637 4090 pactum
2659 4016 2975 4071 secundum
2992 4016 3266 4071 virtutem
3281 4014 3521 4086 emphy-

1890 4112 2245 4169 teuticalium
2260 4113 2791 4167 instrumentorum.
2817 4110 2877 4167 Si
2898 4127 2988 4166 res
3005 4108 3409 4180 ecclesiastica,
3422 4109 3524 4163 aut

1888 4207 2122 4262 alterius
2152 4205 2492 4261 venerabilis
2523 4206 2730 4261 domus
2769 4204 2986 4260 donata
3015 4204 3107 4274 sit,
3138 4207 3259 4259 tam
3287 4203 3408 4275 ipsa
3439 4200 3519 4256 ei-

1889 4302 2021 4358 dem
2048 4305 2420 4355 sacrosanctae
2452 4299 2661 4371 majori
2690 4298 2965 4365 ecclesias,
2993 4302 3094 4354 aut
3124 4298 3248 4352 aliis
3280 4312 3517 4351 venera-

1890 4393 2097 4448 bilibus
2124 4394 2396 4448 domibus
2421 4409 2550 4448 cum
2584 4391 2762 4447 medii
2792 4390 3071 4462 temporis
3097 4390 3373 4445 fructibus
3398 4388 3523 4443 red-

1892 4486 2080 4557 datur,
2110 4503 2285 4559 quam
2311 4486 2485 4541 etiam
2514 4487 2756 4541 alterum
2790 4488 3035 4551 tantum,
3083 4483 3237 4555 quod
3270 4482 3519 4536 aestima-

148 4598 211 4636 re
253 4578 662 4649 subsequatur,
705 4577 767 4629 ut
794 4591 898 4646 pro
929 4591 997 4630 eo
1034 4575 1351 4630 venerabili
1398 4575 1597 4631 domui
1633 4580 1866 4659 certaD
1893 4580 2044 4634 tione
2073 4596 2201 4633 eam
2230 4596 2352 4633 rem
2381 4582 2588 4650 asquet.
2622 4577 2676 4633 Si
2706 4579 2826 4633 haec
2857 4580 3059 4632 contra
3082 4576 3295 4648 pignus
3323 4575 3524 4630 datum

149 4674 325 4728 detur
349 4669 608 4743 pecuniae
640 4684 887 4734 summa,
919 4668 1192 4739 jubemus
1217 4671 1280 4722 ut
1305 4672 1363 4723 et
1400 4669 1547 4724 hanc
1578 4669 1682 4724 sibi
1723 4687 1791 4725 ea

148 4763 501 4821 venerabilis
518 4763 727 4818 domus
744 4763 904 4817 lucro
922 4761 1149 4817 habeat.
1169 4762 1403 4817 Steriles
1421 4767 1613 4818 autem
1628 4780 1719 4818 res
1737 4764 1791 4818 ei

148 4861 249 4933 qui
268 4858 435 4913 dedit
465 4859 562 4912 aut
582 4855 741 4911 omni
762 4855 937 4911 modo
970 4855 1299 4910 heredibus
1319 4856 1439 4928 ejus
1460 4857 1788 4912 restituant.

148 4955 236 5009 Ad
258 4951 677 5023 hazcjubemus
696 4953 757 5004 ut
782 4949 939 5003 nulla
968 4949 1344 5004 sacrosanctis
1381 4950 1656 5017 ecclesiis,
1693 4954 1793 5005 aut

150 5047 279 5102 aliis
301 5043 727 5099 venerabilibus
746 5041 906 5109 locis,
931 5044 1050 5097 tam
1080 5041 1137 5096 in
1172 5041 1331 5113 regia
1354 5042 1495 5096 urbe
1526 5059 1702 5113 quam
1732 5043 1792 5098 in

150 5138 428 5196 omnibus
447 5136 778 5209 reipublicm
798 5138 1006 5191 nostra:
1026 5135 1333 5207 provinciis
1351 5135 1570 5207 positis,
1599 5153 1793 5192 neces-

150 5235 292 5288 sitas
326 5231 636 5287 inducatur
669 5232 732 5284 ut
759 5228 982 5284 steriles
1019 5233 1117 5284 aut
1152 5228 1369 5283 fertiles
1406 5231 1792 5301 possessiones

148 5328 486 5396 ubicunque
501 5325 762 5379 locorum
787 5322 922 5377 sitas
941 5325 1159 5391 emant,
1176 5338 1247 5376 ne
1267 5338 1371 5394 per
1386 5322 1536 5377 hanc
1549 5324 1794 5379 occasio-

152 5438 291 5477 nem
321 5419 407 5471 vel
429 5434 525 5472 eas
547 5434 690 5489 quas
708 5416 945 5484 habent,
976 5415 1231 5488 obligare
1257 5415 1789 5487 deprehendantur.

150 5517 400 5584 Insuper
423 5511 468 5565 si
507 5512 634 5585 quis
659 5526 787 5564 rem
820 5509 1182 5565 immobilem
1213 5509 1350 5564 velit
1393 5526 1527 5563 usus
1559 5510 1793 5565 nomine

151 5607 224 5661 ab
238 5605 436 5677 aliqua
453 5603 861 5675 praadictarum
873 5601 1284 5657 venerabilium
1299 5602 1578 5656 domuum
1599 5601 1791 5673 (quem

153 5698 476 5755 admodum
512 5700 570 5751 et
591 5697 853 5769 superius
880 5696 951 5750 de
986 5694 1409 5749 venerabilibus
1441 5695 1706 5750 domibus
1732 5695 1792 5750 in

150 5793 314 5865 regia
352 5791 495 5846 urbe
538 5790 737 5864 positis
776 5768 1179 5860 disposuimus)
1212 5805 1436 5859 capere,
1471 5804 1584 5841 non
1627 5788 1795 5843 aliter

152 5889 309 5943 hanc
345 5887 555 5957 capito,
590 5884 697 5941 nisi
739 5883 1002 5956 protinus
1041 5882 1281 5937 alteram
1329 5897 1451 5936 rem
1480 5881 1791 5936 venerabili

154 5979 361 6038 domui
388 5996 421 6035 a
450 5996 563 6052 qua
583 5996 713 6037 eam
739 5995 863 6036 rem
890 5975 1060 6048 capit,
1086 5975 1216 6046 jure
1250 5975 1492 6031 dominii
1516 5974 1788 6047 praebeat,

1890 4673 2080 4740 fuerit,
2113 4671 2364 4727 creditor
2407 4675 2465 4726 et
2505 4671 2760 4726 debitum
2809 4670 3079 4738 amittito,
3125 4674 3182 4726 et
3227 4686 3355 4725 eam
3398 4684 3524 4723 rem

1889 4764 2200 4821 venerabili
2219 4765 2419 4821 domui
2441 4764 2746 4834 restituito,
2776 4764 3177 4820 tabellionibus
3203 4763 3300 4836 qui
3328 4766 3526 4819 contra

1889 4860 2039 4915 hanc
2062 4864 2319 4940 nostram
2348 4860 2537 4932 legem
2572 4859 2783 4914 talibus
2823 4858 3096 4914 inservire
3127 4857 3524 4913 instrumentis

1892 4952 2378 5025 praasumpserint,
2408 4956 2688 5025 perpetuo
2716 4952 3174 5009 condemuandis
3195 4951 3526 5007 exsilio.Po-

1892 5047 2106 5098 stremo
2138 5042 2183 5096 si
2214 5042 2352 5114 quid
2378 5044 2512 5096 ante
2555 5042 2704 5097 hanc
2734 5044 2920 5115 legem
2957 5041 3271 5097 secundum
3302 5044 3525 5095 veteres

1894 5134 2335 5191 constitutiones
2368 5135 2583 5189 factum
2616 5138 2718 5202 est,
2744 5135 3013 5207 jubemus
3044 5140 3109 5189 ut
3130 5135 3240 5189 hoc
3259 5132 3527 5189 omnibus

1892 5229 2079 5284 modis
2099 5244 2266 5283 suum
2287 5228 2465 5284 robur
2485 5227 2760 5283 obtineat.
2783 5230 2986 5285 Omnia
3009 5244 3143 5282 vero
3169 5242 3297 5298 quas
3325 5230 3526 5280 contra

1892 5326 2112 5377 veteres
2148 5323 2301 5377 facta
2336 5326 2469 5377 sunt
2494 5323 2671 5393 leges,
2710 5321 2953 5376 subverti
2985 5320 3306 5389 sancimus;
3342 5321 3399 5373 et
3434 5335 3526 5373 res

1894 5432 2023 5488 quae
2047 5417 2249 5471 contra
2279 5432 2479 5471 earum
2508 5417 2770 5470 tenorem
2808 5413 2955 5468 datae
2986 5415 3246 5480 .fuerunt,
3282 5427 3524 5466 venera-

1892 5509 2099 5564 bilibus
2144 5508 2409 5564 domibus
2451 5508 2694 5563 restitui.
2747 5509 2822 5561 De
2854 5509 3062 5561 caetero
3109 5512 3301 5562 autem
3333 5505 3529 5561 omnia

1895 5602 2211 5657 secundum
2242 5606 2581 5675 praesentem
2628 5599 2753 5653 fieri
2792 5600 2985 5669 legem
3018 5600 3404 5666 decernimus,
3437 5616 3530 5654 va-

1895 5695 2155 5751 cantibus
2171 5697 2409 5769 posthac
2428 5688 2695 5747 om'nibus
2716 5692 2841 5746 aliis
2856 5691 3377 5761 constitutionibus,
3399 5709 3529 5764 quae

1893 5790 1949 5843 in
1986 5788 2313 5860 hujusmodi
2343 5785 2564 5841 casibus
2593 5787 2765 5840 antea
2792 5785 3173 5858 promulgata:
3201 5786 3352 5838 sunt.
3394 5786 3528 5850 Quae

1892 5881 2070 5953 igitur
2095 5897 2195 5954 per
2212 5882 2556 5952 praesentem
2578 5880 2635 5935 in
2651 5884 2999 5952 perpetuum
3013 5880 3315 5935 valituram
3331 5878 3526 5949 legem

1894 5978 2085 6031 nostra
2132 5973 2311 6030 sanxit
2362 5974 2763 6045 tranquillitas,
2807 5992 2870 6031 ea
2916 5974 3147 6033 studeto
3194 5972 3528 6030 excellentia
