4032 6232
532 337 662 390 1019

1663 335 1917 393 SECULI
1953 333 2151 397 SEXTI
2182 332 2738 395 SUPPLEMENTUM.

3753 336 3775 389 1
3786 334 3894 389 020

521 444 619 497 tua
647 439 904 496 insaucia
946 444 1006 496 et
1032 440 1363 496 inconvulsa
1390 454 1750 507 conservare,
1788 438 1988 495 edictis
2012 455 2149 495 con-
2172 451 2234 527 Α
2253 441 2482 511 placare
2504 440 2686 495 Deum
2700 438 3018 511 poterunt?
3034 402 3199 502 Quod
3220 452 3355 493 vero
3375 437 3774 494 ordinationes
3793 453 3886 493 sa-

524 532 701 587 suetis
735 537 793 587 et
830 533 1183 588 solemnibus
1221 532 1358 587 locis
1396 547 1502 602 per
1544 531 1742 586 decem
1784 530 1905 586 dies
1935 547 2149 604 propo-

521 625 747 692 nendis,
781 625 950 681 nullis
974 630 1167 680 tamen
1198 623 1553 693 jussionibus
1580 641 1685 694 per
1723 625 1873 679 hanc
1923 641 2151 679 causam

524 719 582 773 in
610 718 929 790 provincias
960 716 1332 791 destinandis.
1376 717 1489 771 Nos
1531 716 1684 771 enim
1724 716 2153 787 providebimus

524 811 813 882 quomodo
831 810 1044 880 absque
1063 809 1422 864 subditorum
1440 810 1716 865 collatoru
1725 826 1899 880 mque
1918 810 2152 865 laesione

523 904 789 958 omnibus
814 918 1063 972 presens
1099 905 1295 957 nostra
1334 902 1630 972 generalis
1649 902 1980 958 constitutio
2011 902 2149 957 insi-

524 999 751 1051 uuetur.
784 996 909 1049 Dat.
938 1011 1012 1050 vu
1038 994 1121 1049 Id.
1155 995 1304 1062 Maii,
1331 995 1788 1069 Constantinop.,
1821 995 1877 1051 d.
1911 1012 1969 1052 n.
2001 996 2147 1052 Just.

520 1089 622 1142 PP.
647 1090 816 1159 Aug.,
846 1087 1053 1144 Basilio
1084 1105 1137 1143 v.
1165 1104 1214 1143 c.
1243 1105 1399 1145 cons.

1044 1188 1360 1246 NOVELLA
1403 1190 1623 1247 CXXIII.

828 1276 899 1328 De
919 1273 1291 1328 ecclesiasticis
1316 1273 1543 1328 diversis
1571 1274 1846 1343 capitulis.

592 1367 916 1436 Imperator
943 1365 1289 1420 Justinianus
1308 1367 1599 1437 Augustus
1621 1367 1789 1421 Petro
1820 1364 2153 1437 gloriosissi-

519 1469 615 1508 mo
637 1455 915 1525 magistro
939 1470 1231 1509 sacrorum
1262 1459 1588 1509 nostrorum
1616 1453 1960 1510 ofﬁciorum.

592 1547 671 1601 De
700 1545 1143 1619 dispensatione,
1172 1551 1230 1603 et
1267 1547 1596 1619 privilegiis,
1631 1547 1873 1618 aliisque
1918 1546 2152 1603 diversis

519 1638 779 1711 capitulis
801 1656 1001 1696 earum
1017 1656 1214 1695 rerum
1237 1657 1363 1712 quae
1383 1640 1450 1695 ad
1474 1645 1862 1695 sacrosanctas
1887 1639 2152 1694 ecclesias

518 1736 575 1786 et
595 1732 735 1788 alias
747 1726 1324 1788 venerabiles'domos
1339 1732 1934 1805 pertinent,nonnulla
1944 1732 2063 1803 jam
2080 1733 2152 1787 ad

2251 532 2552 588 cerdotum
2582 531 2888 586 conveniat
2907 547 3037 586 cum
3060 547 3289 586 summa
3306 529 3434 585 ﬁeri
3448 530 3770 600 diligentia,
3794 529 3893 584 do-

2252 628 2343 680 cet
2371 641 2476 680 nos
2516 625 2669 680 inter
2696 627 2921 679 sanctos
2953 623 3179 679 habitus
3207 623 3518 695 Gregorius
3536 622 3888 693 Theologus,

2253 721 2480 775 sanctos
2497 718 2784 788 apostolos
2800 720 2858 771 et
2872 732 3060 772 sacros
3079 721 3306 772 secutus
3327 732 3595 772 canones.
3620 717 3703 770 Ita
3730 715 3891 771 enim

2254 807 2699 882 dicitin'magno
2714 809 3109 882 Apologetico:
3131 830 3159 858 «
3176 808 3312 874 Quis
3332 811 3530 863 autem
3552 808 3627 864 ad
3644 807 3810 864 Pauli
3827 824 3890 862 se

2252 904 2480 975 regulas
2506 906 2565 958 et
2585 902 2913 974 prescripta
2937 902 3247 957 dimetiens
3280 918 3409 972 quae
3434 900 3506 955 de
3527 900 3815 972 episcopis
3833 902 3895 955 et

2251 996 2597 1069 presbyteris
2616 995 2770 1063 fecit,
2792 994 3043 1050 utsobrii
3061 995 3194 1061 sint,
3208 994 3476 1060 modesti,
3491 1009 3609 1051 non
3626 994 3889 1048 vinolen-

2253 1091 2317 1157 ti,
2334 1106 2453 1146 non
2473 1105 2858 1161 percussores,
2877 1089 3140 1144 instructi
3158 1088 3234 1143 ad
3255 1088 3602 1153 docendum,
3626 1086 3886 1157 irrepre-

2254 1181 2564 1240 hensibiles
2585 1181 2645 1237 in
2660 1181 2946 1249 omnibus,
2970 1185 3029 1237 et
3043 1181 3189 1236 nihil
3209 1197 3341 1237 cum
3363 1180 3641 1251 improbis
3662 1179 3891 1234 haben-

2255 1280 2341 1330 tes
2366 1275 2720 1342 commercii,
2751 1291 2868 1330 non
2896 1274 3297 1346 deprehendat
3321 1273 3569 1328 multum
3592 1289 3653 1327 se
3677 1272 3749 1326 ab
3777 1272 3892 1327 hac

2254 1369 2589 1439 regularum
2609 1366 2951 1422 rectitudine
2985 1366 3352 1437 discrepare?
3368 1386 3395 1416 »
3419 1367 3485 1422 Et
3507 1382 3703 1420 rursus
3729 1365 3893 1420 idem

2254 1461 2332 1516 sic
2344 1460 2509 1516 dicit:
2539 1481 2566 1509 «
2584 1459 2858 1515 Mundum
2879 1459 3036 1530 prius
3056 1475 3180 1514 esse
3207 1462 3456 1529 oportet,
3482 1457 3691 1517 deinde
3722 1475 3892 1512 mun-

2253 1554 2390 1608 dare
2407 1570 2420 1619 ;
2436 1553 2779 1607 instructum
2800 1552 3105 1624 sapientia,
3137 1553 3311 1623 atque
3331 1550 3411 1606 ita
3436 1551 3510 1605 ad
3534 1551 3889 1622 sapientiam

2254 1647 2569 1715 instruere;
2590 1646 2779 1700 lucem
2799 1644 2945 1712 fieri,
2967 1647 3026 1700 et
3042 1643 3395 1714 illuminare;
3418 1644 3891 1715 appropinquare

2254 1741 2394 1808 Deo,
2426 1742 2485 1793 et
2514 1738 2655 1793 alios
2682 1738 2755 1793 ad
2778 1739 2964 1793 Deum
2995 1737 3314 1805 adducere;
3358 1740 3621 1792 sanctum
3649 1753 3798 1804 esse,
3833 1739 3895 1792 et

517 1830 735 1880 certam
757 1825 1085 1895 redegimus
1103 1826 1348 1881 forman.
1375 1829 1437 1881 ln
1458 1825 1762 1897 praesentia
1782 1828 1918 1880 vero
1934 1841 2003 1879 ea
2023 1841 2152 1897 quae
2170 1808 2604 1887 Bisanctificare
2627 1849 2641 1899 ;
2670 1831 2976 1897 deducere,
2996 1830 3098 1885 sed
3110 1845 3244 1884 cum
3265 1829 3533 1886 manibus
3553 1847 3567 1896 ;
3588 1830 3729 1884 dare
3760 1845 3895 1884 con-

519 1918 976 1989 religiosissimos
992 1923 1345 1973 concernunt
1359 1919 1677 1990 episcopos,
1694 1917 1950 1985 clericos,
1965 1923 2022 1973 et
2034 1934 2153 1972 mo-

518 2011 751 2077 nachos,
778 2011 837 2065 in
876 2009 1112 2065 diversis
1143 2010 1374 2082 pridem
1412 2010 1691 2083 disposita
1732 2010 2153 2066 constitutioni-

514 2104 641 2170 bus,
658 2103 764 2159 hac
781 2105 906 2174 lege
927 2120 1057 2158 cum
1070 2107 1439 2175 competente
1453 2103 1618 2159 nobis
1631 2103 1986 2159 correctione
1998 2119 2152 2158 com-

517 2197 686 2268 plecti
714 2196 898 2251 visum
923 2200 1029 2251 est.
1051 2198 1196 2254 Nam
1224 2197 1270 2251 si
1296 2198 1452 2268 leges
1472 2197 1684 2265 civiles,
1703 2212 1951 2268 quarum
1968 2199 2152 2267 potes-

514 2292 694 2344 tatem
716 2290 851 2344 fidei
868 2294 1076 2345 nostra;
1095 2290 1242 2345 Deus
1266 2306 1370 2361 pro
1386 2306 1489 2345 suo
1510 2305 1652 2361 erga
1671 2289 1933 2345 homines
1952 2304 2148 2345 amore

515 2383 889 2450 concredidit,
914 2399 1020 2454 per
1045 2383 1240 2438 omnia
1259 2382 1454 2438 ﬁrmas
1475 2395 1540 2438 ac
1567 2382 1800 2438 stabiles
1820 2381 2148 2438 conservari

514 2481 586 2536 ad
613 2480 967 2536 subditorum
1014 2481 1377 2536 securitatem
1421 2480 1738 2549 studemus,
1772 2484 1990 2551 quanto
2022 2479 2151 2551 plus

515 2574 687 2629 studii
713 2573 990 2628 debemus
1006 2574 1155 2629 circa
1174 2590 1463 2629 sacrarum
1491 2574 1824 2645 regularum
1849 2577 1906 2628 et
1933 2573 2152 2628 divina-

516 2683 647 2722 rum
677 2666 872 2737 legum
894 2666 1353 2722 observationem
1375 2682 1676 2739 reponere,
1700 2682 1832 2739 quae
1844 2682 1950 2737 pro
1966 2667 2148 2721 salute

518 2759 844 2815 animarum
871 2763 1198 2816 nostrarum
1225 2760 1476 2815 deﬁnitae
1514 2765 1573 2815 et
1607 2759 1932 2815 constituta;
1979 2759 2150 2814 sunt?

517 2852 627 2917 Qui
659 2852 817 2907 enim
852 2868 1043 2908 sacros
1078 2853 1379 2908 observant
1406 2868 1674 2921 canones,
1700 2852 1758 2907 hi
1787 2851 2021 2908 Domini
2050 2850 2154 2906 Dei

515 2943 816 3015 potiuntur
844 2944 1095 3000 auxilio:
1127 2950 1185 3000 et
1208 2945 1309 3016 qui
1328 2945 1387 3000 in
1420 2945 1596 3001 hosce
1621 2945 2084 3016 praevaricantur,
2108 2943 2152 2999 ii

514 3037 733 3108 seipsos
752 3037 1219 3092 condemnationi
1236 3037 1562 3108 subjiciunt.
1586 3037 1782 3107 Majori
1799 3041 1993 3092 autem
2018 3052 2152 3091 con-

515 3129 875 3185 demnationi
888 3130 1118 3185 obnoxii
1130 3133 1301 3185 erunt
1310 3128 1723 3200 religiosissimi
1736 3128 2151 3201 episcopi,quo—

514 3238 642 3276 rum
664 3221 799 3276 ﬁdei
820 3221 1122 3277 commissa
1141 3225 1227 3277 est
1254 3237 1545 3278 canonum
1570 3221 1864 3292 inquisitio
1884 3226 1942 3276 et
1957 3224 2148 3276 custo-

515 3313 627 3380 dia,
645 3315 694 3368 si
714 3314 852 3385 quid
874 3315 933 3369 in
960 3313 1050 3369 his
1074 3318 1499 3385 transgressum
1519 3313 1765 3369 inultum
1786 3313 2143 3385 reliquerint.

514 3406 704 3462 Sacris
727 3422 865 3461 sane
885 3406 1203 3462 canonibus
1225 3422 1344 3463 non
1377 3406 1711 3475 observatis,
1732 3405 1923 3461 varias
1947 3410 2146 3461 contra

512 3499 771 3567 clericos,
795 3502 856 3556 et
884 3499 1220 3567 monachos,
1241 3516 1307 3555 ac
1325 3500 1631 3556 nonnullos
1651 3499 1951 3572 episcopos
1962 3498 2145 3555 inter-

511 3593 855 3665 pellationes
876 3592 1253 3665 suscepimus,
1271 3593 1428 3665 quod
1444 3593 1757 3648 secundum
1776 3608 1968 3648 sacros
1982 3608 2151 3660 cano-

512 3701 620 3742 nes
634 3686 810 3742 vitam
832 3703 949 3743 non
969 3686 1290 3741 instituant.
1312 3686 1421 3740 Alii
1444 3686 1621 3742 etiam
1645 3702 1716 3741 ne
1734 3685 1886 3757 ipsas
1907 3685 2147 3756 quidem

512 3795 683 3835 seem
717 3778 1024 3835 oblationis
1045 3784 1102 3834 et
1124 3780 1269 3834 sacri
1291 3778 1649 3850 baptismatis
1677 3794 1873 3849 preces
1898 3778 2041 3834 scire
2060 3777 2145 3832 di-

512 3874 742 3929 cuntur.
758 3872 857 3928 Dei
872 3873 1071 3944 itaque
1088 3871 1374 3944 judicium
1394 3872 1747 3927 revolventes
1762 3871 1824 3928 in
1847 3871 2063 3938 animo,
2085 3870 2147 3925 in

509 3981 862 4037 unoquoque
882 3965 1091 4020 horum
1119 3982 1247 4037 quae
1274 3965 1604 4020 renuntiata
1624 3964 1792 4019 nobis
1819 3966 1973 4033 sunt,
1996 3979 2149 4034 quee-

510 4057 759 4128 stionem
779 4060 836 4112 et
877 4058 1291 4113 correctionem
1329 4058 1602 4114 canonice
1631 4058 1908 4128 jussimus
1942 4072 2146 4128 proce-

512 4149 666 4205 dere.
680 4151 825 4204 Nam
840 4150 887 4204 si
905 4152 1203 4221 generales
1218 4151 1376 4223 leges
1392 4168 1461 4206 ea
1477 4166 1604 4223 quae
1622 4167 1927 4222 perperam
1945 4149 2149 4205 admit-

512 4247 713 4297 tuntur
734 4260 766 4297 a
782 4243 938 4298 laicis
951 4260 1066 4299 non
1091 4244 1413 4299 concedunt
1427 4244 1549 4298 sine
1574 4243 1889 4315 quaestione
1903 4251 1960 4297 et
1969 4242 2148 4297 vindi-

509 4340 603 4390 cta
633 4336 898 4410 relinqui,
922 4337 1214 4409 quomodo
1238 4353 1306 4390 ea
1341 4352 1468 4407 quae
1495 4353 1528 4390 a
1548 4336 1760 4391 sanctis
1789 4334 2058 4407 apostolis
2088 4338 2150 4391 et

507 4428 768 4500 patribus
789 4430 863 4486 ad
892 4429 1149 4486 ﬁdelium
1170 4428 1476 4484 hominum
1517 4429 1761 4483 salutem
1802 4428 2147 4500 regulariter

2250 1925 2461 1993 silium,
2484 1924 2584 1980 sed
2602 1940 2733 1979 cum
2744 1923 3073 1995 prudentia.
3094 1944 3120 1973 ››
3145 1925 3213 1979 Et
3226 1939 3421 1978 rursus
3433 1922 3585 1978 idem
3599 1922 3659 1978 in
3675 1922 3895 1976 sanctis

2249 2019 2477 2074 habitus
2493 2017 2802 2089 Gregorius
2837 2017 2907 2073 de
2940 2016 3144 2072 iisdem
3166 2016 3225 2071 in
3253 2015 3456 2071 eadem
3482 2015 3741 2070 oratione
3772 2015 3888 2070 hoc

2250 2111 2471 2166 scribit:
2499 2132 2528 2162 ‹‹
2544 2110 2700 2179 Quis,
2728 2110 2989 2178 obsecro,
3009 2108 3173 2181 quasi
3192 2108 3397 2180 ﬁglina
3413 2124 3528 2163 uno
3553 2108 3888 2179 eodemque

2249 2204 2342 2260 die
2363 2205 2547 2277 tingat
2560 2204 2681 2259 veri
2698 2202 3002 2259 ministerii
3022 2202 3355 2270 antistitem,
3372 2201 3470 2272 qui
3488 2218 3616 2256 cum
3638 2201 3773 2255 aliis
3790 2217 3898 2255 an-

2252 2297 2391 2369 gelis
2418 2297 2697 2353 stationes
2720 2296 2948 2365 habeat,
2977 2312 3109 2350 cum
3138 2294 3501 2367 archangelis
3536 2294 3740 2349 laudes
3770 2295 3892 2349 Deo

2251 2390 2422 2458 dicat,
2436 2407 2567 2446 cum
2581 2390 2803 2446 Christo
2815 2388 3152 2445 sacerdotali
3173 2388 3448 2459 fungatur
3476 2403 3717 2442 munere
3731 2387 3762 2442 ‘I
3776 2409 3804 2436 »
3824 2389 3896 2442 Et

2250 2501 2355 2556 per
2371 2484 2494 2538 hac
2521 2483 2756 2555 quidem
2779 2482 3031 2537 ostendit
3043 2482 3367 2552 Theologus
3384 2480 3586 2552 quales
3607 2480 3681 2535 ad
3703 2496 3893 2534 sacer-

2251 2576 2470 2632 dotium
2488 2576 2822 2648 promoveri
2850 2577 3134 2646 oporteat.
3163 2575 3243 2628 De
3265 2574 3353 2628 his
3372 2589 3507 2628 vero
3527 2573 3624 2643 qui
3640 2572 3891 2643 indigne

2252 2670 2613 2738 ordinantur,
2631 2668 2785 2723 idem
2804 2669 2925 2723 haec
2948 2667 3086 2723 dicit
3101 2666 3160 2720 in
3175 2666 3382 2721 eadem
3406 2665 3703 2721 oratione:
3728 2687 3758 2715 ‹‹
3780 2665 3893 2729 Qui

2249 2779 2381 2819 cum
2402 2761 2546 2816 nihil
2561 2764 2733 2816 antea
2755 2760 2815 2814 in
2842 2776 3068 2815 sacrum
3088 2760 3191 2814 Dei
3213 2760 3434 2814 alveare
3457 2757 3782 2826 intulerint,
3809 2757 3892 2811 ni-

2252 2856 2332 2911 hil
2358 2857 2531 2909 antea
2545 2853 2755 2909 laboris
2781 2853 2855 2908 ad
2875 2852 2932 2907 id
2957 2852 3115 2924 quod
3144 2852 3450 2923 pulchrum
3474 2855 3560 2905 est
3582 2866 3894 2922 assequen-

2254 2948 2392 3003 dum
2412 2945 2807 3014 sustinuerint,
2831 2945 2999 3000 simul
3026 2944 3289 3017 discipuli
3308 2947 3365 2999 et
3380 2944 3641 3015 magistri
3662 2943 3895 3014 pietatis

2252 3040 2650 3111 designantur,
2670 3040 2729 3093 et
2745 3037 2904 3109 prius
2921 3054 3093 3109 quam
3109 3040 3432 3108 purgentur
3457 3036 3582 3107 ipsi,
3597 3039 3890 3106 purgant:

2250 3131 2375 3186 heri
2386 3146 2680 3186 sacrorum
2698 3130 3034 3200 direptores,
3049 3129 3221 3184 hodie
3237 3128 3562 3183 sacerdotes
3579 3145 3592 3194 ;
3615 3128 3743 3181 heri
3759 3145 3794 3181 a
3812 3144 3897 3182 sa-

2228 3223 2563 3291 lcrisalieni,
2579 3223 2749 3278 hodie
2765 3238 3054 3277 sacrorum
3079 3221 3394 3293 principes:
3424 3221 3686 3276 veterani
3713 3221 3893 3274 mali-

2246 3318 2347 3384 tia,
2374 3322 2606 3388 tyrones
2627 3315 2864 3386 pietate,
2896 3315 3176 3369 beneﬁcio
3203 3315 3479 3370 humana:
3509 3313 3739 3385 gratiae,
3769 3331 3891 3369 non

2246 3409 2496 3481 spiritus.
2515 3429 2543 3458 »
2562 3407 2729 3473 Quod
2742 3412 2937 3462 autem
2951 3424 3046 3462 eos
3069 3407 3167 3478 qui
3182 3408 3423 3463 alteram
3444 3408 3892 3462 duxeruntuxo-

2248 3519 2373 3558 rem
2391 3501 2535 3557 sacri
2554 3516 2801 3556 canones
2814 3499 3050 3555 clericos
3063 3516 3186 3555 esse
3208 3500 3573 3570 prohibeant,
3589 3500 3650 3554 in
3668 3500 3890 3554 sanctis

2249 3594 2426 3649 etiam
2451 3592 2681 3648 habitus
2714 3592 2954 3647 Basilius
2985 3593 3217 3660 docens,
3246 3593 3325 3647 ita
3346 3592 3571 3663 inquit:
3598 3593 3758 3647 «Eos
3790 3591 3893 3663 qui

2249 3687 2475 3758 nuptias
2502 3685 2804 3753 iterarunt,
2822 3701 3009 3740 canon
3032 3685 3270 3740 exclusit
3290 3685 3631 3739 ministerio.
3648 3705 3677 3732 »
3696 3686 3889 3755 Atque

2246 3780 2368 3836 haec
2384 3779 2620 3851 quidem
2641 3778 2792 3833 inter
2804 3777 3029 3833 sanctos
3044 3778 3275 3833 habitus
3300 3777 3552 3831 Basilius.
3578 3778 3642 3831 In
3655 3780 3891 3831 tantum

2245 3876 2442 3927 autem
2460 3871 2644 3927 sancti
2658 3872 2853 3926 Patres
2878 3887 2980 3942 pro
3006 3870 3324 3925 sacerdotio
3343 3873 3645 3941 gesserunt
3665 3886 3889 3934 curam,

2247 3965 2379 4020 uthi
2392 3964 2487 4036 qui
2499 3965 2683 4020 Niceae
2694 3966 3086 4021 convenerunt
3104 3963 3185 4018 ita
3198 3979 3257 4017 se
3272 3962 3581 4017 habentem
3598 3978 3890 4017 canonem

2246 4057 2565 4114 ediderint:
2587 4056 2996 4112 «lnterdixitin
3026 4056 3355 4110 universum
3371 4048 3580 4126 magna
3602 4054 3885 4125 synodus,

2247 4167 2320 4206 ne
2346 4150 2435 4205 cui
2461 4150 2547 4204 vel
2577 4149 2863 4221 episcopo,
2889 4149 2977 4203 vel
3002 4148 3358 4220 presbytero,
3384 4149 3473 4202 vel
3504 4147 3774 4215 diacono,
3800 4147 3888 4200 vel

2245 4243 2343 4314 qui
2364 4242 2600 4298 omnino
2630 4242 2689 4296 in
2721 4243 2872 4297 clero
2901 4242 3242 4296 constitutus
3264 4241 3355 4307 sit,
3382 4240 3551 4294 liceat
3571 4240 3885 4295 ascititiam

2246 4352 2441 4391 secum
2458 4351 2694 4390 uxorem
2721 4335 2958 4399 habere,
2986 4337 3193 4405 praeter
3209 4336 3477 4400 matrem,
3494 4337 3594 4387 aut
3614 4333 3886 4399 amitam,

2246 4430 2708 4495 materteramve,
2739 4430 2838 4482 aut
2863 4443 2992 4498 quae
3025 4427 3156 4481 solas
3190 4442 3447 4498 personae
3493 4425 3886 4496 suspicionem

510 4521 787 4593 disposita
802 4527 954 4589 sunt,
972 4521 1190 4595 despici
1206 4521 1590 4576 sustineamus
1602 4521 1631 4577 ‘I
1645 4522 1847 4577 Multos
1861 4524 2146 4592 praeterea
2162 4526 2225 4599 D
2246 4520 2549 4592 effugiunt.
2582 4541 2609 4572 ››

508 4631 574 4669 ex
595 4615 705 4670 hoc
727 4615 1213 4687 deprehendimus
1234 4614 1296 4669 in
1310 4618 1547 4686 peccata
1566 4614 1851 4682 incidisse,
1874 4613 2030 4685 quod
2051 4631 2143 4687 sy-

508 4707 643 4762 nodi
683 4708 1253 4780 religiosissimorum
1299 4708 1665 4764 sacerdotum
1710 4706 2029 4763 secundum
2075 4724 2146 4762 ea

508 4816 635 4871 quae
661 4818 695 4855 a
714 4800 925 4856 sanctis
951 4801 1220 4874 apostolis
1241 4804 1298 4856 et
1318 4800 1527 4856 sanctis
1561 4799 1822 4855 Patribus
1856 4799 2147 4871 prasﬁnita

507 4896 640 4948 sunt
662 4910 777 4949 non
806 4895 1188 4950 celebrentur.
1203 4896 1464 4965 Namque
1486 4894 1530 4948 si
1550 4893 1608 4948 id
1626 4893 1991 4948 observatum
2011 4892 2145 4946 fuis-

504 4988 610 5054 set,
637 4987 1028 5059 unusquisque
1045 4987 1322 5042 reveritus
1343 4986 1701 5042 subeundam
1716 5003 1749 5040 a
1769 5002 1828 5040 se
1848 4987 1907 5039 in
1923 4984 2142 5056 synodo

502 5079 993 5152 redargutionem,
1022 5079 1329 5135 studuisset
1364 5079 1562 5151 utique
1597 5083 1655 5133 et
1692 5095 1848 5133 sacra
1888 5077 2141 5134 ediscere

502 5172 843 5240 ministeria,
860 5177 917 5228 et
933 5173 1170 5228 honeste
1183 5172 1389 5239 vivere,
1409 5176 1466 5226 et
1485 5171 1952 5228 condemnationi
1974 5170 2143 5241 subji-

499 5269 729 5322 ceretur
745 5282 1040 5321 sacrorum
1056 5282 1343 5321 canonum
1354 5264 1482 5322 .Sed
1495 5268 1552 5319 et
1565 5264 1705 5319 illud
1719 5264 2008 5336 plerisque
2022 5280 2141 5319 non

500 5374 731 5429 parvam
760 5358 1133 5430 delinquendi
1162 5358 1521 5414 occasionem
1542 5357 1808 5429 praebuit,
1833 5357 1985 5428 quod
2017 5354 2139 5428 epi-

501 5452 661 5522 scopi
694 5468 760 5507 ac
794 5452 1136 5523 presbyteri,
1181 5468 1368 5524 neque
1396 5467 1513 5507 non
1545 5450 1795 5516 diaconi,
1838 5456 1895 5505 et
1932 5449 2142 5521 reliqui

504 5544 691 5600 clerici
713 5544 837 5599 sine
861 5544 1286 5599 examinatione
1308 5548 1367 5599 et
1386 5544 1457 5598 de
1472 5546 1628 5597 recta
1652 5543 1767 5597 fide
1798 5546 1856 5597 et
1872 5543 2004 5597 vitm
2034 5542 2140 5596 ho-

500 5640 721 5692 nestate
744 5637 1079 5692 testimonio
1101 5637 1463 5691 ordinentur.
1481 5637 1622 5690 Nam
1643 5635 1686 5690 si
1714 5635 1800 5689 illi
1816 5635 2024 5705 quibus
2046 5650 2142 5689 ne-

502 5728 719 5795 gotium
744 5729 942 5781 datum
965 5733 1047 5782 est
1067 5729 1271 5782 orandi
1306 5745 1408 5799 pro
1432 5729 1659 5799 populo,
1689 5726 1913 5795 indigni
1934 5725 2137 5780 minis-

504 5818 653 5873 terio
667 5819 771 5875 Dei
791 5819 1010 5875 inventi
1028 5820 1262 5890 fuerint,
1277 5820 1568 5893 quomodo
1585 5837 1690 5893 pro
1708 5819 1906 5892 populi
1919 5819 2138 5878 delictis

2316 4614 2634 4686 Sequentes
2653 4612 2832 4684 igitur
2849 4628 2919 4667 ea
2941 4627 3071 4683 quae
3090 4611 3264 4666 sacris
3294 4611 3533 4667 deﬁnita
3555 4616 3693 4667 sunt
3712 4630 3884 4668 cano-

2245 4707 2435 4776 nibus,
2458 4706 2875 4779 pragmaticam
2892 4705 3081 4775 legem
3095 4704 3355 4771 facimus,
3385 4722 3491 4776 per
3511 4722 3688 4776 quam
3702 4705 3887 4760 sanci-

2243 4803 2443 4856 musut
2454 4800 2680 4871 quoties
2696 4814 2839 4870 Opus
2851 4798 3023 4852 fuerit
3035 4797 3303 4852 ordinare
3316 4797 3646 4871 episcopum
3657 4801 3889 4864 ,coeant

2242 4892 2303 4947 in
2318 4909 2497 4947 unum
2510 4891 2700 4947 clerici
2715 4894 2774 4946 et
2788 4890 3061 4963 primates
3077 4889 3338 4959 civitatis,
3353 4890 3441 4946 cui
3465 4891 3774 4964 episcopus
3791 4908 3884 4947 or-

2243 4985 2530 5041 dinandus
2556 4987 2659 5051 est,
2676 4988 2735 5038 et
2754 4982 3059 5055 propositis
3078 4982 3422 5065 Evangeliis,
3453 4984 3526 5038 de
3548 4984 3737 5038 tribus
3760 5001 3888 5056 per-

2242 5077 2397 5134 sonis
2408 5078 2636 5134 decreta
2649 5076 2887 5143 faciant;
2903 5079 3211 5150 etquisque
3224 5093 3422 5132 eorum
3428 5077 3588 5148 juret
3600 5094 3709 5148 per
3721 5094 3884 5132 sacra

2243 5169 2492 5242 eloquia,
2507 5169 2681 5241 idque
2695 5168 2831 5241 ipsis
2846 5169 3090 5225 decretis
3102 5171 3381 5238 inserant,
3400 5170 3556 5242 quod
3571 5187 3768 5243 neque
3784 5186 3887 5242 per

2240 5263 2630 5336 largitionem,
2649 5278 2834 5334 neque
2854 5263 3317 5335 promissionem,
3337 5266 3437 5317 aut
3448 5262 3767 5318 amicitiam
3786 5266 3884 5317 aut

2240 5356 2903 5429 gratiam,autquamcun
2913 5372 3025 5427 que
3038 5357 3211 5412 aliam
3231 5355 3597 5411 affectionem
3611 5356 3714 5410 sed
3729 5354 3881 5428 quod

2240 5440 2420 5504 sciant
2441 5450 2594 5521 ipsos
2614 5451 2778 5503 rectae
2799 5452 2857 5503 et
2870 5449 3161 5503 catholicae
3181 5449 3336 5517 fidei,
3356 5466 3421 5503 ac
3445 5449 3705 5504 honestes
3729 5450 3878 5516 vitae,

2241 5559 2362 5597 esse
2381 5545 2439 5598 et
2455 5557 2630 5613 supra
2645 5540 2997 5596 tricesimum
3015 5541 3283 5612 quintum
3307 5541 3488 5596 etatis
3513 5558 3761 5609 annum,
3776 5543 3879 5597 hoc

2240 5634 2549 5706 elegerint;
2571 5638 2630 5688 et
2649 5634 2800 5705 quod
2827 5650 3013 5705 neque
3028 5651 3285 5701 uxorem,
3304 5651 3497 5707 neque
3510 5634 3873 5706 ﬁliosquem-

2236 5726 2389 5797 piam
2406 5727 2656 5798 ipsorum
2675 5727 2885 5781 habere
2899 5727 3099 5794 sciant,
3117 5724 3640 5793 autconcuhinam,
3661 5732 3758 5783 aut
3785 5743 3876 5781 na-

2236 5821 2451 5878 turales
2468 5819 2680 5877 liberos
2709 5819 2976 5877 noverint
2994 5820 3146 5895 ipsos
3181 5818 3469 5899 habuisse,
3493 5827 3593 5878 aut
3625 5821 3870 5891 habere;
