  <div class='ocr_page' id='page_1' title='image "/cluster/home/n/w/nwhite01/storage/ocr_20150623/72/uva.x000827084/728.png"; bbox 0 0 4032 6232; ppageno 0'>
   <div class='ocr_carea' id='block_1_1' title="bbox 65 386 189 439">
    <p class='ocr_par' dir='ltr' id='par_1_1' title="bbox 65 386 189 439">
     <span class='ocr_line' id='line_1_1' title="bbox 65 386 189 439; baseline -0.008 0"><span class='ocrx_word' id='word_1_1' title='bbox 65 386 189 439; x_wconf 65' lang='grc'><strong>1021</strong></span> 
     </span>
    </p>
   </div>
   <div class='ocr_carea' id='block_1_2' title="bbox 890 333 2612 426">
    <p class='ocr_par' dir='ltr' id='par_1_2' title="bbox 890 333 2612 426">
     <span class='ocr_line' id='line_1_2' title="bbox 890 333 2612 426; baseline -0.023 0"><span class='ocrx_word' id='word_1_2' title='bbox 890 362 1255 426; x_wconf 75' lang='lat' dir='ltr'><strong>JUS’I&#39;INIANI</strong></span> <span class='ocrx_word' id='word_1_3' title='bbox 1294 354 1622 417; x_wconf 73' lang='lat' dir='ltr'><strong>NOVELUE</strong></span> <span class='ocrx_word' id='word_1_4' title='bbox 1659 346 1992 410; x_wconf 66' lang='lat' dir='ltr'><strong>SELECTAE.</strong></span> <span class='ocrx_word' id='word_1_5' title='bbox 2033 340 2342 401; x_wconf 81' lang='lat' dir='ltr'><strong>NOVELLA</strong></span> <span class='ocrx_word' id='word_1_6' title='bbox 2381 333 2612 394; x_wconf 80' lang='lat' dir='ltr'><strong>CXXIII.</strong></span> 
     </span>
    </p>
   </div>
   <div class='ocr_carea' id='block_1_3' title="bbox 3294 315 3432 371">
    <p class='ocr_par' dir='ltr' id='par_1_3' title="bbox 3294 315 3432 371">
     <span class='ocr_line' id='line_1_3' title="bbox 3294 315 3432 371; baseline -0.029 -1"><span class='ocrx_word' id='word_1_7' title='bbox 3294 315 3432 371; x_wconf 76' lang='lat' dir='ltr'><strong>i022</strong></span> 
     </span>
    </p>
   </div>
   <div class='ocr_carea' id='block_1_4' title="bbox 61 418 3434 558">
    <p class='ocr_par' dir='ltr' id='par_1_4' title="bbox 61 418 3434 558">
     <span class='ocr_line' id='line_1_4' title="bbox 61 418 3434 558; baseline -0.022 -12"><span class='ocrx_word' id='word_1_8' title='bbox 61 489 153 545; x_wconf 79' lang='lat' dir='ltr'><strong>sed</strong></span> <span class='ocrx_word' id='word_1_9' title='bbox 171 492 231 543; x_wconf 85' lang='lat' dir='ltr'><strong>et</strong></span> <span class='ocrx_word' id='word_1_10' title='bbox 263 487 311 541; x_wconf 90' lang='lat' dir='ltr'><strong>si</strong></span> <span class='ocrx_word' id='word_1_11' title='bbox 335 485 468 558; x_wconf 87' lang='lat' dir='ltr'><strong>quis</strong></span> <span class='ocrx_word' id='word_1_12' title='bbox 492 484 747 555; x_wconf 85' lang='lat' dir='ltr'><strong>ipsorum</strong></span> <span class='ocrx_word' id='word_1_13' title='bbox 762 478 923 551; x_wconf 86' lang='lat' dir='ltr'><strong>prius</strong></span> <span class='ocrx_word' id='word_1_14' title='bbox 943 488 1180 530; x_wconf 87' lang='lat' dir='ltr'><strong>uxorem</strong></span> <span class='ocrx_word' id='word_1_15' title='bbox 1207 467 1492 534; x_wconf 77' lang='lat' dir='ltr'><strong>habuerit,</strong></span> <span class='ocrx_word' id='word_1_16' title='bbox 1513 470 1703 520; x_wconf 72' lang='lat' dir='ltr'><strong>tanien</strong></span> <span class='ocrx_word' id='word_1_17' title='bbox 1724 469 1785 543; x_wconf 74' lang='grc' dir='ltr'><strong>Α</strong></span> <span class='ocrx_word' id='word_1_18' title='bbox 1801 454 2079 527; x_wconf 66' lang='grc' dir='ltr'><strong>ἱωρθᾶὶνθ</strong></span> <span class='ocrx_word' id='word_1_19' title='bbox 2111 447 2545 511; x_wconf 82' lang='lat' dir='ltr'><strong>ordinationem,</strong></span> <span class='ocrx_word' id='word_1_20' title='bbox 2576 436 2832 495; x_wconf 78' lang='lat' dir='ltr'><strong>diﬁ&#39;ertor</strong></span> <span class='ocrx_word' id='word_1_21' title='bbox 2858 424 3191 502; x_wconf 56' lang='lat' dir='ltr'><strong>huiusmodi</strong></span> <span class='ocrx_word' id='word_1_22' title='bbox 3211 418 3434 477; x_wconf 86' lang='lat' dir='ltr'><strong>ordina-</strong></span> 
     </span>
     <span class='ocr_line' id='line_1_5' title="bbox 1596 512 3430 558; baseline -0.023 34"><span class='ocrx_word' id='word_1_23' title='bbox 1596 555 1605 558; x_wconf 81' lang='grc'><strong>-</strong></span> <span class='ocrx_word' id='word_1_24' title='bbox 1810 550 1838 558; x_wconf 53' lang='grc' dir='ltr'><strong>ν·</strong></span> <span class='ocrx_word' id='word_1_25' title='bbox 1983 551 1992 558; x_wconf 88' lang='grc'><strong>-</strong></span> <span class='ocrx_word' id='word_1_26' title='bbox 2045 546 2055 557; x_wconf 66' lang='grc' dir='ltr'><strong><em>ε</em></strong></span> <span class='ocrx_word' id='word_1_27' title='bbox 2108 550 2116 558; x_wconf 93' lang='lat'><strong><em>-</em></strong></span> <span class='ocrx_word' id='word_1_28' title='bbox 2362 555 2414 558; x_wconf 56' lang='grc' dir='ltr'><strong>-μ</strong></span> <span class='ocrx_word' id='word_1_29' title='bbox 2461 535 2614 558; x_wconf 84' lang='lat'><strong>——----</strong></span> <span class='ocrx_word' id='word_1_30' title='bbox 2662 523 2999 558; x_wconf 67' lang='grc' dir='ltr'><strong>η-ηηνιςηαιςη</strong></span> <span class='ocrx_word' id='word_1_31' title='bbox 3043 512 3430 558; x_wconf 47' lang='lat' dir='ltr'><strong>“nummis.</strong></span> 
     </span>
    </p>
   </div>
   <div class='ocr_carea' id='block_1_5' title="bbox 64 555 1697 648">
    <p class='ocr_par' dir='ltr' id='par_1_5' title="bbox 64 555 1697 648">
     <span class='ocr_line' id='line_1_6' title="bbox 64 555 1697 648; baseline -0.017 -11"><span class='ocrx_word' id='word_1_32' title='bbox 64 597 183 636; x_wconf 73' lang='lat' dir='ltr'><strong>eam</strong></span> <span class='ocrx_word' id='word_1_33' title='bbox 202 580 413 648; x_wconf 87' lang='lat' dir='ltr'><strong>solam,</strong></span> <span class='ocrx_word' id='word_1_34' title='bbox 427 580 486 631; x_wconf 87' lang='lat' dir='ltr'><strong>et</strong></span> <span class='ocrx_word' id='word_1_35' title='bbox 502 589 689 646; x_wconf 86' lang='lat' dir='ltr'><strong>neque</strong></span> <span class='ocrx_word' id='word_1_36' title='bbox 708 572 962 637; x_wconf 81' lang='lat' dir='ltr'><strong>viduam,</strong></span> <span class='ocrx_word' id='word_1_37' title='bbox 975 581 1163 637; x_wconf 84' lang='lat' dir='ltr'><strong>neque</strong></span> <span class='ocrx_word' id='word_1_38' title='bbox 1180 564 1493 634; x_wconf 87' lang='lat' dir='ltr'><strong>sejunctam</strong></span> <span class='ocrx_word' id='word_1_39' title='bbox 1510 573 1544 611; x_wconf 88' lang='lat' dir='ltr'><strong>a</strong></span> <span class='ocrx_word' id='word_1_40' title='bbox 1558 555 1697 623; x_wconf 89' lang='lat' dir='ltr'><strong>viro,</strong></span> 
     </span>
    </p>
   </div>
   <div class='ocr_carea' id='block_1_6' title="bbox 63 645 1697 741">
    <p class='ocr_par' dir='ltr' id='par_1_6' title="bbox 63 645 1697 741">
     <span class='ocr_line' id='line_1_7' title="bbox 63 645 1697 741; baseline -0.017 -16"><span class='ocrx_word' id='word_1_41' title='bbox 63 685 244 741; x_wconf 86' lang='lat' dir='ltr'><strong>neque</strong></span> <span class='ocrx_word' id='word_1_42' title='bbox 262 645 442 722; x_wconf 88' lang='lat' dir='ltr'><strong>sacris</strong></span> <span class='ocrx_word' id='word_1_43' title='bbox 458 645 768 721; x_wconf 87' lang='lat' dir='ltr'><strong>canonibus</strong></span> <span class='ocrx_word' id='word_1_44' title='bbox 789 656 1145 714; x_wconf 71' lang='lat' dir='ltr'><strong>interdictam</strong></span> <span class='ocrx_word' id='word_1_45' title='bbox 1167 650 1461 715; x_wconf 81' lang='lat' dir='ltr'><strong>habuerit;</strong></span> <span class='ocrx_word' id='word_1_46' title='bbox 1478 645 1577 702; x_wconf 88' lang='lat' dir='ltr'><strong>sed</strong></span> <span class='ocrx_word' id='word_1_47' title='bbox 1596 659 1697 699; x_wconf 86' lang='lat' dir='ltr'><strong>ne-</strong></span> 
     </span>
    </p>
   </div>
   <div class='ocr_carea' id='block_1_7' title="bbox 1800 512 3431 618">
    <p class='ocr_par' dir='ltr' id='par_1_7' title="bbox 1800 512 3431 618">
     <span class='ocr_line' id='line_1_8' title="bbox 1800 512 3431 618; baseline -0.026 -10"><span class='ocrx_word' id='word_1_48' title='bbox 1800 550 1901 618; x_wconf 88' lang='lat' dir='ltr'><strong>tio,</strong></span> <span class='ocrx_word' id='word_1_49' title='bbox 1945 551 2004 603; x_wconf 88' lang='lat' dir='ltr'><strong>et</strong></span> <span class='ocrx_word' id='word_1_50' title='bbox 2042 540 2417 614; x_wconf 63' lang='lat' dir='ltr'><strong>interponitur</strong></span> <span class='ocrx_word' id='word_1_51' title='bbox 2461 535 2618 607; x_wconf 88' lang='lat' dir='ltr'><strong>prius</strong></span> <span class='ocrx_word' id='word_1_52' title='bbox 2660 523 2999 586; x_wconf 74' lang='lat' dir='ltr'><strong>examinatio</strong></span> <span class='ocrx_word' id='word_1_53' title='bbox 3042 512 3431 575; x_wconf 80' lang='lat' dir='ltr'><strong>accusationis,</strong></span> 
     </span>
    </p>
   </div>
   <div class='ocr_carea' id='block_1_8' title="bbox 1797 603 3436 714">
    <p class='ocr_par' dir='ltr' id='par_1_8' title="bbox 1797 603 3436 714">
     <span class='ocr_line' id='line_1_9' title="bbox 1797 603 3436 714; baseline -0.026 -14"><span class='ocrx_word' id='word_1_54' title='bbox 1797 643 2081 714; x_wconf 57' lang='lat' dir='ltr'><strong>prasente</strong></span> <span class='ocrx_word' id='word_1_55' title='bbox 2100 637 2275 691; x_wconf 89' lang='lat' dir='ltr'><strong>etiam</strong></span> <span class='ocrx_word' id='word_1_56' title='bbox 2302 633 2642 693; x_wconf 82' lang='lat' dir='ltr'><strong>accusatore,</strong></span> <span class='ocrx_word' id='word_1_57' title='bbox 2670 628 2728 678; x_wconf 90' lang='lat' dir='ltr'><strong>et</strong></span> <span class='ocrx_word' id='word_1_58' title='bbox 2754 637 2821 676; x_wconf 90' lang='lat' dir='ltr'><strong>ea</strong></span> <span class='ocrx_word' id='word_1_59' title='bbox 2858 632 2985 691; x_wconf 67' lang='lat' dir='ltr'><strong>quas</strong></span> <span class='ocrx_word' id='word_1_60' title='bbox 3011 613 3081 668; x_wconf 85' lang='lat' dir='ltr'><strong>ab</strong></span> <span class='ocrx_word' id='word_1_61' title='bbox 3106 610 3228 682; x_wconf 90' lang='lat' dir='ltr'><strong>ipso</strong></span> <span class='ocrx_word' id='word_1_62' title='bbox 3252 608 3313 661; x_wconf 93' lang='lat' dir='ltr'><strong>in</strong></span> <span class='ocrx_word' id='word_1_63' title='bbox 3332 603 3436 660; x_wconf 83' lang='lat' dir='ltr'><strong>cri-</strong></span> 
     </span>
    </p>
   </div>
   <div class='ocr_carea' id='block_1_9' title="bbox 66 701 3432 835">
    <p class='ocr_par' dir='ltr' id='par_1_9' title="bbox 66 701 3432 835">
     <span class='ocr_line' id='line_1_10' title="bbox 66 701 1819 741; baseline -0.014 -16"><span class='ocrx_word' id='word_1_64' title='bbox 66 701 244 741; x_wconf 63' lang='lat' dir='ltr'><strong>nequc</strong></span> <span class='ocrx_word' id='word_1_65' title='bbox 262 701 383 722; x_wconf 66' lang='lat' dir='ltr'><strong>auus</strong></span> <span class='ocrx_word' id='word_1_66' title='bbox 396 701 442 720; x_wconf 70' lang='grc' dir='ltr'><strong>ιδ</strong></span> <span class='ocrx_word' id='word_1_67' title='bbox 458 701 768 721; x_wconf 64' lang='lat' dir='ltr'><strong>vanu-unua</strong></span> <span class='ocrx_word' id='word_1_68' title='bbox 791 701 929 714; x_wconf 71' lang='grc' dir='ltr'>ιιι-ν-</span> <span class='ocrx_word' id='word_1_69' title='bbox 941 701 1145 712; x_wconf 59' lang='grc' dir='ltr'><strong>νονννν-υ</strong></span> <span class='ocrx_word' id='word_1_70' title='bbox 1167 701 1370 709; x_wconf 58' lang='grc' dir='ltr'><strong>..ν--νν</strong></span> <span class='ocrx_word' id='word_1_71' title='bbox 1388 701 1403 703; x_wconf 89' lang='grc'><strong><em>-</em></strong></span> <span class='ocrx_word' id='word_1_72' title='bbox 1417 701 1426 702; x_wconf 39' lang='grc' dir='ltr'><em>κ</em></span> <span class='ocrx_word' id='word_1_73' title='bbox 1446 701 1460 715; x_wconf 82' lang='lat'><strong>,</strong></span> <span class='ocrx_word' id='word_1_74' title='bbox 1800 701 1819 714; x_wconf 59' lang='lat'><em>.</em></span> 
     </span>
     <span class='ocr_line' id='line_1_11' title="bbox 66 701 3432 835; baseline -0.02 -17"><span class='ocrx_word' id='word_1_75' title='bbox 66 780 169 835; x_wconf 86' lang='lat' dir='ltr'><strong>que</strong></span> <span class='ocrx_word' id='word_1_76' title='bbox 206 761 391 816; x_wconf 71' lang='lat' dir='ltr'><strong>curias</strong></span> <span class='ocrx_word' id='word_1_77' title='bbox 418 754 754 813; x_wconf 88' lang='lat' dir='ltr'><strong>muneribus</strong></span> <span class='ocrx_word' id='word_1_78' title='bbox 780 751 1067 807; x_wconf 89' lang='lat' dir='ltr'><strong>addictum</strong></span> <span class='ocrx_word' id='word_1_79' title='bbox 1089 789 1102 813; x_wconf 94' lang='lat'><strong>,</strong></span> <span class='ocrx_word' id='word_1_80' title='bbox 1131 761 1318 818; x_wconf 89' lang='lat' dir='ltr'><strong>neque</strong></span> <span class='ocrx_word' id='word_1_81' title='bbox 1355 738 1703 797; x_wconf 86' lang='lat' dir='ltr'><strong>cohortalem</strong></span> <span class='ocrx_word' id='word_1_82' title='bbox 1799 751 1933 791; x_wconf 90' lang='lat' dir='ltr'><strong>men</strong></span> <span class='ocrx_word' id='word_1_83' title='bbox 1960 731 2145 787; x_wconf 89' lang='lat' dir='ltr'><strong>delata</strong></span> <span class='ocrx_word' id='word_1_84' title='bbox 2185 731 2319 781; x_wconf 89' lang='lat' dir='ltr'><strong>sunt</strong></span> <span class='ocrx_word' id='word_1_85' title='bbox 2360 723 2433 779; x_wconf 90' lang='lat' dir='ltr'><strong>ad</strong></span> <span class='ocrx_word' id='word_1_86' title='bbox 2467 718 2778 777; x_wconf 79' lang='lat' dir='ltr'><strong>terminum</strong></span> <span class='ocrx_word' id='word_1_87' title='bbox 2819 725 3001 782; x_wconf 90' lang='lat' dir='ltr'><strong>usque</strong></span> <span class='ocrx_word' id='word_1_88' title='bbox 3039 701 3432 778; x_wconf 82' lang='lat' dir='ltr'><strong>persequente.</strong></span> 
     </span>
     <span class='ocr_line' id='line_1_12' title="bbox 1390 793 3432 835; baseline 0 0"><span class='ocrx_word' id='word_1_89' title='bbox 1390 834 1397 835; x_wconf 61' lang='lat'><strong><em>,</em></strong></span> <span class='ocrx_word' id='word_1_90' title='bbox 1644 832 1651 835; x_wconf 35' lang='grc' dir='ltr'>λ</span> <span class='ocrx_word' id='word_1_91' title='bbox 1805 830 1821 835; x_wconf 85' lang='grc'><strong>-</strong></span> <span class='ocrx_word' id='word_1_92' title='bbox 2144 821 2154 833; x_wconf 92' lang='grc'><em>.</em></span> <span class='ocrx_word' id='word_1_93' title='bbox 2354 833 2394 835; x_wconf 32' lang='grc' dir='ltr'><strong>γ-</strong></span> <span class='ocrx_word' id='word_1_94' title='bbox 2410 821 2456 835; x_wconf 71' lang='grc' dir='ltr'><strong>ι,</strong></span> <span class='ocrx_word' id='word_1_95' title='bbox 2472 831 2495 835; x_wconf 70' lang='lat'><strong><em>_</em></strong></span> <span class='ocrx_word' id='word_1_96' title='bbox 2524 828 2578 835; x_wconf 75' lang='lat'><strong>_-</strong></span> <span class='ocrx_word' id='word_1_97' title='bbox 2600 810 2850 835; x_wconf 45' lang='grc' dir='ltr'><strong>..ιη-δώ</strong></span> <span class='ocrx_word' id='word_1_98' title='bbox 2903 806 2997 835; x_wconf 58' lang='lat' dir='ltr'><strong>aut»</strong></span> <span class='ocrx_word' id='word_1_99' title='bbox 3028 793 3432 835; x_wconf 74' lang='lat' dir='ltr'><strong>mnmcnnniat-</strong></span> 
     </span>
    </p>
   </div>
   <div class='ocr_carea' id='block_1_10' title="bbox 68 832 1696 924">
    <p class='ocr_par' dir='ltr' id='par_1_10' title="bbox 68 832 1696 924">
     <span class='ocr_line' id='line_1_13' title="bbox 68 832 1696 924; baseline -0.018 -13"><span class='ocrx_word' id='word_1_100' title='bbox 68 832 177 910; x_wconf 66' lang='lat' dir='ltr'><strong>esse</strong></span> <span class='ocrx_word' id='word_1_101' title='bbox 206 854 464 924; x_wconf 85' lang='lat' dir='ltr'><strong>aliquem</strong></span> <span class='ocrx_word' id='word_1_102' title='bbox 485 866 556 905; x_wconf 91' lang='lat' dir='ltr'><strong>ex</strong></span> <span class='ocrx_word' id='word_1_103' title='bbox 582 848 671 902; x_wconf 90' lang='lat' dir='ltr'><strong>his</strong></span> <span class='ocrx_word' id='word_1_104' title='bbox 686 844 949 901; x_wconf 86' lang='lat' dir='ltr'><strong>noverint</strong></span> <span class='ocrx_word' id='word_1_105' title='bbox 974 841 1075 913; x_wconf 86' lang='lat' dir='ltr'><strong>qui</strong></span> <span class='ocrx_word' id='word_1_106' title='bbox 1100 836 1336 895; x_wconf 83' lang='lat' dir='ltr'><strong>decretis</strong></span> <span class='ocrx_word' id='word_1_107' title='bbox 1355 834 1564 891; x_wconf 86' lang='lat' dir='ltr'><strong>electus</strong></span> <span class='ocrx_word' id='word_1_108' title='bbox 1577 832 1696 884; x_wconf 89' lang='lat' dir='ltr'><strong>est:</strong></span> 
     </span>
    </p>
   </div>
   <div class='ocr_carea' id='block_1_11' title="bbox 66 929 1706 1025">
    <p class='ocr_par' dir='ltr' id='par_1_11' title="bbox 66 929 1706 1025">
     <span class='ocr_line' id='line_1_14' title="bbox 66 929 1706 1025; baseline -0.013 -23"><span class='ocrx_word' id='word_1_109' title='bbox 66 958 455 1025; x_wconf 67' lang='lat' dir='ltr'><strong>praeterquam</strong></span> <span class='ocrx_word' id='word_1_110' title='bbox 474 948 521 1001; x_wconf 87' lang='lat' dir='ltr'><strong>si</strong></span> <span class='ocrx_word' id='word_1_111' title='bbox 539 945 713 1001; x_wconf 82' lang='lat' dir='ltr'><strong>curiae</strong></span> <span class='ocrx_word' id='word_1_112' title='bbox 741 940 1072 997; x_wconf 88' lang='lat' dir='ltr'><strong>muneribus</strong></span> <span class='ocrx_word' id='word_1_113' title='bbox 1091 936 1368 1001; x_wconf 85' lang='lat' dir='ltr'><strong>addictus,</strong></span> <span class='ocrx_word' id='word_1_114' title='bbox 1396 936 1497 986; x_wconf 87' lang='lat' dir='ltr'><strong>aut</strong></span> <span class='ocrx_word' id='word_1_115' title='bbox 1511 929 1706 983; x_wconf 86' lang='lat' dir='ltr'><strong>cohor-</strong></span> 
     </span>
    </p>
   </div>
   <div class='ocr_carea' id='block_1_12' title="bbox 66 1025 1705 1119">
    <p class='ocr_par' dir='ltr' id='par_1_12' title="bbox 66 1025 1705 1119">
     <span class='ocr_line' id='line_1_15' title="bbox 66 1025 1705 1119; baseline -0.018 -12"><span class='ocrx_word' id='word_1_116' title='bbox 66 1052 205 1119; x_wconf 80' lang='lat' dir='ltr'><strong>talis,</strong></span> <span class='ocrx_word' id='word_1_117' title='bbox 233 1066 358 1103; x_wconf 90' lang='lat' dir='ltr'><strong>non</strong></span> <span class='ocrx_word' id='word_1_118' title='bbox 389 1048 582 1102; x_wconf 89' lang='lat' dir='ltr'><strong>minus</strong></span> <span class='ocrx_word' id='word_1_119' title='bbox 613 1043 777 1099; x_wconf 90' lang='lat' dir='ltr'><strong>annis</strong></span> <span class='ocrx_word' id='word_1_120' title='bbox 813 1036 1134 1111; x_wconf 87' lang='lat' dir='ltr'><strong>quindecim</strong></span> <span class='ocrx_word' id='word_1_121' title='bbox 1160 1076 1174 1103; x_wconf 88' lang='lat'><strong>,</strong></span> <span class='ocrx_word' id='word_1_122' title='bbox 1214 1029 1608 1087; x_wconf 84' lang='lat' dir='ltr'><strong>monachicam</strong></span> <span class='ocrx_word' id='word_1_123' title='bbox 1644 1025 1705 1079; x_wconf 90' lang='lat' dir='ltr'><strong>in</strong></span> 
     </span>
    </p>
   </div>
   <div class='ocr_carea' id='block_1_13' title="bbox 67 1125 1709 1200">
    <p class='ocr_par' dir='ltr' id='par_1_13' title="bbox 67 1125 1709 1200">
     <span class='ocr_line' id='line_1_16' title="bbox 67 1125 1709 1200; baseline -0.018 1"><span class='ocrx_word' id='word_1_124' title='bbox 67 1142 411 1200; x_wconf 88' lang='lat' dir='ltr'><strong>monasterio</strong></span> <span class='ocrx_word' id='word_1_125' title='bbox 432 1141 603 1194; x_wconf 90' lang='lat' dir='ltr'><strong>vitam</strong></span> <span class='ocrx_word' id='word_1_126' title='bbox 626 1141 787 1193; x_wconf 86' lang='lat' dir='ltr'><strong>extra</strong></span> <span class='ocrx_word' id='word_1_127' title='bbox 812 1147 1043 1188; x_wconf 90' lang='lat' dir='ltr'><strong>omnem</strong></span> <span class='ocrx_word' id='word_1_128' title='bbox 1061 1125 1405 1184; x_wconf 88' lang='lat' dir='ltr'><strong>calumniam</strong></span> <span class='ocrx_word' id='word_1_129' title='bbox 1422 1126 1709 1191; x_wconf 88' lang='lat' dir='ltr'><strong>transege-</strong></span> 
     </span>
    </p>
   </div>
   <div class='ocr_carea' id='block_1_14' title="bbox 69 1213 1708 1296">
    <p class='ocr_par' dir='ltr' id='par_1_14' title="bbox 69 1213 1708 1296">
     <span class='ocr_line' id='line_1_17' title="bbox 69 1213 1708 1296; baseline -0.017 -3"><span class='ocrx_word' id='word_1_130' title='bbox 69 1240 137 1292; x_wconf 85' lang='lat' dir='ltr'><strong>rit</strong></span> <span class='ocrx_word' id='word_1_131' title='bbox 163 1235 435 1291; x_wconf 82' lang='lat' dir='ltr'><strong>videlicet</strong></span> <span class='ocrx_word' id='word_1_132' title='bbox 465 1251 479 1287; x_wconf 85' lang='lat'><strong>:</strong></span> <span class='ocrx_word' id='word_1_133' title='bbox 510 1228 897 1286; x_wconf 83' lang='lat' dir='ltr'><strong>observatione</strong></span> <span class='ocrx_word' id='word_1_134' title='bbox 921 1240 1050 1296; x_wconf 75' lang='lat' dir='ltr'><strong>quae</strong></span> <span class='ocrx_word' id='word_1_135' title='bbox 1090 1221 1250 1293; x_wconf 90' lang='lat' dir='ltr'><strong>prius</strong></span> <span class='ocrx_word' id='word_1_136' title='bbox 1281 1236 1315 1273; x_wconf 90' lang='lat' dir='ltr'><strong>a</strong></span> <span class='ocrx_word' id='word_1_137' title='bbox 1356 1216 1520 1271; x_wconf 90' lang='lat' dir='ltr'><strong>nobis</strong></span> <span class='ocrx_word' id='word_1_138' title='bbox 1560 1213 1708 1267; x_wconf 85' lang='lat' dir='ltr'><strong>dicta</strong></span> 
     </span>
    </p>
   </div>
   <div class='ocr_carea' id='block_1_15' title="bbox 68 1304 1708 1401">
    <p class='ocr_par' dir='ltr' id='par_1_15' title="bbox 68 1304 1708 1401">
     <span class='ocr_line' id='line_1_18' title="bbox 68 1304 1708 1401; baseline -0.017 -15"><span class='ocrx_word' id='word_1_139' title='bbox 68 1337 163 1399; x_wconf 87' lang='lat' dir='ltr'><strong>est,</strong></span> <span class='ocrx_word' id='word_1_140' title='bbox 192 1345 303 1401; x_wconf 86' lang='lat' dir='ltr'><strong>per</strong></span> <span class='ocrx_word' id='word_1_141' title='bbox 332 1326 591 1384; x_wconf 86' lang='lat' dir='ltr'><strong>facienda</strong></span> <span class='ocrx_word' id='word_1_142' title='bbox 616 1324 685 1377; x_wconf 90' lang='lat' dir='ltr'><strong>de</strong></span> <span class='ocrx_word' id='word_1_143' title='bbox 713 1321 850 1392; x_wconf 86' lang='lat' dir='ltr'><strong>ipsis</strong></span> <span class='ocrx_word' id='word_1_144' title='bbox 878 1319 1132 1384; x_wconf 87' lang='lat' dir='ltr'><strong>decreta,</strong></span> <span class='ocrx_word' id='word_1_145' title='bbox 1162 1318 1219 1368; x_wconf 86' lang='lat' dir='ltr'><strong>et</strong></span> <span class='ocrx_word' id='word_1_146' title='bbox 1241 1313 1301 1366; x_wconf 90' lang='lat' dir='ltr'><strong>in</strong></span> <span class='ocrx_word' id='word_1_147' title='bbox 1330 1310 1416 1365; x_wconf 88' lang='lat' dir='ltr'><strong>his</strong></span> <span class='ocrx_word' id='word_1_148' title='bbox 1451 1304 1708 1380; x_wconf 83' lang='lat' dir='ltr'><strong>personis</strong></span> 
     </span>
    </p>
   </div>
   <div class='ocr_carea' id='block_1_16' title="bbox 69 1397 1711 1489">
    <p class='ocr_par' dir='ltr' id='par_1_16' title="bbox 69 1397 1711 1489">
     <span class='ocr_line' id='line_1_19' title="bbox 69 1397 1711 1489; baseline -0.017 -10"><span class='ocrx_word' id='word_1_149' title='bbox 69 1397 455 1489; x_wconf 71' lang='lat' dir='ltr'><strong>custodienda,</strong></span> <span class='ocrx_word' id='word_1_150' title='bbox 486 1422 555 1472; x_wconf 87' lang='lat' dir='ltr'><strong>ut</strong></span> <span class='ocrx_word' id='word_1_151' title='bbox 580 1433 649 1472; x_wconf 91' lang='lat' dir='ltr'><strong>ex</strong></span> <span class='ocrx_word' id='word_1_152' title='bbox 674 1414 858 1471; x_wconf 90' lang='lat' dir='ltr'><strong>tribus</strong></span> <span class='ocrx_word' id='word_1_153' title='bbox 890 1411 1002 1465; x_wconf 86' lang='lat' dir='ltr'><strong>illis</strong></span> <span class='ocrx_word' id='word_1_154' title='bbox 1032 1406 1291 1480; x_wconf 83' lang='lat' dir='ltr'><strong>personis</strong></span> <span class='ocrx_word' id='word_1_155' title='bbox 1317 1420 1446 1475; x_wconf 67' lang='lat' dir='ltr'><strong>quas</strong></span> <span class='ocrx_word' id='word_1_156' title='bbox 1471 1397 1711 1456; x_wconf 81' lang='lat' dir='ltr'><strong>decretis</strong></span> 
     </span>
    </p>
   </div>
   <div class='ocr_carea' id='block_1_17' title="bbox 70 1494 1711 1583">
    <p class='ocr_par' dir='ltr' id='par_1_17' title="bbox 70 1494 1711 1583">
     <span class='ocr_line' id='line_1_20' title="bbox 70 1494 1711 1583; baseline -0.017 -10"><span class='ocrx_word' id='word_1_157' title='bbox 70 1519 168 1572; x_wconf 88' lang='lat' dir='ltr'><strong>hoc</strong></span> <span class='ocrx_word' id='word_1_158' title='bbox 196 1515 381 1570; x_wconf 87' lang='lat' dir='ltr'><strong>modo</strong></span> <span class='ocrx_word' id='word_1_159' title='bbox 406 1512 717 1583; x_wconf 88' lang='lat' dir='ltr'><strong>eliguntur,</strong></span> <span class='ocrx_word' id='word_1_160' title='bbox 753 1506 956 1561; x_wconf 84' lang='lat' dir='ltr'><strong>melior</strong></span> <span class='ocrx_word' id='word_1_161' title='bbox 998 1502 1310 1567; x_wconf 84' lang='lat' dir='ltr'><strong>ordinetur,</strong></span> <span class='ocrx_word' id='word_1_162' title='bbox 1355 1494 1625 1552; x_wconf 86' lang='lat' dir='ltr'><strong>electione</strong></span> <span class='ocrx_word' id='word_1_163' title='bbox 1653 1494 1711 1546; x_wconf 88' lang='lat' dir='ltr'><strong>et</strong></span> 
     </span>
    </p>
   </div>
   <div class='ocr_carea' id='block_1_18' title="bbox 65 1585 1711 1681">
    <p class='ocr_par' dir='ltr' id='par_1_18' title="bbox 65 1585 1711 1681">
     <span class='ocr_line' id='line_1_21' title="bbox 65 1585 1711 1681; baseline -0.016 -16"><span class='ocrx_word' id='word_1_164' title='bbox 65 1609 274 1681; x_wconf 83' lang='lat' dir='ltr'><strong>judicio</strong></span> <span class='ocrx_word' id='word_1_165' title='bbox 289 1608 418 1678; x_wconf 87' lang='lat' dir='ltr'><strong>ejus</strong></span> <span class='ocrx_word' id='word_1_166' title='bbox 432 1605 529 1676; x_wconf 90' lang='lat' dir='ltr'><strong>qui</strong></span> <span class='ocrx_word' id='word_1_167' title='bbox 549 1600 848 1658; x_wconf 87' lang='lat' dir='ltr'><strong>ordinandi</strong></span> <span class='ocrx_word' id='word_1_168' title='bbox 865 1599 960 1669; x_wconf 86' lang='lat' dir='ltr'><strong>jus</strong></span> <span class='ocrx_word' id='word_1_169' title='bbox 980 1596 1169 1651; x_wconf 87' lang='lat' dir='ltr'><strong>habet.</strong></span> <span class='ocrx_word' id='word_1_170' title='bbox 1193 1590 1434 1647; x_wconf 84' lang='lat' dir='ltr'><strong>Curialis</strong></span> <span class='ocrx_word' id='word_1_171' title='bbox 1460 1603 1594 1642; x_wconf 89' lang='lat' dir='ltr'><strong>vero</strong></span> <span class='ocrx_word' id='word_1_172' title='bbox 1622 1585 1711 1639; x_wconf 87' lang='lat' dir='ltr'><strong>vel</strong></span> 
     </span>
    </p>
   </div>
   <div class='ocr_carea' id='block_1_19' title="bbox 73 1678 1712 1770">
    <p class='ocr_par' dir='ltr' id='par_1_19' title="bbox 73 1678 1712 1770">
     <span class='ocr_line' id='line_1_22' title="bbox 73 1678 1712 1770; baseline -0.016 -12"><span class='ocrx_word' id='word_1_173' title='bbox 73 1678 325 1758; x_wconf 80' lang='lat' dir='ltr'><strong>ofﬁcialis</strong></span> <span class='ocrx_word' id='word_1_174' title='bbox 371 1698 471 1770; x_wconf 89' lang='lat' dir='ltr'><strong>qui</strong></span> <span class='ocrx_word' id='word_1_175' title='bbox 504 1696 672 1769; x_wconf 85' lang='lat' dir='ltr'><strong>(sicut</strong></span> <span class='ocrx_word' id='word_1_176' title='bbox 703 1694 920 1748; x_wconf 87' lang='lat' dir='ltr'><strong>dictum</strong></span> <span class='ocrx_word' id='word_1_177' title='bbox 960 1693 1060 1755; x_wconf 91' lang='lat' dir='ltr'><strong>est)</strong></span> <span class='ocrx_word' id='word_1_178' title='bbox 1100 1684 1424 1758; x_wconf 86' lang='lat' dir='ltr'><strong>quindecim</strong></span> <span class='ocrx_word' id='word_1_179' title='bbox 1460 1679 1623 1735; x_wconf 89' lang='lat' dir='ltr'><strong>annis</strong></span> <span class='ocrx_word' id='word_1_180' title='bbox 1653 1678 1712 1732; x_wconf 90' lang='lat' dir='ltr'><strong>in</strong></span> 
     </span>
    </p>
   </div>
   <div class='ocr_carea' id='block_1_20' title="bbox 74 1776 1708 1851">
    <p class='ocr_par' dir='ltr' id='par_1_20' title="bbox 74 1776 1708 1851">
     <span class='ocr_line' id='line_1_23' title="bbox 74 1776 1708 1851; baseline -0.017 0"><span class='ocrx_word' id='word_1_181' title='bbox 74 1792 421 1850; x_wconf 89' lang='lat' dir='ltr'><strong>monasterio</strong></span> <span class='ocrx_word' id='word_1_182' title='bbox 448 1790 808 1845; x_wconf 85' lang='lat' dir='ltr'><strong>conversatus</strong></span> <span class='ocrx_word' id='word_1_183' title='bbox 834 1787 940 1851; x_wconf 89' lang='lat' dir='ltr'><strong>est,</strong></span> <span class='ocrx_word' id='word_1_184' title='bbox 970 1786 1028 1836; x_wconf 89' lang='lat' dir='ltr'><strong>et</strong></span> <span class='ocrx_word' id='word_1_185' title='bbox 1061 1780 1132 1834; x_wconf 86' lang='lat' dir='ltr'><strong>ad</strong></span> <span class='ocrx_word' id='word_1_186' title='bbox 1157 1776 1541 1849; x_wconf 87' lang='lat' dir='ltr'><strong>episcopatum</strong></span> <span class='ocrx_word' id='word_1_187' title='bbox 1577 1787 1708 1842; x_wconf 87' lang='lat' dir='ltr'><strong>pro-</strong></span> 
     </span>
    </p>
   </div>
   <div class='ocr_carea' id='block_1_21' title="bbox 72 1848 1789 1953">
    <p class='ocr_par' dir='ltr' id='par_1_21' title="bbox 72 1848 1789 1953">
     <span class='ocr_line' id='line_1_24' title="bbox 72 1848 1789 1953; baseline -0.014 -10"><span class='ocrx_word' id='word_1_188' title='bbox 72 1890 324 1953; x_wconf 81' lang='lat' dir='ltr'><strong>vocatus,</strong></span> <span class='ocrx_word' id='word_1_189' title='bbox 352 1884 496 1938; x_wconf 90' lang='lat' dir='ltr'><strong>Iiber</strong></span> <span class='ocrx_word' id='word_1_190' title='bbox 521 1899 556 1937; x_wconf 88' lang='lat' dir='ltr'><strong>a</strong></span> <span class='ocrx_word' id='word_1_191' title='bbox 578 1878 810 1952; x_wconf 81' lang='lat' dir='ltr'><strong>prapria</strong></span> <span class='ocrx_word' id='word_1_192' title='bbox 832 1848 1063 1931; x_wconf 86' lang='lat' dir='ltr'><strong>fortuna</strong></span> <span class='ocrx_word' id='word_1_193' title='bbox 1087 1873 1158 1926; x_wconf 87' lang='lat' dir='ltr'><strong>sit</strong></span> <span class='ocrx_word' id='word_1_194' title='bbox 1229 1870 1307 1924; x_wconf 89' lang='lat' dir='ltr'><strong>ita</strong></span> <span class='ocrx_word' id='word_1_195' title='bbox 1330 1871 1542 1933; x_wconf 86' lang='lat' dir='ltr'><strong>tamen,</strong></span> <span class='ocrx_word' id='word_1_196' title='bbox 1562 1867 1628 1919; x_wconf 92' lang='lat' dir='ltr'><strong>ut</strong></span> <span class='ocrx_word' id='word_1_197' title='bbox 1651 1863 1715 1917; x_wconf 92' lang='lat' dir='ltr'><strong>li-</strong></span> <span class='ocrx_word' id='word_1_198' title='bbox 1732 1848 1789 1919; x_wconf 88' lang='grc' dir='ltr'>Β</span> 
     </span>
    </p>
   </div>
   <div class='ocr_carea' id='block_1_22' title="bbox 74 1956 1715 2044">
    <p class='ocr_par' dir='ltr' id='par_1_22' title="bbox 74 1956 1715 2044">
     <span class='ocr_line' id='line_1_25' title="bbox 74 1956 1715 2044; baseline -0.016 -8"><span class='ocrx_word' id='word_1_199' title='bbox 74 1982 351 2036; x_wconf 85' lang='lat' dir='ltr'><strong>beratusa</strong></span> <span class='ocrx_word' id='word_1_200' title='bbox 373 1976 552 2042; x_wconf 90' lang='lat' dir='ltr'><strong>curia,</strong></span> <span class='ocrx_word' id='word_1_201' title='bbox 582 1976 843 2044; x_wconf 84' lang='lat' dir='ltr'><strong>quartam</strong></span> <span class='ocrx_word' id='word_1_202' title='bbox 866 1966 1195 2023; x_wconf 63' lang='lat' dir='ltr'><strong>substantiae</strong></span> <span class='ocrx_word' id='word_1_203' title='bbox 1215 1978 1333 2016; x_wconf 60' lang='lat' dir='ltr'><strong>suae</strong></span> <span class='ocrx_word' id='word_1_204' title='bbox 1358 1964 1581 2033; x_wconf 87' lang='lat' dir='ltr'><strong>partem</strong></span> <span class='ocrx_word' id='word_1_205' title='bbox 1606 1956 1715 2010; x_wconf 88' lang='lat' dir='ltr'><strong>sibi</strong></span> 
     </span>
    </p>
   </div>
   <div class='ocr_carea' id='block_1_23' title="bbox 76 2052 1716 2139">
    <p class='ocr_par' dir='ltr' id='par_1_23' title="bbox 76 2052 1716 2139">
     <span class='ocr_line' id='line_1_26' title="bbox 76 2052 1716 2139; baseline -0.016 -10"><span class='ocrx_word' id='word_1_206' title='bbox 76 2074 339 2138; x_wconf 85' lang='lat' dir='ltr'><strong>retineat,</strong></span> <span class='ocrx_word' id='word_1_207' title='bbox 358 2068 595 2139; x_wconf 86' lang='lat' dir='ltr'><strong>reliquis</strong></span> <span class='ocrx_word' id='word_1_208' title='bbox 604 2067 726 2137; x_wconf 88' lang='lat' dir='ltr'><strong>ejus</strong></span> <span class='ocrx_word' id='word_1_209' title='bbox 746 2063 913 2118; x_wconf 88' lang='lat' dir='ltr'><strong>rebus</strong></span> <span class='ocrx_word' id='word_1_210' title='bbox 930 2058 1244 2116; x_wconf 87' lang='lat' dir='ltr'><strong>secundum</strong></span> <span class='ocrx_word' id='word_1_211' title='bbox 1263 2059 1514 2110; x_wconf 88' lang='lat' dir='ltr'><strong>nostram</strong></span> <span class='ocrx_word' id='word_1_212' title='bbox 1527 2052 1716 2122; x_wconf 87' lang='lat' dir='ltr'><strong>legem</strong></span> 
     </span>
    </p>
   </div>
   <div class='ocr_carea' id='block_1_24' title="bbox 78 2144 1714 2234">
    <p class='ocr_par' dir='ltr' id='par_1_24' title="bbox 78 2144 1714 2234">
     <span class='ocr_line' id='line_1_27' title="bbox 78 2144 1714 2234; baseline -0.015 -13"><span class='ocrx_word' id='word_1_213' title='bbox 78 2167 245 2221; x_wconf 65' lang='lat' dir='ltr'><strong>curias</strong></span> <span class='ocrx_word' id='word_1_214' title='bbox 274 2168 335 2219; x_wconf 89' lang='lat' dir='ltr'><strong>et</strong></span> <span class='ocrx_word' id='word_1_215' title='bbox 356 2161 588 2234; x_wconf 91' lang='lat' dir='ltr'><strong>publico</strong></span> <span class='ocrx_word' id='word_1_216' title='bbox 606 2154 973 2213; x_wconf 89' lang='lat' dir='ltr'><strong>vindicandis.</strong></span> <span class='ocrx_word' id='word_1_217' title='bbox 996 2154 1204 2207; x_wconf 88' lang='lat' dir='ltr'><strong>Damus</strong></span> <span class='ocrx_word' id='word_1_218' title='bbox 1222 2151 1414 2204; x_wconf 88' lang='lat' dir='ltr'><strong>autem</strong></span> <span class='ocrx_word' id='word_1_219' title='bbox 1431 2144 1714 2200; x_wconf 86' lang='lat' dir='ltr'><strong>licentiam</strong></span> 
     </span>
    </p>
   </div>
   <div class='ocr_carea' id='block_1_25' title="bbox 77 2238 1717 2320">
    <p class='ocr_par' dir='ltr' id='par_1_25' title="bbox 77 2238 1717 2320">
     <span class='ocr_line' id='line_1_28' title="bbox 77 2238 1717 2320; baseline -0.015 -6"><span class='ocrx_word' id='word_1_220' title='bbox 77 2260 302 2313; x_wconf 87' lang='lat' dir='ltr'><strong>decreta</strong></span> <span class='ocrx_word' id='word_1_221' title='bbox 346 2252 685 2310; x_wconf 87' lang='lat' dir='ltr'><strong>facientibus</strong></span> <span class='ocrx_word' id='word_1_222' title='bbox 705 2293 718 2320; x_wconf 95' lang='lat'><strong>,</strong></span> <span class='ocrx_word' id='word_1_223' title='bbox 748 2250 797 2303; x_wconf 92' lang='lat' dir='ltr'><strong>si</strong></span> <span class='ocrx_word' id='word_1_224' title='bbox 822 2246 1147 2320; x_wconf 89' lang='lat' dir='ltr'><strong>quempiam</strong></span> <span class='ocrx_word' id='word_1_225' title='bbox 1181 2242 1451 2298; x_wconf 84' lang='lat' dir='ltr'><strong>laicorum</strong></span> <span class='ocrx_word' id='word_1_226' title='bbox 1478 2238 1717 2308; x_wconf 86' lang='lat' dir='ltr'><strong>dignum</strong></span> 
     </span>
    </p>
   </div>
   <div class='ocr_carea' id='block_1_26' title="bbox 79 2328 1718 2412">
    <p class='ocr_par' dir='ltr' id='par_1_26' title="bbox 79 2328 1718 2412">
     <span class='ocr_line' id='line_1_29' title="bbox 79 2328 1718 2412; baseline -0.016 -4"><span class='ocrx_word' id='word_1_227' title='bbox 79 2354 397 2407; x_wconf 85' lang='lat' dir='ltr'><strong>memorata</strong></span> <span class='ocrx_word' id='word_1_228' title='bbox 425 2346 695 2403; x_wconf 83' lang='lat' dir='ltr'><strong>electione</strong></span> <span class='ocrx_word' id='word_1_229' title='bbox 724 2359 844 2399; x_wconf 86' lang='lat' dir='ltr'><strong>esse</strong></span> <span class='ocrx_word' id='word_1_230' title='bbox 870 2343 1104 2412; x_wconf 82' lang='lat' dir='ltr'><strong>putant,</strong></span> <span class='ocrx_word' id='word_1_231' title='bbox 1144 2339 1207 2391; x_wconf 91' lang='lat' dir='ltr'><strong>ut</strong></span> <span class='ocrx_word' id='word_1_232' title='bbox 1244 2337 1399 2390; x_wconf 92' lang='lat' dir='ltr'><strong>hunc</strong></span> <span class='ocrx_word' id='word_1_233' title='bbox 1439 2347 1567 2387; x_wconf 89' lang='lat' dir='ltr'><strong>cum</strong></span> <span class='ocrx_word' id='word_1_234' title='bbox 1598 2328 1718 2383; x_wconf 90' lang='lat' dir='ltr'><strong>aliis</strong></span> 
     </span>
    </p>
   </div>
   <div class='ocr_carea' id='block_1_27' title="bbox 78 2420 1720 2502">
    <p class='ocr_par' dir='ltr' id='par_1_27' title="bbox 78 2420 1720 2502">
     <span class='ocr_line' id='line_1_30' title="bbox 78 2420 1720 2502; baseline -0.016 -1"><span class='ocrx_word' id='word_1_235' title='bbox 78 2445 300 2500; x_wconf 88' lang='lat' dir='ltr'><strong>duobus</strong></span> <span class='ocrx_word' id='word_1_236' title='bbox 327 2441 546 2497; x_wconf 88' lang='lat' dir='ltr'><strong>clericis</strong></span> <span class='ocrx_word' id='word_1_237' title='bbox 572 2443 672 2494; x_wconf 88' lang='lat' dir='ltr'><strong>aut</strong></span> <span class='ocrx_word' id='word_1_238' title='bbox 697 2434 991 2492; x_wconf 83' lang='lat' dir='ltr'><strong>monachis</strong></span> <span class='ocrx_word' id='word_1_239' title='bbox 1017 2432 1262 2502; x_wconf 87' lang='lat' dir='ltr'><strong>eligant,</strong></span> <span class='ocrx_word' id='word_1_240' title='bbox 1294 2443 1408 2499; x_wconf 89' lang='lat' dir='ltr'><strong>quo</strong></span> <span class='ocrx_word' id='word_1_241' title='bbox 1444 2423 1629 2495; x_wconf 88' lang='lat' dir='ltr'><strong>magis</strong></span> <span class='ocrx_word' id='word_1_242' title='bbox 1673 2420 1720 2475; x_wconf 91' lang='lat' dir='ltr'><strong>si</strong></span> 
     </span>
    </p>
   </div>
   <div class='ocr_carea' id='block_1_28' title="bbox 80 2518 1718 2596">
    <p class='ocr_par' dir='ltr' id='par_1_28' title="bbox 80 2518 1718 2596">
     <span class='ocr_line' id='line_1_31' title="bbox 80 2518 1718 2596; baseline -0.015 -8"><span class='ocrx_word' id='word_1_243' title='bbox 80 2535 249 2587; x_wconf 87' lang='lat' dir='ltr'><strong>laicus</strong></span> <span class='ocrx_word' id='word_1_244' title='bbox 276 2533 388 2587; x_wconf 89' lang='lat' dir='ltr'><strong>hoc</strong></span> <span class='ocrx_word' id='word_1_245' title='bbox 427 2529 597 2586; x_wconf 89' lang='lat' dir='ltr'><strong>modo</strong></span> <span class='ocrx_word' id='word_1_246' title='bbox 633 2527 702 2582; x_wconf 86' lang='lat' dir='ltr'><strong>ad</strong></span> <span class='ocrx_word' id='word_1_247' title='bbox 736 2525 1122 2596; x_wconf 87' lang='lat' dir='ltr'><strong>episcopatum</strong></span> <span class='ocrx_word' id='word_1_248' title='bbox 1155 2518 1419 2589; x_wconf 81' lang='lat' dir='ltr'><strong>eligatur,</strong></span> <span class='ocrx_word' id='word_1_249' title='bbox 1465 2529 1581 2567; x_wconf 92' lang='lat' dir='ltr'><strong>non</strong></span> <span class='ocrx_word' id='word_1_250' title='bbox 1628 2527 1718 2565; x_wconf 90' lang='lat' dir='ltr'><strong>re-</strong></span> 
     </span>
    </p>
   </div>
   <div class='ocr_carea' id='block_1_29' title="bbox 82 2606 1722 2698">
    <p class='ocr_par' dir='ltr' id='par_1_29' title="bbox 82 2606 1722 2698">
     <span class='ocr_line' id='line_1_32' title="bbox 82 2606 1722 2698; baseline -0.015 -16"><span class='ocrx_word' id='word_1_251' title='bbox 82 2629 245 2698; x_wconf 81' lang='lat' dir='ltr'><strong>pente</strong></span> <span class='ocrx_word' id='word_1_252' title='bbox 278 2625 579 2696; x_wconf 90' lang='lat' dir='ltr'><strong>episcopus</strong></span> <span class='ocrx_word' id='word_1_253' title='bbox 619 2620 941 2684; x_wconf 82' lang='lat' dir='ltr'><strong>ordinetur;</strong></span> <span class='ocrx_word' id='word_1_254' title='bbox 984 2614 1080 2668; x_wconf 90' lang='lat' dir='ltr'><strong>sed</strong></span> <span class='ocrx_word' id='word_1_255' title='bbox 1126 2611 1313 2683; x_wconf 82' lang='lat' dir='ltr'><strong>primo</strong></span> <span class='ocrx_word' id='word_1_256' title='bbox 1354 2606 1570 2663; x_wconf 85' lang='lat' dir='ltr'><strong>clericis</strong></span> <span class='ocrx_word' id='word_1_257' title='bbox 1606 2620 1722 2659; x_wconf 90' lang='lat' dir='ltr'><strong>non</strong></span> 
     </span>
    </p>
   </div>
   <div class='ocr_carea' id='block_1_30' title="bbox 82 2701 1741 2775">
    <p class='ocr_par' dir='ltr' id='par_1_30' title="bbox 82 2701 1741 2775">
     <span class='ocr_line' id='line_1_33' title="bbox 82 2701 1741 2775; baseline -0.016 0"><span class='ocrx_word' id='word_1_258' title='bbox 82 2720 270 2775; x_wconf 89' lang='lat' dir='ltr'><strong>minus</strong></span> <span class='ocrx_word' id='word_1_259' title='bbox 300 2717 484 2772; x_wconf 86' lang='lat' dir='ltr'><strong>tribus</strong></span> <span class='ocrx_word' id='word_1_260' title='bbox 510 2713 792 2769; x_wconf 89' lang='lat' dir='ltr'><strong>mensibus</strong></span> <span class='ocrx_word' id='word_1_261' title='bbox 818 2708 1284 2771; x_wconf 89' lang='lat' dir='ltr'><strong>connumeretur,</strong></span> <span class='ocrx_word' id='word_1_262' title='bbox 1321 2705 1379 2756; x_wconf 88' lang='lat' dir='ltr'><strong>et</strong></span> <span class='ocrx_word' id='word_1_263' title='bbox 1402 2701 1479 2755; x_wconf 88' lang='lat' dir='ltr'><strong>ita</strong></span> <span class='ocrx_word' id='word_1_264' title='bbox 1505 2701 1741 2753; x_wconf 89' lang='lat' dir='ltr'><strong>sanctas.</strong></span> 
     </span>
    </p>
   </div>
   <div class='ocr_carea' id='block_1_31' title="bbox 83 2791 1719 2885">
    <p class='ocr_par' dir='ltr' id='par_1_31' title="bbox 83 2791 1719 2885">
     <span class='ocr_line' id='line_1_34' title="bbox 83 2791 1719 2885; baseline -0.017 -16"><span class='ocrx_word' id='word_1_265' title='bbox 83 2812 312 2885; x_wconf 83' lang='lat' dir='ltr'><strong>regulas</strong></span> <span class='ocrx_word' id='word_1_266' title='bbox 331 2815 390 2865; x_wconf 89' lang='lat' dir='ltr'><strong>et</strong></span> <span class='ocrx_word' id='word_1_267' title='bbox 407 2807 799 2881; x_wconf 88' lang='lat' dir='ltr'><strong>quotidianum</strong></span> <span class='ocrx_word' id='word_1_268' title='bbox 812 2801 1058 2858; x_wconf 83' lang='lat' dir='ltr'><strong>ecclesiae</strong></span> <span class='ocrx_word' id='word_1_269' title='bbox 1069 2795 1450 2853; x_wconf 88' lang='lat' dir='ltr'><strong>ministerium</strong></span> <span class='ocrx_word' id='word_1_270' title='bbox 1469 2791 1719 2858; x_wconf 89' lang='lat' dir='ltr'><strong>edoctus,</strong></span> 
     </span>
    </p>
   </div>
   <div class='ocr_carea' id='block_1_32' title="bbox 84 2885 1721 2977">
    <p class='ocr_par' dir='ltr' id='par_1_32' title="bbox 84 2885 1721 2977">
     <span class='ocr_line' id='line_1_35' title="bbox 84 2885 1721 2977; baseline -0.016 -16"><span class='ocrx_word' id='word_1_271' title='bbox 84 2906 382 2977; x_wconf 84' lang='lat' dir='ltr'><strong>episcOpus</strong></span> <span class='ocrx_word' id='word_1_272' title='bbox 412 2900 722 2956; x_wconf 86' lang='lat' dir='ltr'><strong>ordinetur.</strong></span> <span class='ocrx_word' id='word_1_273' title='bbox 765 2895 871 2961; x_wconf 87' lang='lat' dir='ltr'><strong>Qui</strong></span> <span class='ocrx_word' id='word_1_274' title='bbox 907 2894 1062 2949; x_wconf 88' lang='lat' dir='ltr'><strong>enim</strong></span> <span class='ocrx_word' id='word_1_275' title='bbox 1104 2891 1243 2946; x_wconf 90' lang='lat' dir='ltr'><strong>alios</strong></span> <span class='ocrx_word' id='word_1_276' title='bbox 1282 2887 1451 2943; x_wconf 91' lang='lat' dir='ltr'><strong>debet</strong></span> <span class='ocrx_word' id='word_1_277' title='bbox 1500 2885 1721 2949; x_wconf 85' lang='lat' dir='ltr'><strong>docere,</strong></span> 
     </span>
    </p>
   </div>
   <div class='ocr_carea' id='block_1_33' title="bbox 87 2977 1726 3071">
    <p class='ocr_par' dir='ltr' id='par_1_33' title="bbox 87 2977 1726 3071">
     <span class='ocr_line' id='line_1_36' title="bbox 87 2977 1726 3071; baseline -0.015 -17"><span class='ocrx_word' id='word_1_278' title='bbox 87 3004 213 3071; x_wconf 87' lang='lat' dir='ltr'><strong>post</strong></span> <span class='ocrx_word' id='word_1_279' title='bbox 240 2994 664 3051; x_wconf 86' lang='lat' dir='ltr'><strong>ordinationem</strong></span> <span class='ocrx_word' id='word_1_280' title='bbox 685 2990 756 3045; x_wconf 91' lang='lat' dir='ltr'><strong>ab</strong></span> <span class='ocrx_word' id='word_1_281' title='bbox 780 2989 904 3043; x_wconf 87' lang='lat' dir='ltr'><strong>aliis</strong></span> <span class='ocrx_word' id='word_1_282' title='bbox 936 2984 1121 3042; x_wconf 88' lang='lat' dir='ltr'><strong>doceri</strong></span> <span class='ocrx_word' id='word_1_283' title='bbox 1160 2999 1277 3038; x_wconf 92' lang='lat' dir='ltr'><strong>non</strong></span> <span class='ocrx_word' id='word_1_284' title='bbox 1302 2981 1488 3059; x_wconf 73' lang='lat' dir='ltr'><strong>debet.</strong></span> <span class='ocrx_word' id='word_1_285' title='bbox 1519 2977 1573 3033; x_wconf 87' lang='lat' dir='ltr'><strong>Si</strong></span> <span class='ocrx_word' id='word_1_286' title='bbox 1594 2991 1726 3030; x_wconf 86' lang='lat' dir='ltr'><strong>vero</strong></span> 
     </span>
    </p>
   </div>
   <div class='ocr_carea' id='block_1_34' title="bbox 87 3074 1728 3161">
    <p class='ocr_par' dir='ltr' id='par_1_34' title="bbox 87 3074 1728 3161">
     <span class='ocr_line' id='line_1_37' title="bbox 87 3074 1728 3161; baseline -0.015 -17"><span class='ocrx_word' id='word_1_287' title='bbox 87 3092 165 3161; x_wconf 77' lang='lat' dir='ltr'><strong>(ut</strong></span> <span class='ocrx_word' id='word_1_288' title='bbox 189 3088 401 3157; x_wconf 87' lang='lat' dir='ltr'><strong>evenit)</strong></span> <span class='ocrx_word' id='word_1_289' title='bbox 436 3088 495 3141; x_wconf 90' lang='lat' dir='ltr'><strong>in</strong></span> <span class='ocrx_word' id='word_1_290' title='bbox 522 3083 863 3157; x_wconf 86' lang='lat' dir='ltr'><strong>quibusdam</strong></span> <span class='ocrx_word' id='word_1_291' title='bbox 891 3080 1024 3135; x_wconf 88' lang='lat' dir='ltr'><strong>locis</strong></span> <span class='ocrx_word' id='word_1_292' title='bbox 1066 3094 1178 3132; x_wconf 90' lang='lat' dir='ltr'><strong>non</strong></span> <span class='ocrx_word' id='word_1_293' title='bbox 1214 3074 1577 3130; x_wconf 89' lang='lat' dir='ltr'><strong>inveniantur</strong></span> <span class='ocrx_word' id='word_1_294' title='bbox 1613 3075 1728 3129; x_wconf 87' lang='lat' dir='ltr'><strong>tres</strong></span> 
     </span>
    </p>
   </div>
   <div class='ocr_carea' id='block_1_35' title="bbox 1805 793 3434 897">
    <p class='ocr_par' dir='ltr' id='par_1_35' title="bbox 1805 793 3434 897">
     <span class='ocr_line' id='line_1_38' title="bbox 1805 793 3434 897; baseline -0.025 -13"><span class='ocrx_word' id='word_1_295' title='bbox 1805 830 1920 883; x_wconf 91' lang='lat' dir='ltr'><strong>lmo</strong></span> <span class='ocrx_word' id='word_1_296' title='bbox 1933 821 2189 897; x_wconf 87' lang='lat' dir='ltr'><strong>quamvis</strong></span> <span class='ocrx_word' id='word_1_297' title='bbox 2208 821 2497 874; x_wconf 88' lang='lat' dir='ltr'><strong>accusator</strong></span> <span class='ocrx_word' id='word_1_298' title='bbox 2522 828 2581 866; x_wconf 90' lang='lat' dir='ltr'><strong>se</strong></span> <span class='ocrx_word' id='word_1_299' title='bbox 2598 810 2873 873; x_wconf 90' lang='lat' dir='ltr'><strong>absentet,</strong></span> <span class='ocrx_word' id='word_1_300' title='bbox 2902 806 3001 857; x_wconf 89' lang='lat' dir='ltr'><strong>aut</strong></span> <span class='ocrx_word' id='word_1_301' title='bbox 3026 812 3211 854; x_wconf 89' lang='lat' dir='ltr'><strong>moras</strong></span> <span class='ocrx_word' id='word_1_302' title='bbox 3226 793 3434 857; x_wconf 84' lang='lat' dir='ltr'><strong>nectat,</strong></span> 
     </span>
    </p>
   </div>
   <div class='ocr_carea' id='block_1_36' title="bbox 1801 888 3439 983">
    <p class='ocr_par' dir='ltr' id='par_1_36' title="bbox 1801 888 3439 983">
     <span class='ocr_line' id='line_1_39' title="bbox 1801 888 3439 983; baseline -0.024 -6"><span class='ocrx_word' id='word_1_303' title='bbox 1801 888 2178 976; x_wconf 79' lang='lat' dir='ltr'><strong>nihilominus</strong></span> <span class='ocrx_word' id='word_1_304' title='bbox 2201 913 2280 969; x_wconf 91' lang='lat' dir='ltr'><strong>sic</strong></span> <span class='ocrx_word' id='word_1_305' title='bbox 2305 923 2533 983; x_wconf 88' lang='lat' dir='ltr'><strong>quoque</strong></span> <span class='ocrx_word' id='word_1_306' title='bbox 2554 906 2603 960; x_wconf 92' lang='lat' dir='ltr'><strong>is</strong></span> <span class='ocrx_word' id='word_1_307' title='bbox 2622 902 2719 975; x_wconf 90' lang='lat' dir='ltr'><strong>qui</strong></span> <span class='ocrx_word' id='word_1_308' title='bbox 2741 894 3160 954; x_wconf 86' lang='lat' dir='ltr'><strong>ordinationem</strong></span> <span class='ocrx_word' id='word_1_309' title='bbox 3185 888 3439 943; x_wconf 83' lang='lat' dir='ltr'><strong>facturus</strong></span> 
     </span>
    </p>
   </div>
   <div class='ocr_carea' id='block_1_37' title="bbox 1804 984 3437 1082">
    <p class='ocr_par' dir='ltr' id='par_1_37' title="bbox 1804 984 3437 1082">
     <span class='ocr_line' id='line_1_40' title="bbox 1804 984 3437 1082; baseline -0.024 -13"><span class='ocrx_word' id='word_1_310' title='bbox 1804 1018 1904 1082; x_wconf 90' lang='lat' dir='ltr'><strong>est,</strong></span> <span class='ocrx_word' id='word_1_311' title='bbox 1935 1012 2085 1066; x_wconf 89' lang='lat' dir='ltr'><strong>intra</strong></span> <span class='ocrx_word' id='word_1_312' title='bbox 2118 1020 2350 1062; x_wconf 83' lang='lat' dir='ltr'><strong>menses</strong></span> <span class='ocrx_word' id='word_1_313' title='bbox 2393 1005 2526 1067; x_wconf 90' lang='lat' dir='ltr'><strong>tres,</strong></span> <span class='ocrx_word' id='word_1_314' title='bbox 2555 992 2963 1053; x_wconf 88' lang='lat' dir='ltr'><strong>exactissimam</strong></span> <span class='ocrx_word' id='word_1_315' title='bbox 3003 1003 3069 1041; x_wconf 91' lang='lat' dir='ltr'><strong>ea</strong></span> <span class='ocrx_word' id='word_1_316' title='bbox 3096 984 3165 1038; x_wconf 89' lang='lat' dir='ltr'><strong>de</strong></span> <span class='ocrx_word' id='word_1_317' title='bbox 3192 996 3251 1035; x_wconf 90' lang='lat' dir='ltr'><strong>re</strong></span> <span class='ocrx_word' id='word_1_318' title='bbox 3279 991 3437 1049; x_wconf 71' lang='lat' dir='ltr'><strong>quaa-</strong></span> 
     </span>
    </p>
   </div>
   <div class='ocr_carea' id='block_1_38' title="bbox 1804 1068 3441 1164">
    <p class='ocr_par' dir='ltr' id='par_1_38' title="bbox 1804 1068 3441 1164">
     <span class='ocr_line' id='line_1_41' title="bbox 1804 1068 3441 1164; baseline -0.026 -2"><span class='ocrx_word' id='word_1_319' title='bbox 1804 1107 2045 1161; x_wconf 89' lang='lat' dir='ltr'><strong>stionem</strong></span> <span class='ocrx_word' id='word_1_320' title='bbox 2068 1101 2292 1156; x_wconf 87' lang='lat' dir='ltr'><strong>habeto.</strong></span> <span class='ocrx_word' id='word_1_321' title='bbox 2327 1098 2394 1151; x_wconf 86' lang='lat' dir='ltr'><strong>Et</strong></span> <span class='ocrx_word' id='word_1_322' title='bbox 2418 1091 2695 1164; x_wconf 88' lang='lat' dir='ltr'><strong>siquidem</strong></span> <span class='ocrx_word' id='word_1_323' title='bbox 2725 1101 2859 1142; x_wconf 87' lang='lat' dir='ltr'><strong>eum</strong></span> <span class='ocrx_word' id='word_1_324' title='bbox 2886 1081 2987 1153; x_wconf 90' lang='lat' dir='ltr'><strong>qui</strong></span> <span class='ocrx_word' id='word_1_325' title='bbox 3008 1072 3361 1133; x_wconf 88' lang='lat' dir='ltr'><strong>accusatione</strong></span> <span class='ocrx_word' id='word_1_326' title='bbox 3380 1068 3441 1122; x_wconf 90' lang='lat' dir='ltr'><strong>in</strong></span> 
     </span>
    </p>
   </div>
   <div class='ocr_carea' id='block_1_39' title="bbox 1806 1178 3438 1254">
    <p class='ocr_par' dir='ltr' id='par_1_39' title="bbox 1806 1178 3438 1254">
     <span class='ocr_line' id='line_1_42' title="bbox 1806 1178 3438 1254; baseline -0.025 1"><span class='ocrx_word' id='word_1_327' title='bbox 1806 1199 2021 1254; x_wconf 88' lang='lat' dir='ltr'><strong>crimen</strong></span> <span class='ocrx_word' id='word_1_328' title='bbox 2050 1195 2277 1248; x_wconf 89' lang='lat' dir='ltr'><strong>vocatus</strong></span> <span class='ocrx_word' id='word_1_329' title='bbox 2303 1188 2431 1254; x_wconf 88' lang='lat' dir='ltr'><strong>fuit,</strong></span> <span class='ocrx_word' id='word_1_330' title='bbox 2460 1186 2575 1239; x_wconf 89' lang='lat' dir='ltr'><strong>sive</strong></span> <span class='ocrx_word' id='word_1_331' title='bbox 2609 1178 2921 1238; x_wconf 89' lang='lat' dir='ltr'><strong>secundum</strong></span> <span class='ocrx_word' id='word_1_332' title='bbox 2949 1186 3132 1228; x_wconf 89' lang='lat' dir='ltr'><strong>sacros</strong></span> <span class='ocrx_word' id='word_1_333' title='bbox 3160 1178 3402 1221; x_wconf 85' lang='lat' dir='ltr'><strong>canones</strong></span> <span class='ocrx_word' id='word_1_334' title='bbox 3422 1201 3438 1226; x_wconf 91' lang='lat'><strong>,</strong></span> 
     </span>
    </p>
   </div>
   <div class='ocr_carea' id='block_1_40' title="bbox 1806 1259 3447 1348">
    <p class='ocr_par' dir='ltr' id='par_1_40' title="bbox 1806 1259 3447 1348">
     <span class='ocr_line' id='line_1_43' title="bbox 1806 1259 3447 1348; baseline -0.025 0"><span class='ocrx_word' id='word_1_335' title='bbox 1806 1293 1921 1348; x_wconf 89' lang='lat' dir='ltr'><strong>sive</strong></span> <span class='ocrx_word' id='word_1_336' title='bbox 1934 1286 2247 1345; x_wconf 87' lang='lat' dir='ltr'><strong>secundum</strong></span> <span class='ocrx_word' id='word_1_337' title='bbox 2264 1286 2486 1338; x_wconf 89' lang='lat' dir='ltr'><strong>nostras</strong></span> <span class='ocrx_word' id='word_1_338' title='bbox 2500 1278 2657 1347; x_wconf 86' lang='lat' dir='ltr'><strong>leges</strong></span> <span class='ocrx_word' id='word_1_339' title='bbox 2673 1270 2983 1328; x_wconf 87' lang='lat' dir='ltr'><strong>obnoxium</strong></span> <span class='ocrx_word' id='word_1_340' title='bbox 3004 1259 3298 1328; x_wconf 88' lang='lat' dir='ltr'><strong>invenerit,</strong></span> <span class='ocrx_word' id='word_1_341' title='bbox 3316 1270 3447 1325; x_wconf 87' lang='lat' dir='ltr'><strong>pro-</strong></span> 
     </span>
    </p>
   </div>
   <div class='ocr_carea' id='block_1_41' title="bbox 1808 1349 3440 1439">
    <p class='ocr_par' dir='ltr' id='par_1_41' title="bbox 1808 1349 3440 1439">
     <span class='ocr_line' id='line_1_44' title="bbox 1808 1349 3440 1439; baseline -0.024 2"><span class='ocrx_word' id='word_1_342' title='bbox 1808 1385 2030 1439; x_wconf 87' lang='lat' dir='ltr'><strong>hibetor</strong></span> <span class='ocrx_word' id='word_1_343' title='bbox 2053 1377 2350 1436; x_wconf 86' lang='lat' dir='ltr'><strong>ordinatio.</strong></span> <span class='ocrx_word' id='word_1_344' title='bbox 2382 1373 2438 1428; x_wconf 92' lang='lat' dir='ltr'><strong>Si</strong></span> <span class='ocrx_word' id='word_1_345' title='bbox 2467 1385 2599 1425; x_wconf 86' lang='lat' dir='ltr'><strong>vero</strong></span> <span class='ocrx_word' id='word_1_346' title='bbox 2625 1364 2891 1422; x_wconf 76' lang='lat' dir='ltr'><strong>innoxius</strong></span> <span class='ocrx_word' id='word_1_347' title='bbox 2924 1353 3270 1430; x_wconf 87' lang='lat' dir='ltr'><strong>apparuerit,</strong></span> <span class='ocrx_word' id='word_1_348' title='bbox 3296 1349 3440 1405; x_wconf 88' lang='lat' dir='ltr'><strong>cele-</strong></span> 
     </span>
    </p>
   </div>
   <div class='ocr_carea' id='block_1_42' title="bbox 1808 1449 3442 1535">
    <p class='ocr_par' dir='ltr' id='par_1_42' title="bbox 1808 1449 3442 1535">
     <span class='ocr_line' id='line_1_45' title="bbox 1808 1449 3442 1535; baseline -0.023 -2"><span class='ocrx_word' id='word_1_349' title='bbox 1808 1479 1999 1533; x_wconf 87' lang='lat' dir='ltr'><strong>brator</strong></span> <span class='ocrx_word' id='word_1_350' title='bbox 2024 1469 2303 1527; x_wconf 89' lang='lat' dir='ltr'><strong>ordinatio</strong></span> <span class='ocrx_word' id='word_1_351' title='bbox 2323 1509 2338 1534; x_wconf 88' lang='lat'><strong>,</strong></span> <span class='ocrx_word' id='word_1_352' title='bbox 2368 1466 2484 1521; x_wconf 87' lang='lat' dir='ltr'><strong>sive</strong></span> <span class='ocrx_word' id='word_1_353' title='bbox 2510 1464 2816 1535; x_wconf 66' lang='lat' dir='ltr'><strong>praesente,</strong></span> <span class='ocrx_word' id='word_1_354' title='bbox 2855 1454 2969 1509; x_wconf 87' lang='lat' dir='ltr'><strong>sive</strong></span> <span class='ocrx_word' id='word_1_355' title='bbox 3011 1449 3244 1504; x_wconf 86' lang='lat' dir='ltr'><strong>absente</strong></span> <span class='ocrx_word' id='word_1_356' title='bbox 3276 1457 3442 1499; x_wconf 86' lang='lat' dir='ltr'><strong>accu-</strong></span> 
     </span>
    </p>
   </div>
   <div class='ocr_carea' id='block_1_43' title="bbox 1808 1536 3444 1625">
    <p class='ocr_par' dir='ltr' id='par_1_43' title="bbox 1808 1536 3444 1625">
     <span class='ocr_line' id='line_1_46' title="bbox 1808 1536 3444 1625; baseline -0.024 1"><span class='ocrx_word' id='word_1_357' title='bbox 1808 1575 2011 1625; x_wconf 86' lang='lat' dir='ltr'><strong>satore.</strong></span> <span class='ocrx_word' id='word_1_358' title='bbox 2044 1566 2348 1621; x_wconf 82' lang='lat' dir='ltr'><strong>Accusator</strong></span> <span class='ocrx_word' id='word_1_359' title='bbox 2373 1563 2583 1622; x_wconf 88' lang='lat' dir='ltr'><strong>autem,</strong></span> <span class='ocrx_word' id='word_1_360' title='bbox 2603 1554 2716 1607; x_wconf 91' lang='lat' dir='ltr'><strong>sive</strong></span> <span class='ocrx_word' id='word_1_361' title='bbox 2749 1561 2998 1621; x_wconf 65' lang='lat' dir='ltr'><strong>praesens</strong></span> <span class='ocrx_word' id='word_1_362' title='bbox 3026 1557 3144 1597; x_wconf 91' lang='lat' dir='ltr'><strong>non</strong></span> <span class='ocrx_word' id='word_1_363' title='bbox 3172 1536 3444 1609; x_wconf 87' lang='lat' dir='ltr'><strong>probave-</strong></span> 
     </span>
    </p>
   </div>
   <div class='ocr_carea' id='block_1_44' title="bbox 1810 1627 3448 1729">
    <p class='ocr_par' dir='ltr' id='par_1_44' title="bbox 1810 1627 3448 1729">
     <span class='ocr_line' id='line_1_47' title="bbox 1810 1627 3448 1729; baseline -0.025 -11"><span class='ocrx_word' id='word_1_364' title='bbox 1810 1663 1904 1729; x_wconf 86' lang='lat' dir='ltr'><strong>rit,</strong></span> <span class='ocrx_word' id='word_1_365' title='bbox 1918 1662 2032 1715; x_wconf 88' lang='lat' dir='ltr'><strong>sive</strong></span> <span class='ocrx_word' id='word_1_366' title='bbox 2056 1656 2375 1713; x_wconf 89' lang='lat' dir='ltr'><strong>institutam</strong></span> <span class='ocrx_word' id='word_1_367' title='bbox 2390 1646 2804 1705; x_wconf 85' lang='lat' dir='ltr'><strong>accusationem</strong></span> <span class='ocrx_word' id='word_1_368' title='bbox 2816 1634 3147 1700; x_wconf 84' lang='lat' dir='ltr'><strong>deseruerit,</strong></span> <span class='ocrx_word' id='word_1_369' title='bbox 3168 1627 3448 1700; x_wconf 80' lang='lat' dir='ltr'><strong>siquidem</strong></span> 
     </span>
    </p>
   </div>
   <div class='ocr_carea' id='block_1_45' title="bbox 1810 1725 3447 1820">
    <p class='ocr_par' dir='ltr' id='par_1_45' title="bbox 1810 1725 3447 1820">
     <span class='ocr_line' id='line_1_48' title="bbox 1810 1725 3447 1820; baseline -0.025 -10"><span class='ocrx_word' id='word_1_370' title='bbox 1810 1754 2047 1810; x_wconf 89' lang='lat' dir='ltr'><strong>clericus</strong></span> <span class='ocrx_word' id='word_1_371' title='bbox 2066 1751 2158 1818; x_wconf 91' lang='lat' dir='ltr'><strong>sit,</strong></span> <span class='ocrx_word' id='word_1_372' title='bbox 2179 1744 2411 1820; x_wconf 90' lang='lat' dir='ltr'><strong>proprio</strong></span> <span class='ocrx_word' id='word_1_373' title='bbox 2438 1740 2619 1813; x_wconf 85' lang='lat' dir='ltr'><strong>gradu</strong></span> <span class='ocrx_word' id='word_1_374' title='bbox 2637 1733 2962 1807; x_wconf 89' lang='lat' dir='ltr'><strong>depellitor;</strong></span> <span class='ocrx_word' id='word_1_375' title='bbox 2991 1727 3037 1781; x_wconf 92' lang='lat' dir='ltr'><strong>si</strong></span> <span class='ocrx_word' id='word_1_376' title='bbox 3063 1725 3258 1787; x_wconf 89' lang='lat' dir='ltr'><strong>laicus,</strong></span> <span class='ocrx_word' id='word_1_377' title='bbox 3290 1734 3447 1773; x_wconf 77' lang='lat' dir='ltr'><strong>com-</strong></span> 
     </span>
    </p>
   </div>
   <div class='ocr_carea' id='block_1_46' title="bbox 1814 1817 3449 1920">
    <p class='ocr_par' dir='ltr' id='par_1_46' title="bbox 1814 1817 3449 1920">
     <span class='ocr_line' id='line_1_49' title="bbox 1814 1817 3449 1920; baseline -0.026 -16"><span class='ocrx_word' id='word_1_378' title='bbox 1814 1852 2101 1920; x_wconf 89' lang='lat' dir='ltr'><strong>petentem</strong></span> <span class='ocrx_word' id='word_1_379' title='bbox 2128 1837 2523 1896; x_wconf 83' lang='lat' dir='ltr'><strong>coercitionem</strong></span> <span class='ocrx_word' id='word_1_380' title='bbox 2550 1829 2846 1886; x_wconf 88' lang='lat' dir='ltr'><strong>sustineto.</strong></span> <span class='ocrx_word' id='word_1_381' title='bbox 2889 1826 2953 1878; x_wconf 85' lang='lat' dir='ltr'><strong>At</strong></span> <span class='ocrx_word' id='word_1_382' title='bbox 2979 1820 3024 1875; x_wconf 89' lang='lat' dir='ltr'><strong>si</strong></span> <span class='ocrx_word' id='word_1_383' title='bbox 3054 1817 3180 1889; x_wconf 88' lang='lat' dir='ltr'><strong>quis</strong></span> <span class='ocrx_word' id='word_1_384' title='bbox 3223 1826 3449 1868; x_wconf 90' lang='lat' dir='ltr'><strong>accusa-</strong></span> 
     </span>
    </p>
   </div>
   <div class='ocr_carea' id='block_1_47' title="bbox 1812 1901 3450 1995">
    <p class='ocr_par' dir='ltr' id='par_1_47' title="bbox 1812 1901 3450 1995">
     <span class='ocr_line' id='line_1_50' title="bbox 1812 1901 3450 1995; baseline -0.025 0"><span class='ocrx_word' id='word_1_385' title='bbox 1812 1945 1937 1995; x_wconf 89' lang='lat' dir='ltr'><strong>tum</strong></span> <span class='ocrx_word' id='word_1_386' title='bbox 1972 1942 2102 1992; x_wconf 88' lang='lat' dir='ltr'><strong>ante</strong></span> <span class='ocrx_word' id='word_1_387' title='bbox 2128 1928 2607 1988; x_wconf 84' lang='lat' dir='ltr'><strong>examinationem</strong></span> <span class='ocrx_word' id='word_1_388' title='bbox 2633 1915 2996 1980; x_wconf 89' lang='lat' dir='ltr'><strong>ordinaverit,</strong></span> <span class='ocrx_word' id='word_1_389' title='bbox 3026 1916 3147 1966; x_wconf 92' lang='lat' dir='ltr'><strong>tam</strong></span> <span class='ocrx_word' id='word_1_390' title='bbox 3178 1905 3277 1979; x_wconf 87' lang='lat' dir='ltr'><strong>qui</strong></span> <span class='ocrx_word' id='word_1_391' title='bbox 3300 1901 3450 1957; x_wconf 89' lang='lat' dir='ltr'><strong>ordi-</strong></span> 
     </span>
    </p>
   </div>
   <div class='ocr_carea' id='block_1_48' title="bbox 1812 1995 3451 2101">
    <p class='ocr_par' dir='ltr' id='par_1_48' title="bbox 1812 1995 3451 2101">
     <span class='ocr_line' id='line_1_51' title="bbox 1812 1995 3451 2101; baseline -0.024 -13"><span class='ocrx_word' id='word_1_392' title='bbox 1812 2032 1970 2088; x_wconf 89' lang='lat' dir='ltr'><strong>navit</strong></span> <span class='ocrx_word' id='word_1_393' title='bbox 2014 2044 2187 2101; x_wconf 89' lang='lat' dir='ltr'><strong>quam</strong></span> <span class='ocrx_word' id='word_1_394' title='bbox 2232 2023 2333 2097; x_wconf 91' lang='lat' dir='ltr'><strong>qui</strong></span> <span class='ocrx_word' id='word_1_395' title='bbox 2370 2019 2664 2075; x_wconf 87' lang='lat' dir='ltr'><strong>ordinatus</strong></span> <span class='ocrx_word' id='word_1_396' title='bbox 2701 2017 2804 2077; x_wconf 86' lang='lat' dir='ltr'><strong>est,</strong></span> <span class='ocrx_word' id='word_1_397' title='bbox 2853 2012 3092 2079; x_wconf 89' lang='lat' dir='ltr'><strong>uterque</strong></span> <span class='ocrx_word' id='word_1_398' title='bbox 3144 1995 3451 2057; x_wconf 86' lang='lat' dir='ltr'><strong>sacerdotio</strong></span> 
     </span>
    </p>
   </div>
   <div class='ocr_carea' id='block_1_49' title="bbox 1815 2123 2136 2197">
    <p class='ocr_par' dir='ltr' id='par_1_49' title="bbox 1815 2123 2136 2197">
     <span class='ocr_line' id='line_1_52' title="bbox 1815 2123 2136 2197; baseline -0.019 -16"><span class='ocrx_word' id='word_1_399' title='bbox 1815 2123 2136 2197; x_wconf 90' lang='lat' dir='ltr'><strong>depellitor.</strong></span> 
     </span>
    </p>
   </div>
   <div class='ocr_carea' id='block_1_50' title="bbox 1886 2230 3457 2319">
    <p class='ocr_par' dir='ltr' id='par_1_50' title="bbox 1886 2230 3457 2319">
     <span class='ocr_line' id='line_1_53' title="bbox 1886 2230 3457 2319; baseline -0.025 0"><span class='ocrx_word' id='word_1_400' title='bbox 1886 2266 2006 2319; x_wconf 75' lang='lat' dir='ltr'><strong>Prae</strong></span> <span class='ocrx_word' id='word_1_401' title='bbox 2036 2257 2299 2315; x_wconf 89' lang='lat' dir='ltr'><strong>omnibus</strong></span> <span class='ocrx_word' id='word_1_402' title='bbox 2324 2256 2515 2308; x_wconf 91' lang='lat' dir='ltr'><strong>autem</strong></span> <span class='ocrx_word' id='word_1_403' title='bbox 2557 2246 2697 2302; x_wconf 90' lang='lat' dir='ltr'><strong>illud</strong></span> <span class='ocrx_word' id='word_1_404' title='bbox 2732 2238 2998 2298; x_wconf 86' lang='lat' dir='ltr'><strong>custodiri</strong></span> <span class='ocrx_word' id='word_1_405' title='bbox 3042 2231 3325 2289; x_wconf 86' lang='lat' dir='ltr'><strong>sancimus</strong></span> <span class='ocrx_word' id='word_1_406' title='bbox 3349 2268 3362 2295; x_wconf 95' lang='lat'><strong>,</strong></span> <span class='ocrx_word' id='word_1_407' title='bbox 3388 2230 3457 2281; x_wconf 85' lang='lat' dir='ltr'><strong>ut</strong></span> 
     </span>
    </p>
   </div>
   <div class='ocr_carea' id='block_1_51' title="bbox 1818 2318 3456 2426">
    <p class='ocr_par' dir='ltr' id='par_1_51' title="bbox 1818 2318 3456 2426">
     <span class='ocr_line' id='line_1_54' title="bbox 1818 2318 3456 2426; baseline -0.025 -13"><span class='ocrx_word' id='word_1_408' title='bbox 1818 2372 1987 2413; x_wconf 87' lang='lat' dir='ltr'><strong>nemo</strong></span> <span class='ocrx_word' id='word_1_409' title='bbox 2016 2369 2117 2426; x_wconf 90' lang='lat' dir='ltr'><strong>per</strong></span> <span class='ocrx_word' id='word_1_410' title='bbox 2138 2347 2496 2421; x_wconf 81' lang='lat' dir='ltr'><strong>largitionem</strong></span> <span class='ocrx_word' id='word_1_411' title='bbox 2537 2339 2661 2396; x_wconf 85' lang='lat' dir='ltr'><strong>auri</strong></span> <span class='ocrx_word' id='word_1_412' title='bbox 2686 2340 2784 2392; x_wconf 90' lang='lat' dir='ltr'><strong>aut</strong></span> <span class='ocrx_word' id='word_1_413' title='bbox 2820 2333 3061 2389; x_wconf 89' lang='lat' dir='ltr'><strong>aliarum</strong></span> <span class='ocrx_word' id='word_1_414' title='bbox 3090 2339 3285 2382; x_wconf 89' lang='lat' dir='ltr'><strong>rerum</strong></span> <span class='ocrx_word' id='word_1_415' title='bbox 3308 2318 3456 2375; x_wconf 85' lang='lat' dir='ltr'><strong>ordi-</strong></span> 
     </span>
    </p>
   </div>
   <div class='ocr_carea' id='block_1_52' title="bbox 1817 2407 3456 2514">
    <p class='ocr_par' dir='ltr' id='par_1_52' title="bbox 1817 2407 3456 2514">
     <span class='ocr_line' id='line_1_55' title="bbox 1817 2407 3456 2514; baseline -0.025 -13"><span class='ocrx_word' id='word_1_416' title='bbox 2010 2407 2323 2514; x_wconf 68' lang='lat' dir='ltr'><strong>episcopus.</strong></span> <span class='ocrx_word' id='word_1_417' title='bbox 2356 2434 2415 2490; x_wconf 92' lang='lat' dir='ltr'><strong>Si</strong></span> <span class='ocrx_word' id='word_1_418' title='bbox 2445 2430 2582 2504; x_wconf 86' lang='lat' dir='ltr'><strong>quid</strong></span> <span class='ocrx_word' id='word_1_419' title='bbox 2620 2428 2728 2482; x_wconf 89' lang='lat' dir='ltr'><strong>tale</strong></span> <span class='ocrx_word' id='word_1_420' title='bbox 2764 2423 3145 2492; x_wconf 89' lang='lat' dir='ltr'><strong>delinquatur,</strong></span> <span class='ocrx_word' id='word_1_421' title='bbox 3194 2417 3310 2466; x_wconf 82' lang='lat' dir='ltr'><strong>tam</strong></span> <span class='ocrx_word' id='word_1_422' title='bbox 3353 2407 3456 2479; x_wconf 90' lang='lat' dir='ltr'><strong>qui</strong></span> 
     </span>
    </p>
   </div>
   <div class='ocr_carea' id='block_1_53' title="bbox 1820 2504 3459 2611">
    <p class='ocr_par' dir='ltr' id='par_1_53' title="bbox 1820 2504 3459 2611">
     <span class='ocr_line' id='line_1_56' title="bbox 1820 2504 3459 2611; baseline -0.026 -12"><span class='ocrx_word' id='word_1_423' title='bbox 1820 2545 1954 2599; x_wconf 88' lang='lat' dir='ltr'><strong>dant</strong></span> <span class='ocrx_word' id='word_1_424' title='bbox 1979 2554 2152 2611; x_wconf 89' lang='lat' dir='ltr'><strong>quam</strong></span> <span class='ocrx_word' id='word_1_425' title='bbox 2178 2534 2277 2606; x_wconf 88' lang='lat' dir='ltr'><strong>qui</strong></span> <span class='ocrx_word' id='word_1_426' title='bbox 2300 2529 2616 2601; x_wconf 88' lang='lat' dir='ltr'><strong>accipiunt,</strong></span> <span class='ocrx_word' id='word_1_427' title='bbox 2649 2528 2705 2579; x_wconf 89' lang='lat' dir='ltr'><strong>et</strong></span> <span class='ocrx_word' id='word_1_428' title='bbox 2727 2520 3069 2576; x_wconf 90' lang='lat' dir='ltr'><strong>mediatores</strong></span> <span class='ocrx_word' id='word_1_429' title='bbox 3093 2524 3317 2574; x_wconf 85' lang='lat' dir='ltr'><strong>eorum,</strong></span> <span class='ocrx_word' id='word_1_430' title='bbox 3350 2504 3459 2577; x_wconf 90' lang='lat' dir='ltr'><strong>ipsi</strong></span> 
     </span>
    </p>
   </div>
   <div class='ocr_carea' id='block_1_54' title="bbox 1821 2607 3459 2711">
    <p class='ocr_par' dir='ltr' id='par_1_54' title="bbox 1821 2607 3459 2711">
     <span class='ocr_line' id='line_1_57' title="bbox 1821 2607 3459 2711; baseline -0.025 -15"><span class='ocrx_word' id='word_1_431' title='bbox 1821 2641 2035 2711; x_wconf 88' lang='lat' dir='ltr'><strong>seipsos</strong></span> <span class='ocrx_word' id='word_1_432' title='bbox 2064 2625 2522 2690; x_wconf 87' lang='lat' dir='ltr'><strong>condemnationi</strong></span> <span class='ocrx_word' id='word_1_433' title='bbox 2553 2619 2864 2678; x_wconf 89' lang='lat' dir='ltr'><strong>secundum</strong></span> <span class='ocrx_word' id='word_1_434' title='bbox 2891 2613 3108 2669; x_wconf 88' lang='lat' dir='ltr'><strong>divinas</strong></span> <span class='ocrx_word' id='word_1_435' title='bbox 3144 2607 3459 2677; x_wconf 84' lang='lat' dir='ltr'><strong>Scripturas</strong></span> 
     </span>
    </p>
   </div>
   <div class='ocr_carea' id='block_1_55' title="bbox 1821 2694 3459 2789">
    <p class='ocr_par' dir='ltr' id='par_1_55' title="bbox 1821 2694 3459 2789">
     <span class='ocr_line' id='line_1_58' title="bbox 1821 2694 3459 2789; baseline -0.025 0"><span class='ocrx_word' id='word_1_436' title='bbox 1821 2738 1877 2789; x_wconf 90' lang='lat' dir='ltr'><strong>et</strong></span> <span class='ocrx_word' id='word_1_437' title='bbox 1903 2746 2087 2786; x_wconf 89' lang='lat' dir='ltr'><strong>sacros</strong></span> <span class='ocrx_word' id='word_1_438' title='bbox 2111 2739 2353 2782; x_wconf 88' lang='lat' dir='ltr'><strong>canones</strong></span> <span class='ocrx_word' id='word_1_439' title='bbox 2380 2717 2703 2789; x_wconf 88' lang='lat' dir='ltr'><strong>subjiciunt.</strong></span> <span class='ocrx_word' id='word_1_440' title='bbox 2722 2714 2800 2767; x_wconf 85' lang='lat' dir='ltr'><strong>Ac</strong></span> <span class='ocrx_word' id='word_1_441' title='bbox 2829 2710 3129 2780; x_wconf 84' lang='lat' dir='ltr'><strong>propterea</strong></span> <span class='ocrx_word' id='word_1_442' title='bbox 3151 2706 3273 2756; x_wconf 88' lang='lat' dir='ltr'><strong>tam</strong></span> <span class='ocrx_word' id='word_1_443' title='bbox 3298 2698 3345 2752; x_wconf 90' lang='lat' dir='ltr'><strong>is</strong></span> <span class='ocrx_word' id='word_1_444' title='bbox 3359 2694 3459 2767; x_wconf 90' lang='lat' dir='ltr'><strong>qui</strong></span> 
     </span>
    </p>
   </div>
   <div class='ocr_carea' id='block_1_56' title="bbox 1822 2799 3462 2895">
    <p class='ocr_par' dir='ltr' id='par_1_56' title="bbox 1822 2799 3462 2895">
     <span class='ocr_line' id='line_1_59' title="bbox 1822 2799 3462 2895; baseline -0.026 -13"><span class='ocrx_word' id='word_1_445' title='bbox 1822 2827 1918 2882; x_wconf 89' lang='lat' dir='ltr'><strong>dat</strong></span> <span class='ocrx_word' id='word_1_446' title='bbox 1946 2837 2117 2895; x_wconf 85' lang='lat' dir='ltr'><strong>quam</strong></span> <span class='ocrx_word' id='word_1_447' title='bbox 2144 2817 2241 2890; x_wconf 91' lang='lat' dir='ltr'><strong>qui</strong></span> <span class='ocrx_word' id='word_1_448' title='bbox 2271 2812 2495 2885; x_wconf 87' lang='lat' dir='ltr'><strong>accipit,</strong></span> <span class='ocrx_word' id='word_1_449' title='bbox 2520 2814 2576 2864; x_wconf 91' lang='lat' dir='ltr'><strong>et</strong></span> <span class='ocrx_word' id='word_1_450' title='bbox 2605 2804 2881 2862; x_wconf 88' lang='lat' dir='ltr'><strong>mediator</strong></span> <span class='ocrx_word' id='word_1_451' title='bbox 2906 2799 3154 2855; x_wconf 81' lang='lat' dir='ltr'><strong>existens</strong></span> <span class='ocrx_word' id='word_1_452' title='bbox 3174 2836 3187 2862; x_wconf 93' lang='lat'><strong>,</strong></span> <span class='ocrx_word' id='word_1_453' title='bbox 3220 2809 3253 2845; x_wconf 90' lang='lat' dir='ltr'><strong>a</strong></span> <span class='ocrx_word' id='word_1_454' title='bbox 3281 2805 3462 2844; x_wconf 88' lang='lat' dir='ltr'><strong>sacer-</strong></span> 
     </span>
    </p>
   </div>
   <div class='ocr_carea' id='block_1_57' title="bbox 1822 2886 3464 2974">
    <p class='ocr_par' dir='ltr' id='par_1_57' title="bbox 1822 2886 3464 2974">
     <span class='ocr_line' id='line_1_60' title="bbox 1822 2886 3464 2974; baseline -0.025 -1"><span class='ocrx_word' id='word_1_455' title='bbox 1822 2918 1973 2974; x_wconf 91' lang='lat' dir='ltr'><strong>dotio</strong></span> <span class='ocrx_word' id='word_1_456' title='bbox 2001 2917 2099 2968; x_wconf 87' lang='lat' dir='ltr'><strong>aut</strong></span> <span class='ocrx_word' id='word_1_457' title='bbox 2124 2907 2366 2966; x_wconf 74' lang='lat' dir='ltr'><strong>clericali</strong></span> <span class='ocrx_word' id='word_1_458' title='bbox 2402 2905 2620 2959; x_wconf 90' lang='lat' dir='ltr'><strong>honore</strong></span> <span class='ocrx_word' id='word_1_459' title='bbox 2649 2898 2986 2953; x_wconf 88' lang='lat' dir='ltr'><strong>removetor.</strong></span> <span class='ocrx_word' id='word_1_460' title='bbox 3014 2886 3175 2954; x_wconf 87' lang='lat' dir='ltr'><strong>Quod</strong></span> <span class='ocrx_word' id='word_1_461' title='bbox 3199 2899 3330 2939; x_wconf 88' lang='lat' dir='ltr'><strong>vero</strong></span> <span class='ocrx_word' id='word_1_462' title='bbox 3360 2895 3464 2953; x_wconf 87' lang='lat' dir='ltr'><strong>per</strong></span> 
     </span>
    </p>
   </div>
   <div class='ocr_carea' id='block_1_58' title="bbox 1825 2977 3466 3067">
    <p class='ocr_par' dir='ltr' id='par_1_58' title="bbox 1825 2977 3466 3067">
     <span class='ocr_line' id='line_1_61' title="bbox 1825 2977 3466 3067; baseline -0.024 -1"><span class='ocrx_word' id='word_1_463' title='bbox 1825 3013 1970 3067; x_wconf 87' lang='lat' dir='ltr'><strong>hanc</strong></span> <span class='ocrx_word' id='word_1_464' title='bbox 1995 3019 2220 3062; x_wconf 85' lang='lat' dir='ltr'><strong>causam</strong></span> <span class='ocrx_word' id='word_1_465' title='bbox 2257 3002 2454 3056; x_wconf 88' lang='lat' dir='ltr'><strong>datum</strong></span> <span class='ocrx_word' id='word_1_466' title='bbox 2496 2993 2689 3059; x_wconf 88' lang='lat' dir='ltr'><strong>fuerit,</strong></span> <span class='ocrx_word' id='word_1_467' title='bbox 2732 2989 2816 3045; x_wconf 89' lang='lat' dir='ltr'><strong>illi</strong></span> <span class='ocrx_word' id='word_1_468' title='bbox 2859 2983 3109 3041; x_wconf 60' lang='lat' dir='ltr'><strong>ecclesias</strong></span> <span class='ocrx_word' id='word_1_469' title='bbox 3152 2977 3466 3033; x_wconf 88' lang='lat' dir='ltr'><strong>vindicator</strong></span> 
     </span>
    </p>
   </div>
   <div class='ocr_carea' id='block_1_59' title="bbox 1826 3066 3461 3175">
    <p class='ocr_par' dir='ltr' id='par_1_59' title="bbox 1826 3066 3461 3175">
     <span class='ocr_line' id='line_1_62' title="bbox 1826 3066 3461 3175; baseline -0.024 -16"><span class='ocrx_word' id='word_1_470' title='bbox 1826 3104 1985 3175; x_wconf 84' lang='lat' dir='ltr'><strong>cujus</strong></span> <span class='ocrx_word' id='word_1_471' title='bbox 2016 3094 2388 3154; x_wconf 86' lang='lat' dir='ltr'><strong>sacerdotium</strong></span> <span class='ocrx_word' id='word_1_472' title='bbox 2408 3088 2587 3143; x_wconf 89' lang='lat' dir='ltr'><strong>voluit</strong></span> <span class='ocrx_word' id='word_1_473' title='bbox 2603 3084 2903 3140; x_wconf 86' lang='lat' dir='ltr'><strong>redimere.</strong></span> <span class='ocrx_word' id='word_1_474' title='bbox 2935 3078 2991 3133; x_wconf 92' lang='lat' dir='ltr'><strong>Si</strong></span> <span class='ocrx_word' id='word_1_475' title='bbox 3014 3071 3340 3130; x_wconf 89' lang='lat' dir='ltr'><strong>mundanus</strong></span> <span class='ocrx_word' id='word_1_476' title='bbox 3368 3066 3461 3135; x_wconf 88' lang='lat' dir='ltr'><strong>sit,</strong></span> 
     </span>
    </p>
   </div>
   <div class='ocr_carea' id='block_1_60' title="bbox 86 3158 3466 3281">
    <p class='ocr_par' dir='ltr' id='par_1_60' title="bbox 86 3158 3466 3281">
     <span class='ocr_line' id='line_1_63' title="bbox 86 3158 3466 3281; baseline -0.011 -31"><span class='ocrx_word' id='word_1_477' title='bbox 86 3179 651 3281; x_wconf 35' lang='lat' dir='ltr'><strong>PBPSOIAlﬁﬁddtfileuf</strong></span> <span class='ocrx_word' id='word_1_478' title='bbox 682 3175 1017 3281; x_wconf 50' lang='grc' dir='ltr'><strong>θξθεξίοηθῖξι</strong></span> <span class='ocrx_word' id='word_1_479' title='bbox 1034 3165 1599 3281; x_wconf 33' lang='grc' dir='ltr'><strong>,ορβοτξίιξίξῗνὶίξθξί</strong></span> <span class='ocrx_word' id='word_1_480' title='bbox 1626 3162 1723 3216; x_wconf 67' lang='lat' dir='ltr'><strong>de&#39;</strong></span> <span class='ocrx_word' id='word_1_481' title='bbox 1748 3207 1804 3281; x_wconf 72' lang='grc' dir='ltr'>ρ</span> <span class='ocrx_word' id='word_1_482' title='bbox 1829 3158 1925 3269; x_wconf 63' lang='grc' dir='ltr'><strong>ιιιῙὶ</strong></span> <span class='ocrx_word' id='word_1_483' title='bbox 1956 3209 2057 3266; x_wconf 88' lang='lat' dir='ltr'><strong>per</strong></span> <span class='ocrx_word' id='word_1_484' title='bbox 2082 3192 2230 3246; x_wconf 89' lang='lat' dir='ltr'><strong>hanc</strong></span> <span class='ocrx_word' id='word_1_485' title='bbox 2258 3199 2484 3241; x_wconf 89' lang='lat' dir='ltr'><strong>causam</strong></span> <span class='ocrx_word' id='word_1_486' title='bbox 2505 3178 2727 3251; x_wconf 88' lang='lat' dir='ltr'><strong>accipit,</strong></span> <span class='ocrx_word' id='word_1_487' title='bbox 2749 3177 2849 3229; x_wconf 90' lang='lat' dir='ltr'><strong>aut</strong></span> <span class='ocrx_word' id='word_1_488' title='bbox 2862 3169 3141 3227; x_wconf 89' lang='lat' dir='ltr'><strong>mediator</strong></span> <span class='ocrx_word' id='word_1_489' title='bbox 3160 3165 3217 3219; x_wconf 92' lang='lat' dir='ltr'><strong>in</strong></span> <span class='ocrx_word' id='word_1_490' title='bbox 3235 3158 3466 3232; x_wconf 85' lang='lat' dir='ltr'><strong>negotio</strong></span> 
     </span>
     <span class='ocr_line' id='line_1_64' title="bbox 1574 3256 3441 3281; baseline 0 0"><span class='ocrx_word' id='word_1_491' title='bbox 1574 3270 1694 3281; x_wconf 63' lang='grc' dir='ltr'><strong>η-..</strong></span> <span class='ocrx_word' id='word_1_492' title='bbox 2460 3275 2470 3281; x_wconf 87' lang='grc'><strong>.</strong></span> <span class='ocrx_word' id='word_1_493' title='bbox 2558 3274 2574 3281; x_wconf 90' lang='grc'><strong>-</strong></span> <span class='ocrx_word' id='word_1_494' title='bbox 2659 3272 2675 3281; x_wconf 81' lang='lat'><strong>.</strong></span> <span class='ocrx_word' id='word_1_495' title='bbox 2844 3266 2859 3281; x_wconf 88' lang='lat'><strong>.</strong></span> <span class='ocrx_word' id='word_1_496' title='bbox 2950 3280 2959 3281; x_wconf 59' lang='lat'><strong><em>,</em></strong></span> <span class='ocrx_word' id='word_1_497' title='bbox 3014 3259 3152 3281; x_wconf 63' lang='grc' dir='ltr'><strong>..ε</strong></span> <span class='ocrx_word' id='word_1_498' title='bbox 3179 3256 3441 3281; x_wconf 45' lang='lat' dir='ltr'><strong>suam“...</strong></span> 
     </span>
    </p>
   </div>
   <div class='ocr_carea' id='block_1_61' title="bbox 88 3257 1726 3332">
    <p class='ocr_par' dir='ltr' id='par_1_61' title="bbox 88 3257 1726 3332">
     <span class='ocr_line' id='line_1_65' title="bbox 88 3257 1726 3332; baseline -0.015 0"><span class='ocrx_word' id='word_1_499' title='bbox 88 3283 235 3332; x_wconf 86' lang='lat' dir='ltr'><strong>creta</strong></span> <span class='ocrx_word' id='word_1_500' title='bbox 257 3271 597 3330; x_wconf 86' lang='lat' dir='ltr'><strong>facientibus</strong></span> <span class='ocrx_word' id='word_1_501' title='bbox 620 3270 678 3325; x_wconf 92' lang='lat' dir='ltr'><strong>in</strong></span> <span class='ocrx_word' id='word_1_502' title='bbox 706 3268 923 3324; x_wconf 89' lang='lat' dir='ltr'><strong>duabus</strong></span> <span class='ocrx_word' id='word_1_503' title='bbox 948 3270 1006 3320; x_wconf 91' lang='lat' dir='ltr'><strong>et</strong></span> <span class='ocrx_word' id='word_1_504' title='bbox 1029 3266 1089 3319; x_wconf 92' lang='lat' dir='ltr'><strong>in</strong></span> <span class='ocrx_word' id='word_1_505' title='bbox 1119 3279 1232 3318; x_wconf 90' lang='lat' dir='ltr'><strong>una</strong></span> <span class='ocrx_word' id='word_1_506' title='bbox 1260 3275 1501 3330; x_wconf 88' lang='lat' dir='ltr'><strong>persona</strong></span> <span class='ocrx_word' id='word_1_507' title='bbox 1533 3257 1726 3311; x_wconf 88' lang='lat' dir='ltr'><strong>decre-</strong></span> 
     </span>
    </p>
   </div>
   <div class='ocr_carea' id='block_1_62' title="bbox 90 3346 1727 3429">
    <p class='ocr_par' dir='ltr' id='par_1_62' title="bbox 90 3346 1727 3429">
     <span class='ocr_line' id='line_1_66' title="bbox 90 3346 1727 3429; baseline -0.014 -9"><span class='ocrx_word' id='word_1_508' title='bbox 90 3370 208 3420; x_wconf 89' lang='lat' dir='ltr'><strong>tum</strong></span> <span class='ocrx_word' id='word_1_509' title='bbox 232 3364 447 3429; x_wconf 87' lang='lat' dir='ltr'><strong>facere,</strong></span> <span class='ocrx_word' id='word_1_510' title='bbox 481 3375 678 3415; x_wconf 89' lang='lat' dir='ltr'><strong>omnes</strong></span> <span class='ocrx_word' id='word_1_511' title='bbox 706 3361 896 3412; x_wconf 88' lang='lat' dir='ltr'><strong>tamen</strong></span> <span class='ocrx_word' id='word_1_512' title='bbox 918 3355 1065 3409; x_wconf 82' lang='lat' dir='ltr'><strong>dicta</strong></span> <span class='ocrx_word' id='word_1_513' title='bbox 1098 3370 1132 3405; x_wconf 91' lang='lat' dir='ltr'><strong>a</strong></span> <span class='ocrx_word' id='word_1_514' title='bbox 1161 3350 1321 3405; x_wconf 88' lang='lat' dir='ltr'><strong>nobis</strong></span> <span class='ocrx_word' id='word_1_515' title='bbox 1347 3347 1618 3402; x_wconf 83' lang='lat' dir='ltr'><strong>habentes</strong></span> <span class='ocrx_word' id='word_1_516' title='bbox 1642 3346 1727 3398; x_wconf 89' lang='lat' dir='ltr'><strong>te-</strong></span> 
     </span>
    </p>
   </div>
   <div class='ocr_carea' id='block_1_63' title="bbox 90 3436 1731 3522">
    <p class='ocr_par' dir='ltr' id='par_1_63' title="bbox 90 3436 1731 3522">
     <span class='ocr_line' id='line_1_67' title="bbox 90 3436 1731 3522; baseline -0.014 -10"><span class='ocrx_word' id='word_1_517' title='bbox 90 3455 378 3512; x_wconf 87' lang='lat' dir='ltr'><strong>stimonia.</strong></span> <span class='ocrx_word' id='word_1_518' title='bbox 418 3453 476 3509; x_wconf 89' lang='lat' dir='ltr'><strong>Si</strong></span> <span class='ocrx_word' id='word_1_519' title='bbox 500 3468 632 3507; x_wconf 90' lang='lat' dir='ltr'><strong>vero</strong></span> <span class='ocrx_word' id='word_1_520' title='bbox 658 3450 759 3522; x_wconf 89' lang='lat' dir='ltr'><strong>qui</strong></span> <span class='ocrx_word' id='word_1_521' title='bbox 787 3448 996 3503; x_wconf 90' lang='lat' dir='ltr'><strong>debent</strong></span> <span class='ocrx_word' id='word_1_522' title='bbox 1031 3445 1360 3515; x_wconf 89' lang='lat' dir='ltr'><strong>episcopum</strong></span> <span class='ocrx_word' id='word_1_523' title='bbox 1384 3439 1595 3510; x_wconf 83' lang='lat' dir='ltr'><strong>eligere</strong></span> <span class='ocrx_word' id='word_1_524' title='bbox 1620 3436 1731 3491; x_wconf 91' lang='lat' dir='ltr'><strong>cito</strong></span> 
     </span>
    </p>
   </div>
   <div class='ocr_carea' id='block_1_64' title="bbox 91 3530 1728 3622">
    <p class='ocr_par' dir='ltr' id='par_1_64' title="bbox 91 3530 1728 3622">
     <span class='ocr_line' id='line_1_68' title="bbox 91 3530 1728 3622; baseline -0.014 -16"><span class='ocrx_word' id='word_1_525' title='bbox 91 3552 204 3622; x_wconf 88' lang='lat' dir='ltr'><strong>ipsa</strong></span> <span class='ocrx_word' id='word_1_526' title='bbox 237 3549 471 3604; x_wconf 86' lang='lat' dir='ltr'><strong>decreta</strong></span> <span class='ocrx_word' id='word_1_527' title='bbox 494 3546 643 3599; x_wconf 88' lang='lat' dir='ltr'><strong>intra</strong></span> <span class='ocrx_word' id='word_1_528' title='bbox 671 3557 898 3597; x_wconf 89' lang='lat' dir='ltr'><strong>menses</strong></span> <span class='ocrx_word' id='word_1_529' title='bbox 924 3556 1018 3594; x_wconf 87' lang='lat' dir='ltr'><strong>sex</strong></span> <span class='ocrx_word' id='word_1_530' title='bbox 1051 3538 1110 3592; x_wconf 91' lang='lat' dir='ltr'><strong>id</strong></span> <span class='ocrx_word' id='word_1_531' title='bbox 1134 3536 1319 3608; x_wconf 88' lang='lat' dir='ltr'><strong>ipsum</strong></span> <span class='ocrx_word' id='word_1_532' title='bbox 1348 3549 1465 3588; x_wconf 92' lang='lat' dir='ltr'><strong>non</strong></span> <span class='ocrx_word' id='word_1_533' title='bbox 1489 3530 1728 3595; x_wconf 82' lang='lat' dir='ltr'><strong>faciant,</strong></span> 
     </span>
    </p>
   </div>
   <div class='ocr_carea' id='block_1_65' title="bbox 91 3627 1736 3713">
    <p class='ocr_par' dir='ltr' id='par_1_65' title="bbox 91 3627 1736 3713">
     <span class='ocr_line' id='line_1_69' title="bbox 91 3627 1736 3713; baseline -0.013 -15"><span class='ocrx_word' id='word_1_534' title='bbox 91 3651 224 3698; x_wconf 88' lang='lat' dir='ltr'><strong>tunc</strong></span> <span class='ocrx_word' id='word_1_535' title='bbox 247 3638 507 3713; x_wconf 85' lang='lat' dir='ltr'><strong>periculo</strong></span> <span class='ocrx_word' id='word_1_536' title='bbox 524 3636 767 3709; x_wconf 69' lang='lat' dir='ltr'><strong>propriae</strong></span> <span class='ocrx_word' id='word_1_537' title='bbox 793 3634 1001 3689; x_wconf 71' lang='lat' dir='ltr'><strong>animas</strong></span> <span class='ocrx_word' id='word_1_538' title='bbox 1015 3632 1108 3686; x_wconf 90' lang='lat' dir='ltr'><strong>ille</strong></span> <span class='ocrx_word' id='word_1_539' title='bbox 1127 3644 1302 3701; x_wconf 88' lang='lat' dir='ltr'><strong>quem</strong></span> <span class='ocrx_word' id='word_1_540' title='bbox 1319 3627 1582 3681; x_wconf 85' lang='lat' dir='ltr'><strong>ordinare</strong></span> <span class='ocrx_word' id='word_1_541' title='bbox 1602 3639 1736 3677; x_wconf 90' lang='lat' dir='ltr'><strong>con-</strong></span> 
     </span>
    </p>
   </div>
   <div class='ocr_carea' id='block_1_66' title="bbox 92 3715 1730 3805">
    <p class='ocr_par' dir='ltr' id='par_1_66' title="bbox 92 3715 1730 3805">
     <span class='ocr_line' id='line_1_70' title="bbox 92 3715 1730 3805; baseline -0.012 -16"><span class='ocrx_word' id='word_1_542' title='bbox 92 3736 244 3791; x_wconf 82' lang='lat' dir='ltr'><strong>venit</strong></span> <span class='ocrx_word' id='word_1_543' title='bbox 264 3734 597 3805; x_wconf 87' lang='lat' dir='ltr'><strong>episcopum</strong></span> <span class='ocrx_word' id='word_1_544' title='bbox 618 3729 861 3795; x_wconf 90' lang='lat' dir='ltr'><strong>ordinet,</strong></span> <span class='ocrx_word' id='word_1_545' title='bbox 884 3724 1148 3781; x_wconf 90' lang='lat' dir='ltr'><strong>omnibus</strong></span> <span class='ocrx_word' id='word_1_546' title='bbox 1170 3721 1292 3777; x_wconf 91' lang='lat' dir='ltr'><strong>aliis</strong></span> <span class='ocrx_word' id='word_1_547' title='bbox 1310 3735 1440 3791; x_wconf 68' lang='lat' dir='ltr'><strong>quae</strong></span> <span class='ocrx_word' id='word_1_548' title='bbox 1462 3715 1730 3789; x_wconf 66' lang='lat' dir='ltr'><strong>praedixi-</strong></span> 
     </span>
    </p>
   </div>
   <div class='ocr_carea' id='block_1_67' title="bbox 92 3810 1735 3889">
    <p class='ocr_par' dir='ltr' id='par_1_67' title="bbox 92 3810 1735 3889">
     <span class='ocr_line' id='line_1_71' title="bbox 92 3810 1735 3889; baseline -0.013 -5"><span class='ocrx_word' id='word_1_549' title='bbox 92 3846 216 3884; x_wconf 91' lang='lat' dir='ltr'><strong>mus</strong></span> <span class='ocrx_word' id='word_1_550' title='bbox 244 3823 628 3882; x_wconf 88' lang='lat' dir='ltr'><strong>observandis.</strong></span> <span class='ocrx_word' id='word_1_551' title='bbox 660 3821 759 3876; x_wconf 85' lang='lat' dir='ltr'><strong>Exi</strong></span> <span class='ocrx_word' id='word_1_552' title='bbox 767 3823 933 3889; x_wconf 83' lang='lat' dir='ltr'><strong>gatur</strong></span> <span class='ocrx_word' id='word_1_553' title='bbox 950 3819 1144 3872; x_wconf 86' lang='lat' dir='ltr'><strong>autem</strong></span> <span class='ocrx_word' id='word_1_554' title='bbox 1162 3815 1321 3886; x_wconf 90' lang='lat' dir='ltr'><strong>prius</strong></span> <span class='ocrx_word' id='word_1_555' title='bbox 1342 3812 1413 3867; x_wconf 91' lang='lat' dir='ltr'><strong>ab</strong></span> <span class='ocrx_word' id='word_1_556' title='bbox 1446 3828 1512 3866; x_wconf 88' lang='lat' dir='ltr'><strong>eo</strong></span> <span class='ocrx_word' id='word_1_557' title='bbox 1530 3810 1628 3882; x_wconf 90' lang='lat' dir='ltr'><strong>qui</strong></span> <span class='ocrx_word' id='word_1_558' title='bbox 1649 3825 1735 3864; x_wconf 89' lang='lat' dir='ltr'><strong>or-</strong></span> 
     </span>
    </p>
   </div>
   <div class='ocr_carea' id='block_1_68' title="bbox 94 3906 1732 3987">
    <p class='ocr_par' dir='ltr' id='par_1_68' title="bbox 94 3906 1732 3987">
     <span class='ocr_line' id='line_1_72' title="bbox 94 3906 1732 3987; baseline -0.013 -10"><span class='ocrx_word' id='word_1_559' title='bbox 94 3920 380 3978; x_wconf 86' lang='lat' dir='ltr'><strong>dinandus</strong></span> <span class='ocrx_word' id='word_1_560' title='bbox 400 3921 504 3984; x_wconf 90' lang='lat' dir='ltr'><strong>est,</strong></span> <span class='ocrx_word' id='word_1_561' title='bbox 528 3931 632 3987; x_wconf 89' lang='lat' dir='ltr'><strong>per</strong></span> <span class='ocrx_word' id='word_1_562' title='bbox 655 3930 789 3970; x_wconf 89' lang='lat' dir='ltr'><strong>eum</strong></span> <span class='ocrx_word' id='word_1_563' title='bbox 812 3912 911 3984; x_wconf 90' lang='lat' dir='ltr'><strong>qui</strong></span> <span class='ocrx_word' id='word_1_564' title='bbox 940 3910 1184 3977; x_wconf 90' lang='lat' dir='ltr'><strong>ordinat,</strong></span> <span class='ocrx_word' id='word_1_565' title='bbox 1202 3906 1424 3962; x_wconf 88' lang='lat' dir='ltr'><strong>libellus</strong></span> <span class='ocrx_word' id='word_1_566' title='bbox 1448 3920 1579 3959; x_wconf 91' lang='lat' dir='ltr'><strong>cum</strong></span> <span class='ocrx_word' id='word_1_567' title='bbox 1599 3919 1732 3974; x_wconf 90' lang='lat' dir='ltr'><strong>pro—</strong></span> 
     </span>
    </p>
   </div>
   <div class='ocr_carea' id='block_1_69' title="bbox 93 3994 1736 4087">
    <p class='ocr_par' dir='ltr' id='par_1_69' title="bbox 93 3994 1736 4087">
     <span class='ocr_line' id='line_1_73' title="bbox 93 3994 1736 4087; baseline -0.013 -17"><span class='ocrx_word' id='word_1_568' title='bbox 93 4016 217 4087; x_wconf 88' lang='lat' dir='ltr'><strong>pria</strong></span> <span class='ocrx_word' id='word_1_569' title='bbox 235 4013 391 4068; x_wconf 90' lang='lat' dir='ltr'><strong>illius</strong></span> <span class='ocrx_word' id='word_1_570' title='bbox 406 4007 974 4079; x_wconf 65' lang='lat' dir='ltr'><strong>subscriptione,qum</strong></span> <span class='ocrx_word' id='word_1_571' title='bbox 987 4002 1264 4058; x_wconf 90' lang='lat' dir='ltr'><strong>rationem</strong></span> <span class='ocrx_word' id='word_1_572' title='bbox 1279 4005 1448 4055; x_wconf 70' lang='lat' dir='ltr'><strong>rectae</strong></span> <span class='ocrx_word' id='word_1_573' title='bbox 1467 3997 1590 4068; x_wconf 88' lang='lat' dir='ltr'><strong>ejus</strong></span> <span class='ocrx_word' id='word_1_574' title='bbox 1604 3994 1736 4050; x_wconf 85' lang='lat' dir='ltr'><strong>fidei</strong></span> 
     </span>
    </p>
   </div>
   <div class='ocr_carea' id='block_1_70' title="bbox 96 4088 1737 4178">
    <p class='ocr_par' dir='ltr' id='par_1_70' title="bbox 96 4088 1737 4178">
     <span class='ocr_line' id='line_1_74' title="bbox 96 4088 1737 4178; baseline -0.012 -15"><span class='ocrx_word' id='word_1_575' title='bbox 96 4103 563 4178; x_wconf 88' lang='lat' dir='ltr'><strong>comprehendat.</strong></span> <span class='ocrx_word' id='word_1_576' title='bbox 611 4098 947 4155; x_wconf 89' lang='lat' dir='ltr'><strong>Pronuntiet</strong></span> <span class='ocrx_word' id='word_1_577' title='bbox 990 4100 1184 4151; x_wconf 89' lang='lat' dir='ltr'><strong>autem</strong></span> <span class='ocrx_word' id='word_1_578' title='bbox 1219 4095 1266 4149; x_wconf 91' lang='lat' dir='ltr'><strong>is</strong></span> <span class='ocrx_word' id='word_1_579' title='bbox 1305 4107 1520 4147; x_wconf 90' lang='lat' dir='ltr'><strong>sacram</strong></span> <span class='ocrx_word' id='word_1_580' title='bbox 1563 4088 1737 4144; x_wconf 87' lang='lat' dir='ltr'><strong>etiam</strong></span> 
     </span>
    </p>
   </div>
   <div class='ocr_carea' id='block_1_71' title="bbox 96 4186 1738 4266">
    <p class='ocr_par' dir='ltr' id='par_1_71' title="bbox 96 4186 1738 4266">
     <span class='ocr_line' id='line_1_75' title="bbox 96 4186 1738 4266; baseline -0.012 -11"><span class='ocrx_word' id='word_1_581' title='bbox 96 4199 446 4255; x_wconf 89' lang='lat' dir='ltr'><strong>oblationem</strong></span> <span class='ocrx_word' id='word_1_582' title='bbox 472 4211 603 4266; x_wconf 79' lang='lat' dir='ltr'><strong>quae</strong></span> <span class='ocrx_word' id='word_1_583' title='bbox 634 4194 691 4248; x_wconf 92' lang='lat' dir='ltr'><strong>in</strong></span> <span class='ocrx_word' id='word_1_584' title='bbox 717 4195 908 4247; x_wconf 89' lang='lat' dir='ltr'><strong>sancta</strong></span> <span class='ocrx_word' id='word_1_585' title='bbox 936 4191 1009 4244; x_wconf 89' lang='lat' dir='ltr'><strong>sit</strong></span> <span class='ocrx_word' id='word_1_586' title='bbox 1044 4186 1444 4243; x_wconf 88' lang='lat' dir='ltr'><strong>communione</strong></span> <span class='ocrx_word' id='word_1_587' title='bbox 1463 4226 1476 4252; x_wconf 94' lang='lat'><strong>,</strong></span> <span class='ocrx_word' id='word_1_588' title='bbox 1522 4188 1580 4239; x_wconf 89' lang='lat' dir='ltr'><strong>et</strong></span> <span class='ocrx_word' id='word_1_589' title='bbox 1606 4197 1738 4237; x_wconf 89' lang='lat' dir='ltr'><strong>cum</strong></span> 
     </span>
    </p>
   </div>
   <div class='ocr_carea' id='block_1_72' title="bbox 97 4277 1740 4360">
    <p class='ocr_par' dir='ltr' id='par_1_72' title="bbox 97 4277 1740 4360">
     <span class='ocr_line' id='line_1_76' title="bbox 97 4277 1740 4360; baseline -0.012 -11"><span class='ocrx_word' id='word_1_590' title='bbox 97 4291 316 4349; x_wconf 65' lang='lat' dir='ltr'><strong>caeteris</strong></span> <span class='ocrx_word' id='word_1_591' title='bbox 346 4288 605 4360; x_wconf 89' lang='lat' dir='ltr'><strong>precibus</strong></span> <span class='ocrx_word' id='word_1_592' title='bbox 625 4302 718 4342; x_wconf 91' lang='lat' dir='ltr'><strong>eas</strong></span> <span class='ocrx_word' id='word_1_593' title='bbox 733 4299 962 4357; x_wconf 84' lang='lat' dir='ltr'><strong>quoque</strong></span> <span class='ocrx_word' id='word_1_594' title='bbox 977 4299 1107 4354; x_wconf 61' lang='lat' dir='ltr'><strong>quae</strong></span> <span class='ocrx_word' id='word_1_595' title='bbox 1119 4282 1180 4336; x_wconf 92' lang='lat' dir='ltr'><strong>in</strong></span> <span class='ocrx_word' id='word_1_596' title='bbox 1195 4296 1353 4335; x_wconf 90' lang='lat' dir='ltr'><strong>sacro</strong></span> <span class='ocrx_word' id='word_1_597' title='bbox 1371 4277 1740 4350; x_wconf 89' lang='lat' dir='ltr'><strong>proferuntur</strong></span> 
     </span>
    </p>
   </div>
   <div class='ocr_carea' id='block_1_73' title="bbox 96 4370 1738 4457">
    <p class='ocr_par' dir='ltr' id='par_1_73' title="bbox 96 4370 1738 4457">
     <span class='ocr_line' id='line_1_77' title="bbox 96 4370 1738 4457; baseline -0.012 -16"><span class='ocrx_word' id='word_1_598' title='bbox 96 4384 457 4457; x_wconf 88' lang='lat' dir='ltr'><strong>baptismate.</strong></span> <span class='ocrx_word' id='word_1_599' title='bbox 480 4380 688 4437; x_wconf 89' lang='lat' dir='ltr'><strong>Subeat</strong></span> <span class='ocrx_word' id='word_1_600' title='bbox 703 4379 938 4448; x_wconf 89' lang='lat' dir='ltr'><strong>insuper</strong></span> <span class='ocrx_word' id='word_1_601' title='bbox 956 4376 1003 4430; x_wconf 91' lang='lat' dir='ltr'><strong>is</strong></span> <span class='ocrx_word' id='word_1_602' title='bbox 1017 4374 1115 4447; x_wconf 89' lang='lat' dir='ltr'><strong>qui</strong></span> <span class='ocrx_word' id='word_1_603' title='bbox 1141 4373 1437 4429; x_wconf 90' lang='lat' dir='ltr'><strong>ordinatur</strong></span> <span class='ocrx_word' id='word_1_604' title='bbox 1444 4370 1558 4443; x_wconf 90' lang='lat' dir='ltr'><strong>jusj</strong></span> <span class='ocrx_word' id='word_1_605' title='bbox 1566 4384 1738 4424; x_wconf 89' lang='lat' dir='ltr'><strong>uran-</strong></span> 
     </span>
    </p>
   </div>
   <div class='ocr_carea' id='block_1_74' title="bbox 97 4468 1738 4548">
    <p class='ocr_par' dir='ltr' id='par_1_74' title="bbox 97 4468 1738 4548">
     <span class='ocr_line' id='line_1_78' title="bbox 97 4468 1738 4548; baseline -0.01 -14"><span class='ocrx_word' id='word_1_606' title='bbox 97 4480 233 4534; x_wconf 91' lang='lat' dir='ltr'><strong>dum</strong></span> <span class='ocrx_word' id='word_1_607' title='bbox 267 4492 376 4548; x_wconf 90' lang='lat' dir='ltr'><strong>per</strong></span> <span class='ocrx_word' id='word_1_608' title='bbox 398 4478 619 4529; x_wconf 82' lang='lat' dir='ltr'><strong>sanctas</strong></span> <span class='ocrx_word' id='word_1_609' title='bbox 647 4471 981 4542; x_wconf 89' lang='lat' dir='ltr'><strong>Scripturas,</strong></span> <span class='ocrx_word' id='word_1_610' title='bbox 998 4468 1148 4540; x_wconf 89' lang='lat' dir='ltr'><strong>quod</strong></span> <span class='ocrx_word' id='word_1_611' title='bbox 1173 4483 1360 4537; x_wconf 88' lang='lat' dir='ltr'><strong>neque</strong></span> <span class='ocrx_word' id='word_1_612' title='bbox 1386 4480 1490 4536; x_wconf 89' lang='lat' dir='ltr'><strong>per</strong></span> <span class='ocrx_word' id='word_1_613' title='bbox 1525 4480 1605 4531; x_wconf 89' lang='lat' dir='ltr'><strong>se,</strong></span> <span class='ocrx_word' id='word_1_614' title='bbox 1634 4477 1738 4517; x_wconf 84' lang='lat' dir='ltr'><strong>ne-</strong></span> 
     </span>
    </p>
   </div>
   <div class='ocr_carea' id='block_1_75' title="bbox 1828 3256 3464 3355">
    <p class='ocr_par' dir='ltr' id='par_1_75' title="bbox 1828 3256 3464 3355">
     <span class='ocr_line' id='line_1_79' title="bbox 1828 3256 3464 3355; baseline -0.025 -10"><span class='ocrx_word' id='word_1_615' title='bbox 1828 3256 2006 3345; x_wconf 73' lang='lat' dir='ltr'><strong>factus</strong></span> <span class='ocrx_word' id='word_1_616' title='bbox 2032 3287 2135 3355; x_wconf 88' lang='lat' dir='ltr'><strong>est,</strong></span> <span class='ocrx_word' id='word_1_617' title='bbox 2162 3283 2319 3337; x_wconf 88' lang='lat' dir='ltr'><strong>datas</strong></span> <span class='ocrx_word' id='word_1_618' title='bbox 2343 3292 2433 3332; x_wconf 90' lang='lat' dir='ltr'><strong>res</strong></span> <span class='ocrx_word' id='word_1_619' title='bbox 2457 3275 2517 3330; x_wconf 90' lang='lat' dir='ltr'><strong>in</strong></span> <span class='ocrx_word' id='word_1_620' title='bbox 2544 3272 2781 3344; x_wconf 89' lang='lat' dir='ltr'><strong>duplum</strong></span> <span class='ocrx_word' id='word_1_621' title='bbox 2811 3266 2881 3321; x_wconf 90' lang='lat' dir='ltr'><strong>ab</strong></span> <span class='ocrx_word' id='word_1_622' title='bbox 2906 3280 2973 3319; x_wconf 92' lang='lat' dir='ltr'><strong>eo</strong></span> <span class='ocrx_word' id='word_1_623' title='bbox 3004 3259 3157 3330; x_wconf 81' lang='lat' dir='ltr'><strong>exigi</strong></span> <span class='ocrx_word' id='word_1_624' title='bbox 3174 3256 3464 3329; x_wconf 87' lang='lat' dir='ltr'><strong>juhemus,</strong></span> 
     </span>
    </p>
   </div>
   <div class='ocr_carea' id='block_1_76' title="bbox 1831 3355 3471 3438">
    <p class='ocr_par' dir='ltr' id='par_1_76' title="bbox 1831 3355 3471 3438">
     <span class='ocr_line' id='line_1_80' title="bbox 1831 3355 3471 3438; baseline -0.025 0"><span class='ocrx_word' id='word_1_625' title='bbox 1831 3377 2193 3438; x_wconf 82' lang='lat' dir='ltr'><strong>vindicandas</strong></span> <span class='ocrx_word' id='word_1_626' title='bbox 2218 3371 2429 3428; x_wconf 85' lang='lat' dir='ltr'><strong>scilicet</strong></span> <span class='ocrx_word' id='word_1_627' title='bbox 2455 3366 2725 3423; x_wconf 72' lang='lat' dir='ltr'><strong>ecclesiae.</strong></span> <span class='ocrx_word' id='word_1_628' title='bbox 2761 3362 2884 3416; x_wconf 89' lang='lat' dir='ltr'><strong>Non</strong></span> <span class='ocrx_word' id='word_1_629' title='bbox 2915 3357 3099 3412; x_wconf 91' lang='lat' dir='ltr'><strong>solum</strong></span> <span class='ocrx_word' id='word_1_630' title='bbox 3125 3355 3315 3406; x_wconf 88' lang='lat' dir='ltr'><strong>autem</strong></span> <span class='ocrx_word' id='word_1_631' title='bbox 3340 3360 3471 3418; x_wconf 73' lang='lat' dir='ltr'><strong>quas</strong></span> 
     </span>
    </p>
   </div>
   <div class='ocr_carea' id='block_1_77' title="bbox 1832 3440 3472 3530">
    <p class='ocr_par' dir='ltr' id='par_1_77' title="bbox 1832 3440 3472 3530">
     <span class='ocr_line' id='line_1_81' title="bbox 1832 3440 3472 3530; baseline -0.024 1"><span class='ocrx_word' id='word_1_632' title='bbox 1832 3478 1937 3530; x_wconf 90' lang='lat' dir='ltr'><strong>hoc</strong></span> <span class='ocrx_word' id='word_1_633' title='bbox 1965 3472 2132 3527; x_wconf 87' lang='lat' dir='ltr'><strong>modo</strong></span> <span class='ocrx_word' id='word_1_634' title='bbox 2160 3470 2287 3523; x_wconf 89' lang='lat' dir='ltr'><strong>data</strong></span> <span class='ocrx_word' id='word_1_635' title='bbox 2313 3467 2447 3519; x_wconf 91' lang='lat' dir='ltr'><strong>sunt</strong></span> <span class='ocrx_word' id='word_1_636' title='bbox 2472 3456 2743 3514; x_wconf 87' lang='lat' dir='ltr'><strong>vindicari</strong></span> <span class='ocrx_word' id='word_1_637' title='bbox 2768 3449 3149 3526; x_wconf 60' lang='lat' dir='ltr'><strong>praecipimus,</strong></span> <span class='ocrx_word' id='word_1_638' title='bbox 3172 3443 3271 3499; x_wconf 88' lang='lat' dir='ltr'><strong>sed</strong></span> <span class='ocrx_word' id='word_1_639' title='bbox 3296 3440 3472 3495; x_wconf 89' lang='lat' dir='ltr'><strong>etiam</strong></span> 
     </span>
    </p>
   </div>
   <div class='ocr_carea' id='block_1_78' title="bbox 1833 3531 3473 3626">
    <p class='ocr_par' dir='ltr' id='par_1_78' title="bbox 1833 3531 3473 3626">
     <span class='ocr_line' id='line_1_82' title="bbox 1833 3531 3473 3626; baseline -0.024 -2"><span class='ocrx_word' id='word_1_640' title='bbox 1833 3581 2062 3624; x_wconf 86' lang='lat' dir='ltr'><strong>omnem</strong></span> <span class='ocrx_word' id='word_1_641' title='bbox 2085 3560 2407 3618; x_wconf 87' lang='lat' dir='ltr'><strong>cautionem</strong></span> <span class='ocrx_word' id='word_1_642' title='bbox 2437 3571 2539 3626; x_wconf 91' lang='lat' dir='ltr'><strong>pro</strong></span> <span class='ocrx_word' id='word_1_643' title='bbox 2566 3553 2671 3606; x_wconf 92' lang='lat' dir='ltr'><strong>hoc</strong></span> <span class='ocrx_word' id='word_1_644' title='bbox 2699 3559 3037 3619; x_wconf 87' lang='lat' dir='ltr'><strong>quocunque</strong></span> <span class='ocrx_word' id='word_1_645' title='bbox 3064 3538 3235 3594; x_wconf 90' lang='lat' dir='ltr'><strong>modo</strong></span> <span class='ocrx_word' id='word_1_646' title='bbox 3257 3531 3473 3605; x_wconf 74' lang='lat' dir='ltr'><strong>exposi-</strong></span> 
     </span>
    </p>
   </div>
   <div class='ocr_carea' id='block_1_79' title="bbox 1835 3632 3472 3727">
    <p class='ocr_par' dir='ltr' id='par_1_79' title="bbox 1835 3632 3472 3727">
     <span class='ocr_line' id='line_1_83' title="bbox 1835 3632 3472 3727; baseline -0.025 -11"><span class='ocrx_word' id='word_1_647' title='bbox 1835 3666 1969 3727; x_wconf 88' lang='lat' dir='ltr'><strong>tam,</strong></span> <span class='ocrx_word' id='word_1_648' title='bbox 2000 3661 2056 3712; x_wconf 89' lang='lat' dir='ltr'><strong>et</strong></span> <span class='ocrx_word' id='word_1_649' title='bbox 2088 3654 2397 3726; x_wconf 82' lang='lat' dir='ltr'><strong>pignorum</strong></span> <span class='ocrx_word' id='word_1_650' title='bbox 2427 3663 2490 3700; x_wconf 91' lang='lat' dir='ltr'><strong>ac</strong></span> <span class='ocrx_word' id='word_1_651' title='bbox 2516 3638 2862 3714; x_wconf 82' lang='lat' dir='ltr'><strong>fidejussoris</strong></span> <span class='ocrx_word' id='word_1_652' title='bbox 2887 3632 3318 3705; x_wconf 86' lang='lat' dir='ltr'><strong>obligationem,</strong></span> <span class='ocrx_word' id='word_1_653' title='bbox 3346 3639 3472 3677; x_wconf 85' lang='lat' dir='ltr'><strong>om-</strong></span> 
     </span>
    </p>
   </div>
   <div class='ocr_carea' id='block_1_80' title="bbox 1832 3727 3476 3819">
    <p class='ocr_par' dir='ltr' id='par_1_80' title="bbox 1832 3727 3476 3819">
     <span class='ocr_line' id='line_1_84' title="bbox 1832 3727 3476 3819; baseline -0.024 -11"><span class='ocrx_word' id='word_1_654' title='bbox 1832 3769 1966 3809; x_wconf 84' lang='lat' dir='ltr'><strong>nem</strong></span> <span class='ocrx_word' id='word_1_655' title='bbox 1988 3748 2234 3819; x_wconf 87' lang='lat' dir='ltr'><strong>denique</strong></span> <span class='ocrx_word' id='word_1_656' title='bbox 2248 3743 2414 3798; x_wconf 88' lang='lat' dir='ltr'><strong>aliam</strong></span> <span class='ocrx_word' id='word_1_657' title='bbox 2431 3747 2831 3811; x_wconf 87' lang='lat' dir='ltr'><strong>quamcunque</strong></span> <span class='ocrx_word' id='word_1_658' title='bbox 2844 3727 3123 3783; x_wconf 88' lang='lat' dir='ltr'><strong>actionem</strong></span> <span class='ocrx_word' id='word_1_659' title='bbox 3139 3733 3335 3775; x_wconf 89' lang='lat' dir='ltr'><strong>vacare</strong></span> <span class='ocrx_word' id='word_1_660' title='bbox 3352 3732 3476 3771; x_wconf 88' lang='lat' dir='ltr'><strong>san-</strong></span> 
     </span>
    </p>
   </div>
   <div class='ocr_carea' id='block_1_81' title="bbox 1834 3810 3473 3910">
    <p class='ocr_par' dir='ltr' id='par_1_81' title="bbox 1834 3810 3473 3910">
     <span class='ocr_line' id='line_1_85' title="bbox 1834 3810 3473 3910; baseline -0.024 -9"><span class='ocrx_word' id='word_1_661' title='bbox 1834 3846 2035 3902; x_wconf 90' lang='lat' dir='ltr'><strong>cimus.</strong></span> <span class='ocrx_word' id='word_1_662' title='bbox 2068 3844 2250 3910; x_wconf 90' lang='lat' dir='ltr'><strong>Atque</strong></span> <span class='ocrx_word' id='word_1_663' title='bbox 2275 3836 2509 3904; x_wconf 89' lang='lat' dir='ltr'><strong>insuper</strong></span> <span class='ocrx_word' id='word_1_664' title='bbox 2544 3829 2642 3901; x_wconf 89' lang='lat' dir='ltr'><strong>qui</strong></span> <span class='ocrx_word' id='word_1_665' title='bbox 2676 3822 3102 3898; x_wconf 89' lang='lat' dir='ltr'><strong>promissionem</strong></span> <span class='ocrx_word' id='word_1_666' title='bbox 3126 3810 3436 3884; x_wconf 87' lang='lat' dir='ltr'><strong>acceptavit</strong></span> <span class='ocrx_word' id='word_1_667' title='bbox 3456 3850 3473 3877; x_wconf 90' lang='lat'><strong>,</strong></span> 
     </span>
    </p>
   </div>
   <div class='ocr_carea' id='block_1_82' title="bbox 1833 3906 3477 3994">
    <p class='ocr_par' dir='ltr' id='par_1_82' title="bbox 1833 3906 3477 3994">
     <span class='ocr_line' id='line_1_86' title="bbox 1833 3906 3477 3994; baseline -0.023 0"><span class='ocrx_word' id='word_1_668' title='bbox 1833 3954 1950 3994; x_wconf 91' lang='lat' dir='ltr'><strong>non</strong></span> <span class='ocrx_word' id='word_1_669' title='bbox 1974 3936 2160 3990; x_wconf 90' lang='lat' dir='ltr'><strong>solum</strong></span> <span class='ocrx_word' id='word_1_670' title='bbox 2188 3925 2598 3986; x_wconf 76' lang='lat' dir='ltr'><strong>confessionem</strong></span> <span class='ocrx_word' id='word_1_671' title='bbox 2634 3917 2872 3984; x_wconf 88' lang='lat' dir='ltr'><strong>reddito,</strong></span> <span class='ocrx_word' id='word_1_672' title='bbox 2902 3913 3001 3969; x_wconf 89' lang='lat' dir='ltr'><strong>sed</strong></span> <span class='ocrx_word' id='word_1_673' title='bbox 3029 3910 3199 3967; x_wconf 89' lang='lat' dir='ltr'><strong>etiam</strong></span> <span class='ocrx_word' id='word_1_674' title='bbox 3231 3906 3477 3961; x_wconf 88' lang='lat' dir='ltr'><strong>alterum</strong></span> 
     </span>
    </p>
   </div>
   <div class='ocr_carea' id='block_1_83' title="bbox 1836 3996 3474 4098">
    <p class='ocr_par' dir='ltr' id='par_1_83' title="bbox 1836 3996 3474 4098">
     <span class='ocr_line' id='line_1_87' title="bbox 1836 3996 3474 4098; baseline -0.023 -11"><span class='ocrx_word' id='word_1_675' title='bbox 1836 4033 2057 4088; x_wconf 90' lang='lat' dir='ltr'><strong>tantum</strong></span> <span class='ocrx_word' id='word_1_676' title='bbox 2109 4025 2389 4098; x_wconf 90' lang='lat' dir='ltr'><strong>quantum</strong></span> <span class='ocrx_word' id='word_1_677' title='bbox 2437 4013 2787 4072; x_wconf 89' lang='lat' dir='ltr'><strong>confessione</strong></span> <span class='ocrx_word' id='word_1_678' title='bbox 2835 4007 3159 4063; x_wconf 89' lang='lat' dir='ltr'><strong>continetur</strong></span> <span class='ocrx_word' id='word_1_679' title='bbox 3211 3996 3474 4069; x_wconf 84' lang='lat' dir='ltr'><strong>exigitor,</strong></span> 
     </span>
    </p>
   </div>
   <div class='ocr_carea' id='block_1_84' title="bbox 1836 4100 3479 4201">
    <p class='ocr_par' dir='ltr' id='par_1_84' title="bbox 1836 4100 3479 4201">
     <span class='ocr_line' id='line_1_88' title="bbox 1836 4100 3479 4201; baseline -0.023 -17"><span class='ocrx_word' id='word_1_680' title='bbox 1836 4127 1988 4201; x_wconf 90' lang='lat' dir='ltr'><strong>quod</strong></span> <span class='ocrx_word' id='word_1_681' title='bbox 2016 4125 2203 4197; x_wconf 89' lang='lat' dir='ltr'><strong>ipsum</strong></span> <span class='ocrx_word' id='word_1_682' title='bbox 2247 4118 2370 4176; x_wconf 90' lang='lat' dir='ltr'><strong>dari</strong></span> <span class='ocrx_word' id='word_1_683' title='bbox 2410 4115 2577 4172; x_wconf 90' lang='lat' dir='ltr'><strong>debet</strong></span> <span class='ocrx_word' id='word_1_684' title='bbox 2604 4108 2875 4167; x_wconf 62' lang='lat' dir='ltr'><strong>ecclesias.</strong></span> <span class='ocrx_word' id='word_1_685' title='bbox 2921 4105 2980 4162; x_wconf 90' lang='lat' dir='ltr'><strong>Si</strong></span> <span class='ocrx_word' id='word_1_686' title='bbox 3020 4100 3148 4175; x_wconf 90' lang='lat' dir='ltr'><strong>quis</strong></span> <span class='ocrx_word' id='word_1_687' title='bbox 3174 4103 3367 4155; x_wconf 82' lang='lat' dir='ltr'><strong>tamen</strong></span> <span class='ocrx_word' id='word_1_688' title='bbox 3405 4107 3479 4149; x_wconf 90' lang='lat' dir='ltr'><strong>ex</strong></span> 
     </span>
    </p>
   </div>
   <div class='ocr_carea' id='block_1_85' title="bbox 1838 4193 3483 4293">
    <p class='ocr_par' dir='ltr' id='par_1_85' title="bbox 1838 4193 3483 4293">
     <span class='ocr_line' id='line_1_89' title="bbox 1838 4193 3483 4293; baseline -0.022 -16"><span class='ocrx_word' id='word_1_689' title='bbox 1838 4218 2136 4293; x_wconf 89' lang='lat' dir='ltr'><strong>episcopis,</strong></span> <span class='ocrx_word' id='word_1_690' title='bbox 2165 4215 2280 4271; x_wconf 87' lang='lat' dir='ltr'><strong>sive</strong></span> <span class='ocrx_word' id='word_1_691' title='bbox 2311 4213 2440 4267; x_wconf 90' lang='lat' dir='ltr'><strong>ante</strong></span> <span class='ocrx_word' id='word_1_692' title='bbox 2461 4204 2880 4263; x_wconf 87' lang='lat' dir='ltr'><strong>ordinationem</strong></span> <span class='ocrx_word' id='word_1_693' title='bbox 2903 4213 3084 4267; x_wconf 89' lang='lat' dir='ltr'><strong>suam,</strong></span> <span class='ocrx_word' id='word_1_694' title='bbox 3107 4193 3221 4250; x_wconf 89' lang='lat' dir='ltr'><strong>sive</strong></span> <span class='ocrx_word' id='word_1_695' title='bbox 3240 4193 3370 4264; x_wconf 89' lang='lat' dir='ltr'><strong>post</strong></span> <span class='ocrx_word' id='word_1_696' title='bbox 3395 4203 3483 4242; x_wconf 88' lang='lat' dir='ltr'><strong>or-</strong></span> 
     </span>
    </p>
   </div>
   <div class='ocr_carea' id='block_1_86' title="bbox 1838 4284 3484 4377">
    <p class='ocr_par' dir='ltr' id='par_1_86' title="bbox 1838 4284 3484 4377">
     <span class='ocr_line' id='line_1_90' title="bbox 1838 4284 3484 4377; baseline -0.022 -6"><span class='ocrx_word' id='word_1_697' title='bbox 1838 4314 2210 4377; x_wconf 87' lang='lat' dir='ltr'><strong>dinationem,</strong></span> <span class='ocrx_word' id='word_1_698' title='bbox 2231 4304 2470 4363; x_wconf 89' lang='lat' dir='ltr'><strong>voluerit</strong></span> <span class='ocrx_word' id='word_1_699' title='bbox 2495 4298 2753 4375; x_wconf 88' lang='lat' dir='ltr'><strong>proprias</strong></span> <span class='ocrx_word' id='word_1_700' title='bbox 2777 4312 2866 4351; x_wconf 91' lang='lat' dir='ltr'><strong>res</strong></span> <span class='ocrx_word' id='word_1_701' title='bbox 2891 4308 3018 4348; x_wconf 86' lang='lat' dir='ltr'><strong>suas</strong></span> <span class='ocrx_word' id='word_1_702' title='bbox 3045 4293 3145 4344; x_wconf 92' lang='lat' dir='ltr'><strong>aut</strong></span> <span class='ocrx_word' id='word_1_703' title='bbox 3173 4303 3241 4341; x_wconf 84' lang='lat' dir='ltr'><strong>ex</strong></span> <span class='ocrx_word' id='word_1_704' title='bbox 3267 4284 3336 4338; x_wconf 91' lang='lat' dir='ltr'><strong>iis</strong></span> <span class='ocrx_word' id='word_1_705' title='bbox 3356 4298 3484 4354; x_wconf 83' lang='lat' dir='ltr'><strong>par-</strong></span> 
     </span>
    </p>
   </div>
   <div class='ocr_carea' id='block_1_87' title="bbox 1839 4379 3483 4471">
    <p class='ocr_par' dir='ltr' id='par_1_87' title="bbox 1839 4379 3483 4471">
     <span class='ocr_line' id='line_1_91' title="bbox 1839 4379 3483 4471; baseline -0.023 -6"><span class='ocrx_word' id='word_1_706' title='bbox 1839 4413 1956 4464; x_wconf 89' lang='lat' dir='ltr'><strong>tem</strong></span> <span class='ocrx_word' id='word_1_707' title='bbox 1989 4402 2235 4461; x_wconf 65' lang='lat' dir='ltr'><strong>ecclesias</strong></span> <span class='ocrx_word' id='word_1_708' title='bbox 2260 4400 2420 4471; x_wconf 90' lang='lat' dir='ltr'><strong>cujus</strong></span> <span class='ocrx_word' id='word_1_709' title='bbox 2451 4391 2826 4451; x_wconf 89' lang='lat' dir='ltr'><strong>sacerdotium</strong></span> <span class='ocrx_word' id='word_1_710' title='bbox 2857 4383 3101 4456; x_wconf 89' lang='lat' dir='ltr'><strong>suscepit</strong></span> <span class='ocrx_word' id='word_1_711' title='bbox 3128 4379 3483 4444; x_wconf 81' lang='lat' dir='ltr'><strong>oil‘erre,non</strong></span> 
     </span>
    </p>
   </div>
   <div class='ocr_carea' id='block_1_88' title="bbox 1846 4470 3480 4565">
    <p class='ocr_par' dir='ltr' id='par_1_88' title="bbox 1846 4470 3480 4565">
     <span class='ocr_line' id='line_1_92' title="bbox 1846 4470 3480 4565; baseline -0.023 -8"><span class='ocrx_word' id='word_1_712' title='bbox 1846 4501 2027 4556; x_wconf 90' lang='lat' dir='ltr'><strong>solum</strong></span> <span class='ocrx_word' id='word_1_713' title='bbox 2053 4498 2112 4553; x_wconf 91' lang='lat' dir='ltr'><strong>id</strong></span> <span class='ocrx_word' id='word_1_714' title='bbox 2136 4512 2250 4551; x_wconf 92' lang='lat' dir='ltr'><strong>non</strong></span> <span class='ocrx_word' id='word_1_715' title='bbox 2277 4489 2664 4565; x_wconf 88' lang='lat' dir='ltr'><strong>prohibemus,</strong></span> <span class='ocrx_word' id='word_1_716' title='bbox 2699 4487 2757 4538; x_wconf 91' lang='lat' dir='ltr'><strong>et</strong></span> <span class='ocrx_word' id='word_1_717' title='bbox 2785 4478 2942 4536; x_wconf 90' lang='lat' dir='ltr'><strong>omni</strong></span> <span class='ocrx_word' id='word_1_718' title='bbox 2973 4491 3105 4532; x_wconf 91' lang='lat' dir='ltr'><strong>eum</strong></span> <span class='ocrx_word' id='word_1_719' title='bbox 3130 4470 3480 4527; x_wconf 84' lang='lat' dir='ltr'><strong>condemna-</strong></span> 
     </span>
    </p>
   </div>
   <div class='ocr_carea' id='block_1_89' title="bbox 100 4559 3477 4661">
    <p class='ocr_par' dir='ltr' id='par_1_89' title="bbox 100 4559 3477 4661">
     <span class='ocr_line' id='line_1_93' title="bbox 100 4559 3477 4661; baseline -0.017 10"><span class='ocrx_word' id='word_1_720' title='bbox 100 4588 214 4643; x_wconf 65' lang='lat' dir='ltr'><strong>que</strong></span> <span class='ocrx_word' id='word_1_721' title='bbox 240 4585 351 4643; x_wconf 59' lang='lat' dir='ltr'><strong>per</strong></span> <span class='ocrx_word' id='word_1_722' title='bbox 372 4567 541 4623; x_wconf 69' lang='lat' dir='ltr'><strong>aliam</strong></span> <span class='ocrx_word' id='word_1_723' title='bbox 567 4580 867 4661; x_wconf 55' lang='lat' dir='ltr'><strong>Persionam</strong></span> <span class='ocrx_word' id='word_1_724' title='bbox 891 4561 1205 4661; x_wconf 44' lang='lat' dir='ltr'><strong>ain</strong></span> <span class='ocrx_word' id='word_1_725' title='bbox 1232 4559 1469 4661; x_wconf 39' lang='lat' dir='ltr'><strong>dﬁderit’</strong></span> <span class='ocrx_word' id='word_1_726' title='bbox 1492 4561 1742 4661; x_wconf 39' lang='lat' dir='ltr'><strong>antro,-</strong></span> <span class='ocrx_word' id='word_1_727' title='bbox 1762 4567 1823 4640; x_wconf 85' lang='lat' dir='ltr'><strong>D</strong></span> <span class='ocrx_word' id='word_1_728' title='bbox 1844 4595 1999 4651; x_wconf 91' lang='lat' dir='ltr'><strong>tione</strong></span> <span class='ocrx_word' id='word_1_729' title='bbox 2015 4608 2077 4646; x_wconf 90' lang='lat' dir='ltr'><strong>ac</strong></span> <span class='ocrx_word' id='word_1_730' title='bbox 2099 4603 2263 4661; x_wconf 88' lang='lat' dir='ltr'><strong>poena</strong></span> <span class='ocrx_word' id='word_1_731' title='bbox 2277 4559 2584 4657; x_wconf 70' lang='lat' dir='ltr'><strong>praesentis</strong></span> <span class='ocrx_word' id='word_1_732' title='bbox 2609 4576 2753 4649; x_wconf 84' lang='lat' dir='ltr'><strong>legis</strong></span> <span class='ocrx_word' id='word_1_733' title='bbox 2770 4574 3016 4629; x_wconf 88' lang='lat' dir='ltr'><strong>liberum</strong></span> <span class='ocrx_word' id='word_1_734' title='bbox 3034 4583 3153 4623; x_wconf 90' lang='lat' dir='ltr'><strong>esse</strong></span> <span class='ocrx_word' id='word_1_735' title='bbox 3174 4563 3477 4627; x_wconf 84' lang='lat' dir='ltr'><strong>sancimus,</strong></span> 
     </span>
    </p>
   </div>
   <div class='ocr_carea' id='block_1_90' title="bbox 103 4650 1743 4731">
    <p class='ocr_par' dir='ltr' id='par_1_90' title="bbox 103 4650 1743 4731">
     <span class='ocr_line' id='line_1_94' title="bbox 103 4650 1743 4731; baseline -0.01 -12"><span class='ocrx_word' id='word_1_736' title='bbox 103 4663 345 4731; x_wconf 89' lang='lat' dir='ltr'><strong>miserit,</strong></span> <span class='ocrx_word' id='word_1_737' title='bbox 362 4666 461 4716; x_wconf 89' lang='lat' dir='ltr'><strong>aut</strong></span> <span class='ocrx_word' id='word_1_738' title='bbox 474 4662 664 4731; x_wconf 90' lang='lat' dir='ltr'><strong>postea</strong></span> <span class='ocrx_word' id='word_1_739' title='bbox 676 4659 912 4712; x_wconf 88' lang='lat' dir='ltr'><strong>daturus</strong></span> <span class='ocrx_word' id='word_1_740' title='bbox 922 4655 1105 4723; x_wconf 85' lang='lat' dir='ltr'><strong>sit,vel</strong></span> <span class='ocrx_word' id='word_1_741' title='bbox 1116 4653 1167 4709; x_wconf 89' lang='lat' dir='ltr'><strong>ei</strong></span> <span class='ocrx_word' id='word_1_742' title='bbox 1183 4653 1282 4724; x_wconf 89' lang='lat' dir='ltr'><strong>qui</strong></span> <span class='ocrx_word' id='word_1_743' title='bbox 1296 4652 1482 4723; x_wconf 92' lang='lat' dir='ltr'><strong>ipsum</strong></span> <span class='ocrx_word' id='word_1_744' title='bbox 1497 4650 1743 4719; x_wconf 87' lang='lat' dir='ltr'><strong>ordinat,</strong></span> 
     </span>
    </p>
   </div>
   <div class='ocr_carea' id='block_1_91' title="bbox 104 4743 1748 4826">
    <p class='ocr_par' dir='ltr' id='par_1_91' title="bbox 104 4743 1748 4826">
     <span class='ocr_line' id='line_1_95' title="bbox 104 4743 1748 4826; baseline -0.01 -14"><span class='ocrx_word' id='word_1_745' title='bbox 104 4758 189 4812; x_wconf 86' lang='lat' dir='ltr'><strong>vel</strong></span> <span class='ocrx_word' id='word_1_746' title='bbox 218 4756 333 4825; x_wconf 91' lang='lat' dir='ltr'><strong>his,</strong></span> <span class='ocrx_word' id='word_1_747' title='bbox 347 4753 447 4826; x_wconf 89' lang='lat' dir='ltr'><strong>qui</strong></span> <span class='ocrx_word' id='word_1_748' title='bbox 466 4769 570 4824; x_wconf 91' lang='lat' dir='ltr'><strong>pro</strong></span> <span class='ocrx_word' id='word_1_749' title='bbox 595 4751 717 4823; x_wconf 89' lang='lat' dir='ltr'><strong>ipso</strong></span> <span class='ocrx_word' id='word_1_750' title='bbox 742 4750 966 4805; x_wconf 88' lang='lat' dir='ltr'><strong>decreta</strong></span> <span class='ocrx_word' id='word_1_751' title='bbox 979 4746 1362 4812; x_wconf 88' lang='lat' dir='ltr'><strong>confecerunt,</strong></span> <span class='ocrx_word' id='word_1_752' title='bbox 1377 4744 1465 4799; x_wconf 90' lang='lat' dir='ltr'><strong>vel</strong></span> <span class='ocrx_word' id='word_1_753' title='bbox 1482 4743 1748 4814; x_wconf 88' lang='lat' dir='ltr'><strong>cuiquam</strong></span> 
     </span>
    </p>
   </div>
   <div class='ocr_carea' id='block_1_92' title="bbox 102 4835 1745 4914">
    <p class='ocr_par' dir='ltr' id='par_1_92' title="bbox 102 4835 1745 4914">
     <span class='ocr_line' id='line_1_96' title="bbox 102 4835 1745 4914; baseline -0.01 -9"><span class='ocrx_word' id='word_1_754' title='bbox 102 4850 199 4905; x_wconf 89' lang='lat' dir='ltr'><strong>alii</strong></span> <span class='ocrx_word' id='word_1_755' title='bbox 230 4846 521 4914; x_wconf 90' lang='lat' dir='ltr'><strong>omnium,</strong></span> <span class='ocrx_word' id='word_1_756' title='bbox 553 4842 909 4899; x_wconf 63' lang='lat' dir='ltr'><strong>conferenda:</strong></span> <span class='ocrx_word' id='word_1_757' title='bbox 936 4841 995 4895; x_wconf 92' lang='lat' dir='ltr'><strong>in</strong></span> <span class='ocrx_word' id='word_1_758' title='bbox 1025 4840 1214 4911; x_wconf 90' lang='lat' dir='ltr'><strong>ipsum</strong></span> <span class='ocrx_word' id='word_1_759' title='bbox 1242 4835 1613 4893; x_wconf 90' lang='lat' dir='ltr'><strong>ordinationis</strong></span> <span class='ocrx_word' id='word_1_760' title='bbox 1639 4851 1745 4890; x_wconf 91' lang='lat' dir='ltr'><strong>no-</strong></span> 
     </span>
    </p>
   </div>
   <div class='ocr_carea' id='block_1_93' title="bbox 105 4928 1749 5011">
    <p class='ocr_par' dir='ltr' id='par_1_93' title="bbox 105 4928 1749 5011">
     <span class='ocr_line' id='line_1_97' title="bbox 105 4928 1749 5011; baseline -0.01 -13"><span class='ocrx_word' id='word_1_761' title='bbox 105 4943 282 4998; x_wconf 91' lang='lat' dir='ltr'><strong>mine.</strong></span> <span class='ocrx_word' id='word_1_762' title='bbox 325 4940 384 4996; x_wconf 93' lang='lat' dir='ltr'><strong>Si</strong></span> <span class='ocrx_word' id='word_1_763' title='bbox 403 4939 529 5011; x_wconf 89' lang='lat' dir='ltr'><strong>quis</strong></span> <span class='ocrx_word' id='word_1_764' title='bbox 553 4940 746 4993; x_wconf 89' lang='lat' dir='ltr'><strong>contra</strong></span> <span class='ocrx_word' id='word_1_765' title='bbox 764 4938 1138 4991; x_wconf 89' lang='lat' dir='ltr'><strong>memoratam</strong></span> <span class='ocrx_word' id='word_1_766' title='bbox 1156 4930 1606 4987; x_wconf 84' lang='lat' dir='ltr'><strong>observationem</strong></span> <span class='ocrx_word' id='word_1_767' title='bbox 1634 4928 1749 4999; x_wconf 91' lang='lat' dir='ltr'><strong>epi-</strong></span> 
     </span>
    </p>
   </div>
   <div class='ocr_carea' id='block_1_94' title="bbox 102 5020 1749 5107">
    <p class='ocr_par' dir='ltr' id='par_1_94' title="bbox 102 5020 1749 5107">
     <span class='ocr_line' id='line_1_98' title="bbox 102 5020 1749 5107; baseline -0.009 -17"><span class='ocrx_word' id='word_1_768' title='bbox 102 5051 307 5107; x_wconf 89' lang='lat' dir='ltr'><strong>scopus</strong></span> <span class='ocrx_word' id='word_1_769' title='bbox 369 5031 661 5087; x_wconf 88' lang='lat' dir='ltr'><strong>ordinatus</strong></span> <span class='ocrx_word' id='word_1_770' title='bbox 697 5028 888 5097; x_wconf 89' lang='lat' dir='ltr'><strong>fuerit,</strong></span> <span class='ocrx_word' id='word_1_771' title='bbox 922 5032 1042 5083; x_wconf 87' lang='lat' dir='ltr'><strong>tam</strong></span> <span class='ocrx_word' id='word_1_772' title='bbox 1084 5026 1204 5097; x_wconf 90' lang='lat' dir='ltr'><strong>ipse</strong></span> <span class='ocrx_word' id='word_1_773' title='bbox 1242 5023 1506 5079; x_wconf 87' lang='lat' dir='ltr'><strong>omnibus</strong></span> <span class='ocrx_word' id='word_1_774' title='bbox 1567 5020 1749 5076; x_wconf 89' lang='lat' dir='ltr'><strong>modis</strong></span> 
     </span>
    </p>
   </div>
   <div class='ocr_carea' id='block_1_95' title="bbox 102 5116 1752 5200">
    <p class='ocr_par' dir='ltr' id='par_1_95' title="bbox 102 5116 1752 5200">
     <span class='ocr_line' id='line_1_99' title="bbox 102 5116 1752 5200; baseline -0.01 -17"><span class='ocrx_word' id='word_1_775' title='bbox 102 5129 430 5200; x_wconf 88' lang='lat' dir='ltr'><strong>episcopatu</strong></span> <span class='ocrx_word' id='word_1_776' title='bbox 459 5123 736 5194; x_wconf 89' lang='lat' dir='ltr'><strong>ejiciatur,</strong></span> <span class='ocrx_word' id='word_1_777' title='bbox 766 5136 940 5192; x_wconf 88' lang='lat' dir='ltr'><strong>quam</strong></span> <span class='ocrx_word' id='word_1_778' title='bbox 966 5118 1135 5176; x_wconf 90' lang='lat' dir='ltr'><strong>etiam</strong></span> <span class='ocrx_word' id='word_1_779' title='bbox 1182 5118 1228 5172; x_wconf 91' lang='lat' dir='ltr'><strong>is</strong></span> <span class='ocrx_word' id='word_1_780' title='bbox 1258 5118 1359 5189; x_wconf 89' lang='lat' dir='ltr'><strong>qui</strong></span> <span class='ocrx_word' id='word_1_781' title='bbox 1406 5116 1526 5170; x_wconf 68' lang='lat' dir='ltr'><strong>haec</strong></span> <span class='ocrx_word' id='word_1_782' title='bbox 1555 5118 1752 5169; x_wconf 88' lang='lat' dir='ltr'><strong>contra</strong></span> 
     </span>
    </p>
   </div>
   <div class='ocr_carea' id='block_1_96' title="bbox 101 5214 1749 5289">
    <p class='ocr_par' dir='ltr' id='par_1_96' title="bbox 101 5214 1749 5289">
     <span class='ocr_line' id='line_1_100' title="bbox 101 5214 1749 5289; baseline -0.009 -13"><span class='ocrx_word' id='word_1_783' title='bbox 101 5221 369 5277; x_wconf 87' lang='lat' dir='ltr'><strong>ordinare</strong></span> <span class='ocrx_word' id='word_1_784' title='bbox 395 5214 844 5289; x_wconf 66' lang='lat' dir='ltr'><strong>praesumpserit,</strong></span> <span class='ocrx_word' id='word_1_785' title='bbox 864 5215 1200 5283; x_wconf 89' lang='lat' dir='ltr'><strong>segregetur</strong></span> <span class='ocrx_word' id='word_1_786' title='bbox 1223 5226 1374 5264; x_wconf 90' lang='lat' dir='ltr'><strong>anno</strong></span> <span class='ocrx_word' id='word_1_787' title='bbox 1394 5225 1506 5264; x_wconf 91' lang='lat' dir='ltr'><strong>uno</strong></span> <span class='ocrx_word' id='word_1_788' title='bbox 1531 5224 1564 5262; x_wconf 89' lang='lat' dir='ltr'><strong>a</strong></span> <span class='ocrx_word' id='word_1_789' title='bbox 1592 5223 1749 5263; x_wconf 89' lang='lat' dir='ltr'><strong>sacro</strong></span> 
     </span>
    </p>
   </div>
   <div class='ocr_carea' id='block_1_97' title="bbox 101 5301 1753 5378">
    <p class='ocr_par' dir='ltr' id='par_1_97' title="bbox 101 5301 1753 5378">
     <span class='ocr_line' id='line_1_101' title="bbox 101 5301 1753 5378; baseline -0.009 -8"><span class='ocrx_word' id='word_1_790' title='bbox 101 5311 444 5377; x_wconf 90' lang='lat' dir='ltr'><strong>ministerio,</strong></span> <span class='ocrx_word' id='word_1_791' title='bbox 476 5315 534 5365; x_wconf 91' lang='lat' dir='ltr'><strong>et</strong></span> <span class='ocrx_word' id='word_1_792' title='bbox 572 5308 758 5364; x_wconf 89' lang='lat' dir='ltr'><strong>omnis</strong></span> <span class='ocrx_word' id='word_1_793' title='bbox 794 5307 917 5378; x_wconf 90' lang='lat' dir='ltr'><strong>ejus</strong></span> <span class='ocrx_word' id='word_1_794' title='bbox 955 5303 1264 5361; x_wconf 85' lang='lat' dir='ltr'><strong>substantia</strong></span> <span class='ocrx_word' id='word_1_795' title='bbox 1286 5345 1299 5370; x_wconf 90' lang='lat'><strong>,</strong></span> <span class='ocrx_word' id='word_1_796' title='bbox 1330 5318 1461 5374; x_wconf 76' lang='lat' dir='ltr'><strong>quae</strong></span> <span class='ocrx_word' id='word_1_797' title='bbox 1497 5301 1753 5372; x_wconf 89' lang='lat' dir='ltr'><strong>quolibet</strong></span> 
     </span>
    </p>
   </div>
   <div class='ocr_carea' id='block_1_98' title="bbox 98 5394 1747 5478">
    <p class='ocr_par' dir='ltr' id='par_1_98' title="bbox 98 5394 1747 5478">
     <span class='ocr_line' id='line_1_102' title="bbox 98 5394 1747 5478; baseline -0.01 -15"><span class='ocrx_word' id='word_1_798' title='bbox 98 5413 369 5478; x_wconf 88' lang='lat' dir='ltr'><strong>tempore</strong></span> <span class='ocrx_word' id='word_1_799' title='bbox 409 5406 510 5457; x_wconf 90' lang='lat' dir='ltr'><strong>aut</strong></span> <span class='ocrx_word' id='word_1_800' title='bbox 550 5401 721 5459; x_wconf 89' lang='lat' dir='ltr'><strong>modo</strong></span> <span class='ocrx_word' id='word_1_801' title='bbox 765 5400 827 5455; x_wconf 91' lang='lat' dir='ltr'><strong>in</strong></span> <span class='ocrx_word' id='word_1_802' title='bbox 855 5399 978 5469; x_wconf 89' lang='lat' dir='ltr'><strong>ejus</strong></span> <span class='ocrx_word' id='word_1_803' title='bbox 1015 5396 1331 5453; x_wconf 89' lang='lat' dir='ltr'><strong>dominium</strong></span> <span class='ocrx_word' id='word_1_804' title='bbox 1363 5394 1601 5450; x_wconf 90' lang='lat' dir='ltr'><strong>deducta</strong></span> <span class='ocrx_word' id='word_1_805' title='bbox 1642 5395 1747 5461; x_wconf 90' lang='lat' dir='ltr'><strong>est,</strong></span> 
     </span>
    </p>
   </div>
   <div class='ocr_carea' id='block_1_99' title="bbox 102 5486 1751 5572">
    <p class='ocr_par' dir='ltr' id='par_1_99' title="bbox 102 5486 1751 5572">
     <span class='ocr_line' id='line_1_103' title="bbox 102 5486 1751 5572; baseline -0.01 -17"><span class='ocrx_word' id='word_1_806' title='bbox 102 5502 343 5572; x_wconf 91' lang='lat' dir='ltr'><strong>propter</strong></span> <span class='ocrx_word' id='word_1_807' title='bbox 372 5495 620 5567; x_wconf 89' lang='lat' dir='ltr'><strong>culpam,</strong></span> <span class='ocrx_word' id='word_1_808' title='bbox 649 5508 827 5565; x_wconf 89' lang='lat' dir='ltr'><strong>quam</strong></span> <span class='ocrx_word' id='word_1_809' title='bbox 852 5490 1002 5560; x_wconf 87' lang='lat' dir='ltr'><strong>fecit,</strong></span> <span class='ocrx_word' id='word_1_810' title='bbox 1032 5488 1285 5545; x_wconf 90' lang='lat' dir='ltr'><strong>dominio</strong></span> <span class='ocrx_word' id='word_1_811' title='bbox 1306 5486 1751 5555; x_wconf 75' lang='lat' dir='ltr'><strong>ecclesiae,cujus</strong></span> 
     </span>
    </p>
   </div>
   <div class='ocr_carea' id='block_1_100' title="bbox 100 5578 1754 5665">
    <p class='ocr_par' dir='ltr' id='par_1_100' title="bbox 100 5578 1754 5665">
     <span class='ocr_line' id='line_1_104' title="bbox 100 5578 1754 5665; baseline -0.01 -18"><span class='ocrx_word' id='word_1_812' title='bbox 100 5593 406 5665; x_wconf 86' lang='lat' dir='ltr'><strong>episcopus</strong></span> <span class='ocrx_word' id='word_1_813' title='bbox 452 5594 558 5654; x_wconf 90' lang='lat' dir='ltr'><strong>est,</strong></span> <span class='ocrx_word' id='word_1_814' title='bbox 584 5586 925 5642; x_wconf 87' lang='lat' dir='ltr'><strong>vindicetur.</strong></span> <span class='ocrx_word' id='word_1_815' title='bbox 970 5584 1250 5639; x_wconf 62' lang='lat' dir='ltr'><strong>Ceterum</strong></span> <span class='ocrx_word' id='word_1_816' title='bbox 1297 5581 1344 5635; x_wconf 91' lang='lat' dir='ltr'><strong>si</strong></span> <span class='ocrx_word' id='word_1_817' title='bbox 1382 5578 1508 5651; x_wconf 89' lang='lat' dir='ltr'><strong>quis</strong></span> <span class='ocrx_word' id='word_1_818' title='bbox 1557 5582 1754 5633; x_wconf 88' lang='lat' dir='ltr'><strong>contra</strong></span> 
     </span>
    </p>
   </div>
   <div class='ocr_carea' id='block_1_101' title="bbox 99 5672 1755 5754">
    <p class='ocr_par' dir='ltr' id='par_1_101' title="bbox 99 5672 1755 5754">
     <span class='ocr_line' id='line_1_105' title="bbox 99 5672 1755 5754; baseline -0.01 -14"><span class='ocrx_word' id='word_1_819' title='bbox 99 5701 235 5741; x_wconf 89' lang='lat' dir='ltr'><strong>eum</strong></span> <span class='ocrx_word' id='word_1_820' title='bbox 261 5683 363 5754; x_wconf 87' lang='lat' dir='ltr'><strong>qui</strong></span> <span class='ocrx_word' id='word_1_821' title='bbox 392 5681 686 5752; x_wconf 87' lang='lat' dir='ltr'><strong>episcopus</strong></span> <span class='ocrx_word' id='word_1_822' title='bbox 720 5682 820 5751; x_wconf 86' lang='lat' dir='ltr'><strong>aut</strong></span> <span class='ocrx_word' id='word_1_823' title='bbox 849 5677 1160 5748; x_wconf 83' lang='lat' dir='ltr'><strong>presbyter,</strong></span> <span class='ocrx_word' id='word_1_824' title='bbox 1189 5679 1288 5729; x_wconf 89' lang='lat' dir='ltr'><strong>aut</strong></span> <span class='ocrx_word' id='word_1_825' title='bbox 1328 5672 1622 5735; x_wconf 87' lang='lat' dir='ltr'><strong>diaconus,</strong></span> <span class='ocrx_word' id='word_1_826' title='bbox 1655 5675 1755 5724; x_wconf 87' lang='lat' dir='ltr'><strong>aut</strong></span> 
     </span>
    </p>
   </div>
   <div class='ocr_carea' id='block_1_102' title="bbox 99 5763 1753 5841">
    <p class='ocr_par' dir='ltr' id='par_1_102' title="bbox 99 5763 1753 5841">
     <span class='ocr_line' id='line_1_106' title="bbox 99 5763 1753 5841; baseline -0.011 -8"><span class='ocrx_word' id='word_1_827' title='bbox 99 5780 249 5835; x_wconf 86' lang='lat' dir='ltr'><strong>alius</strong></span> <span class='ocrx_word' id='word_1_828' title='bbox 265 5776 525 5841; x_wconf 86' lang='lat' dir='ltr'><strong>clericus,</strong></span> <span class='ocrx_word' id='word_1_829' title='bbox 538 5773 820 5828; x_wconf 88' lang='lat' dir='ltr'><strong>autetiam</strong></span> <span class='ocrx_word' id='word_1_830' title='bbox 845 5769 1051 5841; x_wconf 77' lang='lat' dir='ltr'><strong>praesul</strong></span> <span class='ocrx_word' id='word_1_831' title='bbox 1066 5765 1393 5822; x_wconf 80' lang='lat' dir='ltr'><strong>monasterii</strong></span> <span class='ocrx_word' id='word_1_832' title='bbox 1408 5763 1753 5819; x_wconf 88' lang='lat' dir='ltr'><strong>ordinandus</strong></span> 
     </span>
    </p>
   </div>
   <div class='ocr_carea' id='block_1_103' title="bbox 97 5855 1753 5940">
    <p class='ocr_par' dir='ltr' id='par_1_103' title="bbox 97 5855 1753 5940">
     <span class='ocr_line' id='line_1_107' title="bbox 97 5855 1753 5940; baseline -0.011 -12"><span class='ocrx_word' id='word_1_833' title='bbox 97 5876 186 5928; x_wconf 89' lang='lat' dir='ltr'><strong>est</strong></span> <span class='ocrx_word' id='word_1_834' title='bbox 203 5912 222 5940; x_wconf 86' lang='lat'><strong>,</strong></span> <span class='ocrx_word' id='word_1_835' title='bbox 261 5868 682 5925; x_wconf 86' lang='lat' dir='ltr'><strong>accusationem</strong></span> <span class='ocrx_word' id='word_1_836' title='bbox 719 5864 974 5936; x_wconf 83' lang='lat' dir='ltr'><strong>aliquam</strong></span> <span class='ocrx_word' id='word_1_837' title='bbox 1013 5861 1271 5916; x_wconf 85' lang='lat' dir='ltr'><strong>instituat</strong></span> <span class='ocrx_word' id='word_1_838' title='bbox 1306 5871 1645 5932; x_wconf 89' lang='lat' dir='ltr'><strong>quacunque</strong></span> <span class='ocrx_word' id='word_1_839' title='bbox 1681 5855 1753 5910; x_wconf 87' lang='lat' dir='ltr'><strong>de</strong></span> 
     </span>
    </p>
   </div>
   <div class='ocr_carea' id='block_1_104' title="bbox 97 5948 1751 6035">
    <p class='ocr_par' dir='ltr' id='par_1_104' title="bbox 97 5948 1751 6035">
     <span class='ocr_line' id='line_1_108' title="bbox 97 5948 1751 6035; baseline -0.01 -14"><span class='ocrx_word' id='word_1_840' title='bbox 97 5979 290 6032; x_wconf 89' lang='lat' dir='ltr'><strong>causa,</strong></span> <span class='ocrx_word' id='word_1_841' title='bbox 322 5976 450 6035; x_wconf 65' lang='lat' dir='ltr'><strong>quas</strong></span> <span class='ocrx_word' id='word_1_842' title='bbox 488 5958 668 6034; x_wconf 91' lang='lat' dir='ltr'><strong>possit</strong></span> <span class='ocrx_word' id='word_1_843' title='bbox 695 5955 1009 6015; x_wconf 90' lang='lat' dir='ltr'><strong>secundum</strong></span> <span class='ocrx_word' id='word_1_844' title='bbox 1046 5953 1200 6026; x_wconf 81' lang='lat' dir='ltr'><strong>leges</strong></span> <span class='ocrx_word' id='word_1_845' title='bbox 1238 5954 1337 6009; x_wconf 89' lang='lat' dir='ltr'><strong>aut</strong></span> <span class='ocrx_word' id='word_1_846' title='bbox 1359 5963 1600 6007; x_wconf 87' lang='lat' dir='ltr'><strong>canones</strong></span> <span class='ocrx_word' id='word_1_847' title='bbox 1626 5948 1751 6020; x_wconf 88' lang='lat' dir='ltr'><strong>ejus</strong></span> 
     </span>
    </p>
   </div>
   <div class='ocr_carea' id='block_1_105' title="bbox 1847 4655 3479 4743">
    <p class='ocr_par' dir='ltr' id='par_1_105' title="bbox 1847 4655 3479 4743">
     <span class='ocr_line' id='line_1_109' title="bbox 1847 4655 3479 4743; baseline -0.021 0"><span class='ocrx_word' id='word_1_848' title='bbox 1847 4687 1948 4743; x_wconf 89' lang='lat' dir='ltr'><strong>sed</strong></span> <span class='ocrx_word' id='word_1_849' title='bbox 1972 4655 2142 4741; x_wconf 79' lang='lat' dir='ltr'><strong>etiam</strong></span> <span class='ocrx_word' id='word_1_850' title='bbox 2175 4655 2331 4735; x_wconf 81' lang='lat' dir='ltr'><strong>omni</strong></span> <span class='ocrx_word' id='word_1_851' title='bbox 2372 4674 2541 4732; x_wconf 89' lang='lat' dir='ltr'><strong>laude</strong></span> <span class='ocrx_word' id='word_1_852' title='bbox 2571 4672 2809 4743; x_wconf 89' lang='lat' dir='ltr'><strong>dignum</strong></span> <span class='ocrx_word' id='word_1_853' title='bbox 2833 4665 3156 4739; x_wconf 88' lang='lat' dir='ltr'><strong>judicamus</strong></span> <span class='ocrx_word' id='word_1_854' title='bbox 3177 4702 3191 4731; x_wconf 91' lang='lat'><strong>,</strong></span> <span class='ocrx_word' id='word_1_855' title='bbox 3221 4655 3479 4731; x_wconf 88' lang='lat' dir='ltr'><strong>quando-</strong></span> 
     </span>
    </p>
   </div>
   <div class='ocr_carea' id='block_1_106' title="bbox 1847 4759 3054 4854">
    <p class='ocr_par' dir='ltr' id='par_1_106' title="bbox 1847 4759 3054 4854">
     <span class='ocr_line' id='line_1_110' title="bbox 1847 4759 3054 4854; baseline -0.019 -17"><span class='ocrx_word' id='word_1_856' title='bbox 1847 4780 2078 4854; x_wconf 91' lang='lat' dir='ltr'><strong>quidem</strong></span> <span class='ocrx_word' id='word_1_857' title='bbox 2105 4774 2164 4830; x_wconf 87' lang='lat' dir='ltr'><strong>id</strong></span> <span class='ocrx_word' id='word_1_858' title='bbox 2187 4789 2301 4829; x_wconf 92' lang='lat' dir='ltr'><strong>non</strong></span> <span class='ocrx_word' id='word_1_859' title='bbox 2329 4767 2565 4842; x_wconf 87' lang='lat' dir='ltr'><strong>emptio,</strong></span> <span class='ocrx_word' id='word_1_860' title='bbox 2595 4765 2692 4820; x_wconf 89' lang='lat' dir='ltr'><strong>sed</strong></span> <span class='ocrx_word' id='word_1_861' title='bbox 2719 4759 2925 4818; x_wconf 90' lang='lat' dir='ltr'><strong>oblatio</strong></span> <span class='ocrx_word' id='word_1_862' title='bbox 2951 4761 3054 4814; x_wconf 91' lang='lat' dir='ltr'><strong>est.</strong></span> 
     </span>
    </p>
   </div>
   <div class='ocr_carea' id='block_1_107' title="bbox 1850 4989 3489 5088">
    <p class='ocr_par' dir='ltr' id='par_1_107' title="bbox 1850 4989 3489 5088">
     <span class='ocr_line' id='line_1_111' title="bbox 1850 4989 3489 5088; baseline -0.018 -17"><span class='ocrx_word' id='word_1_863' title='bbox 1850 5013 2098 5088; x_wconf 79' lang='lat' dir='ltr'><strong>episcopi</strong></span> <span class='ocrx_word' id='word_1_864' title='bbox 2124 5010 2462 5065; x_wconf 89' lang='lat' dir='ltr'><strong>ordinantur</strong></span> <span class='ocrx_word' id='word_1_865' title='bbox 2486 4999 2731 5075; x_wconf 67' lang='lat' dir='ltr'><strong>praeberi</strong></span> <span class='ocrx_word' id='word_1_866' title='bbox 2745 4996 3122 5063; x_wconf 88' lang='lat' dir='ltr'><strong>concedimus,</strong></span> <span class='ocrx_word' id='word_1_867' title='bbox 3141 5007 3272 5064; x_wconf 69' lang='lat' dir='ltr'><strong>qua:</strong></span> <span class='ocrx_word' id='word_1_868' title='bbox 3288 4989 3489 5044; x_wconf 90' lang='lat' dir='ltr'><strong>ordine</strong></span> 
     </span>
    </p>
   </div>
   <div class='ocr_carea' id='block_1_108' title="bbox 1849 5083 3489 5178">
    <p class='ocr_par' dir='ltr' id='par_1_108' title="bbox 1849 5083 3489 5178">
     <span class='ocr_line' id='line_1_112' title="bbox 1849 5083 3489 5178; baseline -0.018 -14"><span class='ocrx_word' id='word_1_869' title='bbox 1849 5083 2116 5178; x_wconf 76' lang='lat' dir='ltr'><strong>deinceps</strong></span> <span class='ocrx_word' id='word_1_870' title='bbox 2144 5105 2424 5175; x_wconf 72' lang='lat' dir='ltr'><strong>praesente</strong></span> <span class='ocrx_word' id='word_1_871' title='bbox 2446 5093 3008 5168; x_wconf 88' lang='lat' dir='ltr'><strong>comprehenduntur</strong></span> <span class='ocrx_word' id='word_1_872' title='bbox 3031 5089 3179 5159; x_wconf 91' lang='lat' dir='ltr'><strong>lege.</strong></span> <span class='ocrx_word' id='word_1_873' title='bbox 3214 5083 3489 5140; x_wconf 85' lang='lat' dir='ltr'><strong>Jubemus</strong></span> 
     </span>
    </p>
   </div>
   <div class='ocr_carea' id='block_1_109' title="bbox 1849 5173 3488 5273">
    <p class='ocr_par' dir='ltr' id='par_1_109' title="bbox 1849 5173 3488 5273">
     <span class='ocr_line' id='line_1_113' title="bbox 1849 5173 3488 5273; baseline -0.02 -16"><span class='ocrx_word' id='word_1_874' title='bbox 1849 5202 2026 5273; x_wconf 89' lang='lat' dir='ltr'><strong>igitur</strong></span> <span class='ocrx_word' id='word_1_875' title='bbox 2051 5173 2117 5254; x_wconf 78' lang='lat' dir='ltr'><strong>ut</strong></span> <span class='ocrx_word' id='word_1_876' title='bbox 2144 5173 2448 5251; x_wconf 84' lang='lat' dir='ltr'><strong>beatissimi</strong></span> <span class='ocrx_word' id='word_1_877' title='bbox 2473 5190 2706 5263; x_wconf 91' lang='lat' dir='ltr'><strong>quidem</strong></span> <span class='ocrx_word' id='word_1_878' title='bbox 2740 5179 3149 5255; x_wconf 89' lang='lat' dir='ltr'><strong>archiepiscopi</strong></span> <span class='ocrx_word' id='word_1_879' title='bbox 3172 5183 3229 5232; x_wconf 91' lang='lat' dir='ltr'><strong>et</strong></span> <span class='ocrx_word' id='word_1_880' title='bbox 3252 5173 3488 5246; x_wconf 86' lang='lat' dir='ltr'><strong>patriar-</strong></span> 
     </span>
    </p>
   </div>
   <div class='ocr_carea' id='block_1_110' title="bbox 1849 5266 3487 5362">
    <p class='ocr_par' dir='ltr' id='par_1_110' title="bbox 1849 5266 3487 5362">
     <span class='ocr_line' id='line_1_114' title="bbox 1849 5266 3487 5362; baseline -0.02 -12"><span class='ocrx_word' id='word_1_881' title='bbox 1849 5266 1993 5362; x_wconf 66' lang='lat' dir='ltr'><strong>chas,</strong></span> <span class='ocrx_word' id='word_1_882' title='bbox 2071 5293 2177 5346; x_wconf 92' lang='lat' dir='ltr'><strong>hoc</strong></span> <span class='ocrx_word' id='word_1_883' title='bbox 2243 5292 2328 5343; x_wconf 89' lang='lat' dir='ltr'><strong>est</strong></span> <span class='ocrx_word' id='word_1_884' title='bbox 2382 5284 2617 5341; x_wconf 88' lang='lat' dir='ltr'><strong>senioris</strong></span> <span class='ocrx_word' id='word_1_885' title='bbox 2670 5284 2882 5347; x_wconf 77' lang='lat' dir='ltr'><strong>Romae,</strong></span> <span class='ocrx_word' id='word_1_886' title='bbox 2956 5266 3487 5338; x_wconf 83' lang='lat' dir='ltr'><strong>ConstantinOpolis,</strong></span> 
     </span>
    </p>
   </div>
   <div class='ocr_carea' id='block_1_111' title="bbox 1850 5359 3492 5450">
    <p class='ocr_par' dir='ltr' id='par_1_111' title="bbox 1850 5359 3492 5450">
     <span class='ocr_line' id='line_1_115' title="bbox 1850 5359 3492 5450; baseline -0.02 -7"><span class='ocrx_word' id='word_1_887' title='bbox 1850 5359 2229 5449; x_wconf 64' lang='lat' dir='ltr'><strong>Alexandriae,</strong></span> <span class='ocrx_word' id='word_1_888' title='bbox 2256 5378 2578 5450; x_wconf 84' lang='lat' dir='ltr'><strong>TheOpolis,</strong></span> <span class='ocrx_word' id='word_1_889' title='bbox 2610 5378 2669 5430; x_wconf 92' lang='lat' dir='ltr'><strong>et</strong></span> <span class='ocrx_word' id='word_1_890' title='bbox 2696 5368 3232 5438; x_wconf 84' lang='lat' dir='ltr'><strong>Hierosolymorum,</strong></span> <span class='ocrx_word' id='word_1_891' title='bbox 3273 5359 3322 5414; x_wconf 90' lang='lat' dir='ltr'><strong>si</strong></span> <span class='ocrx_word' id='word_1_892' title='bbox 3362 5373 3492 5413; x_wconf 92' lang='lat' dir='ltr'><strong>con-</strong></span> 
     </span>
    </p>
   </div>
   <div class='ocr_carea' id='block_1_112' title="bbox 1852 5456 3493 5544">
    <p class='ocr_par' dir='ltr' id='par_1_112' title="bbox 1852 5456 3493 5544">
     <span class='ocr_line' id='line_1_116' title="bbox 1852 5456 3493 5544; baseline -0.02 -8"><span class='ocrx_word' id='word_1_893' title='bbox 1852 5478 2090 5536; x_wconf 89' lang='lat' dir='ltr'><strong>suetudo</strong></span> <span class='ocrx_word' id='word_1_894' title='bbox 2111 5475 2325 5544; x_wconf 83' lang='lat' dir='ltr'><strong>habeat</strong></span> <span class='ocrx_word' id='word_1_895' title='bbox 2350 5476 2411 5527; x_wconf 91' lang='lat' dir='ltr'><strong>ut</strong></span> <span class='ocrx_word' id='word_1_896' title='bbox 2430 5467 2708 5540; x_wconf 88' lang='lat' dir='ltr'><strong>cpisc0pis</strong></span> <span class='ocrx_word' id='word_1_897' title='bbox 2732 5468 2831 5517; x_wconf 87' lang='lat' dir='ltr'><strong>aut</strong></span> <span class='ocrx_word' id='word_1_898' title='bbox 2856 5459 3072 5516; x_wconf 90' lang='lat' dir='ltr'><strong>clericis</strong></span> <span class='ocrx_word' id='word_1_899' title='bbox 3094 5456 3157 5510; x_wconf 92' lang='lat' dir='ltr'><strong>in</strong></span> <span class='ocrx_word' id='word_1_900' title='bbox 3184 5469 3386 5509; x_wconf 90' lang='lat' dir='ltr'><strong>eorum</strong></span> <span class='ocrx_word' id='word_1_901' title='bbox 3405 5466 3493 5506; x_wconf 91' lang='lat' dir='ltr'><strong>or-</strong></span> 
     </span>
    </p>
   </div>
   <div class='ocr_carea' id='block_1_113' title="bbox 1851 5548 3495 5636">
    <p class='ocr_par' dir='ltr' id='par_1_113' title="bbox 1851 5548 3495 5636">
     <span class='ocr_line' id='line_1_117' title="bbox 1851 5548 3495 5636; baseline -0.019 -7"><span class='ocrx_word' id='word_1_902' title='bbox 1851 5572 2142 5629; x_wconf 88' lang='lat' dir='ltr'><strong>dinatione</strong></span> <span class='ocrx_word' id='word_1_903' title='bbox 2171 5567 2360 5622; x_wconf 90' lang='lat' dir='ltr'><strong>minus</strong></span> <span class='ocrx_word' id='word_1_904' title='bbox 2386 5578 2557 5636; x_wconf 89' lang='lat' dir='ltr'><strong>quam</strong></span> <span class='ocrx_word' id='word_1_905' title='bbox 2603 5556 2802 5628; x_wconf 89' lang='lat' dir='ltr'><strong>viginti</strong></span> <span class='ocrx_word' id='word_1_906' title='bbox 2829 5553 2989 5607; x_wconf 65' lang='lat' dir='ltr'><strong>librae</strong></span> <span class='ocrx_word' id='word_1_907' title='bbox 3017 5550 3140 5604; x_wconf 88' lang='lat' dir='ltr'><strong>auri</strong></span> <span class='ocrx_word' id='word_1_908' title='bbox 3171 5548 3398 5611; x_wconf 86' lang='lat' dir='ltr'><strong>dentur,</strong></span> <span class='ocrx_word' id='word_1_909' title='bbox 3428 5559 3495 5599; x_wconf 85' lang='lat' dir='ltr'><strong>ea</strong></span> 
     </span>
    </p>
   </div>
   <div class='ocr_carea' id='block_1_114' title="bbox 1853 5639 3494 5735">
    <p class='ocr_par' dir='ltr' id='par_1_114' title="bbox 1853 5639 3494 5735">
     <span class='ocr_line' id='line_1_118' title="bbox 1853 5639 3494 5735; baseline -0.02 -15"><span class='ocrx_word' id='word_1_910' title='bbox 1853 5666 1968 5719; x_wconf 87' lang='lat' dir='ltr'><strong>sola</strong></span> <span class='ocrx_word' id='word_1_911' title='bbox 1996 5661 2289 5735; x_wconf 80' lang='lat' dir='ltr'><strong>praebeant</strong></span> <span class='ocrx_word' id='word_1_912' title='bbox 2310 5673 2440 5729; x_wconf 68' lang='lat' dir='ltr'><strong>quas</strong></span> <span class='ocrx_word' id='word_1_913' title='bbox 2460 5648 2809 5709; x_wconf 89' lang='lat' dir='ltr'><strong>consuetudo</strong></span> <span class='ocrx_word' id='word_1_914' title='bbox 2833 5643 3107 5715; x_wconf 88' lang='lat' dir='ltr'><strong>agnoscit.</strong></span> <span class='ocrx_word' id='word_1_915' title='bbox 3132 5642 3187 5696; x_wconf 91' lang='lat' dir='ltr'><strong>Si</strong></span> <span class='ocrx_word' id='word_1_916' title='bbox 3213 5639 3342 5711; x_wconf 87' lang='lat' dir='ltr'><strong>plus</strong></span> <span class='ocrx_word' id='word_1_917' title='bbox 3362 5639 3494 5690; x_wconf 89' lang='lat' dir='ltr'><strong>ante</strong></span> 
     </span>
    </p>
   </div>
   <div class='ocr_carea' id='block_1_115' title="bbox 1854 5731 3495 5827">
    <p class='ocr_par' dir='ltr' id='par_1_115' title="bbox 1854 5731 3495 5827">
     <span class='ocr_line' id='line_1_119' title="bbox 1854 5731 3495 5827; baseline -0.02 -14"><span class='ocrx_word' id='word_1_918' title='bbox 1854 5731 2017 5812; x_wconf 41' lang='lat' dir='ltr'><strong>hanc-</strong></span> <span class='ocrx_word' id='word_1_919' title='bbox 2028 5752 2391 5827; x_wconf 70' lang='lat' dir='ltr'><strong>praebebatur</strong></span> <span class='ocrx_word' id='word_1_920' title='bbox 2415 5749 2622 5817; x_wconf 78' lang='lat' dir='ltr'><strong>legem,</strong></span> <span class='ocrx_word' id='word_1_921' title='bbox 2651 5759 2723 5796; x_wconf 90' lang='lat' dir='ltr'><strong>ne</strong></span> <span class='ocrx_word' id='word_1_922' title='bbox 2752 5739 2887 5811; x_wconf 90' lang='lat' dir='ltr'><strong>quid</strong></span> <span class='ocrx_word' id='word_1_923' title='bbox 2916 5737 3062 5791; x_wconf 75' lang='lat' dir='ltr'><strong>ultra</strong></span> <span class='ocrx_word' id='word_1_924' title='bbox 3087 5732 3288 5799; x_wconf 84' lang='lat' dir='ltr'><strong>viginti</strong></span> <span class='ocrx_word' id='word_1_925' title='bbox 3321 5731 3495 5784; x_wconf 84' lang='lat' dir='ltr'><strong>libras</strong></span> 
     </span>
    </p>
   </div>
   <div class='ocr_carea' id='block_1_116' title="bbox 1854 5824 3496 5921">
    <p class='ocr_par' dir='ltr' id='par_1_116' title="bbox 1854 5824 3496 5921">
     <span class='ocr_line' id='line_1_120' title="bbox 1854 5824 3496 5921; baseline -0.019 -15"><span class='ocrx_word' id='word_1_926' title='bbox 1854 5849 1976 5905; x_wconf 90' lang='lat' dir='ltr'><strong>auri</strong></span> <span class='ocrx_word' id='word_1_927' title='bbox 2002 5824 2343 5921; x_wconf 65' lang='lat' dir='ltr'><strong>praebeatur.</strong></span> <span class='ocrx_word' id='word_1_928' title='bbox 2370 5834 2783 5909; x_wconf 84' lang='lat' dir='ltr'><strong>Metropolitani</strong></span> <span class='ocrx_word' id='word_1_929' title='bbox 2814 5847 2944 5888; x_wconf 90' lang='lat' dir='ltr'><strong>vero</strong></span> <span class='ocrx_word' id='word_1_930' title='bbox 2971 5828 3071 5900; x_wconf 91' lang='lat' dir='ltr'><strong>qui</strong></span> <span class='ocrx_word' id='word_1_931' title='bbox 3098 5844 3132 5881; x_wconf 89' lang='lat' dir='ltr'><strong>a</strong></span> <span class='ocrx_word' id='word_1_932' title='bbox 3155 5824 3368 5896; x_wconf 85' lang='lat' dir='ltr'><strong>synodo</strong></span> <span class='ocrx_word' id='word_1_933' title='bbox 3393 5837 3496 5876; x_wconf 88' lang='lat' dir='ltr'><strong>sua</strong></span> 
     </span>
    </p>
   </div>
   <div class='ocr_carea' id='block_1_117' title="bbox 1853 5919 3496 6000">
    <p class='ocr_par' dir='ltr' id='par_1_117' title="bbox 1853 5919 3496 6000">
     <span class='ocr_line' id='line_1_121' title="bbox 1853 5919 3496 6000; baseline -0.018 -1"><span class='ocrx_word' id='word_1_934' title='bbox 1853 5943 1943 5999; x_wconf 90' lang='lat' dir='ltr'><strong>vel</strong></span> <span class='ocrx_word' id='word_1_935' title='bbox 1970 5919 2363 5997; x_wconf 68' lang='lat' dir='ltr'><strong>abeatissimis</strong></span> <span class='ocrx_word' id='word_1_936' title='bbox 2389 5929 2728 5989; x_wconf 88' lang='lat' dir='ltr'><strong>ordinantur</strong></span> <span class='ocrx_word' id='word_1_937' title='bbox 2754 5919 3120 6000; x_wconf 86' lang='lat' dir='ltr'><strong>patriarchis,</strong></span> <span class='ocrx_word' id='word_1_938' title='bbox 3147 5930 3337 5990; x_wconf 87' lang='lat' dir='ltr'><strong>neque</strong></span> <span class='ocrx_word' id='word_1_939' title='bbox 3379 5928 3496 5971; x_wconf 93' lang='lat' dir='ltr'><strong>non</strong></span> 
     </span>
    </p>
   </div>
  </div>
