4032 6232
552 306 688 364 1023

1686 307 1937 363 SECULI
1977 303 2168 361 SEXTI
2208 301 2517 359 SUPPLEM
2529 304 2775 361 ENTUM.

3824 294 3973 354 1024

543 429 742 469 omnes
760 413 878 485 alii,
896 414 993 487 qui
1011 418 1154 471 auta
1181 414 1534 486 patriarchis,
1552 417 1652 469 aut
1672 430 1706 467 a
1731 413 2183 483 metropolitanis
2204 423 2264 496 Α
2282 413 2498 482 fec’erit,
2526 414 2749 469 nullum
2770 430 2839 470 ex
2867 414 2977 469 hoc
3002 409 3395 484 prajudicium
3419 408 3571 464 circa
3589 405 3775 463 aliam
3806 408 3972 463 tute—

542 507 903 575 ordinantur,
922 508 967 562 si
984 509 1214 580 quidem
1236 509 1357 579 ejus
1377 509 1608 563 ecclesia
1628 506 1726 578 qui
1748 507 2048 562 ordinatur
2071 524 2189 563 non

545 602 735 655 minus
780 602 842 655 in
886 602 1072 655 reditu
1122 601 1324 655 habeat
1349 618 1526 673 quam
1563 601 1801 673 triginta
1834 600 2003 655 libras
2042 602 2184 669 auri,

545 694 685 749 dent
709 711 814 765 pro
844 693 1283 749 enthroniastico
1303 694 1535 766 quidem
1571 694 1773 748 solidos
1789 699 2016 747 centum
2042 712 2057 762 ;
2091 710 2190 748 no-

549 788 704 841 tariis
746 804 878 841 vero
907 787 1218 841 ordinantis
1246 793 1302 842 et
1329 787 1453 841 aliis
1500 787 1597 858 qui
1639 787 1719 840 illi
1766 787 1825 839 in
1872 786 2189 841 ministerio

547 884 699 948 sunt,
726 883 779 934 et
799 896 869 934 ex
902 896 1063 935 more
1092 880 1340 952 capiunt,
1368 881 1530 935 solid.
1556 896 1671 935 ccc.
1699 880 1754 934 Si
1783 895 1915 934 vero
1943 880 2190 934 ecclesia

546 973 759 1027 reditus
778 974 969 1027 minus
1000 974 1231 1044 quidem
1252 974 1310 1028 in
1328 991 1543 1028 annum
1572 974 1871 1028 conferunt
1890 989 2061 1044 quam
2089 973 2186 1027 tri-

548 1067 703 1136 ginta
733 1066 900 1120 libras
926 1066 1070 1133 auri,
1100 1083 1215 1122 non
1245 1068 1436 1121 minus
1456 1070 1647 1121 autem
1668 1067 1824 1121 libris
1844 1066 2065 1135 decem,
2088 1082 2190 1136 pro

546 1159 997 1214 euthroniasticis
1032 1161 1265 1231 quidem
1308 1161 1467 1215 solid.
1501 1177 1590 1228 cc;
1624 1160 1747 1214 aliis
1780 1165 1970 1214 autem
1999 1159 2188 1213 omni-

546 1248 651 1303 bus
677 1248 775 1320 qui
803 1266 868 1303 ex
900 1266 1057 1304 more
1082 1251 1353 1321 capiunt,
1386 1250 1543 1305 solid.
1580 1266 1629 1305 c.
1668 1249 1764 1305 Sin
1803 1250 1993 1303 minus
2018 1265 2191 1321 quam

547 1343 762 1409 decem,
790 1359 902 1396 non
938 1344 1130 1397 minus
1155 1348 1349 1398 autem
1382 1344 1633 1415 quinque
1669 1344 1792 1398 auri
1826 1342 1985 1397 libris
2020 1343 2192 1397 eccle-

545 1435 642 1489 sia
678 1436 892 1490 reditus
924 1453 1043 1490 esse
1071 1437 1393 1508 contingat,
1437 1437 1572 1492 dent
1605 1453 1709 1508 pro
1740 1435 2192 1491 enthroniasticis

545 1529 782 1600 quidem
813 1530 972 1585 solid.
1004 1546 1064 1599 L;
1095 1530 1359 1585 omnibus
1393 1536 1589 1584 autem
1628 1530 1753 1585 aliis
1782 1530 1878 1602 qui
1922 1546 1992 1584 ex
2028 1545 2191 1584 more

546 1623 796 1693 capiunt,
827 1623 987 1677 solid.
1017 1640 1176 1679 Lxxv.
1206 1624 1262 1679 Si
1295 1624 1486 1678 minus
1530 1639 1703 1695 quam
1743 1623 1995 1694 quinque
2015 1664 2029 1692 ,
2071 1638 2190 1677 non

550 1715 739 1770 minus
757 1721 948 1771 autem
966 1716 1146 1770 tribus
1170 1716 1329 1770 libris
1348 1717 1472 1771 auri
1495 1717 1552 1771 in
1567 1716 1755 1771 reditu
1782 1716 2006 1784 habeat,
2039 1732 2186 1787 pra-

550 1809 720 1863 beant
757 1809 989 1880 quidem
1016 1826 1121 1881 pro
1150 1809 1603 1863 enthroniasticis
1624 1809 1783 1864 solid.
1815 1825 1973 1876 xviii;
2002 1808 2189 1863 omni-
2213 1790 2267 1861 Β

547 1902 653 1955 bus
680 1907 872 1956 autem
908 1902 1034 1956 aliis
1063 1903 1161 1973 qui
1193 1919 1262 1956 ex
1289 1918 1447 1956 more
1477 1903 1728 1973 capiunt,
1767 1901 1927 1956 solid.
1957 1918 2107 1956 xxw.
2136 1901 2193 1957 Si

548 1995 739 2049 minus
758 1995 961 2063 tribus,
976 2012 1090 2049 non
1108 1994 1295 2049 minus
1316 1999 1507 2050 autem
1530 1995 1751 2050 duabus
1773 1996 1934 2049 libris
1947 1995 2005 2049 in
2019 2011 2193 2066 quan-

545 2088 708 2143 titate
724 2089 1013 2143 redituum
1045 2089 1294 2143 ecclesia
1318 2089 1661 2156 inveniatur,
1678 2088 1817 2144 dent
1839 2105 1943 2159 pro
1965 2089 2194 2143 enthro-

546 2181 777 2237 niastico
803 2182 1055 2252 quidem,
1102 2182 1263 2237 solid.
1295 2198 1399 2247 xu;
1428 2199 1531 2253 pro
1568 2182 1725 2236 omni
1763 2198 1895 2237 vero
1930 2182 2042 2237 alia
2066 2198 2195 2235 con-

547 2275 868 2342 suetudine,
900 2275 1063 2330 solid.
1096 2292 1172 2331 v1.
1212 2274 1549 2346 Episcopum
1575 2276 1731 2330 enim
1772 2276 2020 2330 ecclesia
2064 2291 2193 2347 qua

550 2367 741 2422 minus
765 2368 824 2422 in
864 2368 1052 2423 reditu
1081 2368 1254 2423 habet
1279 2384 1456 2439 quam
1496 2368 1635 2422 duas
1660 2368 1784 2423 auri
1810 2368 1981 2422 libras
2005 2384 2193 2439 neque

548 2476 656 2532 pro
690 2460 1171 2530 enthroniasticis,
1204 2477 1391 2532 neque
1417 2477 1521 2532 pro
1552 2476 1890 2533 quacunque
1918 2460 2029 2515 alia
2057 2476 2192 2514 con-

550 2553 853 2607 suetudine
878 2553 1015 2608 dare
1040 2553 1255 2626 aliquid
1274 2553 1658 2609 concedimus.
1696 2555 1824 2608 Hac
1846 2558 2039 2608 autem
2066 2570 2195 2625 qua

550 2645 798 2717 praberi
850 2646 1250 2718 disposuimus,
1283 2647 1505 2719 primus
1544 2648 1845 2718 presbyter
1884 2647 2196 2702 ordinantis

555 2738 804 2810 episcopi
832 2744 888 2793 et
914 2740 1341 2795 archidiaconus
1366 2740 1760 2811 suscipientes,
1800 2740 1948 2795 inter
1980 2756 2073 2795 eos
2098 2739 2195 2811 qui

550 2849 621 2888 ex
639 2849 798 2887 more
824 2833 1058 2904 capiunt
1082 2833 1394 2889 dividunto.
1427 2835 1556 2888 Hac
1585 2833 1763 2906 igitur
1782 2833 2053 2904 jubemus
2080 2850 2216 2907 om-q

550 2926 717 2980 nibus
745 2922 1034 2981 observari
1063 2927 1265 2995 modis,
1294 2943 1365 2982 ne
1393 2942 1496 2997 per
1520 2927 1848 2998 hujusmodi
1879 2927 2196 2981 occasiones

552 3019 800 3074 ecclesia
825 3026 1257 3091 pragraventur
1276 3020 1502 3089 debitis,
1528 3024 1585 3074 et
1604 3020 1911 3075 sacerdotia
1932 3020 2073 3074 ﬁant
2098 3037 2193 3074 ve-

551 3113 720 3168 nalia.
748 3116 914 3170 Certe
941 3115 986 3168 si
1016 3115 1143 3186 quis
1168 3115 1317 3168 ultra
1354 3114 1730 3185 quantitatem
1753 3130 1786 3168 a
1804 3113 1966 3167 nobis
1990 3113 2192 3168 deﬁni-

550 3209 691 3272 tam,
716 3207 1283 3261 enthroniasticorum
1302 3211 1404 3261 aut
1429 3206 1908 3261 consuetudinum
1938 3205 2189 3269 nomine,

552 3314 892 3370 quocunque
915 3299 1084 3354 modo
1104 3316 1307 3370 capere
1329 3299 1544 3370 aliquid
1566 3298 2014 3370 praesumpserit,
2032 3299 2195 3369 jube-

552 3407 680 3446 mus
702 3397 766 3446 ut
782 3391 935 3462 quod
950 3392 1196 3463 amplius
1213 3392 1511 3463 acceperit,
1534 3391 1589 3446 id
1612 3391 1670 3446 in
1692 3391 1931 3464 triplum
1948 3409 2018 3446 ex
2031 3391 2194 3447 bonis

552 3485 675 3554 ejus
701 3484 1019 3540 vindicetur
1043 3486 1292 3540 ecclesia
1319 3485 1472 3540 illius
1507 3486 1605 3556 qui
1646 3485 1821 3540 dedit.
1855 3488 2039 3556 Atque
2071 3485 2195 3539 hac

552 3578 787 3649 quidem
818 3579 887 3633 de
912 3579 1267 3633 ordinatione
1292 3580 1689 3651 episcOporum
1716 3579 1862 3633 dicta
1887 3583 2036 3633 sunt.
2059 3580 2193 3632 Post

551 3672 967 3727 ordinationem
982 3689 1113 3728 vero
1126 3675 1242 3727 tam
1260 3672 1446 3728 servili
1459 3688 1631 3743 quam
1643 3672 1956 3743 ascriptitia
1968 3672 2196 3726 fortuna

552 3766 840 3837 episcopos
868 3766 1074 3821 liberos
1104 3782 1226 3821 esse
1250 3766 1540 3837 jubemus,
1574 3765 1684 3820 nisi
1714 3765 1943 3820 decurio
1975 3768 2075 3818 aut
2098 3782 2193 3819 co-

552 3859 785 3914 hortalis
828 3864 1038 3930 prater
1062 3860 1392 3931 praedictam
1420 3859 1873 3914 observationem
1900 3858 2196 3913 ordinatus

551 3953 643 4008 sit.
670 3953 960 4024 Ejusmodi
991 3954 1145 4008 enim
1164 3956 1420 4009 remotos
1447 3954 1517 4008 ab
1538 3952 1886 4024 episcopatu,
1907 3952 2080 4007 curia
2100 3956 2198 4006 aut

552 4046 772 4101 cohorti
799 4062 917 4100 sua
943 4046 1166 4101 restitui
1189 4047 1491 4117 jubemus,
1520 4063 1592 4101 ne
1616 4063 1729 4118 qua
1753 4062 1821 4100 ex
1844 4045 1940 4100 tali
1970 4045 2196 4100 fortuna

553 4138 866 4193 sacerdotio
884 4138 1176 4193 oboriatur
1193 4140 1556 4194 contumelia.
1590 4140 1721 4194 Illos
1741 4143 1933 4193 autem
1948 4138 2047 4209 qui
2068 4143 2197 4193 ante

553 4232 701 4287 hanc
729 4237 981 4287 nostram
1000 4232 1185 4304 legem
1208 4250 1278 4287 ex
1299 4233 1498 4287 curiali
1517 4233 1747 4287 fortuna
1761 4231 2010 4286 ordinati
2036 4231 2197 4285 inve-

553 4325 793 4380 niuntur
816 4326 1086 4397 episcopi,
1106 4326 1388 4380 sancimus
1410 4325 1641 4396 quidem
1656 4329 1721 4379 ut
1740 4323 2069 4396 hujusmodi
2092 4324 2200 4378 for-

551 4425 690 4474 tuna
711 4419 874 4473 liberi
915 4420 1046 4485 sint,
1077 4420 1174 4473 sed
1210 4419 1525 4489 legitimam
1556 4421 1774 4490 partem
1800 4433 1869 4472 ex
1890 4416 2058 4471 bonis
2087 4416 2201 4471 suis

2216 3154 2270 3228 C

2289 509 2404 563 lam
2435 512 2533 562 aut
2550 524 2745 563 curam
2766 508 3065 563 sustineto.
3079 506 3185 562 Sed
3203 521 3390 577 neque
3407 507 3847 575 susceptorem,
3864 506 3967 555 aut

2290 606 2607 656 exactorem
2641 601 2999 672 publicarum
3042 598 3557 663 contributionum,
3583 601 3687 650 aut
3725 595 3965 650 condu-

2289 699 2500 748 ctorem
2529 694 2912 764 vectigalium,
2931 694 3018 746 vel
3038 692 3350 747 alienarum
3369 690 3834 762 possessionum,
3855 692 3963 741 aut

2289 794 2610 843 curatorem
2635 787 2887 853 familia,
2921 791 3019 841 aut
3043 786 3512 857 dispensatorem,
3534 788 3636 838 aut
3661 798 3965 854 procum-

2291 886 2471 936 torem
2501 882 2635 949 litis,
2658 885 2756 935 aut
2785 879 3181 952 ﬁdejussorem
3216 895 3316 950 pro
3346 879 3435 932 his
3457 878 3638 932 causis
3658 892 3795 930 esse
3829 875 3964 945 epi-

2289 992 2520 1045 scopum
2548 1016 2561 1041 ,
2606 979 2704 1029 aut
2739 989 3117 1039 (economum,
3161 978 3260 1026 aut
3296 972 3686 1042 cujuscunque
3732 969 3967 1040 gradus

2249 1072 2255 1081 ’
2290 1070 2467 1124 alium
2486 1068 2754 1123 clericum
2775 1072 2875 1122 aut
2888 1067 3255 1133 monachum,
3270 1065 3651 1130 concedimus,
3671 1064 3801 1117 sive
3826 1079 3961 1129 suo,

2290 1162 2404 1216 sive
2428 1161 2699 1227 ecclesia,
2733 1165 2833 1215 aut
2856 1159 3186 1215 monasterii
3229 1158 3459 1213 nomine
3495 1156 3552 1212 id
3597 1156 3840 1222 subeat,
3886 1172 3963 1211 ne

2288 1271 2393 1326 per
2418 1256 2562 1309 hanc
2581 1271 2808 1310 causam
2828 1254 2999 1308 sacris
3011 1252 3224 1307 adibus
3244 1250 3538 1323 inﬂigatur
3554 1251 3850 1304 damnum
3863 1291 3879 1318 ,
3905 1254 3965 1303 et

2290 1349 2479 1405 divina
2509 1349 2894 1420 impediantur
2939 1346 3269 1401 ministeria.
3301 1347 3581 1401 (laterum
3609 1343 3654 1398 si
3686 1343 3964 1399 ecclesiis

2292 1448 2391 1497 aut
2416 1441 2772 1497 monasteriis
2796 1442 3000 1513 aliqua
3029 1440 3284 1511 adjacere
3321 1439 3688 1494 inveniantur
3716 1452 3956 1508 posses-

2292 1536 2495 1604 siones,
2536 1535 2816 1607 veliutque
2854 1534 3263 1589 venerabilium
3309 1533 3588 1587 domuum
3638 1531 3957 1602 dispensa-

2291 1634 2444 1685 tores
2469 1629 2527 1683 in
2545 1629 2977 1684 conductionem
2992 1630 3091 1682 aut
3103 1626 3523 1698 emphyteusim
3544 1641 3639 1679 eas
3656 1623 3957 1694 accipere,

2292 1726 2428 1777 tunc
2449 1723 2493 1776 si
2511 1737 2708 1777 omnes
2727 1721 2913 1776 clerici
2933 1725 2989 1776 et
3006 1720 3276 1775 monachi
3295 1720 3363 1775 de
3384 1717 3714 1790 hujusmodi
3738 1716 3955 1785 causis,

2291 1821 2389 1870 aut
2411 1817 2469 1870 in
2500 1816 2622 1886 ipso
2640 1815 3035 1883 instrumento,
3054 1818 3154 1869 aut
3167 1814 3270 1868 sub
3288 1818 3543 1868 actorum
3556 1810 3952 1879 confectione,

2291 1914 2347 1964 et
2370 1908 2751 1976 consentiant,
2784 1913 2841 1962 et
2872 1908 3179 1976 declarent,
3210 1907 3281 1961 ad
3310 1906 3613 1961 utilitatem
3633 1903 3952 1959 venerabi-

2289 2002 2433 2057 lium
2458 2003 2735 2057 domuum
2759 2002 2867 2056 hoc
2893 2000 3036 2070 ﬁeri,
3065 2001 3370 2072 procedere
3399 2004 3455 2053 et
3493 1999 3551 2052 id
3584 2015 3778 2070 genus
3809 2013 3955 2051 con-

2292 2095 2571 2151 ductionis
2591 2112 2688 2150 seu
2715 2095 3153 2167 emphyteuseos
3176 2092 3559 2148 concedimus.
3592 2091 3701 2146 Sed
3726 2094 3790 2145 et
3812 2091 3955 2161 ipsis

2293 2189 2660 2244 sacrosanctis
2688 2187 2935 2243 ecclesiis
2955 2192 3011 2242 et
3037 2186 3270 2258 reliquis
3299 2184 3726 2240 venerabilibus
3755 2184 3953 2238 domi-

2292 2282 2400 2337 bus
2416 2283 2705 2337 licentiam
2725 2282 2927 2336 damus
2953 2286 3015 2335 ut
3033 2280 3434 2335 conductiones
3454 2284 3511 2334 et
3530 2279 3953 2349 emphyteuses

2295 2377 2444 2431 inter
2470 2392 2529 2431 se
2548 2375 2835 2430 celebrent
2857 2392 2870 2429 :
2896 2374 3267 2429 consimiliter
3286 2377 3343 2427 et
3366 2372 3604 2439 clericis,
3619 2374 3684 2425 ut
3700 2388 3949 2425 suarum

2294 2465 2659 2520 ecclesiarum
2700 2464 3086 2535 possessiones
3130 2463 3449 2518 conducant
3487 2468 3543 2516 et
3587 2461 3947 2533 gubernant,

2294 2558 2576 2614 sententia
2616 2564 2808 2613 tamen
2841 2557 3086 2629 episcopi
3126 2561 3182 2610 et
3223 2555 3506 2610 aconomi
3550 2554 3947 2619 concedimus,

2296 2652 2543 2723 exceptis
2566 2651 2820 2723 personis
2846 2667 2985 2721 quas
3010 2666 3114 2721 per
3137 2650 3371 2704 alteram
3402 2649 3593 2719 legem
3614 2649 3728 2702 hoc
3757 2648 3949 2702 facere

2294 2730 2710 2817 prohibuimus.
2740 2745 2795 2801 Si
2822 2744 2948 2816 quis
2978 2749 3171 2798 contra
3196 2743 3469 2814 pradicta
3494 2741 3712 2813 aliquid
3734 2741 3945 2812 egerit,

2295 2840 2342 2893 si
2370 2839 2600 2910 quidem
2625 2838 2922 2910 episcopus
2954 2837 3044 2905 sit,
3068 2852 3266 2891 omnes
3293 2852 3380 2889 res
3403 2835 3525 2906 ejus
3546 2851 3674 2906 qua
3704 2851 3778 2888 ex
3798 2851 3945 2905 qua-

2294 2948 2518 3004 cunque
2550 2948 2718 2993 causa
2764 2935 2863 2985 aut
2891 2947 3154 3002 persona,
3203 2930 3317 2984 sive
3346 2933 3478 2983 ante
3517 2929 3943 3000 episcopatum,

2295 3026 2409 3080 sive
2439 3029 2567 3096 post
2594 3025 2983 3096 episcopatum
3014 3023 3087 3077 ad
3119 3024 3304 3094 ipsum
3330 3026 3741 3093 pervenerunt,
3758 3022 3941 3075 eccle-

2295 3119 2394 3172 sia
2421 3119 2541 3189 ejus
2570 3116 2842 3171 vindicari
2864 3117 3168 3171 sancimus.
3184 3116 3241 3171 Si
3256 3132 3388 3170 vero
3407 3114 3706 3181 aconomi,
3723 3119 3825 3169 aut
3845 3115 3940 3168 alii

2295 3211 2486 3265 clerici
2517 3211 2649 3279 sint,
2673 3210 2769 3282 qui
2791 3210 2847 3264 in
2867 3210 2973 3264 hoc
2995 3210 3377 3279 deliquerunt,
3395 3224 3560 3279 pana
3579 3207 3653 3261 ab
3672 3207 3813 3278 ipsis
3840 3224 3939 3278 pe-

2291 3304 2564 3369 cuniaria,
2585 3320 2755 3375 quam
2779 3303 3075 3375 episcopus
3092 3318 3290 3356 eorum
3308 3300 3651 3373 probaverit,
3667 3300 3758 3354 exi
3766 3302 3935 3372 gitor,

2293 3397 2627 3452 vindicanda
2645 3397 2916 3465 ecclesia,
2935 3397 3166 3468 quando
3185 3401 3238 3449 et
3254 3396 3311 3449 hi
3334 3395 3431 3467 qui
3451 3395 3828 3465 vectigalium
3844 3400 3943 3449 aut

2296 3492 2681 3563 cujuscunque
2699 3490 3070 3562 possessionis
3090 3489 3539 3556 conductionem,
3558 3492 3661 3542 aut
3680 3488 3937 3560 publico-

2294 3602 2426 3641 rum
2451 3584 2802 3639 tributorum
2830 3583 3243 3653 susceptionem
3263 3581 3814 3653 proﬂigationemve,
3845 3584 3941 3634 aut

2294 3695 2487 3733 curam
2515 3678 2747 3733 familia
2767 3677 2999 3732 illorum
3017 3676 3149 3731 fidei
3170 3676 3558 3742 crediderunt,
3581 3681 3683 3729 aut
3701 3692 3805 3746 pro
3828 3692 3938 3729 me-

2294 3771 2529 3826 moratis
2558 3771 2740 3825 causis
2771 3770 3135 3841 ﬁdejussores
3178 3785 3272 3823 eos
3300 3772 3642 3840 acceperunt
3664 3810 3678 3836 ,
3726 3768 3936 3822 nullam

2296 3869 2489 3920 contra
2511 3864 2826 3930 ecclesiam,
2851 3867 2949 3917 aut
2969 3863 3402 3929 monasterium,
3431 3865 3531 3915 aut
3551 3877 3645 3915 res
3673 3862 3814 3931 ejus,
3845 3866 3937 3915 aut

2297 3959 2726 4030 dispensatores,
2755 3960 2854 4012 aut
2874 3956 3046 4011 etiam
3072 3961 3270 4011 contra
3302 3972 3399 4009 eas
3418 3971 3687 4026 personas
3699 3971 3935 4026 quarum

2296 4052 2467 4106 ﬁdem
2500 4054 2705 4106 secuta
2747 4053 2900 4118 sunt,
2937 4053 3036 4103 aut
3080 4049 3391 4116 facultates,
3438 4052 3538 4102 aut
3582 4048 3936 4117 tidejussores

2299 4161 2498 4199 earum
2527 4145 2808 4199 actionem
2836 4142 3084 4197 habituri
3117 4142 3251 4196 sint.
3279 4141 3425 4206 Quin
3464 4141 3510 4195 si
3543 4141 3680 4211 quid
3719 4140 3937 4212 publico

2299 4238 2489 4293 damni
2517 4236 2922 4304 obvenerit,illi
2943 4236 3043 4308 qui
3066 4235 3423 4306 publicarum
3449 4234 3930 4288 contributionum

2297 4336 2396 4387 aut
2438 4330 2798 4403 vectigalium
2843 4329 3282 4401 susceptionem,
3330 4332 3427 4382 aut
3482 4326 3926 4395 conductionem,

2298 4426 2397 4475 aut
2424 4419 2886 4492 profligationem
2912 4417 3239 4473 memoratis
3271 4417 3524 4488 personis
3554 4416 3923 4484 crediderunt,

549 4513 844 4585 assignant
870 4513 1042 4567 curia
1068 4518 1125 4566 et
1147 4512 1398 4583 publico.
1426 4514 1504 4565 [ta
1530 4527 1683 4578 sane,
1701 4516 1765 4566 ut
1780 4511 2005 4566 nullum
2026 4510 2197 4564 eccle-
2216 4522 2274 4593 Ι)
2296 4518 2394 4568 aut
2422 4513 2777 4584 ﬁdejussores
2802 4528 2897 4566 eos
2923 4515 3314 4581 susceperunt,
3348 4511 3455 4564 hoc
3479 4510 3673 4581 ipsum
3702 4527 3766 4565 ex
3806 4527 3927 4582 pro-

550 4605 769 4661 siastica
796 4606 932 4676 jura
958 4604 1369 4659 detrimentum
1405 4604 1721 4659 sustineant
1748 4603 1807 4657 in
1835 4603 2027 4669 rebus,
2056 4619 2196 4674 quas

548 4702 679 4769 post
708 4698 1095 4769 episcopatum
1124 4699 1357 4770 insuper
1387 4698 1650 4769 quaesitas
1688 4697 1759 4751 ad
1787 4712 1986 4751 eorum
2013 4696 2194 4750 eccle-

549 4791 690 4845 siam
720 4792 1005 4861 pertinere
1034 4792 1439 4864 disposuimus.
1471 4790 1634 4855 Quod
1673 4791 1720 4844 si
1747 4790 2038 4859 contingat
2063 4800 2126 4843 ut
2152 4789 2198 4843 is

549 4884 647 4955 qui
681 4885 979 4939 ordinatur
1005 4886 1308 4956 episcopus
1338 4886 1441 4939 sub
1471 4883 1650 4956 patris
1689 4882 1775 4937 sui
1801 4886 2080 4954 potestate
2105 4881 2195 4950 sit,

548 4994 615 5032 ex
648 4978 767 5048 ipsa
795 4978 1150 5033 ordinatione
1183 4979 1269 5033 sui
1291 4978 1439 5049 juris
1466 4982 1608 5032 esto.

625 5073 800 5127 Porro
847 5072 940 5126 Dei
985 5072 1408 5145 amantissimos
1455 5071 1745 5142 episcOpos
1790 5075 1845 5125 et
1888 5069 2200 5124 monachos

550 5166 705 5221 nulla
730 5167 854 5237 lege
876 5169 1091 5219 tutores
1116 5168 1216 5219 aut
1226 5167 1516 5219 curatores
1535 5164 1925 5235 cujuscunque
1944 5179 2200 5235 persona

548 5259 671 5314 fieri
695 5258 1081 5313 concedimus.
1114 5257 1473 5328 Presbyteros
1502 5261 1718 5323 autem,
1747 5262 1806 5312 et
1832 5257 2113 5324 diaconos,
2145 5260 2203 5310 et

549 5352 942 5417 subdiaconos,
964 5352 1008 5405 si
1022 5351 1155 5422 jure
1167 5367 1232 5405 ac
1243 5351 1369 5421 lege
1391 5350 1742 5421 cognationis
1760 5349 1829 5404 ad
1853 5350 2088 5405 tutelam
2103 5351 2206 5404 aut

550 5461 746 5498 curam
773 5451 1063 5510 vocentur,
1090 5444 1371 5515 ejusmodi
1402 5459 1613 5497 munus
1634 5442 1919 5513 suscipere
1937 5442 2199 5497 concedi-

554 5552 702 5603 mus,
724 5537 770 5590 si
793 5542 987 5592 tamen
1008 5538 1160 5592 intra
1180 5553 1404 5593 menses
1419 5541 1665 5608 quatuor
1678 5536 1883 5590 exinde
1899 5550 2205 5590 numerau-

554 5629 657 5683 dos
688 5647 757 5683 ex
789 5646 904 5700 quo
931 5632 1110 5685 vocati
1140 5636 1304 5699 sunt,
1334 5631 1483 5700 apud
1512 5632 1931 5700 competentem
1950 5628 2204 5699 judicem

556 5722 767 5791 scripto
796 5722 1203 5776 declaraverint
1242 5722 1297 5776 id
1327 5739 1385 5775 se
1418 5739 1623 5775 munus
1649 5720 1881 5791 propria
1914 5722 2205 5775 voluntate

576 5812 881 5882 uscepisse.
917 5814 983 5867 Et
1008 5816 1055 5868 si
1084 5816 1168 5883 (ut
1196 5813 1489 5884 probabile
1511 5816 1613 5883 est)
1644 5829 1842 5867 eorum
1863 5813 2069 5885 aliquis
2095 5813 2203 5867 hoc

1598 5926 1677 5943 φοι

2298 4607 2422 4679 pria
2446 4605 2756 4660 substantia
2782 4605 3076 4659 restituere
3104 4603 3537 4675 compellentur.

2368 4702 2648 4754 Praterea
2675 4698 2816 4752 nulli
2851 4697 3291 4768 magistratuum
3321 4696 3512 4751 licebit
3538 4696 3638 4750 Dei
3681 4696 3930 4750 amantis-

2298 4794 2474 4848 simos
2510 4792 2802 4864 episcopos
2840 4808 3076 4863 cogere,
3127 4795 3189 4845 ut
3241 4789 3580 4861 perhibendi
3638 4789 3927 4844 testimonii

2299 4904 2464 4942 causa
2490 4886 2551 4940 in
2572 4886 2695 4956 ejus
2720 4885 3024 4957 prodeant;
3055 4884 3153 4939 sed
3166 4884 3346 4955 judex
3377 4883 3590 4937 mittito
3626 4883 3696 4937 ad
3721 4901 3812 4938 eos
3838 4883 3927 4937 ali-

2301 4980 2453 5051 quod
2472 4996 2541 5033 ex
2562 4979 2816 5049 personis
2834 4977 2941 5049 ipsi
2961 4977 3388 5049 apparentibus,
3410 4980 3473 5030 ut
3505 4977 3805 5047 propositis
3824 4993 3929 5030 san-

2302 5074 2403 5128 ctis
2432 5072 2765 5143 Evangeliis,
2802 5076 2973 5143 prout
3009 5070 3325 5124 sacerdotes
3357 5071 3545 5138 decet,
3590 5070 3780 5124 dicant
3816 5086 3926 5141 qua

2304 5170 2604 5222 noverunt.
2629 5166 2738 5220 Sed
2758 5181 2946 5236 neque
2969 5169 3032 5217 ut
3050 5165 3345 5236 episcopus
3371 5179 3476 5234 pro
3498 5163 3825 5233 pecuniaria
3848 5163 3929 5216 ali—

2302 5277 2416 5331 qua
2442 5264 2540 5314 aut
2565 5258 2847 5312 criminali
2873 5274 3042 5311 causa
3072 5258 3143 5311 ad
3170 5256 3397 5311 civilem
3423 5256 3796 5311 militaremve
3822 5272 3925 5309 ma-

2308 5354 2611 5425 gistratum
2623 5351 2833 5406 invitus
2848 5351 3214 5423 perducatur,
3230 5350 3526 5404 sistaturve
3540 5348 3663 5403 sine
3678 5348 3925 5421 imperiali

2296 5447 2552 5519 jussione
2590 5444 2956 5499 concedimus
2986 5460 2998 5498 :
3044 5444 3140 5499 sed
3179 5443 3552 5514 magistratus
3590 5442 3691 5513 qui
3722 5443 3817 5497 hoc
3853 5442 3925 5496 vel

2306 5540 2516 5611 scripto
2541 5539 2628 5593 vel
2657 5538 2778 5592 sine
2809 5538 3016 5608 scripto
3038 5539 3307 5592 mandare
3326 5537 3759 5607 prasumpserit
3780 5578 3792 5601 ,
3819 5539 3922 5607 post

2304 5632 2522 5704 cinguli
2549 5631 2958 5687 detractionem
2991 5630 3195 5702 viginti
3242 5629 3521 5684 librarum
3561 5630 3693 5683 auri
3732 5643 3920 5701 panem

2304 5722 2630 5792 persolvito,
2659 5720 2906 5776 dandam
2934 5720 3184 5774 ecclesia
3213 5720 3375 5790 cujus
3411 5717 3715 5789 episcopus
3740 5718 3916 5789 perdu-

2307 5820 2450 5885 ctus,
2472 5818 2572 5869 aut
2589 5814 2709 5871 sisti
2721 5815 2916 5887 jussus
2932 5818 3019 5869 est
3039 5829 3053 5869 :
3077 5811 3453 5869 consimiliter
3474 5817 3799 5868 exsecutum
3815 5826 3919 5884 quo-
