4032 6232
89 357 224 420 102's

918 348 1286 425 JUSTINIANI
1323 370 1652 427 NOVELL‘E
1689 371 2026 430 SELECTIE.
2067 373 2377 431 NOVELLA
2415 374 2641 431 CXXIII.

3338 382 3356 435 I
3368 385 3472 438 026

84 494 193 547 que
226 479 369 547 post
386 476 603 547 cinguli
634 476 1058 533 detractionem
1085 484 1204 535 tam
1227 482 1532 536 tormentis
1559 483 1729 553 subji-
1752 496 1810 567 Α
1829 484 1954 538 Non
1995 488 2221 540 tantum
2261 489 2459 539 autem
2508 485 2631 539 haec
2662 488 2996 556 quaerantur
3023 485 3083 541 in
3113 487 3345 558 synodis
3371 505 3479 559 per

84 569 316 636 ciendo,
344 586 524 640 quam
546 570 605 623 in
634 570 899 625 exislium
924 573 1230 628 mittendo.

155 663 569 718 lnterdicimus
580 668 776 718 autem
790 664 890 718 Dei
904 666 1315 721 amantissimis
1340 668 1641 739 episcopis,
1658 687 1728 724 ne

83 757 352 828 proprias
381 757 656 812 deserant
672 758 958 827 ecclesias,
983 763 1041 814 et
1062 760 1120 813 iu
1142 761 1282 815 alias
1298 762 1732 833 proﬁciscantur

84 850 435 921 provincias.
467 850 582 906 Sed
609 855 667 905 et
696 851 743 905 si
774 852 944 923 hujus
975 853 1189 924 agendi
1221 854 1731 927 necessitasaliqua

84 943 350 1011 incidiat,
382 961 501 999 non
526 945 713 1012 aliter,
748 945 861 999 nisi
888 963 1019 1000 cum
1052 947 1258 1001 litteris
1284 948 1601 1003 beatissimi
1631 966 1728 1003 eo-

83 1053 208 1091 rum
226 1038 582 1108 patriarchm
611 1041 710 1092 aut
736 1038 1187 1110 metropolitani,
1211 1047 1311 1095 aut
1338 1040 1624 1112 imperiali
1649 1042 1729 1096 vi-

87 1130 578 1201 delicetjussione
605 1132 714 1186 hoc
742 1132 983 1187 faciant:
1015 1132 1094 1188 ita
1113 1150 1273 1201 sane,
1300 1138 1363 1188 ut
1383 1151 1456 1188 ne
1481 1135 1594 1189 illis
1613 1136 1733 1207 qui-

87 1224 215 1279 dem
238 1226 534 1297 episcopis
551 1227 646 1297 qui
666 1228 769 1281 sub
791 1226 1126 1282 beatissimo
1146 1228 1576 1301 archiepiscopo
1589 1230 1733 1285 Con-

85 1318 608 1390 stantinopolitano
642 1323 700 1375 et
738 1320 1065 1391 patriarcha
1094 1322 1391 1376 constituti
1417 1326 1571 1390 sunt,
1609 1323 1731 1378 sine

87 1414 205 1480 ejus
234 1413 548 1480 mandatu,
570 1417 668 1467 aut
684 1418 881 1468 nostra
900 1414 1160 1483 jussione
1183 1415 1256 1469 ad
1286 1416 1509 1487 regiam
1536 1416 1731 1471 venire

87 1505 292 1559 urbem
318 1506 510 1560 liceat.
537 1506 702 1571 Quod
722 1507 767 1561 si
785 1524 854 1562 eo
880 1508 1057 1564 modo
1074 1508 1730 1582 episcopusquocunque

85 1599 189 1653 loci
212 1600 648 1670 peregrinetur,
684 1617 801 1655 non
829 1602 1077 1673 amplius
1098 1620 1213 1657 uno
1246 1620 1400 1658 anno
1434 1603 1731 1658 ecclesiam

85 1709 249 1746 suam
278 1693 618 1764 relinquito.
658 1694 918 1765 Episc0pi
955 1710 1112 1762 vero,
1154 1696 1251 1766 qui
1292 1697 1365 1750 ad
1397 1698 1619 1767 regiam
1653 1698 1733 1767 (ut

85 1786 304 1840 dictum
332 1788 435 1853 est)
471 1787 673 1842 urbem
703 1789 1068 1855 accesserint,
1099 1791 1491 1861 cujuscunque
1519 1790 1729 1846 dicece-

1831 576 2084 647 singulos
2110 594 2290 633 annos
2321 576 2682 631 celebrandis
2715 594 2727 632 :
2762 578 2864 631 sed
2895 577 3072 632 etiam
3106 579 3470 650 quotiescun-

1834 686 1945 740 que
1973 670 2179 741 aliquis
2196 672 2280 724 vel
2305 670 2694 737 sacerdotum,
2726 671 2814 725 vel
2829 671 3195 740 clericorum,
3228 674 3316 727 vel
3338 690 3476 745 prae-

1832 764 2040 831 sulum,
2087 764 2176 818 vel
2218 765 2661 830 monachornm,
2696 765 2781 817 vel
2823 763 2893 818 de
2923 764 3057 832 ﬁde,
3092 765 3180 819 vel
3217 766 3288 821 de
3320 767 3471 839 turpi

1831 856 1960 923 vita,
1988 857 2075 910 vel
2097 857 2252 928 quod
2273 861 2475 912 contra
2495 873 2686 912 sacros
2705 856 2923 928 aliquid
2949 874 3200 912 canones
3224 877 3467 931 perege-

1830 948 1924 1015 rit,
1956 954 2255 1005 accusatus
2285 950 2476 1004 fuerit.
2512 951 2579 1004 Et
2609 950 2655 1004 si
2681 950 2918 1021 quidem
2959 950 3006 1005 is
3040 952 3138 1022 qui
3172 957 3472 1008 accusatur

1832 1043 2132 1115 episcopus
2152 1043 2325 1098 fuerit
2345 1043 2512 1114 hujus
2528 1044 3023 1115 metropolitanus,
3042 1062 3112 1100 ea
3125 1062 3252 1117 quae
3274 1048 3469 1117 profe-

1832 1140 2034 1191 rentur
2064 1137 2422 1203 examinato;
2457 1137 2502 1191 si
2533 1154 2667 1192 vero
2694 1138 3170 1209 metropolitanus
3200 1139 3462 1193 beatissi-

1831 1246 1960 1285 mus
1986 1230 2447 1301 archiepiscopus
2467 1231 2570 1286 sub
2595 1247 2709 1301 quo
2741 1236 3037 1298 censetur;
3071 1231 3117 1285 si
3146 1233 3467 1303 presbyter,

1834 1324 1932 1378 aut
1979 1323 2276 1393 diaconus,
2310 1327 2408 1377 aut
2436 1323 2581 1378 alius
2602 1324 2862 1389 clericus,
2899 1329 2997 1379 aut
3024 1326 3230 1395 praesul
3262 1342 3465 1381 mona-

1833 1417 2010 1485 sterii,
2029 1422 2130 1471 aut
2152 1417 2491 1483 monachus,
2520 1417 2983 1488 religiosissimus
3009 1420 3326 1489 epiSCOpus,
3362 1420 3464 1474 sub

1834 1527 1948 1564 uno
1980 1510 2037 1564 hi
2058 1514 2342 1577 censetur,
2367 1511 2556 1564 delata
2574 1511 2633 1565 in
2665 1512 3092 1566 accusationem
3115 1512 3463 1568 examinato.

1832 1606 1900 1657 Et
1931 1604 2169 1658 veritate
2191 1604 2588 1675 comprobata,
2613 1605 3004 1675 unusquisque
3033 1622 3136 1675 pro
3166 1606 3341 1660 modo
3367 1606 3467 1660 de-

1831 1697 1969 1765 licti,
2004 1697 2294 1751 canonicis
2333 1697 2585 1752 censuris
2623 1697 2918 1767 subjicitor
2945 1698 3165 1767 judicio
3215 1698 3338 1768 ejus
3374 1698 3471 1769 qui

1834 1808 2020 1845 causae
2048 1790 2543 1845 examinationem
2563 1791 2983 1846 accommodat.
3000 1793 3186 1862 Atque
3210 1792 3332 1845 haec
3347 1808 3470 1845 om-

86 1896 211 1934 seos
244 1880 385 1945 sint,
412 1883 546 1935 ante
576 1880 774 1935 omnia
808 1880 1207 1936 beatissimum
1238 1884 1733 1956 archiepiscopum
1756 1868 1811 1941 B
1836 1884 1931 1939 nia
1960 1901 2077 1939 non
2104 1887 2327 1938 tantum
2356 1883 2657 1939 obtinento
2678 1884 2740 1938 in
2758 1883 2826 1939 iis
2847 1883 3127 1955 episcopis
3147 1888 3206 1939 et
3231 1884 3469 1952 clericis,

84 1972 796 2044 Constantinopolitanum
808 1978 866 2028 et
878 1975 1267 2045 patriarcham
1280 1976 1733 2049 adeunto,atque

84 2067 161 2120 ita
188 2083 299 2137 per
328 2067 520 2138 ipsum
547 2067 620 2121 ad
646 2071 906 2122 nostram
928 2068 1337 2139 ingrediuntor
1356 2071 1734 2142 tranquillita-

86 2164 223 2214 tem.
256 2160 369 2224 Qui
391 2176 525 2214 vero
548 2164 750 2215 contra
776 2165 1033 2216 nostram
1056 2162 1493 2234 dispositionem
1518 2166 1605 2218 vel
1638 2181 1735 2235 pe-

84 2254 485 2324 regrinantur,
508 2258 608 2308 aut
630 2254 780 2309 ultra
792 2256 1141 2326 praefinitum
1157 2256 1297 2311 anni
1324 2260 1552 2328 tempus
1574 2261 1731 2312 extra

87 2348 395 2401 ecclesiam
451 2364 615 2401 suam
668 2348 803 2403 alibi
856 2354 1312 2417 commorantur,
1358 2351 1448 2404 his
1482 2351 1731 2422 primum

88 2441 329 2512 quidem
347 2458 466 2495 non
489 2441 1081 2498 subministrantorab
1104 2444 1356 2498 ecclesiae
1379 2461 1495 2499 sua:
1508 2462 1733 2500 oecono-

85 2535 194 2588 mis
235 2538 534 2605 sumptus:
579 2534 791 2589 deinde
837 2536 1084 2591 citantor
1109 2537 1472 2592 sacerdotum
1503 2538 1727 2606 litteris,

86 2629 187 2681 sub
221 2627 435 2698 quibus
460 2632 784 2695 censentur,
809 2633 873 2683 ut
897 2630 969 2683 ad
994 2630 1265 2685 ecclesias
1292 2648 1423 2685 suas
1440 2636 1730 2686 revertan-

87 2724 196 2775 tur.
234 2722 290 2776 Si
318 2721 528 2775 reverti
551 2721 839 2789 differant,
864 2724 1181 2778 secundum
1204 2741 1395 2779 sacros
1423 2729 1732 2781 evocantor

90 2830 365 2869 canones.
402 2816 471 2867 Et
496 2814 603 2869 nisi
630 2815 780 2870 intra
810 2818 1039 2887 tempus
1061 2834 1095 2871 a
1126 2818 1520 2872 sacerdotibus
1536 2820 1727 2889 praeﬁ-

92 2908 277 2962 nitum
304 2907 379 2961 ad
413 2908 680 2962 ecclesias
712 2924 841 2963 suas
872 2913 1253 2978 revertantur,
1273 2910 1382 2981 ipsi
1396 2911 1633 2981 quidem
1658 2913 1728 2967 ab

94 3001 428 3071 episcopatu
450 3000 834 3071 depelluntor,
871 3002 967 3057 alii
990 3008 1183 3058 autem
1201 3004 1473 3058 meliores
1489 3005 1549 3058 in
1576 3004 1728 3076 ipso-

92 3110 217 3147 rum
250 3095 446 3147 locum
476 3094 817 3149 ordinantor
848 3112 952 3166 pro
989 3100 1193 3151 tenore
1223 3098 1523 3168 prmsentis
1564 3098 1725 3169 legis.

91 3186 309 3240 Eodem
352 3187 461 3241 hoc
503 3187 810 3243 obtenturo
855 3193 911 3242 et
951 3190 1010 3243 in
1061 3190 1299 3258 clericis,
1341 3191 1729 3262 cujuscunque

93 3279 308 3350 gradus
328 3279 550 3334 fuerint
574 3297 674 3335 seu
699 3281 1023 3336 ministerii.
1055 3282 1199 3347 Quia
1228 3300 1363 3338 vero
1397 3284 1551 3355 quod
1584 3301 1618 3339 a
1648 3302 1731 3339 sa-

92 3372 193 3428 cris
213 3373 441 3427 dictum
459 3376 545 3427 est
560 3374 878 3429 canonibus
895 3375 966 3429 de
995 3376 1488 3431 sanctissimorum
1511 3378 1727 3450 episco-

90 3483 299 3538 porum
334 3467 586 3537 synodis,
628 3484 755 3538 quae
789 3485 890 3539 per
925 3469 1176 3540 singulas
1207 3470 1487 3525 celebrari
1516 3470 1734 3526 debent

90 3559 432 3630 provincias,
466 3560 762 3632 hucusque
799 3561 1164 3618 observatum
1196 3580 1313 3618 non
1347 3568 1453 3631 est,
1478 3565 1732 3619 maxime

91 3652 480 3709 necessarium
508 3654 683 3708 fuerit
713 3654 784 3709 ad
814 3658 1030 3709 rectam
1068 3656 1126 3710 id
1158 3656 1348 3712 denuo
1374 3658 1527 3711 viam
1559 3659 1727 3713 redu-

90 3765 241 3803 cere.
277 3749 359 3802 Ac
390 3747 573 3802 sancti
602 3748 839 3819 quidem
875 3749 1117 3820 apostoli
1166 3754 1224 3804 et
1260 3752 1457 3805 Patres
1497 3751 1735 3806 deﬁnie-

90 3845 224 3895 runt
258 3845 320 3895 ut
338 3841 426 3895 bis
447 3857 552 3912 per
574 3842 830 3912 singulos
848 3859 1031 3898 annos
1050 3844 1613 3915 religiosissimorum
1642 3862 1731 3899 sa-

90 3935 393 3989 cerdotum
414 3951 514 3988 seu
536 3934 937 4007 episcoporum
960 3937 1019 3991 in
1033 3953 1261 4009 quaque
1276 3938 1571 4009 provincia
1591 3939 1733 3992 cele-

90 4028 401 4083 brarentur
430 4029 656 4099 synodi,
695 4032 753 4083 et
776 4046 904 4101 quae
935 4031 1409 4102 suppullularent,
1443 4032 1734 4086 examina-

90 4125 313 4189 rentur,
348 4122 788 4195 potirenturque
815 4125 1168 4196 competenti
1200 4126 1554 4180 correctione
1582 4143 1595 4181 ε
1626 4126 1733 4181 hoc

93 4220 173 4270 est
215 4217 404 4270 altera
430 4215 666 4287 quidem
706 4222 906 4289 quarta
948 4218 1086 4272 feria
1119 4223 1324 4274 sanctae
1360 4221 1728 4289 Pentecostes,

90 4310 270 4364 altera
308 4324 446 4364 vero
474 4310 536 4364 in
564 4327 764 4365 mense
800 4312 1150 4383 Septembri.
1186 4314 1296 4367 Nos
1321 4316 1515 4367 autem
1538 4329 1604 4367 ex
1631 4314 1734 4367 hu-

85 4401 716 4475 jusmodinegligentia
736 4406 949 4460 multos
969 4406 1138 4461 variis
1162 4405 1469 4477 implicitos
1486 4405 1733 4477 peccatis

90 4495 505 4565 invenerimus,
519 4497 791 4568 jubemus
821 4502 883 4552 ut
910 4499 1174 4554 omnibus
1201 4498 1388 4554 modis
1416 4498 1475 4553 in
1504 4516 1732 4570 quaque

1752 3236 1806 3310 C

1833 1995 2023 2048 neque
2055 1995 2172 2032 non
2200 1978 2556 2048 praesulibus,
2604 1976 2703 2048 qui
2746 1977 2985 2047 posthac
3025 1978 3468 2045 ordinabuntur,

1835 2071 1935 2125 sed
1957 2070 2131 2126 etiam
2161 2070 2219 2124 in
2253 2070 2320 2125 iis
2351 2070 2448 2141 qui
2478 2070 2652 2125 modo
2682 2073 2833 2137 sunt,
2867 2070 2910 2124 si
2959 2071 3088 2141 quis
3129 2070 3305 2141 (quod
3339 2071 3472 2124 licet

1832 2165 2136 2235 conjicere)
2172 2164 2243 2218 de
2274 2165 2444 2218 certis
2473 2163 2659 2217 causis
2688 2180 2794 2235 per
2842 2179 3029 2218 sacros
3072 2174 3324 2218 canenes
3364 2180 3469 2219 no-

1833 2262 2094 2329 strasque
2117 2259 2275 2329 leges
2294 2256 2598 2329 prohibitis
2619 2260 2934 2311 accusetur.
2960 2257 3054 2312 His
3082 2257 3239 2311 enim
3264 2257 3344 2311 ita
3365 2257 3464 2312 ob-

1833 2352 2087 2418 servatis,
2104 2351 2231 2405 laici
2253 2367 2484 2422 quoque
2502 2367 2781 2421 magnum
2802 2350 2953 2405 circa
2974 2355 3189 2406 rectam
3210 2350 3387 2405 ﬁdem
3413 2355 3470 2405 et

1832 2446 2137 2500 honestam
2165 2445 2341 2500 vitam
2362 2445 2706 2515 profectum,
2741 2448 2913 2515 atque
2945 2444 3004 2499 in
3034 2444 3243 2499 melius
3276 2461 3472 2499 emen-

1833 2538 2128 2593 dationem
2148 2539 2651 2610 promerehuntur.
2664 2538 2753 2592 Ad
2769 2538 3175 2608 hiecjubemus
3187 2542 3247 2592 ut
3263 2553 3467 2593 omnes

1832 2632 2085 2703 episcopi
2108 2632 2325 2703 pariter
2357 2635 2416 2685 et
2444 2631 2763 2702 presbyteri
2794 2648 2910 2686 non
2929 2631 3104 2686 tacito
3136 2630 3336 2699 modo,
3367 2628 3469 2686 sed

1831 2726 1985 2780 clara
2013 2741 2171 2792 voce,
2206 2741 2334 2796 quae
2365 2741 2398 2778 a
2436 2723 2591 2778 ﬁdeli
2617 2726 2832 2795 populo
2865 2724 3220 2791 exaudiatur,
3245 2740 3467 2779 sacram

1832 2817 2187 2873 oblationem
2216 2822 2275 2871 et
2304 2834 2503 2888 preces
2522 2810 2582 2870 in
2601 2820 2798 2871 sancto
2818 2816 3161 2887 baptismate
3184 2816 3468 2871 adhibitas

1831 2911 2141 2978 celebrent,
2176 2928 2290 2982 quo
2318 2910 2541 2981 majore
2581 2909 2784 2964 exinde
2819 2910 3121 2964 devotione
3164 2909 3221 2963 in
3261 2909 3471 2980 depro-

1832 3004 2060 3058 mendis
2086 3003 2316 3058 Domini
2342 3003 2440 3058 Dei
2460 3002 2727 3057 laudibus
2749 3002 3106 3057 audientium
3129 3002 3310 3056 animi
3328 3002 3464 3057 eﬁ'e-

1830 3101 2049 3152 rantur.
2084 3099 2166 3151 Ita
2197 3097 2355 3151 enim
2388 3099 2445 3150 et
2476 3095 2637 3150 divus
2664 3097 2965 3167 Apostolus
2985 3095 3170 3163 docet,
3190 3096 3386 3150 dicens
3406 3096 3464 3149 in

1832 3190 2022 3262 prima
2040 3190 2114 3245 ad
2150 3190 2477 3247 Corinthios
2501 3189 2787 3261 Epistola:
2821 3189 2989 3243 Enim
3008 3206 3142 3243 vero
3173 3189 3219 3243 si
3260 3189 3468 3243 solum-

1833 3284 2007 3339 modo
2040 3284 2351 3338 benedicas
2391 3282 2919 3355 spiritu,quomodo
2936 3283 3030 3355 qui
3053 3282 3259 3354 privati
3278 3283 3466 3337 locum

1832 3378 2036 3449 implet
2051 3378 2202 3433 dicet
2221 3378 2294 3432 ad
2313 3376 2633 3448 gratiarum
2650 3377 2935 3432 actionem
2960 3380 3119 3432 tuam
3142 3378 3260 3431 Deo
3278 3376 3465 3447 ipsum

1834 3475 2036 3539 Amen,
2064 3470 2539 3542 quandoquidem
2564 3470 2701 3541 quid
2723 3470 2877 3524 dicas
2898 3486 3015 3525 non
3036 3470 3231 3524 videt?
3251 3471 3332 3524 Tu
3350 3470 3470 3541 qui-

1834 3564 1968 3619 dem
1992 3564 2228 3635 pulchre
2263 3563 2478 3634 gratias
2504 3564 2648 3634 agis,
2678 3564 2823 3618 alter
2843 3566 3036 3616 autem
3064 3579 3181 3616 non
3215 3562 3464 3616 aediﬁca-

1833 3661 1944 3711 tur.
1989 3658 2059 3710 Et
2087 3673 2285 3710 rursus
2316 3656 2374 3709 in
2409 3655 2654 3726 epistola
2681 3655 2752 3710 ad
2786 3656 3078 3710 Romanos
3108 3654 3188 3708 sic
3226 3654 3419 3725 inquit
3453 3667 3465 3708 :

1832 3750 2016 3807 Corde
2050 3749 2288 3821 quidem
2321 3749 2574 3803 creditur
2602 3749 2676 3803 ad
2696 3748 2997 3819 justitiam,
3030 3764 3128 3802 ore
3167 3750 3360 3801 autem
3407 3748 3471 3801 ﬁt

1834 3843 2115 3899 confessio
2150 3843 2223 3897 ad
2253 3842 2518 3897 salutem.
2558 3842 2652 3896 His
2680 3841 2857 3912 igitur
2883 3841 2953 3895 de
2986 3840 3171 3896 causis
3199 3841 3472 3895 convenit

1833 3942 1895 3992 ut
1912 3938 2064 3992 inter
2083 3940 2318 3991 caeteras
2335 3952 2533 4007 preces
2559 3938 2617 3989 et
2643 3952 2709 3989 ea
2731 3952 2857 4006 quas
2879 3934 2937 3987 in
2960 3937 3157 3988 sancta
3177 3933 3470 3988 oblatione

1834 4032 2120 4099 dicuntur,
2158 4032 2312 4085 clara
2355 4044 2488 4084 voce
2530 4045 2563 4083 a
2602 4027 3045 4099 religiosissimis
3087 4027 3368 4099 episcopis
3417 4029 3473 4081 et

1833 4123 2182 4197 presbyteris
2205 4122 2447 4179 Domino
2488 4125 2683 4177 nostro
2704 4124 2835 4178 Jesu
2868 4122 3092 4179 Christo
3122 4122 3241 4175 Deo
3275 4124 3471 4176 nostro

1834 4236 1964 4273 cum
1993 4220 2156 4273 Patre
2202 4220 2261 4272 et
2297 4220 2494 4272 sancto
2541 4215 2756 4288 Spiritu
2791 4216 3161 4287 proferantur
3194 4232 3207 4269 :
3249 4212 3473 4269 scituris

1834 4312 2280 4383 religiosissimis
2310 4311 2701 4366 sacerdotibus
2717 4309 2868 4382 quod
2900 4309 2946 4363 si
2968 4308 3107 4380 quid
3132 4309 3338 4362 horum
3365 4324 3467 4362 ne-

1833 4406 2132 4477 glexerint,
2166 4408 2223 4459 et
2252 4405 2310 4459 in
2343 4404 2634 4460 horrendo
2648 4401 2867 4474 judicio
2891 4401 3091 4472 magni
3122 4400 3223 4455 Dei
3251 4404 3309 4454 et
3339 4401 3470 4455 Ser-

1835 4499 2045 4553 vatoris
2071 4498 2250 4553 nostri
2279 4500 2411 4553 Jesu
2443 4496 2654 4551 Christi
2671 4496 2741 4549 de
2776 4495 2863 4549 his
2893 4494 3177 4548 rationem
3202 4493 3470 4560 reddent,

90 4588 387 4660 provincia
427 4607 532 4661 per
569 4592 825 4663 singulos
864 4609 1069 4661 annos,
1117 4594 1205 4647 vel
1252 4593 1311 4646 in
1344 4610 1545 4648 mense
1567 4593 1734 4657 Julio,
1841 4609 2027 4663 neque
2060 4608 2165 4645 nos
2191 4591 2315 4645 haec
2344 4592 2762 4660 cognoscentes
2778 4587 3271 4658 conquiescemus,
3299 4586 3472 4641 relin-

94 4684 176 4737 vel
200 4683 553 4755 Septembri,
583 4702 698 4739 una
729 4686 979 4757 synodus
1034 4686 1374 4753 celebretur,
1415 4690 1733 4757 coeantque

94 4775 149 4830 in
165 4793 351 4831 unum
366 4774 521 4848 apud
531 4777 896 4834 beatissimos
919 4780 1153 4851 quidem
1166 4779 1516 4851 patriarchas
1534 4779 1613 4833 illi
1637 4779 1733 4850 qui

95 4870 163 4924 ab
204 4868 274 4924 iis
317 4870 681 4941 ordinantur,
710 4891 901 4945 neque
927 4874 1022 4944 jus
1052 4874 1269 4928 habent
1300 4874 1440 4928 alios
1471 4873 1736 4928 ordinare

97 4962 431 5036 episcopos;
467 4964 623 5036 apud
648 4965 1114 5038 religiosissimos
1138 4984 1272 5023 vero
1306 4969 1580 5039 cujusque
1610 4982 1738 5039 pro-

96 5056 297 5112 vincia:
343 5059 824 5130 metmpolitanos
859 5061 917 5115 hi
949 5062 1046 5133 qui
1083 5062 1155 5116 ab
1184 5060 1320 5132 ipsis
1351 5061 1734 5116 ordinantur:

99 5166 211 5219 quo
233 5149 420 5221 magis
449 5152 619 5207 motae
647 5169 853 5220 causae,
878 5156 934 5208 et
956 5171 1085 5225 qua:
1117 5154 1188 5208 ab
1209 5154 1494 5225 aliquibus
1514 5154 1736 5209 denun-

98 5243 316 5297 tiantur
335 5243 424 5298 vel
442 5245 741 5301 occasione
757 5247 912 5315 ﬁdei,
937 5248 1023 5302 vel
1044 5247 1451 5302 canonicarum
1470 5247 1739 5319 quaestio-

101 5336 339 5391 numvel
354 5335 872 5395 administrationis
890 5357 1088 5395 rerum
1108 5341 1742 5407 ecclesiasticarum,vel

100 5428 169 5483 de
196 5427 501 5502 episcopis,
532 5436 632 5487 aut
659 5434 1028 5505 presbyteris,
1058 5440 1157 5490 aut
1183 5433 1460 5503 diaconis,
1491 5439 1590 5489 aut
1616 5435 1743 5489 aliis

100 5522 340 5590 clericis,
373 5526 462 5579 vel
491 5522 563 5579 de
591 5512 1080 5582 monasteriorum
1110 5525 1469 5599 praesulibus,
1493 5532 1592 5581 aut
1618 5544 1742 5581 mo-

98 5613 318 5684 nachis,
336 5617 426 5672 vel
459 5615 530 5672 de
564 5620 997 5690 reprehensibili
1027 5621 1161 5690 vita,
1186 5624 1285 5676 aut
1314 5621 1440 5675 aliis
1462 5637 1589 5692 qua
1618 5636 1741 5675 cor-

97 5710 421 5766 rectionem
449 5707 803 5782 desiderant,
826 5714 1122 5785 agitentur
1129 5715 1292 5785 juxta
1314 5718 1372 5769 et
1398 5710 1747 5769 convenien-

98 5808 186 5861 ter
210 5808 638 5877 examinentur,
657 5827 846 5882 neque
866 5828 984 5866 non
1004 5810 1283 5867 correctio
1305 5808 1375 5866 iis
1403 5808 1748 5866 adhibeatur

100 5915 227 5981 qua
276 5900 454 5959 sacris
490 5903 810 5960 canonibus
840 5907 899 5959 et
928 5903 1137 5962 nostris
1164 5904 1473 5961 conveniat
1501 5901 1745 5977 legibus.

1835 4701 2189 4758 quemusque
2211 4684 2413 4738 inulta.
2443 4683 2722 4738 Jubemus
2748 4686 2942 4736 autem
2965 4683 3023 4735 et
3051 4678 3474 4752 provinciarum

1837 4778 2126 4851 praesides,
2160 4778 2204 4832 si
2226 4777 2364 4848 quid
2387 4792 2586 4831 eorum
2608 4792 2735 4846 quae
2754 4775 2965 4830 anobis
2985 4774 3205 4829 sancita
3226 4777 3361 4828 sunt
3376 4791 3478 4829 nes

1838 4873 2126 4945 gligenter
2144 4871 2342 4926 haberi
2364 4870 2632 4937 viderint,
2655 4872 2716 4923 ut
2736 4868 2989 4940 primum
3012 4867 3246 4940 quidem
3264 4874 3483 4924 metro-

1839 4963 2121 5038 politanos
2159 4968 2217 5019 et
2245 4964 2387 5019 alios
2416 4964 2712 5035 episcopos
2741 4964 2984 5033 urgeant
3003 4961 3078 5016 ad
3107 4961 3480 5017 celebrandas

1840 5058 2143 5131 prmdictas
2178 5057 2448 5130 synodos,
2482 5060 2540 5111 et
2570 5060 2630 5111 ut
2666 5055 2863 5110 omnia
2892 5055 3180 5127 impleant
3218 5070 3345 5126 ques
3377 5070 3481 5125 per

1841 5153 2090 5225 synodos
2106 5155 2389 5223 praesente
2411 5152 2539 5222 lege
2561 5148 2948 5222 praecipimus.
2986 5148 3152 5215 Quod
3173 5148 3218 5202 si
3236 5164 3333 5202 eos
3357 5163 3480 5201 mo-

1842 5264 1965 5301 ram
2005 5249 2233 5301 nectere
2266 5251 2320 5300 et
2354 5244 2591 5316 segnius
2619 5260 2688 5298 ea
2714 5259 2991 5315 peragere
3039 5240 3310 5307 viderint,
3346 5243 3482 5293 tunc

1842 5357 1947 5412 per
1994 5339 2426 5410 suggestionem
2473 5355 2579 5393 nos
2620 5354 2687 5391 ea
2729 5336 2799 5390 de
2824 5351 2885 5389 re
2909 5334 3180 5388 certiores
3207 5331 3479 5399 reddant,

1843 5450 1958 5507 quo
1988 5433 2175 5504 magis
2207 5436 2408 5487 contra
2436 5448 2534 5486 eos
2561 5429 2658 5500 qui
2685 5427 2935 5499 synodos
2981 5423 3269 5479 celebrare
3313 5423 3479 5479 diffe-

1846 5532 1999 5594 runt,
2023 5525 2372 5581 conveniens
2392 5542 2424 5578 a
2446 5522 2610 5578 nobis
2631 5519 2905 5593 procedat
2924 5516 3203 5572 correctio
3222 5533 3234 5571 :
3259 5517 3485 5573 scituris

1847 5626 1962 5687 tam
2011 5620 2149 5692 ipsis
2192 5617 2529 5691 praesidibus
2560 5630 2736 5685 quam
2765 5610 3091 5666 cohortibus
3120 5610 3219 5680 qui
3251 5610 3361 5665 illis
3392 5612 3488 5666 ob-

1848 5716 2198 5786 temperant,
2222 5710 2377 5784 quod
2399 5709 2445 5763 si
2463 5709 2587 5762 haec
2603 5706 2793 5761 minus
2811 5701 3259 5770 observaverint,
3294 5708 3482 5759 extre-

1850 5808 1959 5863 mis
1979 5806 2355 5878 subjicientur
2374 5800 2681 5874 suppliciis.
2704 5801 2943 5870 Insuper
2966 5794 3364 5852 interdicimus
3394 5812 3486 5852 re-

1851 5899 2232 5972 ligiosissimis
2252 5896 2536 5969 episcopis
2556 5898 2614 5949 et
2633 5890 3000 5966 presbyteris,
3016 5905 3203 5962 neque
3217 5906 3334 5945 non
3364 5890 3486 5953 dia.
