4032 6232
649 384 787 437 1027

1780 371 2037 430 SECULI
2077 373 2270 430 SEXTI
2308 370 2867 430 SUPPLEMENTUM.

3886 371 3904 424 Ι
3920 371 4007 425 028

645 488 824 553 conis,
857 488 914 540 et
952 480 1333 552 subdiaconis,
1374 499 1440 537 ac
1483 481 1810 548 lectoribus,
1848 486 1908 535 et
1955 482 2277 554 cuicunque
2300 496 2615 566 Auxorem
2662 479 3180 552 (quemadmodum
3224 478 3485 549 superius
3521 477 3736 533 dictum
3781 479 3885 543 est)
3916 479 4007 531 sibi

640 581 733 635 alii
753 575 1400 650 cujuslibetvenerabilis
1421 575 1639 630 ordinis
1660 578 1717 629 et
1735 574 1948 646 gradus
1971 575 2277 629 constituto

640 674 868 739 clerico,
890 688 962 725 ne
983 671 1055 725 ad
1071 670 1325 724 tabulam
1341 668 1541 723 ludant
1569 671 1670 722 aut
1694 668 1793 722 tali
1820 667 1955 722 ludo
1987 668 2280 722 utentibus

643 784 707 821 se
740 764 1040 829 associent,
1083 765 1182 816 aut
1206 765 1557 833 spectatores
1587 761 1721 826 sint,
1756 764 1856 814 aut
1883 760 1957 814 ad
1982 760 2282 830 quodcun-

642 876 754 932 que
781 857 1171 929 spectaculum
1203 854 1501 926 spectandi
1527 854 1712 924 gratia
1743 852 2040 907 accedant.
2063 837 2122 908 Si
2150 852 2278 923 quis

640 957 834 1007 autem
864 966 1064 1005 eorum
1088 950 1146 1002 in
1160 948 1270 1003 hoc
1291 946 1620 1018 deliquerit,
1648 945 1943 1016 jubemus,
1976 949 2039 999 ut
2069 944 2128 998 in
2161 948 2277 999 tres

640 1059 824 1100 annos
845 1043 917 1097 ab
938 1042 1097 1097 omni
1118 1057 1280 1095 sacro
1304 1040 1626 1094 ministerio
1652 1038 2052 1111 prohibeatur,
2085 1037 2279 1092 mitta-

637 1143 844 1208 turque
869 1136 929 1189 in
957 1133 1395 1189 monasterium.
1425 1132 1591 1197 Quod
1616 1131 1661 1185 si
1688 1131 2039 1201 condignam
2064 1130 2275 1185 erroris

638 1229 723 1285 sui
749 1228 1144 1300 paenitentiam
1176 1226 1366 1281 medio
1389 1229 1651 1296 tempore
1683 1224 2014 1289 ostenderit,
2042 1222 2276 1278 licentia

638 1326 759 1378 esto
778 1320 1064 1376 sacerdoti
1093 1319 1196 1373 sub
1222 1334 1336 1389 quo
1358 1318 1667 1373 collocatus
1686 1320 1792 1383 est,
1824 1319 1882 1371 et
1903 1318 2135 1386 tempus
2163 1315 2270 1370 mi-

636 1432 839 1481 nuere,
869 1417 928 1469 et
950 1411 1186 1484 proprio
1212 1411 1365 1465 hunc
1392 1410 1583 1464 denuo
1598 1408 1899 1463 restituere
1914 1407 2269 1462 ministerio:

634 1507 855 1562 scituris
881 1506 1020 1560 item
1048 1502 1493 1575 religiosissimis
1522 1500 1802 1573 episcopis
1830 1500 1926 1571 qui
1969 1516 2037 1554 ea
2086 1500 2268 1555 vindi-

633 1617 763 1656 care
793 1599 1024 1667 debent,
1051 1599 1201 1668 quod
1237 1597 1282 1650 si
1327 1595 1655 1666 hujusmodi
1689 1593 1903 1665 aliquid
1941 1593 2122 1648 edocti
2155 1609 2271 1647 non

632 1692 907 1757 caverint,
934 1690 1043 1762 ipsi
1068 1690 1351 1744 rationem
1370 1689 1488 1742 Deo
1516 1703 1618 1758 pro
1649 1687 1759 1741 hac
1787 1702 1961 1740 causa
1988 1684 2271 1739 reddituri

633 1792 784 1840 sunt.
835 1786 1013 1838 Nemo
1058 1789 1259 1838 tamen
1303 1781 1603 1852 episcOpus
1641 1778 2005 1850 compellitur
2045 1778 2268 1866 ‘invitus

2374 575 2635 644 junctam
2667 591 2783 628 non
2804 573 3036 639 habeat,
3063 589 3179 627 non
3208 571 3377 626 aliter
3401 571 3719 639 ordinator,
3735 569 3850 623 nisi
3866 570 4006 640 prius

2380 667 2451 720 ab
2474 683 2543 721 eo
2578 666 2679 737 qui
2708 665 2898 737 ipsum
2942 664 3175 719 ordinat
3219 664 3630 733 interrogatus,
3676 663 4007 734 proﬁteatur

2378 775 2545 829 posse
2571 776 2632 813 se
2661 761 2789 829 post
2813 757 3243 812 ordinationem
3284 758 3371 811 vel
3399 756 3521 811 sine
3552 755 3818 826 legitima
3846 771 4004 809 uxore

2376 855 2531 906 caste
2547 851 2736 905 vivere
2760 868 2773 906 :
2804 854 3135 921 nequeunte
3153 867 3223 904 eo
3244 850 3344 920 qui
3361 849 3612 915 ordinat;
3630 838 4007 903 ordinationis

2375 947 2663 1015 tempore,
2693 943 2933 999 diacono
2960 944 3294 1014 permittere
3322 947 3385 996 ut
3412 945 3542 1013 post
3584 941 4009 997 ordinationem

2376 1053 2614 1091 uxorem
2647 1037 2835 1091 ducat.
2864 1036 2962 1091 Sin
2984 1052 3119 1090 vero
3154 1036 3264 1090 hoc
3300 1036 3420 1101 ﬁat,
3461 1034 3767 1106 episcopus
3808 1033 3909 1105 qui
3958 1034 4007 1087 id

2374 1129 2655 1199 permisit,
2676 1129 3013 1199 episcopatu
3035 1128 3277 1198 ejicitor.
3297 1127 3463 1192 Quod
3481 1128 3529 1182 si
3551 1130 3685 1198 post
3698 1126 4009 1181 ordinatio-

2375 1237 2511 1275 nem
2536 1210 2850 1292 presbyter,
2885 1224 2985 1276 aut
3010 1221 3304 1287 diaconus,
3334 1224 3435 1275 aut
3463 1219 3852 1275 subdiaconus
3880 1236 4005 1273 uxo-

2373 1330 2497 1369 rem
2528 1313 2774 1383 duxerit,
2818 1314 3041 1384 ejicitor
3085 1330 3116 1368 e
3155 1315 3328 1381 clero,
3370 1317 3428 1367 et
3471 1313 3646 1367 curias
3675 1312 3927 1367 civitatis
3954 1312 4010 1365 in

2373 1423 2491 1478 qua
2532 1406 2772 1460 clericus
2804 1411 2929 1460 erat
2975 1422 3105 1460 cum
3148 1405 3315 1461 bonis
3353 1405 3469 1459 suis
3494 1405 3763 1460 traditor.
3797 1407 3940 1458 [tem
3965 1407 4008 1457 si

2375 1499 2552 1553 lector
2578 1499 2886 1553 secundam
2907 1514 3140 1553 uxorem
3174 1497 3414 1564 duxerit,
3447 1500 3546 1551 aut
3584 1497 3839 1568 primam
3885 1497 4008 1566 qui-

2372 1591 2525 1659 dem,
2549 1591 2650 1646 sed
2664 1591 2917 1659 viduam,
2934 1594 3037 1647 aut
3055 1591 3299 1646 divortio
3320 1595 3648 1661 separatam
3677 1607 3712 1644 a
3745 1590 3891 1657 viro,
3914 1595 4011 1642 aut

2370 1684 2614 1755 legibus,
2643 1687 2743 1738 aut
2768 1684 2941 1739 sacris
2969 1684 3335 1738 interdictam
3359 1683 3697 1749 canonibus,
3734 1699 3857 1737 non
3887 1700 4009 1737 am-

2368 1776 2517 1848 plius
2544 1777 2619 1832 ad
2643 1776 2822 1831 alium
2855 1777 3303 1832 ecclesiasticum
3334 1775 3576 1847 gradum
3602 1775 3925 1847 procedito.
3948 1777 4009 1828 Et

626 1879 1095 1950 qualemcunque
1143 1874 1413 1929 clericum
1456 1873 1560 1927 sub
1602 1873 1726 1943 ipso
1757 1852 2132 1926 constitutdm
2162 1886 2265 1926 suo
2286 1852 2342 1924 Β
2366 1869 2411 1924 si
2444 1886 2790 1941 quocunque
2822 1869 2997 1925 modo
3037 1869 3112 1924 ad
3143 1870 3429 1941 majorem
3449 1868 3699 1941 gradum
3722 1870 4004 1940 proveha-

634 1970 923 2024 dimittere
951 1969 1124 2022 clero.

702 2062 983 2117 Omnibus
1011 2076 1145 2114 vero
1173 2058 1455 2131 episcopis
1485 2061 1544 2112 et
1579 2056 1930 2127 presbyteris
1970 2054 2262 2110 interdici-

628 2170 760 2209 mus
780 2170 851 2208 ne
864 2154 1211 2224 'quempiam
1232 2169 1267 2206 a
1281 2167 1445 2205 sacra
1463 2148 1878 2204 communione
1898 2150 2058 2219 prius
2075 2163 2265 2217 segre-

632 2251 775 2319 gent
803 2262 976 2317 quam
1009 2261 1178 2299 causa
1210 2246 1564 2299 monstretur
1595 2242 1974 2313 quamobrem
2009 2240 2265 2295 ecclesia-

629 2340 754 2395 stici
799 2340 909 2394 hoc
954 2354 1205 2393 canones
1254 2337 1377 2391 fieri
1414 2336 1642 2405 jubent.
1672 2334 1729 2389 Si
1758 2334 1885 2404 quis
1917 2336 2113 2387 autem
2142 2333 2262 2387 haec

629 2436 831 2490 contra
859 2449 893 2486 a
923 2434 1121 2485 sancta
1152 2428 1565 2485 communione
1595 2428 1851 2497 aliquem
1890 2425 2257 2496 separaverit,

627 2526 721 2580 ille
739 2524 973 2595 quidem
987 2523 1083 2594 qui
1104 2523 1312 2592 injuste
1331 2538 1364 2574 a
1378 2520 1790 2575 communione
1813 2521 2112 2588 separatus
2131 2517 2258 2584 fuit,

624 2617 881 2672 resoluta
912 2615 1272 2687 separatione
1298 2629 1404 2685 per
1422 2613 1705 2682 majorem
1727 2610 2106 2678 sacerdotem,
2135 2627 2263 2664 san-

625 2715 716 2766 cta
740 2709 948 2780 dignus
968 2708 1243 2762 habeatur
1262 2705 1692 2761 communione.
1712 2707 1764 2760 ls
1782 2719 1917 2758 vero
1938 2703 2035 2773 qui
2054 2702 2260 2772 injuste

626 2803 876 2873 aliquem
895 2818 929 2855 a
944 2803 1141 2855 sancta
1154 2815 1422 2870 separare
1442 2797 1858 2853 communione
1872 2812 2042 2852 ausus
2063 2795 2256 2861 fuerit,

625 2894 895 2951 omnibus
925 2892 1115 2948 modis
1144 2908 1250 2963 per
1275 2891 1636 2947 sacerdotem
1677 2889 1779 2943 sub
1809 2905 1923 2959 quo
1951 2888 2258 2943 collocatus

623 2992 712 3043 est
740 3005 772 3042 a
794 2984 1201 3042 communione
1229 2984 1604 3055 separabitur,
1630 2986 2076 3053 quantocunque
2107 2984 2254 3034 tem-

619 3096 762 3153 pore
788 3080 870 3133 illi
908 3080 1093 3132 visum
1123 3077 1251 3143 erit,
1291 3080 1354 3130 ut
1384 3076 1540 3146 quod
1579 3076 1790 3146 injuste
1819 3074 1915 3129 alii
1949 3074 2103 3140 fecit,
2135 3073 2255 3144 ipse

614 3169 770 3239 juste
800 3167 1095 3221 sustineat.
1124 3169 1203 3219 Ac
1230 3181 1418 3235 neque
1447 3163 1692 3235 propriis
1708 3162 1962 3233 aliquem
1988 3160 2257 3216 manibus

622 3262 888 3332 episcopo
910 3259 1210 3312 verberare
1229 3257 1381 3323 licet,
1405 3256 1687 3326 siquidem
1714 3256 1823 3309 hoc
1850 3254 2148 3309 alienuma
2163 3271 2251 3307 sa-

621 3352 950 3407 cerdotibus
980 3354 1085 3405 est.
1118 3352 1282 3407 Certe
1314 3349 1359 3402 si
1387 3348 1512 3418 quis
1550 3348 1869 3419 episcopus,
1898 3364 2030 3401 cum
2050 3362 2249 3401 secun-

619 3445 760 3499 dum
803 3442 1213 3498 ecclesiasticos
1258 3456 1505 3496 canones
1544 3440 1864 3495 sacerdotio
1900 3439 2115 3511 ejectus
2145 3443 2249 3508 est,

616 3536 846 3607 ingredi
866 3536 1151 3591 civitatem
1178 3534 1325 3588 ausit
1345 3551 1414 3589 ex
1433 3550 1545 3605 qua
1566 3534 1800 3603 ejectus,
1824 3536 1925 3587 aut
1948 3533 2138 3587 locum
2158 3532 2254 3586 de-

616 3629 944 3699 relinquere
976 3628 1035 3682 in
1072 3643 1184 3698 quo
1215 3627 1427 3697 degere
1437 3627 1631 3697 jussus
1660 3630 1765 3692 est;
1798 3625 2070 3696 jubemus
2099 3626 2251 3679 hunc

613 3721 676 3776 in
703 3721 1121 3777 monasterium
1149 3721 1208 3775 in
1229 3719 1341 3774 alia
1366 3719 1660 3791 provincia
1685 3718 2059 3773 constitutum
2076 3717 2246 3783 tradi,

612 3818 680 3870 ut
710 3831 837 3886 quae
865 3815 925 3868 in
952 3813 1267 3868 sacerdotio
1294 3812 1559 3884 deliquit,
1591 3829 1658 3866 ea
1687 3811 1907 3881 degens
1942 3810 2003 3865 in
2041 3826 2244 3865 mona-

614 3907 790 3963 sterio
817 3907 1088 3976 corrigat.

683 4000 931 4054 Clericos
955 4002 1149 4053 autem
1190 4013 1307 4053 non
1349 3998 1516 4052 aliter
1560 3996 1815 4052 ordinari
1854 3995 2243 4062 concedimus,

610 4090 723 4147 nisi
748 4091 968 4147 litteras
986 4091 1189 4158 sciant,
1219 4094 1279 4145 et
1298 4093 1456 4145 recta
1479 4090 1590 4144 ﬁde
1611 4106 1676 4144 ac
1704 4090 1949 4145 honesta
1974 4089 2086 4143 vita
2109 4088 2242 4155 sint,

612 4187 672 4239 et
687 4199 875 4255 neque
891 4183 1291 4251 concubinam,
1308 4199 1497 4254 neque
1517 4182 1809 4236 naturales
1823 4181 2132 4236 habuerint
2145 4184 2245 4234 aut

609 4277 858 4333 habeant
873 4277 1102 4343 liberos,
1122 4276 1222 4330 sed
1244 4276 1338 4346 qui
1362 4277 1448 4330 vel
1462 4275 1726 4330 caelibem
1740 4274 1915 4328 vitam
1927 4276 2125 4344 agunt,
2155 4273 2244 4327 vel

607 4387 848 4427 uxorem
887 4370 1216 4424 habuerunt
1242 4370 1341 4422 aut
1375 4368 1589 4422 habent
1624 4366 1965 4438 legitimam,
2011 4370 2068 4420 et
2111 4382 2240 4420 eam

606 4481 782 4520 unam
807 4467 866 4519 et
898 4462 1171 4534 primam,
1222 4477 1413 4531 neque
1455 4460 1710 4526 viduam,
1756 4476 1944 4530 neque
1995 4458 2239 4514 divortio

2274 3212 2329 3286 C

2364 1967 2477 2031 tur,
2509 1963 2809 2018 deficiatur
2835 1963 2908 2017 ab
2942 1979 3032 2029 eo,
3064 1967 3123 2017 et
3151 1961 3331 2033 priori
3358 1962 3718 2017 restituatur.

2436 2054 2549 2110 Sed
2583 2071 2770 2125 neque
2806 2055 3150 2121 cohortales,
3195 2070 3383 2125 neque
3431 2053 3783 2109 decuriones
3818 2055 4007 2109 clerici

2362 2146 2565 2213 fiunto,
2601 2164 2674 2202 ne
2715 2163 2831 2217 qua
2860 2147 3067 2202 exinde
3112 2146 3429 2201 venerabili
3477 2146 3679 2201 domui
3726 2147 4009 2202 inferatur

2364 2240 2731 2295 contumelia.
2767 2239 2826 2295 Si
2856 2256 2992 2295 vero
3020 2241 3163 2294 tales
3188 2256 3448 2310 personae
3487 2240 3823 2294 referantur
3862 2241 4007 2294 inter

2362 2332 2618 2400 clericos,
2641 2332 2884 2403 perinde
2910 2332 3074 2404 quasi
3098 2332 3383 2387 ordinatio
3414 2332 3567 2386 facta
3589 2349 3707 2386 non
3733 2336 3909 2398 esset,
3932 2334 4005 2386 ita

2361 2425 2612 2496 propriae
2647 2426 2895 2479 fortuna;
2933 2425 3331 2494 restituuntor,
3366 2424 3625 2495 dempto,
3672 2424 3720 2478 si
3762 2428 3851 2493 (ut
3877 2426 4007 2479 licet

2361 2518 2666 2589 conjicere)
2720 2517 3128 2572 monachicam
3178 2517 3386 2588 aliquis
3417 2534 3483 2571 ex
3506 2517 3643 2588 ipsis
3669 2518 3853 2572 vitam
3889 2534 4006 2572 non

2360 2609 2555 2664 minus
2579 2610 2910 2681 quindecim
2927 2601 3101 2664 annis
3127 2609 3492 2680 transegerit.
3534 2610 3701 2664 Tales
3725 2609 3887 2665 enim
3921 2628 4010 2664 or-

2362 2707 2548 2763 dinari
2565 2708 2858 2777 jubemus,
2888 2706 3149 2777 legitima
3174 2706 3441 2761 videlicet
3465 2707 3737 2781 portione
3761 2724 3797 2761 a
3831 2707 4009 2761 decu-

2358 2800 2523 2859 rione
2543 2800 2891 2871 assignanda
2908 2799 3081 2854 curiae
3108 2802 3166 2853 et
3195 2798 3541 2870 reipublicae.
3576 2799 3693 2854 Sed
3717 2804 3775 2853 et
3802 2800 3865 2854 in
3888 2801 4008 2854 cle-

2357 2910 2489 2948 rum
2506 2893 2715 2960 allecti,
2757 2893 3043 2947 monacho
3075 2891 3376 2946 decentem
3395 2892 3571 2946 vitam
3601 2893 3675 2947 ad
3706 2893 3898 2947 ﬁnem
3924 2911 4011 2947 us-

2357 3002 2471 3057 que
2498 2990 2824 3058 presstanto.
2857 2987 3002 3040 Nam
3021 2984 3069 3039 si
3093 2988 3222 3055 post
3247 2984 3386 3039 cleri
3406 2985 3691 3041 honorem
3717 2986 4005 3057 adeptum

2357 3095 2597 3133 uxorem
2624 3078 2831 3149 aliquis
2853 3094 3056 3132 eorum
3083 3077 3330 3145 duxerit,
3360 3081 3460 3131 aut
3487 3078 3882 3134 concubinam
3911 3082 4004 3134 ha-

2354 3170 2563 3238 buerit,
2598 3170 2791 3240 curiae,
2821 3174 2923 3225 aut
2946 3170 3188 3237 cohorti,
3210 3173 3311 3224 aut
3336 3170 3604 3236 fortunae,
3628 3171 3719 3224 cui
3746 3176 3881 3226 erat
3901 3174 4000 3228 ob-

2353 3264 2573 3331 noxius,
2602 3263 2882 3332 redditor,
2916 3265 2979 3317 ut
2997 3263 3248 3317 maxime
3279 3262 3340 3316 in
3361 3278 3496 3316 eum
3522 3263 3779 3333 gradum
3827 3268 4001 3319 eccle-

2354 3357 2644 3411 siasticum
2670 3356 2907 3410 allectus
2936 3354 3130 3419 fuerit,
3163 3355 3223 3408 in
3238 3371 3351 3424 quo
3365 3355 3710 3409 constitutus
3722 3357 3939 3427 aliquis
3972 3375 4003 3410 a

2351 3448 2528 3504 sacris
2548 3448 2861 3505 canonibus
2889 3451 2946 3503 et
2973 3447 3196 3518 legibus
3218 3463 3459 3502 uxorem
3485 3446 3700 3502 ducere
3721 3466 3846 3504 non
3868 3467 4003 3521 pro-

2352 3541 2599 3596 hibetur.
2638 3540 2968 3610 Eademque
2997 3540 3119 3594 haec
3151 3543 3208 3593 et
3236 3539 3296 3593 in
3317 3538 3441 3593 aliis
3480 3540 3753 3594 omnibus
3782 3558 3998 3599 mona-

2350 3634 2471 3688 chis
2494 3634 2687 3687 valere
2698 3632 3006 3700 sancimus,
3026 3632 3124 3703 qui
3154 3649 3185 3686 e
3205 3633 3560 3687 monasterio
3583 3633 3660 3687 ad
3677 3651 4001 3705 quemcun-

2350 3742 2462 3799 que
2483 3725 2729 3797 gradum
2751 3725 3191 3781 ecclesiasticum
3218 3725 3669 3794 transferuntur,
3693 3731 3754 3781 et
3777 3727 3828 3780 si
3849 3729 3995 3783 nulli

2347 3820 2597 3874 fortunas
2619 3818 2848 3873 obnoxii
2869 3818 3099 3873 fuerint.
3120 3818 3188 3872 Et
3203 3818 3555 3891 generaliter
3573 3819 3707 3890 lege
3730 3823 3996 3890 promul-

2349 3928 2574 3983 gamus,
2594 3928 2667 3965 ne
2680 3911 2771 3966 cui
2782 3911 2953 3966 liceat
2964 3911 3022 3965 in
3043 3927 3385 3981 quocunque
3401 3911 3792 3967 ecclesiastico
3806 3915 3999 3984 gradu

2346 4004 2654 4059 constituto
2677 4004 2748 4058 ab
2771 4020 2840 4058 eo
2873 4003 3175 4072 decedere,
3200 4009 3258 4057 et
3285 4005 3617 4058 saecularem
3633 4004 3799 4059 fieri:
3827 4006 4000 4061 scitu-

2344 4097 2423 4151 ris
2446 4097 2536 4151 his
2557 4096 2654 4167 qui
2686 4096 2764 4151 ita
2785 4097 3030 4167 egerint,
3056 4095 3212 4167 quod
3233 4099 3291 4150 et
3327 4096 3558 4167 cingulo
3586 4096 3654 4167 (si
3684 4098 3853 4168 quod
3884 4101 4002 4154 illis

2346 4185 2687 4239 attributum
2719 4184 2847 4256 erit)
2886 4188 2986 4239 aut
3024 4184 3322 4255 dignitate,
3354 4187 3453 4238 aut
3479 4185 3690 4240 militia
3720 4185 3995 4243 denuda-

2343 4277 2579 4345 buntur,
2605 4281 2665 4332 et
2696 4276 2915 4332 cohorti
2934 4277 3176 4332 civitatis
3207 4294 3325 4332 suae
3350 4277 3672 4333 tradentur.
3704 4279 3821 4343 Qui
3853 4298 3995 4336 vero

2342 4373 2477 4426 ante
2510 4373 2659 4425 hanc
2692 4373 2949 4425 nostram
2978 4371 3172 4442 legem
3205 4387 3235 4424 e
3260 4371 3458 4425 curiali
3480 4372 3719 4427 fortuna
3732 4373 3991 4428 ordinati

2342 4466 2473 4517 sunt
2512 4462 2721 4531 clerici,
2755 4461 3179 4533 patrimonialia
3214 4479 3459 4518 munera
3493 4480 3602 4535 per
3643 4465 3989 4521 substitutas

605 4560 928 4629 separatam
957 4572 992 4609 a
1019 4554 1160 4622 viro,
1195 4569 1383 4624 neque
1418 4552 1636 4623 alioqui
1680 4552 1901 4624 legibus
1935 4555 2036 4606 aut
2071 4551 2240 4606 sacris
2257 4570 2317 4642 D
2342 4572 2618 4627 personas
2634 4555 2937 4627 implento,
2964 4572 2999 4610 a
3021 4555 3418 4626 personalibus
3443 4556 3607 4611 liberi
3632 4574 3985 4614 conservan-

602 4649 971 4705 interdictam
989 4646 1321 4702 canonibus.
1354 4645 1755 4716 Presbyterum
1783 4662 1918 4699 vero
1947 4645 2236 4699 minorem

604 4742 774 4796 annis
810 4740 1047 4811 triginta
1082 4740 1339 4811 quinque
1377 4739 1503 4792 fieri
1546 4754 1663 4793 non
1704 4737 2090 4793 concedimus.
2125 4736 2237 4793 Sed

603 4849 793 4905 neque
819 4832 1122 4889 diaconum
1144 4836 1246 4889 aut
1270 4832 1685 4887 subdiaconum
1718 4830 2007 4886 minorem
2035 4829 2235 4900 viginti

604 4925 892 4997 quinque;
927 4943 1113 4997 neque
1135 4927 1276 4980 item
1302 4926 1583 4979 lectorem
1614 4923 1904 4978 minorem
1934 4923 2100 4977 annis
2130 4923 2232 4976 de-

602 5034 728 5073 cem
757 5022 816 5073 et
852 5023 999 5073 octo.
1032 5017 1362 5073 Diaconissa
1388 5020 1579 5071 autem
1630 5016 1689 5069 in
1740 5019 1938 5071 sancta
1985 5015 2235 5071 Ecclesia

600 5127 719 5167 non
751 5110 1065 5177 ordinator,
1100 5126 1229 5181 quae
1265 5109 1457 5164 minor
1488 5107 1878 5180 quadraginta
1918 5107 2085 5163 annis
2138 5109 2229 5176 sit,

598 5207 701 5260 aut
726 5202 798 5257 ad
831 5202 1109 5257 secundas
1138 5202 1398 5273 pervenit
1426 5200 1674 5273 nuptias.

666 5298 950 5352 Caeterum
967 5294 1011 5351 si
1038 5298 1300 5365 tempore
1323 5293 1704 5350 ordinationis
1734 5297 1935 5348 contra
1960 5294 2230 5349 clericum

597 5390 987 5460 cujuscunque
1017 5388 1234 5443 ordinis
1279 5391 1380 5442 aut
1410 5386 1623 5457 gradus
1671 5387 1968 5441 accusator
2024 5387 2231 5458 aliquis

595 5484 822 5536 exortus
852 5480 1044 5547 fuerit,
1069 5480 1170 5551 qui
1191 5480 1341 5534 dicat
1369 5478 1674 5549 indignum
1696 5494 1829 5532 eum
1852 5495 1972 5534 esse
1991 5479 2226 5534 ordina-

596 5571 773 5640 tione,
804 5572 1066 5626 diﬂ‘ertor
1092 5573 1217 5643 ipsa
1238 5570 1545 5635 ordinatio,
1569 5572 1628 5625 et
1647 5570 1864 5637 omnia,
1887 5576 2008 5625 tam
2032 5572 2088 5626 in
2104 5588 2230 5627 exa-

594 5663 916 5718 minatione
947 5680 1121 5734 quam
1147 5665 1209 5719 in
1236 5663 1509 5728 censuris,
1543 5662 1923 5733 procedunto,
1949 5679 2075 5733 quae
2108 5665 2228 5735 qui-

595 5753 729 5808 dem
758 5754 818 5809 in
850 5755 1248 5827 episcoporum
1270 5754 1731 5810 ordinationibus
1755 5754 2016 5823 superius
2045 5756 2228 5811 sanxi-

560 5859 742 5911 ,mus.
786 5846 1088 5903 Enimvero
1126 5848 1171 5903 si
1201 5849 1249 5902 is
1277 5848 1377 5917 qui
1421 5844 1778 5901 ordinandus
1818 5849 1904 5899 est
1950 5846 2226 5904 diaconus

2338 4645 2569 4703 tor.Sed
2589 4664 2776 4719 neque
2792 4648 3063 4702 clericum
3078 4647 3464 4719 cujuscunque
3484 4650 3705 4719 gradus
3726 4651 3869 4705 dare
3886 4653 3992 4706 alis

2336 4740 2476 4812 quid
2501 4740 2583 4794 illi
2613 4758 2647 4795 a
2673 4717 2787 4811 quo
2821 4717 3263 4807 ordinatur,aut
3299 4717 3629 4813 quicunque
3664 4743 3767 4798 alii
3795 4762 3992 4815 perso-

2334 4850 2426 4888 na).
2452 4833 2842 4900 concedimus,
2871 4833 2972 4887 sed
3001 4833 3148 4887 solas
3179 4834 3434 4903 praebere
3450 4835 3643 4906 ipsum
3678 4843 3991 4893 consuetu-

2337 4926 2522 4994 dines,
2542 4944 2607 4982 ex
2636 4943 2798 4981 more
2819 4926 3217 4998 percipiendas
3250 4927 3322 4980 ab
3344 4927 3433 4981 his
3458 4928 3556 4998 qui
3590 4929 3897 4986 ordinanti
3928 4933 3985 4986 in

2335 5017 2657 5074 ministerio
2694 5023 2846 5087 sunt,
2886 5035 3014 5089 quas
3038 5023 3233 5074 tamen
3266 5019 3434 5073 unius
3468 5021 3608 5074 anni
3642 5022 3834 5078 diaria
3868 5043 3984 5080 non

2334 5112 2632 5167 excedant.
2667 5112 2832 5167 Certe
2864 5111 2923 5165 in
2952 5116 3311 5167 sacrosancta
3342 5112 3583 5168 ecclesia
3617 5114 3678 5169 in
3703 5132 3820 5187 qua
3844 5136 3979 5172 con-

2333 5205 2601 5274 stituitur,
2634 5208 2697 5259 ut
2739 5204 2996 5259 divinum
3030 5205 3268 5276 impleat
3288 5205 3706 5275 ministerium,
3739 5214 3981 5265 omnino

2332 5315 2403 5353 ne
2429 5298 2717 5353 tantillum
2746 5298 2983 5369 quidem
3015 5297 3251 5368 collegis
3282 5298 3396 5352 suis
3432 5316 3539 5370 pro
3582 5300 3982 5359 insinuatione

2331 5407 2432 5445 sua
2459 5391 2615 5459 dato,
2659 5407 2847 5463 neque
2875 5395 3112 5462 propter
3145 5391 3290 5445 hanc
3328 5408 3565 5446 causam
3590 5395 3815 5451 solatiis
3841 5397 3979 5461 suis,

2329 5487 2428 5537 aut
2448 5483 2572 5538 aliis
2593 5483 3092 5539 distributionibus
3109 5484 3503 5541 defraudator.
3527 5485 3647 5541 Sed
3678 5505 3867 5560 neque
3894 5506 3978 5543 xe-

2330 5576 2648 5644 nodochus,
2682 5581 2782 5632 aut
2816 5577 3295 5648 prochotrophus,
3333 5582 3435 5632 aut
3471 5595 3843 5649 nosocomus,
3879 5586 3974 5636 aut

2328 5669 2716 5741 cujuscunque
2729 5669 2962 5725 alterius
2985 5669 3327 5725 venerabilis
3346 5671 3560 5727 domus
3592 5672 3969 5746 dispensator,

2329 5762 2427 5832 qui
2442 5762 2901 5834 qualemcunque
2921 5762 3369 5817 ecclesiasticam
3381 5764 3837 5821 sollicitudinem
3853 5772 3963 5821 tra-

2328 5856 2465 5919 ctat,
2490 5854 2621 5909 dato
2637 5854 2857 5926 aliquid
2886 5855 2971 5909 illi
2994 5871 3027 5911 a
3060 5872 3173 5927 quo
3195 5860 3595 5927 promovetur,
3627 5864 3729 5915 aut
3752 5860 3958 5915 cuicun-
