4032 6232
232 351 371 406 {029

1056 349 1420 408 JUSTlNIANl
1459 349 1788 408 NOVELLE
1827 349 2157 409 SELECTE.
2199 349 2508 409 NOVELLA
2544 351 2768 409 CXXIII.

3460 358 3596 414 1030

222 473 337 527 que
363 455 460 510 alii
492 472 752 528 persona
776 473 882 529 pro
911 457 1128 513 credita
1154 461 1259 514 sibi
1286 461 1727 532 dispensatione.
1758 463 1862 526 Qui
1884 481 1940 550 Α
1963 463 2523 534 comprehendimus.
2586 464 2646 515 ln
2699 461 2966 516 omnibus
3031 466 3224 519 autem
3284 463 3598 520 forensibus

221 553 422 603 autem
452 555 648 606 contra
667 551 788 606 haec
814 567 943 622 qua:
974 552 1376 623 disposuimus,
1409 555 1497 610 vel
1521 555 1733 626 aliquid
1761 556 1858 611 de-

220 642 392 711 derit,
430 643 519 698 vel
559 644 858 716 acceperit,
890 644 978 700 vel
1025 647 1309 701 mediator
1337 647 1516 702 factus
1554 649 1746 716 fuerit,
1779 665 1859 702 sa-

221 735 496 802 cerdotio,
549 737 662 791 sive
710 738 877 804 clero,
916 738 1033 792 sive
1067 739 1282 794 credita
1329 740 1436 794 sibi
1478 741 1858 812 qualicunque

220 827 717 884 administratione
741 831 1138 899 denudabitur,
1167 831 1255 886 his
1274 848 1399 904 quae
1427 833 1556 886 data
1581 837 1714 886 sunt
1734 833 1854 887 vin-

217 919 475 976 dicandis
503 923 813 976 venerabili
852 924 1048 978 domui
1078 925 1239 994 cujus
1285 925 1722 995 ordinationem,
1761 931 1858 980 aut

217 1013 685 1081 sollicitudinem,
713 1021 812 1070 aut
849 1016 1325 1087 dispensationem
1351 1018 1478 1072 talis
1504 1034 1745 1088 persona
1773 1036 1860 1073 ac-

214 1106 455 1178 ceperit.
497 1107 550 1162 Si
589 1109 876 1162 sascularis
919 1111 990 1164 sit
1038 1110 1135 1180 qui
1176 1111 1410 1181 accepit,
1438 1116 1536 1165 aut
1577 1111 1857 1166 mediator

213 1200 428 1267 exsitit,
459 1201 616 1272 quod
647 1202 847 1256 datum
874 1206 958 1257 est
1000 1203 1060 1257 in
1088 1203 1328 1274 duplum
1358 1205 1639 1275 exigetur,
1674 1210 1730 1260 et
1755 1220 1852 1259 ve-

210 1293 459 1348 nerabili
486 1294 680 1348 domui
706 1296 767 1349 in
804 1311 914 1366 qua
942 1296 1376 1366 ordinationem,
1405 1301 1504 1352 aut
1525 1298 1852 1352 sollicitudi-

212 1398 371 1455 nem,
405 1391 507 1441 aut
535 1387 1014 1458 dispensationem
1039 1391 1278 1460 accepit,
1310 1390 1614 1461 praebetor.

286 1477 350 1534 Si
379 1479 508 1550 quis
534 1495 666 1534 vero
693 1481 1082 1552 cujuscunque
1111 1483 1321 1553 gradus
1341 1483 1597 1551 clericus,
1627 1489 1725 1538 aut
1752 1501 1850 1538 cu-

203 1571 538 1643 juscunque
577 1572 910 1629 venerabilis
949 1575 1152 1629 domus
1196 1575 1569 1646 dispensator,
1599 1577 1689 1630 vel
1721 1581 1852 1630 ante

211 1664 641 1720 ordinationem
666 1666 1005 1722 creditamve
1028 1668 1133 1722 sibi
1147 1669 1597 1740 qualemcunque
1628 1669 1854 1740 dispen-

208 1755 516 1824 sationem,
559 1764 658 1813 aut
709 1760 1170 1828 sollicitudinem,
1204 1762 1290 1815 vel
1340 1765 1553 1833 postea,
1612 1762 1852 1816 voluerit

1961 555 2094 608 locis
2121 556 2401 610 sancimus
2428 559 2491 610 ut
2517 555 2797 626 siquidem
2825 555 2873 608 is
2904 556 3002 626 qui
3044 557 3202 611 initio
3223 556 3465 613 instituit
3493 576 3590 614 ex-

1959 648 2369 718 asdiﬁcavitque
2438 648 2752 718 ecclesiam,
2805 647 3085 704 deﬁnierit
3145 651 3592 706 ordinandorum

1957 741 2214 809 modum,
2243 741 2518 795 nimirum
2543 741 2612 795 ad
2642 756 2776 794 eum
2805 741 2973 795 etiam
2999 746 3259 813 sumptus
3282 761 3592 800 accommo-

1957 833 2116 900 dans,
2147 850 2260 887 non
2287 834 2442 904 prius
2468 833 2671 904 aliquis
2707 834 2765 886 in
2798 849 2924 887 eam
2950 834 3242 889 ecclesiam
3270 837 3586 905 ordinetur,

1957 942 2130 996 quam
2154 927 2226 980 ad
2254 942 2559 980 numerum
2583 925 2743 980 initio
2770 926 3071 981 definitum
3095 943 3292 982 eorum
3323 947 3589 984 mensura

1954 1019 2179 1073 redacta
2201 1019 2290 1073 sit.
2321 1018 2416 1072 Sin
2443 1019 2632 1072 minus
2651 1019 2861 1073 factum
2889 1019 2978 1087 sit,
3002 1019 3124 1090 ipsa
3143 1025 3336 1075 autem
3352 1023 3590 1078 civitatis

1955 1112 2190 1166 ecclesia
2209 1127 2461 1166 annonas
2484 1111 2588 1165 sibi
2617 1112 2946 1182 caaterisque
2973 1113 3218 1168 ecclesiis
3247 1116 3583 1185 suppeditet,

1953 1208 2090 1259 tunc
2118 1222 2232 1259 non
2260 1209 2474 1259 temere
2503 1203 2834 1259 clericorum
2864 1205 2974 1258 illic
3004 1222 3308 1261 numerum
3357 1215 3580 1280 augeat,

1952 1313 2137 1368 neque
2168 1302 2399 1368 propter
2443 1297 2658 1368 aliquas
2695 1297 2839 1351 forte
2885 1298 3205 1353 affectiones
3247 1300 3448 1370 animi,
3486 1309 3584 1356 aut

1955 1391 2214 1461 gratiam,
2236 1391 2558 1460 sumptibus
2585 1391 2766 1461 ipsam
2798 1390 2930 1444 inde
2961 1393 3420 1461 provenientibus
3451 1411 3583 1449 one-

1952 1489 2058 1538 ret.
2087 1485 2276 1554 Neque
2301 1484 2452 1538 enim
2483 1483 2620 1537 talia
2649 1483 2847 1554 pietati
2888 1490 3264 1539 consentanea
3299 1493 3451 1554 sunt,
3481 1493 3582 1542 aut

1953 1577 2236 1630 sacerdote
2265 1577 2458 1647 digna,
2484 1576 2580 1630 sed
2601 1592 2670 1630 ex
2700 1575 2768 1629 iis
2789 1592 2917 1646 qum
2945 1578 3212 1632 Dominus
3243 1579 3392 1632 Deus
3417 1581 3584 1634 dede-

1951 1669 2045 1737 rit,
2079 1686 2179 1739 pro
2206 1668 2561 1722 facultatibus
2594 1669 2949 1738 erogationes
2986 1670 3172 1739 faciat,
3205 1677 3304 1724 aut
3328 1677 3578 1727 veterem

1951 1762 2151 1816 saltem
2177 1761 2646 1817 consuetudinem
2677 1761 2958 1831 observet,
2988 1763 3130 1816 nihil
3155 1763 3380 1833 penitus
3411 1764 3577 1820 inno-

207 1851 430 1923 aliquid
455 1868 649 1906 rerum
677 1870 910 1907 suarum
932 1854 1136 1908 offerre
1158 1854 1406 1908 ecclesiae
1424 1855 1484 1908 in
1503 1871 1617 1926 qua
1631 1855 1853 1912 ordina-
1871 1843 1928 1916 Β
1952 1871 2108 1908 vans.

207 1949 326 2010 tur,
353 1950 454 1999 aut
469 1945 595 2000 loco
619 1947 780 2016 cujus
794 1947 1273 2018 dispensationem
1295 1953 1394 2002 aut
1414 1948 1846 2002 sollicitudinem

207 2038 470 2108 suscipit,
514 2055 629 2092 non
675 2040 864 2093 solum
893 2039 961 2093 id
1005 2040 1130 2093 ﬁeri
1167 2056 1281 2094 non
1323 2040 1717 2111 prohibemus,
1751 2042 1848 2096 sed

206 2130 383 2184 etiam
416 2131 784 2186 cohortamur
803 2148 897 2186 eos
921 2135 983 2186 ut
1001 2148 1105 2204 pro
1136 2133 1313 2188 salute
1337 2133 1545 2187 animae
1573 2149 1690 2188 suae
1714 2135 1848 2188 talia

203 2223 440 2278 faciant.
474 2225 583 2278 Nos
612 2225 769 2279 enim
796 2241 861 2280 ea
887 2227 1003 2280 sola
1035 2226 1155 2279 dari
1177 2226 1546 2296 prohibemus
1573 2243 1702 2296 quas
1728 2243 1848 2297 spe-

205 2316 449 2370 cialibus
476 2319 760 2389 aliquibus
788 2319 1118 2389 praebentur
1132 2319 1410 2389 personis,
1437 2336 1549 2373 non
1571 2336 1700 2390 quae
1725 2337 1847 2374 san-

204 2408 312 2462 ctis
342 2410 612 2480 ecclesiis,
642 2417 742 2465 aut
765 2411 885 2464 aliis
910 2412 1326 2466 venerabilibus
1349 2411 1485 2466 locis
1508 2412 1841 2467 otferuntur.

278 2502 335 2557 Si
363 2519 576 2572 servus,
606 2504 818 2558 sciente
847 2504 1077 2558 domino
1105 2510 1161 2559 et
1189 2521 1304 2559 non
1329 2505 1748 2560 contradicente
1787 2505 1844 2559 in

203 2594 425 2649 clerum
448 2595 746 2667 allegatur,
771 2613 835 2649 ex
856 2596 976 2667 ipsa
993 2596 1287 2651 allectione
1310 2597 1455 2651 liber
1479 2603 1536 2652 et
1563 2597 1846 2668 ingenuus

200 2692 345 2742 esto.
378 2689 521 2742 Nam
535 2689 581 2742 si
602 2689 898 2759 ignorante
926 2689 1157 2743 domino
1184 2689 1502 2744 celebretur
1536 2690 1838 2759 ordinatio,

200 2779 498 2834 licentiam
548 2781 754 2835 habeto
795 2780 1060 2835 dominus
1098 2782 1246 2835 intra
1283 2781 1419 2835 anni
1467 2783 1738 2852 spatium,
1785 2789 1841 2837 et

199 2873 439 2943 quidem
495 2873 664 2927 unius
711 2878 954 2943 tantum,
997 2873 1289 2928 fortunam
1338 2875 1729 2944 comprobare,
1785 2880 1842 2930 et

201 2980 438 3019 servum
471 2982 639 3020 suum
669 2967 944 3038 recipere.
975 2967 1135 3030 Quod
1163 2968 1208 3021 si
1230 2983 1441 3034 servus,
1469 2967 1582 3021 sive
1610 2968 1840 3033 sciente,

201 3057 322 3113 sive
375 3058 673 3128 ignorante
715 3060 798 3129 (ut
835 3059 1100 3129 diximus)
1149 3060 1400 3128 domino,
1447 3060 1743 3114 allectione
1785 3062 1842 3114 in

198 3152 421 3205 clerum
455 3153 599 3205 liber
629 3153 828 3221 factus,
861 3152 1300 3207 ecclesiasticum
1338 3154 1715 3208 ministerium
1746 3170 1836 3208 re-

196 3243 444 3314 linquat,
493 3245 551 3298 et
584 3245 653 3298 ad
700 3245 1030 3299 smcularem
1076 3246 1248 3300 vitam
1289 3249 1553 3315 transeat,
1606 3247 1838 3301 domino

198 3353 308 3391 suo
339 3337 400 3390 in
441 3337 773 3392 servitutem
815 3338 1075 3392 traditor.
1107 3338 1461 3409 Ascriptitios
1490 3355 1619 3394 vero
1658 3339 1716 3393 in
1750 3340 1838 3394 his

203 3429 341 3483 solis
371 3430 824 3500 possessionibus
854 3447 1097 3502 quarum
1125 3431 1404 3501 ascriptiti
1429 3437 1580 3501 sunt,
1610 3432 1838 3486 clericos

196 3522 343 3576 citra
364 3523 711 3577 voluntatem
737 3523 1105 3578 dominorum
1125 3523 1247 3578 ﬁeri
1265 3524 1644 3590 concedimus,
1671 3541 1735 3578 ea
1760 3530 1838 3578 ta-

195 3630 331 3670 men
361 3615 708 3684 conditione,
736 3621 801 3669 ut
827 3615 1013 3670 clerici
1040 3615 1172 3670 facti
1197 3617 1572 3672 nihilominus
1597 3617 1832 3688 imposi-

193 3712 319 3762 tam
347 3707 452 3762 sibi
473 3708 938 3778 agricolationem
967 3708 1341 3780 adimpleant.

269 3801 326 3856 Si
376 3802 504 3872 quis
543 3801 852 3855 oratorium
884 3802 1242 3868 exstruxerit,
1275 3802 1627 3872 volueritque
1655 3802 1712 3855 in
1766 3819 1833 3857 eo

192 3893 526 3966 promoveri
574 3893 830 3963 clericos,
877 3894 962 3948 vel
991 3895 1129 3964 ipse,
1176 3895 1262 3948 vel
1310 3894 1564 3949 haeredes
1606 3895 1749 3966 ejus,
1788 3896 1834 3949 si

193 3991 431 4057 sumptu
457 3986 568 4058 ipsi
597 3986 814 4040 clericis
849 3986 1298 4053 subministrant,
1327 3992 1383 4042 et
1419 3987 1621 4058 dignos
1649 3989 1832 4043 nomi-

190 4079 476 4147 naverint,
516 4079 794 4134 nominati
836 4079 1190 4134 oniinantor.
1233 4080 1292 4134 Si
1322 4096 1452 4134 vero
1480 4080 1578 4150 qui
1603 4081 1674 4135 ab
1699 4081 1833 4152 ipsis

192 4173 359 4227 electi
385 4178 520 4227 sunt
549 4189 647 4226 eos
675 4175 947 4244 tanquam
977 4173 1246 4243 indignos
1272 4173 1526 4228 ordinari
1545 4175 1687 4228 sacri
1709 4191 1832 4244 pro-

190 4265 477 4320 hibebunt
502 4282 768 4335 canones,
799 4271 934 4319 tunc
974 4266 1229 4320 locorum
1262 4266 1670 4342 sacratissimus
1718 4267 1833 4337 epi-

189 4375 400 4429 scopus
430 4375 523 4413 eos
550 4375 696 4429 quos
722 4359 1142 4428 praestantiores
1195 4360 1476 4429 putaverit
1510 4361 1831 4429 promoveri

190 4468 392 4507 curam
418 4452 591 4522 agito.
623 4452 916 4506 Sancimus
939 4457 1134 4506 autem
1161 4457 1224 4506 ut
1243 4452 1702 4507 reverendissimi
1727 4453 1832 4508 cle-

2024 1948 2176 2002 Unde
2213 1949 2474 2002 convenit
2517 1952 2578 2002 ut
2612 1948 2713 2001 Dei
2743 1948 3120 2002 amantissimi
3156 1949 3490 2019 patriarcha:
3530 1957 3586 2005 et

1946 2041 2369 2111 metropolitani
2397 2041 2454 2094 in
2475 2057 2600 2094 eam
2622 2056 2743 2094 rem
2765 2041 3181 2110 providentiam
3207 2043 3500 2108 collocent,
3524 2049 3580 2097 et

1946 2137 2059 2187 tam
2089 2149 2186 2187 eos
2213 2133 2448 2187 clericos
2479 2133 2762 2204 quimodo
2791 2137 2924 2186 sunt
2951 2149 3018 2186 ea
3044 2134 3230 2186 forma
3249 2133 3576 2205 relinquant

1945 2243 2058 2296 qua
2083 2231 2235 2294 sunt,
2267 2242 2441 2296 quam
2465 2226 2636 2280 etiam
2657 2226 2931 2296 cujusque
2958 2226 3109 2279 inter
3137 2243 3196 2280 se
3219 2227 3467 2280 ecclesias
3496 2227 3576 2280 vi-

1942 2334 2034 2372 res
2063 2318 2388 2372 metiantur.
2421 2319 2604 2388 Atque
2632 2318 2711 2371 ita
2737 2323 2861 2372 tum
2899 2318 3008 2388 ipsi
3036 2317 3445 2389 religiosissimi
3475 2336 3575 2389 pa-

1943 2411 2204 2465 triarcha:
2233 2410 2338 2464 sub
2364 2427 2422 2464 se
2449 2411 2656 2480 positas
2681 2411 2945 2465 ecclesias
2970 2410 3030 2463 in
3067 2410 3330 2465 ordinem
3351 2419 3578 2483 cogant,

1941 2507 2066 2557 tum
2093 2503 2517 2574 metrOpolitani
2549 2503 2618 2558 de
2654 2503 2764 2558 hoc
2799 2521 2832 2557 a
2859 2503 3295 2574 religiosissimis
3336 2504 3576 2574 patriar-

1943 2596 2064 2649 chis
2085 2596 2381 2662 admoniti,
2415 2601 2472 2650 et
2497 2596 2648 2650 idem
2674 2596 2900 2664 faciant,
2933 2601 2988 2650 et
3014 2612 3212 2651 omnes
3236 2597 3372 2651 alios
3397 2597 3501 2651 sub
3521 2613 3580 2653 se

1942 2688 2270 2742 constitutos
2319 2688 2608 2758 episcopos
2653 2689 2727 2742 ad
2764 2688 2911 2743 hanc
2954 2690 3574 2746 commensurationem

1943 2780 2196 2851 adigant,
2227 2797 2339 2851 quo
2369 2780 2554 2851 magis
2595 2797 2825 2851 operam
2861 2781 2999 2835 dent
3031 2799 3103 2836 ne
3147 2783 3297 2836 ultra
3342 2783 3576 2838 modum

1943 2889 2142 2928 census
2196 2874 2532 2928 clericorum
2569 2873 2956 2928 ordinationes
3013 2873 3317 2929 celebrent.
3360 2876 3577 2931 Scimus

1943 2966 2098 3020 enim
2122 2982 2296 3037 quam
2325 2967 2519 3020 multa:
2538 2982 2606 3020 ex
2634 2966 2738 3020 hac
2759 2966 3207 3020 ordinandorum
3234 2972 3289 3022 et
3315 2974 3576 3039 sumptus

1943 3058 2117 3112 effusa
2144 3057 2526 3115 immensitate
2550 3063 2914 3113 sacrosanctae
2959 3059 3210 3114 ecclesiae
3247 3061 3441 3132 inopia
3478 3079 3577 3132 op-

1942 3167 2154 3221 pressa!
2182 3152 2312 3218 sint,
2338 3151 2604 3222 quodque
2633 3152 2932 3205 nonnullas
2957 3168 3027 3206 ex
3053 3152 3210 3222 ipsis,
3240 3153 3369 3207 licet
3395 3170 3568 3224 aegre,

1938 3243 2280 3299 servarimus
2309 3247 2527 3310 tamen;
2551 3244 2817 3314 quaedam
2842 3260 2974 3299 vero
3002 3245 3320 3298 etiamnum
3351 3252 3571 3300 onusta:

1930 3337 2174 3407 jaceant,
2205 3339 2561 3407 nequeuntes
2589 3351 2657 3390 ex
2683 3340 2840 3391 tanta
2869 3353 2926 3391 se
2953 3353 3146 3391 rerum
3190 3337 3458 3408 angustia
3485 3339 3569 3394 ef-

1937 3430 2105 3483 ferre.
2146 3429 2498 3500 Quapropter
2523 3429 2936 3500 providentiam
2986 3429 3044 3483 in
3074 3430 3223 3484 hanc
3250 3447 3376 3484 rem
3404 3431 3564 3486 adhi-

1936 3521 2152 3576 bebunt
2175 3521 2508 3576 sanctissimi
2539 3521 2893 3591 patriarchas,
2923 3527 2978 3576 et
3003 3524 3442 3592 metrOpolitani,
3476 3541 3572 3580 nc-

1936 3630 2047 3684 que
2069 3630 2188 3668 non
2209 3614 2416 3684 reliqui
2443 3614 2544 3667 Dei
2570 3613 2942 3668 amantissimi
2975 3614 3240 3685 episcopi,
3265 3620 3329 3668 ut
3358 3632 3473 3670 non
3501 3617 3568 3671 de

1935 3706 2023 3760 his
2047 3723 2175 3777 quin
2200 3706 2271 3760 ab
2300 3707 2435 3777 ipsis
2466 3707 2615 3762 facta
2650 3711 2783 3761 sunt
2809 3706 2992 3761 edocti
3019 3723 3112 3761 eos
3147 3708 3564 3778 amplexemur,

1933 3801 2084 3872 quod
2114 3801 2299 3871 legem
2326 3801 2492 3855 nudis
2529 3801 2997 3872 comprehensam
3023 3801 3222 3856 litteris
3252 3802 3386 3873 ipsis
3412 3804 3570 3858 factis

1933 3893 2384 3948 administratam
2412 3893 2784 3948 ostenderint.

2002 3985 2321 4056 Presbyteri
2354 3992 2568 4052 autem,
2598 3991 2655 4040 et
2692 3986 2935 4056 diaconi,
2968 4003 3152 4059 neque
3195 4004 3312 4042 non
3338 3988 3564 4043 subdia-

1933 4079 2082 4144 coni,
2121 4083 2178 4132 et
2214 4079 2470 4146 lectores,
2502 4094 2564 4131 ac
2607 4083 2884 4148 cantores,
2917 4097 3058 4151 quos
3106 4097 3304 4135 omnes
3342 4081 3569 4136 clericos

1930 4172 2300 4242 appellamus,
2328 4175 2392 4225 ut
2418 4187 2508 4225 res
2534 4186 2874 4242 quocunque
2902 4173 3072 4228 modo
3095 4173 3166 4227 ad
3184 4174 3442 4244 ipsorum
3473 4175 3568 4230 do-

1930 4264 2175 4319 minium
2199 4264 2488 4319 devolutas
2523 4263 2626 4318 sub
2651 4267 2926 4335 potestate
2958 4282 3061 4320 sua
3097 4266 3347 4322 habeant
3378 4269 3448 4322 ad
3477 4269 3565 4323 in-

1932 4363 2046 4412 star
2073 4359 2441 4412 castrensium
2472 4355 2844 4428 peculiorum,
2870 4358 3236 4428 praecipimus
3264 4365 3326 4413 ut
3371 4364 3430 4414 et
3472 4361 3567 4415 do-

1931 4467 2066 4504 nare
2091 4467 2184 4504 eas
2210 4450 2452 4521 possint,
2483 4457 2539 4505 et
2565 4450 2634 4504 de
2664 4449 2752 4504 his
2773 4450 2985 4516 testari,
3016 4450 3240 4504 tametsi
3269 4451 3372 4504 sub
3401 4458 3563 4522 pote-

189 4545 298 4600 rici
329 4561 461 4600 suas
503 4545 712 4600 obeant
753 4545 1033 4612 ecclesias,
1081 4550 1136 4599 et
1177 4562 1345 4600 omne
1394 4547 1828 4601 ecclesiasticum
1848 4563 1908 4635 D
1932 4546 2071 4597 state
2098 4548 2396 4612 parentum
2429 4547 2578 4597 sunt.
2609 4545 2688 4597 Ita
2713 4547 2927 4612 tamen,
2960 4545 3024 4596 ut
3053 4541 3260 4596 horum
3301 4542 3420 4609 ﬁlii,
3466 4551 3566 4599 aut

188 4638 578 4693 ministerium
597 4638 735 4709 ipsis
755 4642 1081 4709 competens
1101 4637 1397 4708 impleant,
1415 4639 1520 4693 hoc
1540 4640 1831 4710 requiren-

187 4731 343 4786 tibus
368 4733 484 4785 tam
511 4731 954 4801 uniuscujusque
982 4731 1221 4786 civitatis
1262 4731 1684 4802 religiosissimo
1707 4733 1827 4803 epi-

191 4840 385 4894 scopo,
425 4840 600 4894 quam
653 4822 1055 4892 ecclesiasticis,
1109 4825 1208 4895 qui
1264 4825 1325 4878 in
1369 4840 1595 4894 quoque
1651 4825 1830 4894 gradu

193 4917 514 4988 primatum
555 4916 784 4986 habent,
826 4921 997 4988 atque
1023 4917 1143 4971 hinc
1184 4934 1299 4972 non
1338 4916 1697 4975 observantes
1726 4917 1829 4972 sub

186 5009 528 5064 canonicam
555 5009 944 5080 redigentibus
971 5027 1286 5065 censuram.
1315 5010 1614 5064 Enimvero
1645 5027 1828 5080 neque

187 5101 397 5156 effusas
422 5102 490 5156 de
510 5105 716 5157 caetero
728 5102 851 5156 fieri
867 5101 1475 5157 reverendissimorum
1496 5102 1829 5156 clericorum

186 5194 576 5249 ordinationes
603 5195 886 5250 convenit.
916 5196 1056 5249 Nam
1081 5187 1232 5266 quod
1263 5211 1441 5266 usque
1472 5195 1657 5249 adhuc
1679 5194 1824 5249 obti-

190 5287 340 5355 nuit,
374 5287 601 5342 tametsi
646 5288 1014 5343 emendatum
1056 5289 1326 5358 oportuit,
1368 5293 1555 5343 tamen
1594 5294 1828 5358 propter

185 5384 418 5451 tempus
439 5380 836 5452 relinquimus.
863 5383 942 5435 De
962 5385 1169 5436 caetero
1187 5384 1376 5436 autem
1405 5397 1518 5434 non
1538 5385 1748 5435 temere
1769 5379 1827 5434 id

185 5471 334 5539 ﬁeri,
368 5489 557 5543 neque
582 5473 642 5527 in
663 5473 940 5528 damnum
957 5479 1440 5529 sacrosanctarum
1463 5473 1827 5528 ecclesiarum

186 5564 391 5620 cedere
422 5565 728 5620 sancimus.
761 5568 895 5630 Quae
934 5567 1114 5637 igitur
1160 5566 1220 5621 in
1248 5565 1574 5636 hujusmodi
1606 5565 1826 5620 casibus

188 5658 342 5712 circa
369 5663 780 5713 sacrosanctam
809 5659 983 5730 regia:
1021 5660 1191 5730 hujus
1217 5665 1423 5714 nostrae
1452 5659 1608 5713 urbis
1647 5658 1823 5713 eccle-

187 5751 359 5820 siam,
389 5756 445 5807 et
467 5755 846 5806 sacrosanctas
880 5753 1140 5808 ecclesias
1178 5753 1284 5808 sub
1326 5753 1467 5825 ipsa,
1496 5769 1682 5823 neque
1709 5768 1826 5806 non

187 5844 334 5900 alias
385 5845 478 5900 hic
535 5845 766 5915 positas,
813 5845 939 5901 ﬁeri
988 5851 1265 5918 oporteat,
1306 5862 1372 5902 ea
1419 5846 1653 5920 speciali
1700 5846 1826 5916 lege

1931 4636 2018 4690 his
2049 4651 2166 4689 non
2208 4633 2662 4704 subsistentibus,
2694 4640 2956 4706 parentes
2993 4650 3192 4690 eorum
3240 4635 3560 4706 legitimam

1930 4729 2245 4800 portionem
2275 4728 2480 4782 ferant.

2003 4820 2501 4877 Reverendissimis
2545 4818 2906 4891 presbyteris,
2953 4825 3010 4874 et
3053 4819 3321 4892 diaconis,
3367 4822 3414 4877 si
3461 4840 3564 4894 pro

1929 4913 2254 4986 pecuniaria
2289 4929 2453 4968 causa
2477 4914 2684 4968 falsum
2712 4912 2918 4967 dixisse
2945 4913 3338 4971 testimonium
3360 4916 3563 4988 depre-

1928 5007 2271 5076 hendantur,
2311 5006 2442 5060 satis
2471 5007 2578 5061 erit
2605 5007 2651 5060 si
2702 5011 3119 5062 tormentarum
3148 5009 3269 5064 loco
3311 5024 3413 5078 per
3450 5015 3564 5064 tres

1927 5118 2106 5155 annos
2135 5117 2168 5155 a
2194 5117 2348 5154 sacro
2369 5099 2686 5154 ministerio
2699 5105 3050 5170 separentur,
3065 5105 3121 5155 et
3132 5101 3191 5155 in
3220 5101 3564 5156 monasteria

1927 5195 2241 5248 tradantur.
2295 5196 2402 5248 Pro
2448 5191 2840 5247 criminalibus
2879 5197 3073 5246 autem
3108 5193 3312 5261 causis,
3341 5192 3388 5246 si
3431 5194 3561 5263 quis

1927 5286 2133 5341 falsum
2158 5286 2552 5342 testimonium
2580 5285 2806 5354 dixerit,
2841 5284 3202 5355 praecipimus
3231 5290 3295 5339 ut
3319 5283 3560 5340 clericali

1929 5379 2202 5450 dignitate
2233 5380 2572 5448 denudatus,
2604 5377 2871 5450 legitimis
2899 5376 3080 5448 poenis
3105 5376 3400 5432 subdatur.
3433 5378 3557 5432 Ca:-

1927 5471 2033 5526 teri
2063 5488 2216 5536 vero,
2249 5473 2349 5542 qui
2388 5473 2447 5526 in
2491 5473 2615 5527 aliis
2649 5469 3037 5528 ecclesiasticis
3077 5472 3446 5525 recensentur
3472 5488 3558 5526 or-

1927 5565 2170 5630 dinibus,
2194 5565 2239 5618 si
2268 5564 2473 5618 falsum
2501 5566 2894 5620 testimonium
2918 5565 2978 5618 in
3009 5578 3348 5635 quocunque
3374 5579 3556 5635 nego—

1926 5659 2024 5725 tio,
2079 5657 2192 5713 sive
2234 5656 2534 5722 criminali,
2562 5657 2676 5711 sive
2715 5657 3066 5728 pecuniario,
3109 5656 3313 5712 dixisse
3355 5656 3557 5728 depre-

1927 5751 2270 5822 hendantur,
2298 5768 2414 5806 non
2441 5749 2626 5804 solum
2666 5749 2818 5803 clero
2849 5754 2906 5803 et
2948 5750 3148 5805 ordine
3191 5749 3560 5806 ecclesiastico

1928 5844 2288 5917 dejiciantur,
2322 5846 2418 5902 sed
2450 5841 2621 5900 etiam
2649 5841 3022 5911 subjiciantur
3049 5843 3366 5900 tormentis.
