4032 6232
514 333 638 386 1031

1643 328 1896 386 ΒᾸΞΟΗΙᾹ
1936 329 2125 386 8ΕΧΤ1
2171 329 2728 388 SUPPLEMENTUM.

3743 332 3882 385 1032

579 438 634 492 Si
660 438 788 509 quis
819 443 1012 493 contra
1041 436 1372 510 quempiam
1398 436 1483 491 vel
1512 438 1801 508 clericum,
1831 438 1914 491 vel
1951 456 2142 493 mona-
2163 456 2222 527 Α
2244 441 2399 510 prius
2428 440 2897 510 metropolitanus
2942 439 3196 510 ipsorum
3240 454 3370 494 cum
3405 438 3530 492 aliis
3557 437 3782 493 duobus
3811 439 3882 490 de

507 532 701 598 chum,
736 532 822 587 vel
865 533 1254 597 diaconissam,
1284 532 1366 586 vel
1410 531 1795 601 monastriam,
1852 532 1939 585 vel
1986 549 2137 586 asce-

507 621 674 674 triam
701 621 903 675 habeat
930 621 1179 691 aliquam
1206 620 1507 687 actionem,
1537 621 1803 675 iustruito
1827 620 1986 692 prius
2015 621 2141 675 reli-

509 715 885 784 giosissimum
927 731 991 768 ea
1031 715 1097 767 de
1138 729 1198 766 re
1232 713 1577 784 episcopum,
1624 713 1718 767 cui
1753 715 2140 785 unusquisque

507 809 719 862 horum
746 807 1001 861 subditus
1028 811 1129 860 est.
1161 806 1256 860 Hic
1287 813 1477 861 autem
1502 808 1800 878 negotium
1819 808 1968 862 inter
1987 809 2139 878 ipsos

509 902 835 971 disceptato.
867 901 931 953 Et
958 899 1191 970 quidem
1234 901 1279 953 si
1318 904 1552 972 utraque
1592 918 1720 971 pars
1751 901 2020 971 judicatis
2043 918 2137 954 ac-

509 994 761 1064 quiescit,
781 993 1050 1062 jubemus
1076 999 1141 1047 ut
1166 1011 1270 1064 per
1297 994 1402 1048 loci
1434 995 1838 1065 magistratum
1865 1011 1929 1048 ea
1952 995 2141 1065 plena-

507 1088 608 1140 riae
636 1087 931 1140 tradantur
957 1087 1326 1141 exsecutioni.
1357 1087 1409 1142 Si
1452 1088 1578 1158 quis
1609 1104 1740 1142 vero
1785 1087 2139 1159 litigatorum

506 1179 657 1233 intra
673 1179 868 1233 decem
883 1179 1002 1233 dies
1020 1179 1285 1249 judicatis
1325 1181 1700 1248 contradicat,
1719 1185 1851 1234 tunc
1887 1180 2138 1235 locorum

507 1273 870 1344 magistratus
902 1274 1193 1343 negotium
1233 1275 1572 1329 examinato.
1616 1276 1683 1328 Et
1722 1275 1769 1327 si
1801 1275 2141 1346 compererit

506 1370 654 1422 recte
675 1366 1083 1436 judicationem
1111 1367 1522 1438 interpositam,
1551 1385 1649 1422 sua
1668 1368 1836 1422 etiam
1861 1368 2140 1423 sententia

507 1462 651 1515 hanc
676 1460 919 1528 ﬁrmato,
949 1463 1007 1513 et
1023 1460 1273 1530 judicata
1298 1461 1640 1515 exsecutioni
1666 1462 1872 1515 tradito
1903 1478 1915 1515 ε
1951 1477 2137 1531 neque

507 1555 723 1609 licitum
753 1558 868 1608 esto
898 1554 948 1607 ei
977 1554 1072 1624 qui
1101 1554 1278 1608 victus
1298 1554 1405 1608 fuit
1422 1555 1630 1608 iterum
1658 1555 1716 1608 in
1743 1554 2024 1624 ejusmodi
2047 1571 2141 1608 ne-

510 1649 662 1720 gotio
692 1664 1016 1718 provocare.
1045 1648 1202 1710 Quod
1236 1648 1280 1700 si
1302 1648 1665 1717 magistratus
1696 1647 1972 1702 sententia
2001 1665 2134 1701 con-

506 1743 678 1796 traria
703 1743 771 1794 sit
797 1741 886 1795 his
915 1757 1041 1811 quae
1067 1759 1098 1792 a
1127 1741 1222 1794 Dei
1249 1741 1650 1795 amantissimis
1676 1741 1948 1812 episcopis
1980 1741 2136 1811 judi-

510 1840 634 1890 cata
645 1841 794 1902 sunt,
819 1839 950 1888 tunc
973 1838 1166 1887 contra
1192 1835 1559 1904 magistratus
1588 1834 1925 1888 sententiam
1950 1835 2139 1888 locum
2159 1819 2215 1892 B

508 1929 713 1983 habeto
726 1929 1065 1999 provocatio,
1079 1932 1245 1998 atque
1261 1945 1326 1981 ea
1338 1929 1649 1982 secundum
1662 1928 1915 1982 ordinem
1945 1930 2136 1998 legum

508 2022 748 2077 refertor
775 2028 829 2075 et
853 2026 1161 2075 exercetor.
1191 2023 1470 2075 Craterum
1508 2023 1553 2074 si
1589 2021 1881 2091 episc0pus
1919 2039 1981 2075 ex
2022 2022 2139 2090 jus-

506 2116 662 2170 sione
699 2115 1002 2184 imperiali,
1044 2115 1128 2168 vel
1153 2114 1453 2184 judiciario
1494 2115 1754 2168 mandato
1783 2113 1933 2168 inter
1979 2131 2138 2185 quas-

507 2224 735 2279 cunque
765 2224 1035 2278 personas
1068 2207 1303 2278 judicet,
1332 2207 1634 2277 appellatio
1671 2208 1739 2262 ad
1786 2209 2137 2278 majestatem

506 2301 950 2373 imperatoriam,
979 2305 1078 2354 aut
1103 2317 1235 2353 eum
1266 2300 1364 2370 qui
1392 2317 1615 2354 causam
1643 2301 1932 2370 deligavit,
1958 2303 2133 2355 refer-

504 2403 616 2450 tor.
645 2399 712 2449 At
737 2395 782 2448 si
809 2399 1002 2447 contra
1030 2410 1392 2464 quascunque
1419 2399 1758 2448 memoratas
1783 2395 2134 2449 reverendis-

505 2490 676 2543 simas
726 2504 990 2558 personas
1041 2487 1254 2540 crimen
1301 2487 1596 2554 inferatur,
1647 2488 1932 2557 siquidem
1987 2489 2138 2558 apud

507 2581 835 2652 episcopum
877 2579 1106 2650 aliquist
1121 2585 1442 2633 acccusatus
1469 2579 1661 2644 fuerit,
1693 2587 1748 2633 et
1768 2581 1814 2632 is
1843 2581 2137 2634 veritatem

506 2675 755 2745 potuerit
791 2673 1236 2743 deprehendere,
1270 2673 1484 2726 honore
1517 2673 1629 2727 sive
1659 2674 1838 2742 gradu
1865 2675 2018 2728 hunc
2047 2691 2133 2728 se—

503 2768 758 2822 cundum
811 2765 1209 2820 ecclesiasticos
1261 2782 1506 2820 canones
1569 2767 1825 2836 dejicito,
1891 2774 2138 2838 tuncque

505 2866 830 2932 competens
850 2860 1026 2930 judex
1053 2859 1204 2913 hunc
1234 2859 1724 2930 comprehendito,
1747 2867 1804 2914 et
1827 2861 2136 2915 secundum

504 2956 660 3024 leges
689 2971 915 3007 causam
959 2951 1300 3018 examinato,
1339 2957 1394 3006 et
1433 2954 1606 3007 linem
1641 2953 1693 3006 ei
1736 2954 2030 3024 imponito.
2083 2954 2137 3008 Si

504 3065 636 3103 vero
668 3052 957 3100 accusator
985 3047 1140 3116 prius
1166 3045 1386 3099 civilem
1423 3046 1675 3115 judicem
1718 3047 1899 3116 adeat,
1927 3051 1981 3100 et
2027 3048 2135 3100 cri-

504 3158 638 3196 men
664 3141 920 3210 legitima
938 3139 1343 3209 disceptatione
1365 3141 1722 3209 comprobari
1742 3140 1968 3211 poterit,
2004 3146 2137 3193 tunc

505 3236 759 3288 locorum
789 3233 1051 3302 episcopo
1083 3237 1340 3286 actorum
1381 3239 1748 3286 monumenta
1781 3233 2132 3286 intimantor.

507 3329 576 3382 Et
601 3327 646 3379 si
685 3343 751 3380 ex
780 3325 848 3378 iis
886 3324 1198 3378 innotuerit
1227 3325 1513 3394 proposita
1547 3342 1679 3379 eum
1721 3326 1960 3379 crimina
1992 3326 2132 3380 deli-

507 3420 714 3492 quisse,
737 3424 872 3472 tunc
896 3418 1190 3489 episcopus
1205 3418 1252 3487 ej
1263 3435 1325 3470 us
1351 3418 1503 3471 hunc
1527 3419 1596 3472 ab
1623 3419 1838 3472 honore
1870 3419 1983 3472 sive
2015 3437 2139 3490 gra-

511 3512 587 3566 du
621 3528 790 3582 quem
821 3516 974 3565 tenet
1017 3510 1332 3564 secundum
1371 3527 1612 3565 canones
1655 3517 1930 3582 separato,
1958 3512 2135 3581 judex

507 3612 698 3660 autem
728 3605 1031 3659 vindictam
1061 3605 1113 3657 ei
1140 3603 1345 3657 inferto
1373 3605 1594 3675 legibus
1619 3610 2062 3675 competentem.

577 3702 784 3754 Verum
830 3699 873 3751 si
904 3698 1202 3768 episcopus
1227 3698 1507 3768 putaverit
1531 3704 1652 3752 acta
1678 3715 1790 3752 non
1815 3699 1966 3768 juste
1997 3716 2133 3752 con-

505 3793 730 3860 stitisse,
756 3796 886 3844 tunc
913 3791 1130 3844 licitum
1160 3792 1211 3845 ei
1231 3795 1368 3858 esto,
1392 3791 1462 3845 ad
1489 3795 1806 3845 accusatam
1837 3808 2134 3862 personam

506 3887 726 3940 honore
755 3901 854 3938 seu
883 3885 1061 3955 gradu
1082 3885 1500 3951 denudandam,
1531 3901 1752 3939 moram
1775 3885 2137 3955 interponere

507 3979 586 4034 sic
613 3984 822 4039 tamen,
867 3982 928 4030 ut
959 3993 1019 4031 ea
1051 3994 1295 4048 persona
1325 3977 1429 4032 sub
1461 3978 1717 4048 legitima
1762 3979 2140 4033 constituatur

505 4071 890 4141 ﬁdejussione,
939 4076 1108 4141 atque
1153 4072 1230 4124 ita
1277 4087 1444 4125 causa
1495 4075 1609 4124 tam
1663 4088 1765 4141 per
1807 4072 2139 4142 episcopum

505 4179 677 4235 quam
707 4164 874 4218 etiam
917 4180 1019 4234 per
1047 4165 1300 4234 judicem
1345 4165 1416 4219 ad
1447 4181 1548 4217 nos
1577 4164 1874 4233 referatur,
1907 4170 1968 4218 ut
1993 4166 2138 4218 hanc

507 4263 906 4330 cognoscentes
945 4274 1068 4323 nos,
1108 4275 1236 4328 quae
1274 4258 1438 4311 nobis
1477 4258 1772 4312 videantur
1806 4258 2134 4328 jubeamus.

505 4354 665 4407 Certe
705 4352 748 4405 si
795 4351 920 4422 quis
955 4368 1057 4422 pro
1084 4351 1410 4422 pecuniaria
1449 4367 1614 4404 causa
1652 4356 1844 4404 contra
1891 4351 2137 4422 aliquam

504 4451 954 4500 memoratarum
986 4461 1356 4516 personarum
1386 4444 1714 4515 quampiam
1745 4444 2026 4498 actionem
2045 4445 2140 4498 ha-

2243 539 2432 590 sancta
2457 535 2672 605 synodo
2693 534 2968 605 episc0pis
2989 551 3112 587 rem
3137 534 3464 603 dijudicato.
3503 535 3569 586 Et
3593 532 3702 585 nisi
3734 537 3885 585 utra-

2241 645 2351 698 que
2380 645 2509 698 pars
2531 627 2796 698 judicatis
2821 627 3060 697 insistat,
3089 633 3226 682 tunc
3252 627 3610 682 beatissimus
3639 625 3882 696 patriar-

2241 723 2347 775 cha
2382 722 2532 776 illius
2553 721 2851 776 dimceseos
2877 721 3224 776 audientiam
3251 720 3385 792 ipsis
3411 719 3837 774 accommodato
3864 735 3877 776 :

2240 820 2296 868 et
2322 815 2417 868 illa
2444 815 2695 883 deﬁnito,
2725 831 2852 886 quae
2881 814 3264 868 ecclesiasticis
3292 813 3605 868 canonibus
3637 817 3695 865 et
3741 811 3881 881 legi-

2239 908 2344 962 bus
2382 909 2708 977 concinunt,
2756 913 2958 962 neutra
2984 913 3142 978 parte
3175 907 3468 961 sententia
3506 907 3630 976 ejus
3656 909 3881 958 contra-

2240 1002 2426 1056 dicere
2463 1006 2738 1072 queunte.
2766 1002 2869 1056 Sed
2900 1007 2955 1055 et
2983 1001 3029 1054 si
3065 1018 3097 1054 a
3140 1000 3363 1069 clerico,
3392 1004 3490 1054 aut
3533 1014 3880 1070 quocunque

2240 1094 2348 1147 alio
2374 1099 2571 1148 contra
2600 1093 2929 1164 episcOpum
2967 1109 3306 1164 quacunque
3334 1093 3402 1147 de
3445 1107 3613 1145 causa
3654 1091 3758 1144 fiat
3786 1090 3878 1143 in-

2240 1187 2580 1257 terpellatio,
2614 1186 2864 1256 primum
2915 1186 3370 1257 religiosissimus
3407 1183 3882 1255 metropolitanus

2241 1280 2555 1334 secundum
2583 1296 2770 1333 sacros
2794 1296 3037 1333 canones
3063 1285 3121 1334 et
3148 1283 3368 1332 nostras
3395 1279 3549 1349 leges
3574 1277 3881 1347 negotium

2241 1373 2564 1443 dijudicato.
2593 1373 2647 1427 Si
2685 1373 2813 1443 quis
2831 1373 3097 1442 judicatis
3125 1373 3416 1438 reclamet,
3440 1388 3608 1425 causa
3631 1370 3705 1424 ad
3731 1371 3874 1424 bea-

2240 1466 2518 1520 tissimum
2554 1467 2703 1519 illius
2730 1467 3028 1521 dimceseos
3069 1465 3556 1536 archiepiscopum
3598 1469 3657 1518 et
3696 1463 3875 1532 patri-

2239 1560 2469 1614 archam
2499 1559 2768 1628 defertor,
2799 1564 2855 1614 et
2891 1560 2984 1612 ille
3024 1559 3336 1613 secundum
3361 1573 3608 1612 canones
3635 1561 3692 1610 et
3719 1556 3878 1626 leges

2240 1652 2372 1707 huic
2390 1653 2563 1707 linem
2582 1653 2868 1707 adhibeto.
2891 1653 3048 1716 Quod
3074 1652 3117 1704 si
3137 1656 3337 1706 contra
3363 1649 3878 1720 metropolitanum

2240 1746 2555 1801 istiusmodi
2593 1746 2972 1816 interpellatio
2993 1745 3276 1817 procedat,
3305 1745 3422 1798 sive
3466 1744 3536 1797 ab
3583 1743 3878 1814 episcopo,

2239 1840 2352 1894 sive
2387 1858 2419 1893 a
2465 1841 2688 1905 clerico,
2717 1844 2814 1893 aut
2841 1855 3182 1910 quacunque
3207 1838 3320 1891 alia
3363 1852 3624 1908 persona,
3655 1835 3869 1890 dimce—

2237 1951 2357 1988 seos
2377 1934 2527 1988 illius
2545 1933 2900 1987 beatissimus
2927 1931 3253 2002 patriarcha
3278 1929 3554 1984 consimili
3578 1929 3750 1983 modo
3781 1945 3876 1982 ne-

2240 2029 2456 2098 gotium
2483 2027 2807 2097 disceptato.
2841 2027 2945 2079 Pro
2969 2025 3400 2096 quibuscunque
3421 2023 3604 2077 causis
3630 2023 3883 2093 denique

2238 2122 2484 2192 episcopi
2510 2121 2942 2187 conveniuntur,
2975 2119 3090 2172 sive
3113 2119 3264 2189 apud
3295 2134 3460 2170 suum
3493 2115 3882 2187 metropolita-

2238 2233 2398 2284 num,
2440 2215 2554 2276 sive
2596 2214 2746 2284 apud
2776 2213 3171 2284 patriarcham,
3202 2211 3313 2265 sive
3342 2211 3492 2281 apud
3529 2210 3668 2263 alios
3712 2225 3883 2279 quos-

2238 2325 2460 2379 cunque
2478 2308 2717 2378 judices,
2747 2308 2900 2361 nulla
2929 2307 2999 2359 ab
3047 2305 3112 2358 iis
3137 2304 3422 2374 lidejussio
3465 2309 3566 2357 aut
3594 2303 3879 2356 confessio

2239 2403 2308 2456 de
2336 2402 2432 2455 lite
2459 2400 2722 2470 exigitor.
2751 2403 2832 2456 Ita
2856 2406 3046 2454 tamen
3076 2404 3139 2452 ut
3167 2403 3222 2451 et
3263 2397 3369 2468 ipsi
3414 2397 3677 2450 studeant
3706 2395 3880 2449 illatis

2241 2495 2343 2548 sibi
2372 2493 2822 2548 accusationibus
2849 2510 2906 2546 se
2938 2492 3213 2546 eximere.

2307 2588 2658 2642 (Economos
2677 2603 2828 2654 vero,
2856 2591 2955 2640 aut
2977 2583 3444 2656 ptochotrophos,
3476 2588 3576 2636 aut
3615 2580 3876 2636 xenodo—

2239 2683 2396 2747 chos,
2427 2687 2527 2734 aut
2558 2696 2907 2748 nosocomos,
2941 2683 2996 2733 et
3035 2678 3277 2732 aliarum
3325 2676 3730 2742 venerabilium
3771 2675 3876 2728 do-

2239 2791 2440 2829 muum
2461 2774 2895 2845 dispensatores,
2915 2788 3102 2842 neque
3123 2787 3238 2825 non
3266 2787 3465 2824 omnes
3489 2770 3624 2824 alios
3645 2769 3881 2822 clericos

2231 2851 2520 2939 jnlbemus,
2551 2872 2613 2921 ut
2640 2884 2744 2938 pro
2773 2865 3354 2922 administrationibus
3381 2865 3515 2934 ipsis
3540 2865 3881 2920 concreditis

2237 2963 2387 3032 apud
2412 2962 2740 3032 episcopum
2768 2976 2957 3027 suum,
2987 2960 3077 3013 cui
3105 2961 3363 3026 subsunt,
3394 2957 3794 3028 respondeant,
3818 2963 3880 3012 et

2240 3055 2740 3108 administrationis
2771 3070 2887 3108 suae
2913 3054 3162 3108 rationes
3191 3052 3452 3118 reddant,
3485 3056 3541 3105 et
3570 3051 3884 3121 exigantur

2238 3149 2388 3219 quod
2417 3164 2483 3202 ex
2510 3148 2645 3218 ipsis
2675 3147 2880 3202 debere
2901 3147 3246 3218 comprobati
3272 3145 3501 3210 fuerint,
3535 3143 3615 3198 illi
3646 3160 3880 3198 venera-

2237 3242 2337 3295 bili
2357 3241 2771 3295 restituendum
2811 3241 3026 3304 domui,
3059 3240 3150 3294 cui
3177 3255 3242 3293 ex
3273 3237 3762 3292 administratione
3785 3238 3881 3290 de-

2235 3335 2418 3388 bitum
2451 3334 2796 3405 apparuerit.
2822 3333 2876 3388 Si
2891 3349 2948 3387 se
2970 3333 3028 3386 in
3055 3332 3338 3403 exigendo
3359 3335 3615 3400 gravatos
3641 3334 3880 3400 putave-

2236 3428 2370 3496 rint,
2395 3427 2863 3498 motrOpolitanus
2888 3425 3183 3497 negotium
3206 3424 3550 3479 examinato.
3577 3423 3632 3477 Si
3661 3428 3879 3478 metro-

2237 3522 2520 3592 politanus
2547 3521 2619 3573 sit
2643 3521 2740 3591 qui
2768 3525 2968 3574 contra
3007 3520 3258 3590 aliquam
3301 3517 3702 3589 praedictarum
3737 3533 3876 3588 per-

2237 3630 2507 3668 sonarum
2559 3613 2877 3668 istiusmodi
2916 3629 3109 3666 causas
3139 3611 3500 3676 examinavit,
3533 3615 3589 3664 et
3617 3609 3880 3665 debitum

2239 3708 2450 3778 exegit,
2481 3713 2534 3762 et
2561 3725 2593 3760 a
2619 3724 2731 3778 quo
2757 3712 3018 3761 exactum
3051 3711 3155 3774 est,
3183 3705 3229 3759 is
3255 3709 3418 3776 putet
3449 3721 3506 3758 se
3554 3709 3876 3774 gravatum,

2238 3801 2538 3855 dimceseos
2566 3801 2717 3854 illitis
2746 3799 3101 3854 beatissimus
3122 3798 3440 3869 patriarcha
3462 3798 3760 3867 negotium
3789 3798 3878 3852 di-

2239 3899 2508 3965 sceptato.
2560 3894 2748 3964 Neque
2784 3893 2938 3946 enim
2983 3892 3268 3962 pl‘fEdiCtiS
3311 3891 3570 3961 personis
3612 3891 3878 3944 concedi-

2239 4003 2368 4041 mus
2389 3993 2450 4041 ut
2477 3987 2546 4041 de
2573 3985 2898 4041 memoratis
2925 3986 3105 4039 causis
3153 3989 3284 4038 ante
3315 3983 3794 4038 examinationem
3821 3989 3883 4037 et

2238 4081 2590 4135 exactionem
2643 4080 2817 4133 debiti
2857 4095 2988 4132 suos
3029 4078 3316 4148 refugiant
3360 4078 3669 4148 episcopos,
3713 4083 3767 4130 et
3807 4077 3880 4130 ad

2238 4174 2343 4227 alia
2381 4190 2439 4227 se
2467 4174 2757 4228 conferant
2773 4171 3006 4243 judicia.
3035 4171 3196 4235 Quod
3223 4171 3267 4224 si
3294 4171 3422 4241 quis
3447 4187 3513 4225 ex
3541 4169 3880 4224 ecclesiasti-

2238 4267 2316 4320 cis
2355 4267 2446 4320 cui
2478 4266 2753 4336 ejusmodi
2784 4266 2971 4336 aliqua
2997 4264 3415 4318 administratio
3442 4263 3767 4317 concredita
3793 4269 3884 4317 est

2237 4363 2367 4413 ante
2393 4360 2675 4430 expositas
2703 4359 2950 4412 rationes
2975 4362 3030 4412 et
3050 4357 3237 4412 debita
3259 4357 3540 4427 persoluta
3570 4354 3876 4419 moriatur,

2231 4451 2502 4520 jubemus
2532 4457 2596 4506 ut
2619 4452 2738 4522 ejus
2767 4451 3022 4505 haeredes
3049 4449 3330 4504 consimili
3355 4449 3524 4502 modo
3556 4454 3612 4502 et
3641 4447 3881 4502 redden-

503 4541 657 4607 heat,
677 4545 732 4593 et
757 4539 1050 4610 episcopus
1071 4539 1223 4592 inter
1246 4538 1394 4608 ipsos
1412 4537 1669 4608 judicare
1696 4537 1937 4603 differat,
1969 4538 2138 4591 licen—
2156 4553 2216 4624 Ι)
2239 4544 2324 4598 dis
2349 4545 2680 4613 rationibus,
2711 4549 2766 4598 et
2791 4544 3179 4599 exactionibus
3208 4542 3434 4596 obnoxii
3465 4542 3596 4595 sint,
3831 4590 3853 4607 κ

506 4634 648 4687 tiam
681 4633 884 4686 habeto
936 4637 1090 4686 actor
1122 4639 1185 4686 ut
1222 4631 1442 4685 civilem
1463 4630 1680 4702 judicet
1717 4632 1899 4685 adeat.
1934 4632 2015 4684 lta
2049 4636 2134 4685 ta-

505 4742 661 4793 men,
689 4729 752 4779 ut
796 4729 1050 4779 accusata
1088 4740 1330 4796 persona
1356 4724 1510 4778 nullo
1537 4725 1708 4778 modo
1737 4731 1970 4795 cogatur
1997 4724 2136 4778 fide-

498 4821 783 4890 jussorem
811 4819 963 4886 dare,
985 4817 1082 4873 sed
1106 4819 1287 4872 solum
1313 4817 1714 4872 confessionem
1745 4818 1955 4888 absque
1986 4818 2141 4887 jura-

503 4916 698 4967 mento
719 4929 848 4966 cum
876 4911 1341 4983 oppigneratioue
1363 4927 1554 4966 rerum
1577 4927 1805 4965 suarum
1832 4927 2138 4982 exponere.

505 5007 561 5062 Si
576 5023 680 5078 pro
702 5006 986 5061 criminali
1013 5022 1177 5059 causa
1203 5005 1482 5060 accusatio
1509 5010 1707 5059 contra
1736 5006 1985 5076 aliquam
2016 5020 2137 5058 me-

505 5106 856 5156 moratarum
899 5116 1271 5170 personarum
1304 5105 1678 5169 pr0ponatur,
1724 5115 1967 5170 persona
2013 5114 2140 5169 quia

505 5199 800 5250 accusatur
824 5193 926 5247 sub
952 5193 1269 5264 legitimam
1295 5192 1720 5262 ﬁdejussionem
1742 5194 2135 5247 constituatur.

505 5290 560 5344 Si
573 5288 1009 5344 ecclesiasticum
1023 5287 1320 5357 negotium
1337 5287 1426 5354 sit,
1448 5287 1662 5340 nullam
1679 5287 2137 5341 communionem

502 5383 749 5437 habento
777 5381 968 5436 civiles
1016 5380 1379 5452 magistratus
1423 5397 1556 5435 cum
1603 5397 1667 5435 ea
1711 5381 2135 5452 disceptatione,

504 5476 597 5530 sed
627 5474 1034 5545 religiosissimi
1061 5475 1308 5545 episcopi
1336 5474 1650 5529 secundum
1683 5491 1867 5529 sacros
1893 5489 2139 5529 canones

505 5569 739 5638 negotio
759 5569 931 5622 tinem
961 5569 1322 5639 imponunto.

577 5667 853 5719 Praeterea
873 5667 918 5720 si
944 5667 1042 5736 qui
1072 5667 1326 5737 ejusdem
1352 5665 1548 5737 synodi
1580 5666 1982 5737 religiosissimi
2009 5665 2131 5736 epi-

509 5759 662 5826 scopi
693 5757 939 5827 aliquam
981 5759 1130 5813 inter
1171 5777 1228 5814 se
1255 5759 1696 5814 controversiam
1725 5759 1986 5827 habeant,
2019 5759 2134 5814 sive

517 5848 579 5902 "e
601 5852 731 5918 jure
760 5851 1154 5917 ecclesiastico,
1183 5852 1298 5906 sive
1330 5852 1399 5905 de
1424 5852 1763 5924 quibusdam
1792 5852 1916 5906 aliis
1943 5852 2130 5920 rebus,

2310 4637 2364 4692 Si
2393 4638 2520 4709 quis
2550 4639 2864 4709 episcopus,
2893 4643 2992 4692 aut
3018 4637 3255 4691 clericus
3286 4652 3353 4689 ex
3384 4650 3722 4706 quacunque
3749 4651 3882 4706 pro-

2239 4731 2422 4785 vincia
2448 4731 2936 4802 Constantinopoli
2965 4731 3304 4802 reperiatur,
3326 4735 3381 4783 et
3400 4729 3643 4782 voluerit
3673 4729 3883 4799 aliquis

2240 4829 2435 4878 contra
2486 4825 2671 4895 ipsum
2712 4824 2991 4878 actionem
3044 4839 3384 4894 proponere,
3435 4821 3716 4892 siquidem
3764 4822 3881 4876 litis

2242 4918 2569 4972 contestatio
2591 4919 2650 4972 in
2681 4918 2966 4988 provincia
2988 4918 3057 4972 de
3085 4934 3154 4972 ea
3187 4913 3566 4971 controversia
3588 4913 3735 4968 facta
3769 4919 3877 4980 est,

2240 5011 2356 5065 illic
2399 5011 2467 5064 lis
2503 5012 2792 5082 impletor.
2833 5011 2889 5067 Si
2926 5011 2991 5065 lis
3034 5027 3166 5065 vero
3206 5010 3463 5063 nondum
3507 5008 3696 5079 ccepit,
3725 5008 3882 5077 apud

2240 5106 2384 5159 solos
2412 5105 2838 5176 gloriosissimos
2862 5105 3153 5175 praefectos
3178 5103 3576 5175 praetoriorum
3605 5101 3881 5169 Orientis,

2239 5205 2337 5253 aut
2367 5215 2550 5252 sacros
2572 5198 2815 5269 judices,
2838 5199 2934 5269 qui
2965 5215 2998 5252 a
3023 5199 3186 5252 nobis
3211 5195 3469 5268 deputati
3508 5195 3742 5260 fuerint,
3791 5194 3881 5248 his

2239 5293 2339 5364 qui
2360 5309 2490 5346 eum
2519 5292 2864 5346 conveniunt
2888 5292 3244 5362 respondeto.
3275 5288 3750 5346 Reverendissimi
3780 5305 3879 5342 au-

2239 5392 2354 5441 tem
2381 5386 2724 5457 apocrisiarii
2777 5385 3164 5456 cujuscunque
3208 5369 3574 5438 sacrosancta
3615 5381 3875 5435 Ecclesiee

2239 5481 2337 5551 qui
2354 5479 2410 5533 in
2425 5480 2581 5551 regia
2607 5479 2743 5533 urbe
2756 5481 3176 5543 versantur,aut
3188 5477 3256 5532 ad
3271 5475 3625 5532 beatissimos
3640 5474 3878 5546 patriar-

2239 5575 2371 5628 chas
2394 5575 2506 5628 sive
2541 5572 3004 5644 metropolitanos
3028 5590 3062 5625 a
3088 5571 3203 5626 suis
3239 5571 3548 5625 mittuntur
3577 5568 3873 5640 episcopis,

2238 5684 2424 5738 neque
2450 5683 2552 5738 pro
2579 5667 2692 5721 suis
2715 5667 3008 5737 episcOpis,
3035 5681 3220 5736 neque
3240 5681 3346 5736 pro
3368 5663 3598 5734 negotio
3617 5661 3872 5717 Ecclesia:

2240 5765 2481 5827 suae,aut
2493 5761 2524 5815 d
2533 5761 2681 5815 ebito
2701 5759 2925 5832 publico
2938 5775 3037 5813 seu
3053 5759 3290 5830 privato,
3305 5758 3594 5812 actionem
3605 5761 3705 5810 aut
3719 5771 3875 5810 exac-

2239 5855 2451 5910 tionem
2471 5855 2718 5927 aliquam
2735 5853 3070 5922 sustinento,
3088 5851 3192 5908 nisi
3214 5851 3549 5907 mandatum
3573 5849 3873 5906 babeunta
