4032 6232
163 340 297 394 1033

985 334 1349 392 JUSTINIANI
1398 330 1726 392 NOVELLA')
1761 334 2095 393 SELECTA'].
2137 335 2444 394 NOVELLA
2482 337 2709 394 CXXIII.

3404 340 3539 394 1034

157 446 275 499 suis
301 443 606 516 episcopis,
625 445 723 498 aut
746 443 1078 513 (economis,
1102 446 1167 498 ut
1184 443 1407 516 aliquos
1433 444 1797 500 conveniant.
1824 467 1884 541 Î‘
1903 444 2271 500 commissum
2303 449 2407 500 est.
2447 444 2555 509 Qui
2580 460 2712 499 vero
2741 445 2863 499 haec
2889 447 3089 500 contra
3114 444 3340 517 exigere
3373 462 3540 517 spor-

156 540 313 593 Tunc
345 538 503 593 enim
537 537 670 592 solis
695 536 782 590 his
802 536 903 607 qui
919 536 991 591 ab
1016 536 1153 608 ipsis
1174 538 1615 607 conveniuntur,
1632 538 1803 593 licen-

158 631 304 685 tiam
336 630 562 697 damus,
601 633 662 684 ut
686 629 731 684 si
761 646 936 700 quam
962 631 1249 685 actionem
1272 634 1472 686 contra
1498 632 1803 686 Ecclesiam

158 728 260 778 aut
281 724 619 795 episcopum
644 722 913 789 habeant,
932 726 1134 778 contra
1155 722 1308 795 ipsos
1325 728 1672 795 proponant.
1689 724 1803 779 Sed

161 820 221 870 et
249 816 297 870 si
324 816 396 871 de
426 816 597 871 certis
628 802 802 870 rebus
824 819 924 870 aut
942 816 1266 871 actionibus
1298 817 1513 888 seipsos
1542 816 1804 872 reddide-

158 910 277 964 rint
297 909 580 965 obnoxios
610 925 680 964 eo
700 913 966 980 tempore
993 925 1108 980 quo
1140 909 1535 981 respondendi
1563 926 1803 964 munere

161 1006 222 1055 et
248 1003 543 1073 legatione
571 1002 929 1072 defungitur,
953 1019 1049 1057 eas
1068 1002 1241 1057 etiam
1269 1003 1523 1058 actiones
1544 1020 1671 1074 quae
1702 1019 1805 1073 pro

163 1096 233 1149 iis
261 1096 630 1151 intentantur
657 1096 1002 1167 excipiunto.
1035 1099 1179 1152 Item
1217 1099 1276 1150 et
1317 1096 1364 1150 si
1413 1095 1665 1167 episcopi
1709 1100 1809 1150 aut

162 1188 355 1243 clerici
380 1205 486 1260 pro
514 1188 743 1243 civitate
772 1206 875 1260 per
902 1205 1132 1244 causam
1158 1189 1481 1259 legationis,
1524 1192 1623 1243 aut
1658 1188 1807 1244 ordi-

167 1281 347 1336 nandi
366 1280 618 1352 episcopi
639 1281 700 1335 in
720 1282 877 1351 regia
899 1282 1058 1347 urbe,
1082 1284 1181 1335 aut
1208 1281 1531 1351 ubicunque
1551 1282 1806 1336 locorum

164 1373 637 1445 peregrinantur,
654 1373 927 1444 jubemus
942 1378 1004 1428 ut
1024 1374 1357 1445 nullamipsi
1374 1374 1692 1428 molestiam
1710 1378 1809 1429 aut

166 1466 632 1538 inquietudinem
662 1483 695 1521 a
721 1483 1065 1538 quacunque
1092 1484 1340 1538 persona
1365 1468 1707 1534 sustineant,
1739 1467 1802 1520 li-

165 1560 358 1614 centia
389 1560 671 1615 existente
704 1560 790 1614 his
817 1560 915 1629 qui
944 1577 1003 1614 se
1023 1560 1372 1631 putantillos
1390 1560 1603 1614 habere
1626 1560 1804 1614 obno-

161 1652 301 1720 xios,
342 1658 654 1723 postquam
700 1653 912 1707 reversi
955 1656 1088 1707 sunt
1130 1653 1188 1706 in
1235 1653 1609 1723 provinciam,
1658 1653 1810 1724 ipsos

165 1745 573 1812 conveniendi,
611 1746 766 1800 nullo
820 1747 907 1799 his
944 1746 1043 1816 qui
1083 1763 1141 1800 se
1188 1749 1391 1816 putant
1425 1745 1553 1802 illos
1598 1747 1810 1801 habere

1902 539 2052 592 tulas
2075 538 2521 609 praesumpserit,
2544 538 2604 591 in
2635 537 2877 609 duplum
2905 538 2963 592 id
2996 537 3151 609 quod
3174 539 3391 609 accepit
3414 555 3542 610 per-

1901 647 2054 685 sonae
2082 648 2116 684 a
2150 648 2261 703 qua
2302 637 2565 686 exactum
2592 635 2679 686 est
2706 631 2942 686 reddere
2970 631 3340 702 compellitor.
3371 633 3438 685 Et
3462 632 3536 686 si-

1904 721 2134 791 quidem
2160 722 2423 777 militiam
2452 722 2639 791 habet,
2672 721 2845 777 etiam
2870 721 3167 793 cingulum
3195 721 3435 777 amittito
3450 740 3468 792 ;
3491 723 3539 776 si

1903 813 2139 868 clericus
2168 815 2361 885 fuerit,
2389 831 2420 870 e
2450 817 2600 870 clero
2628 815 2863 885 ejicitor.

1975 907 2321 979 Presbyteris
2356 924 2510 975 sane,
2562 913 2621 963 et
2663 907 2935 974 diaconis,
2968 912 3025 963 et
3060 906 3454 976 subdiaconis,
3488 914 3545 962 et

1904 1000 2170 1055 omnibus
2197 1000 2322 1054 aliis
2347 1001 2444 1071 qui
2474 1001 2532 1055 in
2563 1002 2713 1056 clero
2744 1000 2998 1056 collocati
3026 1005 3179 1069 sunt,
3207 1000 3307 1072 qui
3339 1017 3543 1056 uxores

1904 1093 2217 1147 secundum
2246 1109 2429 1147 sacros
2453 1110 2697 1148 canones
2725 1110 2839 1147 non
2882 1093 3112 1161 habent,
3152 1094 3544 1148 interdicimus

1906 1188 1963 1240 et
1984 1201 2090 1240 nos
2117 1203 2219 1257 pro
2245 1189 2440 1241 tenore
2481 1203 2775 1241 sacrorum
2802 1202 3092 1241 canonum
3128 1203 3199 1240 ne
3239 1186 3542 1241 mulierem

1907 1279 2161 1349 aliquam
2190 1279 2349 1334 domi
2377 1296 2495 1334 suae
2524 1279 2864 1334 adscititiam
2890 1280 3158 1346 habeant,
3190 1284 3424 1351 excepta
3452 1285 3541 1335 ta-

1908 1388 2041 1425 men
2082 1375 2282 1441 matre,
2312 1378 2369 1427 et
2399 1373 2531 1437 filia,
2564 1378 2621 1427 et
2641 1389 2857 1440 sorore,
2888 1378 2945 1427 et
2973 1372 3098 1426 aliis
3128 1372 3385 1443 personis
3412 1388 3541 1443 quae

1906 1481 2136 1519 omnem
2168 1466 2547 1536 suspicionem
2575 1465 2873 1536 effugiunt.
2907 1466 2963 1521 Si
3011 1465 3139 1536 quis
3178 1482 3309 1520 vero
3348 1470 3544 1521 contra

1907 1559 2055 1633 hanc
2087 1558 2537 1614 observationem
2570 1560 2869 1614 mulierem
2919 1559 3070 1613 domi
3120 1575 3236 1614 suae
3285 1559 3547 1614 habuerit

1908 1668 2037 1722 qua:
2064 1651 2239 1722 possit
2282 1652 2660 1723 suspicionem
2699 1657 2896 1706 contra
2940 1652 3126 1722 ipsum
3163 1650 3448 1717 inducere,
3489 1655 3546 1705 et

1909 1744 2083 1798 semel
2110 1750 2279 1815 atque
2301 1745 2509 1799 iterum
2538 1746 2623 1798 vel
2654 1762 2687 1798 a
2716 1762 2818 1799 suo
2839 1745 3121 1815 episcopo,
3141 1744 3226 1797 vel
3257 1760 3290 1796 a
3319 1744 3547 1815 collegis

168 1839 454 1893 obnoxios
482 1838 813 1909 prtejudicio
851 1839 1183 1909 generando
1204 1838 1523 1910 circalongi
1542 1839 1813 1910 temporis
1833 1835 1890 1907 B
1913 1837 2027 1890 suis
2050 1837 2372 1892 admonitus
2408 1854 2477 1892 ne
2509 1855 2638 1891 cum
2668 1838 2765 1892 tali
2800 1838 3041 1891 muliere
3088 1836 3322 1903 habitet,
3378 1837 3548 1891 domo

168 1932 664 2003 praescriptionem
686 1936 923 2003 propter
940 1932 1000 1985 id
1023 1936 1249 2003 tempus
1269 1932 1423 2002 quod
1445 1932 1501 1985 in
1524 1932 1810 2002 hujusmo-

169 2025 224 2079 di
238 2025 712 2096 peregrinatione
726 2025 1182 2095 produxerint.Si
1201 2025 1432 2095 quando
1446 2042 1618 2079 causa
1632 2043 1812 2080 emer-

171 2119 309 2172 serit
341 2118 717 2188 quamobrem
753 2118 980 2185 clerico,
1012 2122 1111 2172 aut
1143 2119 1446 2185 monacho,
1479 2123 1576 2173 aut
1610 2136 1806 2173 [nona-

171 2212 346 2278 striae,
383 2215 484 2265 aut
510 2211 767 2265 ascetriae
790 2211 1178 2281 cujuscunque
1196 2211 1426 2266 tandem
1452 2212 1809 2279 monasterii,

174 2308 230 2358 et
246 2304 500 2359 maxime
518 2304 831 2359 mulierum
860 2321 964 2375 pro
986 2321 1327 2375 quacunque
1350 2304 1676 2375 pecuniaria
1689 2322 1813 2358 cau-

173 2415 252 2463 sa,
291 2398 409 2451 sive
450 2398 697 2467 publica,
738 2397 853 2451 sive
884 2397 1125 2468 privata,
1179 2397 1374 2452 citatio
1412 2398 1497 2453 vel
1531 2398 1813 2452 exsecutio

174 2490 477 2555 inferatur,
493 2491 767 2560 jubemus
791 2495 855 2545 ut
880 2490 1023 2544 citra
1047 2491 1453 2545 contumeliam
1475 2494 1683 2545 etcum
1708 2492 1810 2547 h0-

174 2601 319 2639 nore
367 2600 483 2655 quo
530 2584 696 2638 decet
733 2583 927 2638 citatio
972 2586 1058 2638 vel
1108 2583 1393 2639 exsecutio
1445 2584 1812 2655 expediatur,

175 2678 333 2731 nulla
361 2682 563 2732 tamen
596 2676 915 2731 monastria
956 2681 1055 2731 aut
1085 2677 1328 2732 ascetria
1378 2693 1408 2730 e
1461 2678 1813 2732 monasterio

176 2770 568 2838 abstrahatur,
595 2769 697 2824 sed
732 2774 1073 2841 procurator
1098 2771 1170 2825 ab
1201 2771 1268 2824 iis
1291 2770 1694 2838 constituatur,
1718 2771 1815 2842 qui

176 2864 245 2918 de
290 2880 362 2918 eo
403 2863 635 2933 negotio
676 2862 1043 2934 respondeat.
1095 2863 1382 2917 Monachis
1430 2879 1563 2916 vero
1599 2863 1815 2917 licitum

178 2960 299 3011 esto
361 2956 625 3026 proprias
668 2959 769 3009 aut
805 2956 1135 3010 monasterii
1180 2972 1400 3023 causas,
1445 2955 1559 3009 sive
1595 2972 1700 3027 per
1734 2973 1815 3023 se,

177 3048 290 3103 sive
314 3063 422 3119 per
446 3050 883 3118 procuratorem
910 3065 1106 3119 agere.
1147 3048 1369 3103 Scituro
1386 3048 1581 3119 judice
1608 3051 1707 3103 aut
1731 3064 1819 3103 ex-

179 3145 443 3196 secutore
462 3140 560 3211 qui
579 3141 637 3194 in
658 3141 779 3195 haec
798 3141 1197 3211 praevaricatus
1218 3141 1409 3209 fuerit,
1440 3142 1596 3213 quod
1616 3145 1673 3195 et
1696 3142 1815 3196 cin-

178 3236 312 3304 gulo
332 3232 740 3302 denudabitur,
769 3236 828 3288 et
854 3251 958 3305 per
979 3234 1612 3305 magniï¬centissimum
1637 3234 1815 3290 comi-

180 3331 297 3381 tem
330 3343 527 3380 rerum
553 3326 902 3398 privatarum
930 3328 1001 3381 ab
1030 3344 1099 3382 eo
1126 3328 1379 3400 quinque
1407 3328 1680 3385 librarum
1696 3328 1820 3382 auri

179 3436 353 3491 paena
378 3420 660 3489 exigetur,
679 3425 1011 3475 exsecutore
1036 3420 1301 3475 videlicet
1331 3424 1459 3476 utra
1482 3421 1605 3475 haac
1629 3426 1685 3476 et
1710 3425 1822 3476 tor-

182 3516 387 3567 menta
416 3511 694 3579 subitura,
718 3515 776 3566 et
799 3513 859 3567 in
886 3513 1145 3567 exsilium
1170 3513 1472 3568 mittendo.
1490 3514 1817 3584 Religiosis-

181 3606 342 3660 simis
359 3606 622 3660 locorum
648 3605 925 3676 episcopis
951 3606 1373 3677 providentiam
1397 3607 1739 3661 adhibituris
1757 3610 1823 3661 ut

182 3698 327 3753 nihil
351 3698 443 3752 his
468 3698 822 3752 contrarium
850 3699 981 3765 flat;
1009 3704 1108 3753 aut
1134 3699 1180 3753 si
1199 3699 1340 3770 quid
1362 3698 1746 3770 delinquatur,
1759 3703 1823 3753 ut

182 3791 464 3864 prtedicta
498 3791 637 3845 ultio
679 3791 974 3862 procedat.
1008 3792 1118 3847 Sed
1160 3792 1204 3845 si
1241 3791 1610 3862 magistratus
1650 3793 1819 3847 ultio~

183 3903 321 3940 nem
346 3885 607 3955 irrogare
637 3884 887 3952 differat,
929 3885 1229 3957 episcopus
1267 3901 1395 3939 eam
1434 3901 1557 3939 rem
1606 3885 1680 3940 ad
1725 3903 1823 3940 no-

183 3984 363 4033 stram
395 3976 688 4031 scientiam
716 3977 949 4032 referto.

257 4070 665 4142 Sportularum
678 4073 874 4125 autem
887 4070 1120 4125 nomine
1134 4071 1354 4126 nullam
1366 4087 1676 4143 personam
1692 4089 1821 4143 quae

184 4167 243 4219 in
259 4180 610 4235 quocunque
632 4163 1014 4218 ecclesiastico
1028 4168 1395 4219 recenseatur
1413 4165 1637 4231 ordine,
1664 4165 1820 4219 insu-

187 4274 294 4330 per
326 4274 518 4328 neque
556 4257 956 4323 diaconissam,
996 4273 1185 4327 neque
1222 4259 1593 4326 monachum,
1636 4275 1823 4330 neque

186 4350 514 4416 ascetriam,
544 4366 733 4420 neque
766 4349 1166 4417 monastriam,
1209 4350 1268 4404 in
1310 4352 1427 4406 ulla
1457 4351 1736 4406 criminali
1767 4356 1825 4407 et

185 4443 525 4515 pecuniaria
536 4460 727 4511 causa,
755 4442 1143 4514 cujuscunque
1162 4445 1498 4515 quantitatis
1510 4446 1822 4513 fuerit,sive

186 4536 586 4603 aclerico,sive
605 4536 677 4590 ab
695 4536 887 4606 aliquo
909 4535 967 4589 in
982 4535 1248 4591 militiam
1270 4538 1470 4593 allecto
1489 4539 1824 4594 citationem
1843 4563 1903 4635 Î’

184 4628 520 4699 suscipiant,
554 4629 669 4683 sive
710 4629 767 4683 in
800 4629 959 4699 regia
988 4628 1146 4697 urbe,
1176 4630 1289 4686 sive
1314 4631 1373 4684 in
1404 4633 1730 4702 provinciis,
1765 4631 1824 4685 in

184 4721 397 4793 quibus
417 4721 656 4792 degunt,
683 4723 829 4776 ultra
861 4725 1106 4792 quatuor
1134 4723 1369 4794 siliquas
1397 4724 1535 4779 dare
1567 4725 1827 4780 concedi-

186 4831 340 4869 mus.
372 4813 483 4870 Sed
511 4814 555 4868 si
580 4814 710 4885 quis
725 4816 1021 4868 exsecutor
1048 4818 1246 4870 nostra
1266 4816 1543 4886 jussione,
1577 4820 1675 4872 aut
1703 4835 1823 4872 ma-

195 4909 493 4978 gistratus,
523 4910 623 4961 aut
652 4907 965 4961 beatissimi
986 4908 1322 4979 patriarcha;
1346 4910 1556 4965 missus
1582 4910 1641 4965 in
1686 4911 1826 4966 alias

187 5000 541 5072 provincias,
558 5000 729 5056 alicui
747 5006 1192 5056 memoratarum
1213 5019 1587 5074 personarum
1610 5004 1830 5060 citatio-

188 5111 329 5149 nem
356 5094 585 5161 inferat,
606 5110 722 5149 non
744 5095 894 5149 ultra
911 5111 1087 5149 unum
1106 5096 1352 5150 solidum
1370 5098 1644 5153 aufertur.
1666 5097 1830 5162 Quod

189 5188 234 5242 si
262 5188 323 5242 in
341 5204 458 5241 una
486 5190 545 5241 et
568 5187 777 5242 eadem
806 5203 976 5243 causa
1002 5190 1211 5243 multos
1240 5207 1310 5244 ex
1339 5191 1669 5245 memoratis
1697 5208 1826 5262 per-

190 5281 348 5336 sonis
376 5281 541 5336 citari
567 5281 887 5353 contingat,
920 5282 1106 5337 unicae
1143 5284 1544 5340 tantummodo
1572 5302 1830 5356 persona:

188 5374 476 5446 sportulas
502 5391 606 5445 pro
628 5374 898 5429 omnibus
923 5376 1135 5432 auferri
1162 5376 1466 5432 sancimus.
1519 5380 1832 5450 Episcopus

191 5472 391 5522 autem
422 5483 526 5538 pro
553 5467 723 5522 rebus
754 5469 1002 5523 ecclesiae
1022 5487 1138 5525 sua:
1161 5470 1375 5524 nullam
1395 5472 1829 5543 aggressionem

192 5564 296 5615 aut
320 5560 784 5632 inquietudinem
816 5562 1112 5618 sustineto.
1150 5563 1430 5634 Sportula:
1460 5568 1605 5619 "vero
1634 5565 1707 5618 ab
1740 5582 1830 5633 eo,

195 5670 389 5725 neque
423 5653 467 5707 si
498 5670 694 5708 rerum
721 5671 955 5709 suarum
987 5655 1223 5711 nomine
1250 5657 1475 5724 citetur,
1504 5658 1827 5728 exiguntor,

194 5748 454 5803 actiones
476 5747 692 5801 scilicet
724 5754 1053 5817 quaacontra
1074 5749 1378 5805 Ecclesiam
1408 5756 1829 5823 proponuntur,

199 5840 617 5913 excipientibus
646 5842 982 5909 oeconomis,
1011 5844 1111 5896 aut
1146 5840 1254 5897 illis
1280 5844 1487 5915 quibus
1518 5844 1578 5899 id
1617 5844 1833 5915 negotii

524 5936 804 6002 PATROL.
850 5935 1086 6001 LXXII.

1913 1946 2036 1983 eam
2074 1947 2175 1983 sua
2204 1931 2405 2000 ejicere
2437 1931 2703 1995 noluerit,
2734 1936 2832 1984 aut
2859 1935 3188 2001 emergente
3225 1936 3547 1984 accusatore

1912 2023 2184 2094 probatus
2202 2023 2373 2077 fuerit
2390 2024 2687 2085 inhoneste
2708 2040 2838 2077 cum
2862 2024 2961 2077 tali
2998 2025 3235 2080 muliere
3262 2042 3547 2080 conversa-

1914 2115 1980 2179 ri,
2023 2119 2157 2169 tunc
2182 2116 2482 2187 episcopus
2516 2118 2637 2187 ejus
2684 2116 2999 2171 secundum
3027 2119 3423 2172 ecclesiasticos
3453 2136 3544 2172 ca-

1913 2229 2088 2266 nones
2115 2213 2264 2266 clero
2294 2212 2479 2283 ipsum
2517 2212 2723 2283 ejicito,
2744 2213 2914 2267 curiae
2939 2213 2986 2283 ej
2999 2231 3060 2267 us
3089 2215 3546 2287 civitatis,iuqua

1912 2305 2147 2360 clericus
2174 2306 2303 2373 fuit,
2338 2306 2694 2360 tradendum.
2736 2307 3073 2378 Episcopum
3105 2311 3298 2362 autem
3326 2310 3545 2364 nullam

1913 2398 2147 2452 omnino
2176 2398 2478 2452 mulierem
2505 2399 2733 2467 habere,
2761 2404 2860 2453 aut
2884 2416 3013 2452 cum
3037 2416 3105 2453 ea
3136 2400 3389 2455 habitare
3415 2418 3547 2456 con-

1914 2490 2186 2546 cedimus.
2231 2492 2336 2546 Sed
2372 2491 2419 2546 si
2458 2491 2517 2546 id
2554 2493 2747 2547 minus
2789 2492 3107 2547 observasse
3150 2494 3548 2565 comprobatus

1914 2584 2104 2653 fuerit,
2137 2585 2471 2657 episcopatu
2495 2585 2769 2655 dejicitor.
2803 2588 2921 2656 Ipse
2951 2585 3106 2640 enim
3131 2586 3381 2657 seipsum
3424 2587 3544 2659 epi-

1916 2683 2147 2747 scopatu
2160 2678 2462 2748 indignum
2474 2681 2900 2732 commonstrat.
2921 2678 3302 2733 Diaconissam
3323 2696 3549 2752 quoque

1915 2770 2071 2824 nulla
2107 2770 2323 2825 ratione
2364 2787 2494 2825 cum
2521 2770 2642 2825 viro
2668 2788 2736 2825 ex
2763 2786 2877 2840 quo
2912 2770 3224 2825 inhonestae
3254 2772 3384 2826 vitae.
3412 2773 3547 2827 sub-

1916 2863 2052 2916 oriri
2082 2866 2265 2933 potest
2290 2862 2530 2933 suspicio
2577 2862 2833 2917 habitare
2874 2864 3261 2918 concedimus.
3299 2865 3463 2928 Quod
3501 2866 3548 2920 si

1918 2956 2041 3009 haac
2069 2972 2185 3009 non
2206 2955 2606 3021 observaverit,
2639 2956 2900 3009 sacerdos
2920 2955 3009 3010 cui
3036 2956 3259 3011 subdita
3285 2963 3372 3011 est
3401 2958 3546 3013 hanc

1917 3049 2239 3115 admonete,
2262 3054 2323 3102 ut
2352 3048 2616 3103 omnibus
2642 3049 2828 3102 modis
2856 3050 3023 3103 talem
3048 3050 3233 3105 virum
3256 3052 3423 3106 domo
3445 3068 3550 3106 sua

1919 3142 2125 3213 ejiciat.
2153 3142 2209 3196 Si
2237 3142 2342 3196 hoc
2368 3141 2551 3196 facere
2578 3142 2817 3211 differat,
2836 3144 3212 3199 ecclesiastico
3232 3146 3548 3201 ministerio

1919 3238 1978 3290 et
2005 3235 2120 3289 suis
2147 3235 2389 3307 spoliata
2428 3236 2640 3305 diariis,
2672 3236 2734 3290 in
2759 3238 3175 3292 monasterium
3203 3239 3459 3309 traditur,
3492 3245 3551 3294 et

1920 3328 2035 3382 illic
2060 3344 2230 3383 omne
2248 3328 2375 3383 vitae
2402 3344 2518 3383 suae
2548 3332 2775 3401 tempus
2794 3331 2865 3385 ad
2880 3330 3054 3385 tinem
3082 3348 3261 3403 usque
3282 3332 3548 3404 transigi-

1921 3426 2000 3489 to,
2041 3422 2201 3476 bonis
2228 3422 2372 3493 ejus,
2401 3422 2448 3476 si
2476 3421 2622 3477 filios
2646 3422 2868 3489 habeat,
2916 3424 3063 3479 inter
3098 3424 3279 3495 ipsam
3319 3431 3375 3480 et
3424 3426 3552 3481 illos

1921 3531 2026 3585 pro
2055 3530 2432 3584 personarum
2469 3531 2708 3570 numero
2747 3516 3084 3581 dividendis,
3128 3522 3189 3571 ut
3226 3519 3552 3588 portionem

1920 3623 2049 3678 quas
2068 3607 2173 3677 ipsi
2200 3607 2422 3661 mulieri
2448 3608 2724 3678 competit
2742 3609 3149 3663 monasterium
3172 3611 3465 3682 percipiat,
3496 3617 3553 3667 et

1921 3716 2049 3755 eam
2078 3701 2208 3754 alat.
2242 3700 2296 3755 Si
2321 3700 2468 3754 filios
2495 3716 2610 3754 non
2636 3700 2858 3766 habeat,
2880 3701 3065 3754 omnis
3094 3702 3141 3772 ej
3153 3719 3215 3755 us
3241 3704 3553 3759 substantia

1921 3794 2070 3848 inter
2092 3791 2503 3847 monasterium
2524 3792 2583 3847 in
2600 3792 2751 3863 quod
2777 3793 3079 3863 conjicitur
3102 3799 3159 3848 et
3178 3796 3467 3850 ecclesiam
3493 3797 3553 3852 in

1922 3903 2097 3958 quam
2119 3886 2274 3957 prius
2292 3884 2552 3940 ordinata
2573 3885 2680 3939 fuit
2699 3886 2876 3956 aequis
2894 3886 3248 3957 portionibus
3266 3888 3549 3947 dividitur.

1923 3980 1976 4034 Si
2002 3979 2128 4050 quis
2146 3996 2277 4033 cum
2301 3978 2495 4034 divina
2520 3978 2788 4049 mysteria
2803 3985 2903 4034 aut
2924 3979 3033 4033 alia
3053 3996 3215 4035 sacra
3242 3981 3556 4038 ministeria

1923 4073 2299 4142 celebrantur,
2330 4077 2582 4127 sanctam
2610 4071 2899 4143 ingressus
2941 4074 3256 4145 ecclesiam,
3302 4076 3387 4130 vel
3431 4077 3553 4149 epi-

1923 4183 2113 4237 scopo,
2149 4166 2238 4220 vel
2267 4165 2500 4234 clericis,
2534 4165 2622 4219 vel
2654 4165 2779 4220 aliis
2801 4166 3081 4222 ministris
3106 4169 3376 4236 ecclesiae,
3416 4187 3553 4225 con-

1922 4259 2169 4315 tumelias
2180 4258 2395 4329 aliquid
2413 4259 2691 4326 intulerit,
2708 4260 2979 4330 jubemus
2996 4265 3060 4314 ut
3086 4260 3132 4314 is
3144 4266 3428 4317 tormenta
3440 4280 3555 4318 sus-

1923 4353 2120 4422 tineat,
2170 4358 2227 4407 et
2262 4352 2321 4406 in
2354 4352 2619 4413 exsilium
2644 4353 2923 4408 mittatur.
2950 4353 3107 4417 Quod
3135 4354 3181 4408 si
3206 4355 3331 4425 ipsa
3377 4358 3553 4411 etiam

1924 4446 2110 4499 divina
2139 4445 2427 4517 mysteria,
2456 4452 2555 4501 aut
2578 4462 2735 4500 sacra
2767 4446 3077 4500 ministeria
3106 4447 3439 4515 turbaverit,
3457 4455 3557 4504 aut

1924 4537 2200 4593 celebrari
2229 4539 2603 4610 prohibuerit,
2631 4538 2854 4609 capitali
2880 4539 3157 4610 supplicio
3174 4540 3552 4597 afticitor.Eo-

1924 4631 2053 4687 dem
2090 4632 2196 4686 hoc
2222 4637 2279 4687 et
2322 4632 2383 4687 in
2425 4630 2930 4703 supplicationibus
2967 4632 3208 4702 publicis
3250 4633 3308 4687 in
3352 4634 3559 4705 quibus

1925 4724 2170 4797 episcopi
2191 4729 2289 4779 aut
2313 4724 2500 4780 clerici
2529 4724 2900 4780 inveniuntur
2925 4725 3308 4796 custodiendo,
3340 4733 3401 4782 ut
3437 4729 3560 4801 qui-

1926 4818 2076 4888 dem,
2107 4818 2153 4872 si
2180 4818 2454 4873 duntaxat
2487 4818 2890 4873 contumeliam
2916 4818 3138 4886 fecerit,
3171 4824 3475 4878 tormentis
3503 4828 3560 4879 et

1927 4912 2121 4967 exsilio
2138 4913 2428 4980 tradatur;
2459 4912 2505 4966 si
2528 4912 3000 4984 supplicationem
3024 4914 3308 4983 publicam
3330 4916 3561 4986 dissipa-

1929 5005 2074 5059 verit
2102 5005 2421 5076 periculum
2451 5004 2650 5076 capitis
2685 5004 2982 5059 sustineat.
3015 5007 3199 5077 Atque
3222 5007 3344 5062 hinc
3375 5008 3555 5063 vindi-

1929 5114 2055 5152 care
2070 5099 2361 5169 jubemus,
2386 5115 2500 5152 non
2520 5103 2747 5153 tantum
2768 5098 2981 5165 civiles,
3010 5100 3113 5154 sed
3146 5100 3320 5154 etiam
3347 5100 3556 5155 milita-

1929 5208 2023 5246 res
2046 5192 2427 5263 magistratus.
2446 5191 2728 5246 Omnibus
2750 5196 2945 5247 cutem
2972 5194 3129 5247 laicis
3158 5192 3557 5250 interdicimus

1932 5303 2005 5340 ne
2021 5286 2466 5357 supplicationes
2484 5286 2736 5357 publicas
2754 5290 3042 5357 peragant
3061 5285 3184 5340 sine
3204 5286 3565 5357 religiosissi-

1932 5378 2042 5432 mis
2068 5379 2367 5450 episcopis,
2400 5383 2458 5433 et
2478 5380 2576 5450 qui
2621 5379 2723 5433 sub
2772 5379 2853 5432 eis
2892 5382 3025 5433 sunt
3065 5379 3560 5437 reverendissimis

1931 5471 2170 5526 clericis.
2188 5474 2488 5537 Quomodo
2506 5474 2658 5527 enim
2690 5471 3027 5544 supplicatio
3056 5472 3279 5543 publica
3295 5489 3416 5526 esse
3440 5479 3562 5544 pot-

1934 5568 2038 5632 est,
2062 5564 2119 5619 in
2140 5582 2247 5636 qua
2263 5566 2588 5620 sacerdotes
2610 5582 2724 5620 non
2749 5566 3139 5634 inveniuntur,
3160 5566 3254 5637 qui
3274 5567 3561 5622 solemnes

1934 5675 2128 5729 preces
2150 5659 2463 5729 peragant?
2485 5658 2599 5723 Sed
2617 5661 2674 5710 ct
2691 5660 3048 5713 venerabiles
3060 5675 3275 5725 cruces,
3295 5676 3421 5713 cum
3441 5661 3564 5731 qui-

1933 5750 2040 5804 bus
2052 5750 2378 5804 sacerdotes
2393 5748 2452 5801 in
2473 5748 3421 5821 supplicationibusingrediuntur,
3445 5770 3562 5809 non

1935 5842 2073 5897 alibi
2092 5859 2265 5913 quam
2292 5842 2351 5895 in
2384 5839 2804 5893 venerabilibus
2834 5842 2969 5896 locis
2998 5853 3383 5913 reponuntur;
3425 5850 3484 5901 et
3517 5846 3564 5907 si

3168 5945 3245 6003 33
