4032 6232
492 291 628 350 1023

1626 290 1877 346 SECULI
1917 287 2108 345 SEXTI
2148 285 2715 344 SUPPLEMENTUM.

3739 276 3869 337 1024
3946 304 3961 349 νε

484 415 683 456 omnes
700 399 819 471 alii,
836 399 934 473 qui
952 403 1094 456 auta
1121 398 1474 471 patriarchis,
1492 401 1592 453 aut
1612 414 1646 452 a
1670 397 2123 467 metropolitanis
2144 407 2203 479 Α
2221 397 2438 465 fecerit,
2466 397 2689 452 nullum
2710 414 2779 453 ex
2806 397 2917 451 hoc
2940 391 3335 467 prajudicium
3359 391 3508 447 circa
3526 387 3698 445 aliam
3725 391 3869 446 tute-
3990 421 4029 456 μδ.

484 493 843 563 ordinantur,
863 494 909 549 si
924 495 1154 567 quidem
1176 494 1297 564 ejus
1316 493 1549 547 ecclesia
1567 490 1667 562 qui
1687 490 1988 545 ordinatur
2010 507 2130 547 non

486 588 676 642 minus
722 589 782 642 in
828 589 1012 642 reditu
1062 586 1265 641 habeat
1289 602 1466 657 quam
1502 585 1741 656 triginta
1775 584 1943 638 libras
1982 586 2124 653 auri,

487 681 626 735 dent
649 698 754 752 pro
785 679 1223 735 enthroniastico
1243 678 1476 749 quidem
1511 678 1713 733 solidos
1729 682 1957 731 centum
1982 695 1997 745 ;
2032 694 2129 732 no-

490 774 644 828 tariis
685 789 818 827 vero
847 771 1158 826 ordinantis
1186 777 1242 826 et
1269 771 1393 825 aliis
1440 771 1537 842 qui
1578 771 1659 824 illi
1705 770 1766 823 in
1812 770 2128 825 ministerio

488 870 638 933 sunt,
665 869 719 920 et
740 882 808 919 ex
843 881 1003 919 more
1031 864 1280 935 capiunt,
1309 864 1471 919 solid.
1496 880 1611 919 ccc.
1639 863 1695 918 Si
1723 879 1855 917 vero
1883 863 2129 918 ecclesia

488 959 699 1013 reditus
718 958 909 1012 minus
941 958 1172 1028 quidem
1190 959 1251 1012 in
1269 975 1484 1012 annum
1513 958 1811 1012 conferunt
1830 973 2001 1027 quam
2027 956 2126 1011 tri-

488 1052 643 1121 ginta
674 1051 841 1104 libras
866 1050 1009 1117 auri,
1040 1066 1155 1106 non
1186 1051 1376 1105 minus
1395 1054 1587 1105 autem
1608 1050 1765 1104 libris
1784 1049 2005 1118 decem,
2027 1066 2130 1120 pro

486 1144 937 1198 enthroniasticis
972 1145 1204 1215 quidem
1249 1145 1408 1198 solid.
1440 1160 1531 1212 cc;
1564 1143 1688 1197 aliis
1721 1149 1910 1197 autem
1938 1143 2128 1197 omni-

486 1233 591 1287 bus
618 1234 715 1305 qui
743 1250 808 1288 ex
840 1250 997 1288 more
1023 1234 1293 1305 capiunt,
1326 1234 1483 1288 solid.
1520 1250 1570 1289 c.
1609 1233 1704 1289 Sin
1744 1234 1934 1287 minus
1958 1249 2131 1305 quam

487 1327 702 1393 decem,
731 1344 843 1381 non
879 1327 1070 1381 minus
1095 1332 1289 1383 autem
1322 1327 1574 1399 quinque
1609 1327 1733 1381 auri
1766 1326 1925 1380 libris
1960 1326 2132 1381 eccle-

485 1420 583 1474 sia
619 1420 833 1474 reditus
865 1437 984 1475 esse
1012 1420 1334 1492 contingat,
1378 1420 1513 1476 dent
1546 1437 1650 1491 pro
1681 1418 2132 1474 enthroniasticis

485 1513 723 1585 quidem
752 1514 913 1569 solid.
944 1531 1005 1583 L;
1035 1514 1299 1569 omnibus
1333 1520 1529 1569 autem
1568 1513 1693 1568 aliis
1723 1514 1818 1585 qui
1862 1530 1933 1568 ex
1968 1528 2131 1568 more

486 1607 737 1678 capiunt,
767 1607 927 1662 solid.
957 1624 1117 1663 Lxxv.
1146 1608 1203 1663 Si
1234 1607 1426 1662 minus
1470 1623 1643 1679 quam
1684 1607 1935 1678 quinque
1955 1648 1969 1675 ,
2012 1622 2132 1660 non

490 1700 678 1755 minus
697 1706 889 1755 autem
906 1701 1086 1755 tribus
1111 1700 1270 1755 libris
1289 1700 1413 1755 auri
1434 1701 1492 1755 in
1506 1700 1696 1755 reditu
1722 1700 1947 1768 habeat,
1980 1716 2127 1770 pra-

490 1794 661 1848 beant
697 1793 929 1865 quidem
956 1811 1062 1865 pro
1091 1794 1544 1848 enthroniasticis
1566 1793 1724 1848 solid.
1757 1809 1913 1859 xvui;
1943 1792 2129 1846 omni-
2153 1774 2208 1845 Β

488 1887 593 1941 bus
620 1891 811 1941 autem
848 1887 975 1941 aliis
1004 1887 1101 1957 qui
1133 1903 1204 1940 ex
1229 1902 1387 1941 more
1418 1887 1669 1957 capiunt,
1708 1885 1868 1940 solid.
1898 1901 2049 1940 xxrv.
2077 1885 2133 1940 Si

488 1979 679 2033 minus
698 1980 902 2048 tribus,
917 1996 1031 2033 non
1048 1978 1236 2034 minus
1257 1983 1448 2034 autem
1472 1979 1692 2034 duabus
1715 1979 1876 2033 libris
1888 1978 1946 2033 in
1960 1995 2134 2050 quan-

486 2073 649 2127 titate
667 2073 957 2127 redituum
986 2072 1235 2127 ecclesia
1258 2073 1602 2139 inveniatur,
1619 2073 1759 2127 dent
1782 2089 1884 2143 pro
1906 2072 2135 2127 enthro-

488 2166 719 2222 niastico
744 2167 997 2237 quidem,
1043 2166 1204 2221 solid.
1236 2183 1341 2232 xu;
1369 2183 1473 2238 pro
1510 2166 1666 2221 omni
1704 2182 1836 2221 vero
1872 2166 1983 2220 alia
2008 2181 2136 2219 con-

488 2260 810 2327 suetudine,
842 2260 1005 2315 solid.
1038 2276 1113 2315 vr.
1153 2259 1490 2331 EpiscOpum
1516 2259 1671 2315 enim
1713 2259 1961 2314 ecclesia
2005 2274 2133 2330 qua

490 2352 682 2407 minus
707 2351 766 2406 in
805 2353 994 2407 reditu
1023 2352 1196 2408 habet
1220 2368 1399 2424 quam
1438 2352 1577 2406 duas
1602 2351 1725 2406 auri
1753 2352 1922 2406 libras
1946 2367 2135 2422 neque

489 2461 598 2517 pro
631 2444 1113 2514 enthroniasticis,
1144 2461 1332 2517 neque
1358 2461 1462 2516 pro
1493 2460 1832 2517 quacunque
1859 2443 1970 2498 alia
1998 2460 2133 2498 con-

491 2538 793 2592 suetudine
819 2538 956 2593 dare
982 2538 1197 2610 aliquid
1216 2537 1600 2593 concedimus.
1637 2539 1766 2592 Hac
1788 2542 1981 2592 autem
2008 2553 2137 2609 qua

492 2630 738 2701 praberi
792 2631 1192 2703 disposuimus,
1225 2631 1447 2703 primus
1486 2631 1787 2702 presbyter
1825 2630 2136 2685 ordinantis

497 2723 746 2794 episcopi
774 2729 829 2778 et
856 2724 1283 2779 archidiaconus
1307 2724 1702 2794 suscipientes,
1740 2724 1889 2778 inter
1922 2739 2015 2778 eos
2039 2723 2136 2795 qui

492 2833 562 2872 ex
582 2834 740 2872 more
765 2818 1000 2889 capiunt
1024 2817 1336 2873 dividunto.
1368 2819 1497 2871 Hac
1526 2817 1704 2889 igitur
1723 2816 1995 2887 jubemus
2022 2833 2157 2889 om-p

492 2911 659 2965 nibus
688 2907 977 2966 observari
1005 2911 1207 2979 modis,
1236 2927 1307 2966 ne
1335 2927 1438 2982 per
1463 2911 1790 2981 hujusmodi
1821 2910 2137 2964 occasiones

494 3004 742 3059 ecclesia
768 3010 1200 3075 pragraventur
1219 3004 1444 3074 debitis,
1470 3008 1527 3058 et
1546 3004 1853 3059 sacerdotia
1874 3004 2014 3057 ﬁant
2039 3020 2134 3057 ve-

494 3098 663 3153 nalia.
691 3100 858 3154 Certe
883 3099 929 3152 si
958 3099 1085 3170 quis
1109 3099 1260 3152 ultra
1296 3098 1671 3169 quantitatem
1695 3114 1726 3151 a
1746 3096 1908 3151 nobis
1932 3095 2133 3151 deﬁni-

493 3194 634 3257 tam,
658 3191 1225 3246 enthroniasticorum
1245 3196 1346 3245 aut
1371 3190 1850 3245 consuetudinum
1879 3188 2131 3251 nomine,

494 3299 833 3355 quocunque
857 3284 1026 3339 modo
1045 3301 1249 3356 capere
1270 3284 1486 3355 aliquid
1508 3281 1955 3356 prasumpserit,
1973 3282 2136 3352 jube-

494 3392 622 3432 mus
645 3382 708 3431 ut
724 3377 877 3448 quod
892 3377 1137 3449 amplius
1155 3378 1452 3448 acceperit,
1474 3377 1531 3430 id
1553 3376 1611 3430 in
1632 3375 1871 3448 triplum
1889 3392 1958 3430 ex
1971 3374 2135 3430 bonis

494 3470 616 3540 ejus
642 3470 961 3526 vindicetur
984 3471 1233 3526 ecclesia
1261 3471 1413 3526 illius
1448 3469 1546 3540 qui
1588 3468 1761 3523 dedit.
1797 3472 1980 3540 Atque
2012 3468 2135 3522 hac

494 3564 729 3634 quidem
761 3564 830 3619 de
855 3564 1208 3619 ordinatione
1234 3564 1630 3636 episcoporum
1657 3562 1803 3616 dicta
1828 3566 1977 3616 sunt.
2001 3562 2134 3615 Post

494 3657 910 3713 ordinationem
924 3675 1055 3712 vero
1068 3661 1184 3712 tam
1202 3656 1388 3712 servili
1400 3672 1573 3727 quam
1585 3655 1898 3726 ascriptitia
1908 3655 2136 3709 fortuna

494 3752 782 3823 episcopos
809 3753 1016 3807 liberos
1046 3767 1168 3806 esse
1192 3750 1483 3820 jubemus,
1516 3749 1626 3805 nisi
1656 3748 1885 3803 decurio
1916 3750 2016 3802 aut
2039 3765 2135 3802 co-

495 3845 727 3900 hortalis
770 3849 980 3915 prater
1004 3844 1334 3915 pradictam
1362 3842 1814 3898 observationem
1842 3841 2137 3896 ordinatus

494 3938 584 3993 sit.
611 3938 903 4010 Ejusmodi
933 3938 1088 3992 enim
1108 3940 1362 3993 remotos
1389 3937 1459 3992 ab
1480 3935 1827 4007 episcopatu,
1849 3935 2022 3989 curia
2042 3939 2140 3990 aut

494 4031 713 4086 cohorti
742 4047 859 4085 sua
887 4030 1107 4085 restitui
1131 4031 1401 4100 jubemus
1420 4072 1433 4097 ,
1462 4046 1534 4084 ne
1558 4046 1671 4101 qua
1694 4045 1762 4083 ex
1785 4028 1883 4083 tali
1911 4028 2137 4083 fortuna

495 4123 808 4178 sacerdotio
827 4123 1117 4179 oboriatur
1135 4123 1498 4178 contumelia.
1532 4123 1663 4178 Illos
1682 4126 1874 4177 autem
1889 4121 1990 4192 qui
2009 4126 2138 4176 ante

495 4218 644 4272 hanc
670 4222 924 4273 nostram
942 4218 1127 4289 legem
1150 4234 1221 4272 ex
1241 4216 1440 4271 curiali
1459 4217 1689 4271 fortuna
1703 4215 1951 4269 ordinati
1977 4214 2138 4269 inve-

494 4311 735 4365 niuntur
758 4311 1029 4383 episcopi,
1048 4310 1331 4364 sancimus
1351 4309 1584 4380 quidem
1598 4312 1663 4363 ut
1682 4307 2009 4379 hujusmodi
2035 4308 2141 4361 for-

493 4410 633 4460 tuna
653 4405 816 4460 liberi
857 4405 989 4471 sint,
1019 4404 1116 4457 sed
1152 4402 1467 4473 legitimam
1498 4405 1717 4474 partem
1743 4417 1810 4456 ex
1832 4400 1999 4454 bonis
2029 4400 2143 4455 suis

2228 493 2345 547 lam
2375 496 2473 546 aut
2491 507 2686 546 curam
2706 491 3004 545 sustineto.
3019 489 3125 544 Sed
3141 504 3329 559 neque
3346 489 3762 557 susceptorem,
3776 488 3868 538 aut

2230 589 2548 640 exactorem
2581 584 2939 656 publicarum
2982 580 3497 645 contributionum,
3522 583 3621 632 aut
3655 576 3866 631 condu-
3990 590 4032 644 εςιξ

2229 682 2441 732 ctorem
2470 676 2852 747 vectigalium,
2871 676 2959 730 vel
2977 674 3289 729 alienarum
3308 672 3867 744 possessionum,aut
3989 686 4032 739 32,,-

2229 776 2549 827 curatorem
2575 770 2827 836 familia,
2861 774 2960 824 aut
2983 768 3451 839 dispensatorem,
3474 769 3574 820 aut
3600 779 3869 837 procum-
3994 780 4032 831 vi

2229 870 2411 920 torem
2442 865 2574 933 litis,
2597 868 2696 918 aut
2725 862 3121 934 ﬁdejussorem
3155 877 3256 932 pro
3286 860 3375 914 his
3397 859 3577 914 causis
3597 874 3720 912 esse
3750 856 3870 928 epi-
3990 875 4028 927 12,1

2229 975 2459 1029 scopum
2488 999 2500 1023 ,
2546 962 2644 1012 aut
2678 972 3057 1021 aconomum,
3101 959 3200 1009 aut
3236 953 3625 1024 cujuscunque
3664 950 3873 1021 gradus
3989 972 4032 1037 μί

2188 1054 2195 1063 ’
2231 1053 2408 1108 alium
2425 1052 2695 1106 clericum
2715 1055 2815 1105 aut
2828 1050 3195 1116 monachum,
3210 1046 3591 1112 concedimus,
3609 1045 3727 1099 sive
3749 1060 3870 1113 suo,
3990 1076 4014 1113 ἢ
4024 1064 4032 1131 1

2230 1145 2344 1199 sive
2368 1145 2639 1211 ecclesia,
2673 1147 2773 1198 aut
2797 1141 3127 1197 monasterii
3169 1139 3400 1195 nomine
3436 1139 3494 1193 id
3537 1138 3762 1203 subeat,
3806 1153 3873 1192 ne
3996 1160 4032 1227 ξω

2229 1255 2333 1310 per
2358 1239 2503 1292 hanc
2520 1254 2749 1293 causam
2768 1236 2939 1291 sacris
2952 1235 3165 1290 adibus
3183 1232 3478 1305 inﬂigatur
3495 1232 3800 1299 damnum,
3823 1236 3878 1284 et
3990 1272 4032 1305 ω(

2230 1332 2420 1388 divina
2449 1331 2834 1403 impediantur
2880 1329 3209 1384 ministeria.
3241 1329 3521 1383 Caterum
3549 1324 3596 1379 si
3624 1324 3877 1380 ecclesiis
3996 1365 4032 1398 me

2232 1430 2331 1481 aut
2356 1424 2713 1480 monasteriis
2736 1424 2941 1495 aliqua
2969 1422 3224 1493 adjacere
3262 1421 3626 1476 inveniantur
3651 1434 3871 1489 posses-
3990 1460 4021 1495 im

2233 1520 2436 1587 siones,
2476 1518 2756 1590 velintque
2795 1516 3203 1572 venerabilium
3250 1514 3529 1569 domuum
3577 1512 3873 1583 dispensa-

2231 1618 2384 1669 tores
2410 1612 2467 1666 in
2486 1611 2919 1667 conductionem
2932 1613 3031 1664 aut
3044 1608 3466 1681 emphyteusim
3485 1622 3579 1661 eas
3597 1604 3876 1676 accipere,

2233 1710 2369 1761 tunc
2390 1706 2434 1759 si
2452 1720 2649 1759 omnes
2668 1704 2854 1759 clerici
2874 1707 2930 1758 et
2947 1702 3218 1758 monachi
3236 1702 3304 1756 de
3326 1699 3650 1771 hujusmodi
3672 1698 3875 1766 causis,
3990 1742 4029 1775 ΣΗ

2231 1804 2330 1854 aut
2352 1800 2409 1854 in
2441 1798 2563 1869 ipso
2580 1799 2976 1867 instrumento,
2995 1801 3095 1851 aut
3108 1796 3211 1851 sub
3229 1800 3485 1850 actorum
3497 1792 3875 1861 confectione,

2231 1897 2288 1947 et
2311 1892 2691 1958 consentiant,
2725 1896 2783 1945 et
2813 1890 3120 1959 declarent,
3151 1889 3224 1943 ad
3250 1888 3552 1943 utilitatem
3574 1884 3876 1940 venerabi-

2230 1986 2371 2040 lium
2399 1986 2677 2040 domuum
2699 1985 2807 2038 hoc
2834 1983 2977 2052 ﬁeri,
3006 1983 3311 2054 procedere
3340 1986 3397 2035 et
3434 1981 3492 2034 id
3525 1996 3712 2051 genus
3741 1994 3878 2033 con-
3999 2023 4020 2057 θ

2233 2078 2512 2134 ductionis
2532 2094 2629 2133 seu
2656 2078 3094 2149 emphyteuseos
3118 2074 3500 2130 concedimus.
3533 2073 3638 2128 Sed
3663 2077 3724 2126 et
3744 2072 3880 2143 ipsis
3940 2100 3949 2107 -

2234 2172 2601 2227 sacrosanctis
2630 2169 2876 2226 ecclesiis
2896 2175 2952 2225 et
2978 2168 3211 2240 reliquis
3241 2167 3662 2222 venerabilibus
3690 2165 3878 2219 domi-

2233 2266 2341 2320 bus
2357 2266 2645 2321 licentiam
2666 2265 2869 2319 damus
2894 2268 2955 2317 ut
2972 2262 3376 2316 conductiones
3395 2266 3453 2316 et
3471 2260 3882 2331 emphyteuses

2237 2360 2385 2414 inter
2411 2375 2469 2414 se
2489 2358 2777 2413 celebrent
2798 2374 2811 2411 :
2837 2356 3208 2411 consimiliter
3227 2359 3285 2409 et
3309 2354 3544 2421 clericis,
3560 2356 3624 2407 ut
3639 2369 3881 2407 suarum

2236 2448 2600 2503 ecclesiarum
2640 2446 3028 2518 possessiones
3071 2445 3390 2500 conducant
3428 2450 3484 2498 et
3528 2442 3880 2514 gubernent,

2235 2542 2516 2597 sententia
2557 2546 2749 2596 tamen
2782 2540 3027 2611 episcOpi
3066 2543 3123 2593 et
3164 2537 3448 2592 aconomi
3492 2536 3882 2602 concedimus,

2237 2635 2484 2707 exceptis
2506 2634 2761 2706 personis
2787 2650 2926 2704 quas
2952 2648 3055 2704 per
3077 2633 3313 2686 alteram
3342 2631 3531 2702 legem
3553 2630 3666 2684 hoc
3692 2629 3887 2684 facere

2234 2711 2651 2800 prohibuimus.
2681 2727 2736 2783 Si
2764 2727 2889 2798 quis
2919 2731 3113 2780 contra
3138 2725 3411 2796 pradicta
3436 2723 3651 2795 aliquid
3672 2722 3884 2794 egerit,

2236 2822 2283 2876 si
2312 2822 2541 2893 quidem
2567 2821 2863 2892 episcopus
2895 2820 2984 2887 sit,
3009 2834 3208 2873 omnes
3236 2834 3322 2871 res
3345 2817 3466 2887 ejus
3487 2833 3614 2888 qua
3644 2833 3714 2870 ex
3733 2832 3886 2887 qua-

2235 2930 2459 2986 cunque
2491 2931 2659 2973 causa
2706 2917 2804 2968 aut
2832 2929 3096 2984 persona,
3144 2912 3259 2966 sive
3288 2915 3421 2965 ante
3459 2910 3886 2981 episcopatum,

2236 3009 2350 3063 sive
2381 3011 2508 3079 post
2535 3008 2925 3079 episcopatum
2955 3005 3028 3059 ad
3060 3005 3247 3076 ipsum
3273 3008 3678 3075 pervenerunt,
3696 3003 3889 3057 eccle-

2236 3102 2335 3155 sia
2362 3102 2482 3171 ejus
2511 3099 2785 3154 vindicari
2804 3100 3108 3153 sancimus.
3125 3098 3181 3153 Si
3198 3113 3330 3152 vero
3350 3095 3646 3163 aconomi,
3661 3100 3764 3150 aut
3786 3096 3889 3150 alii

2236 3194 2427 3248 clerici
2457 3194 2590 3261 sint,
2613 3192 2709 3264 qui
2732 3192 2788 3246 in
2808 3192 2914 3246 hoc
2936 3191 3319 3261 deliquerunt,
3338 3205 3502 3260 pana
3521 3189 3598 3243 ab
3613 3188 3751 3259 ipsis
3780 3205 3889 3260 pe-

2231 3287 2505 3353 cuniaria,
2526 3302 2697 3357 quam
2720 3286 3016 3357 episcopus
3034 3300 3231 3338 eorum
3250 3282 3592 3354 probaverit,
3607 3282 3887 3354 exigitor,

2234 3380 2568 3435 vindicanda
2586 3379 2858 3446 ecclesia,
2877 3378 3107 3450 quando
3125 3382 3179 3432 et
3194 3378 3254 3431 hi
3275 3377 3373 3449 qui
3393 3376 3772 3447 vectigalium
3788 3380 3899 3430 aut

2238 3474 2623 3545 cujuscunque
2640 3472 3011 3544 possessionis
3031 3471 3481 3538 conductionem,
3500 3474 3601 3524 aut
3621 3469 3893 3541 publico-

2235 3584 2367 3623 rum
2392 3567 2743 3622 tributorum
2772 3564 3186 3635 susceptionem
3203 3564 3758 3635 proﬂigationemve,
3792 3565 3901 3616 aut

2235 3678 2429 3716 curam
2457 3660 2688 3715 familia
2710 3659 2941 3714 illorum
2959 3658 3089 3713 fidei
3112 3658 3500 3723 crediderunt,
3523 3662 3622 3711 aut
3640 3673 3747 3727 pro
3773 3673 3899 3711 me-

2235 3753 2470 3809 moratis
2499 3753 2682 3807 causis
2712 3752 3077 3823 ﬁdejussores
3120 3767 3214 3805 eos
3243 3755 3617 3821 acceperunt,
3664 3750 3899 3803 nullam

2237 3851 2430 3903 contra
2452 3846 2767 3912 ecclesiam,
2793 3849 2891 3900 aut
2910 3844 3344 3911 monasterium,
3374 3847 3473 3897 aut
3494 3859 3585 3897 res
3613 3843 3759 3913 ejus,
3794 3847 3902 3897 aut

2238 3942 2667 4012 dispensatores,
2696 3942 2796 3994 aut
2815 3938 2987 3993 etiam
3014 3943 3212 3992 contra
3245 3954 3340 3991 eas
3359 3953 3626 4008 personas
3638 3953 3902 4007 quarum

2237 4034 2407 4089 ﬁdem
2441 4036 2645 4088 secuta
2689 4035 2842 4100 sunt,
2879 4035 2978 4085 aut
3023 4031 3333 4097 facultates,
3380 4034 3481 4083 aut
3525 4029 3905 4099 tidejussores

2240 4144 2439 4183 earum
2469 4128 2749 4181 actionem
2778 4124 3026 4179 habituri
3059 4125 3192 4178 sint.
3221 4123 3370 4188 Quin
3407 4123 3451 4177 si
3484 4123 3620 4193 quid
3660 4122 3909 4193 publico

2240 4220 2431 4276 damni
2458 4218 2864 4287 obvenerit,illi
2885 4218 2985 4290 qui
3008 4217 3365 4289 publicarum
3392 4216 3903 4270 contributionum

2239 4320 2338 4369 aut
2380 4313 2740 4385 vectigalium
2784 4312 3224 4382 susceptionem,
3272 4314 3371 4364 aut
3424 4309 3901 4377 conductionem,

2240 4409 2338 4458 aut
2366 4402 2827 4475 proﬂigationem
2854 4400 3182 4455 memoratis
3212 4399 3466 4471 personis
3497 4397 3899 4464 crediderunt,

492 4498 787 4570 assignent
813 4498 984 4552 curia
1010 4502 1067 4551 et
1090 4496 1340 4569 publico.
1368 4498 1446 4550 lta
1472 4511 1625 4561 sane,
1643 4499 1708 4549 ut
1722 4495 1947 4549 nullum
1968 4494 2139 4548 eccle-
2157 4506 2215 4577 Ι)
2237 4502 2336 4552 aut
2364 4497 2719 4567 fidejussores
2744 4511 2838 4549 eos
2865 4498 3257 4564 susceperunt,
3290 4494 3397 4547 hoc
3421 4493 3611 4563 ipsum
3641 4508 3707 4546 ex
3753 4508 3908 4563 pro-

493 4591 712 4646 siastica
738 4592 874 4662 jura
900 4589 1310 4644 detrimentum
1347 4588 1664 4643 sustineant
1692 4587 1750 4641 in
1778 4587 1969 4653 rebus,
1998 4603 2139 4657 quas

491 4687 622 4754 post
650 4684 1036 4755 episcOpatum
1066 4684 1301 4754 insuper
1328 4682 1593 4753 quasitas
1631 4681 1702 4735 ad
1729 4696 1928 4734 eorum
1956 4679 2136 4734 eccle-

491 4776 632 4831 siam
662 4777 947 4848 pertinere
976 4776 1381 4849 disposuimus.
1414 4773 1577 4839 Quod
1616 4774 1663 4828 si
1690 4773 1980 4844 contingat
2004 4783 2068 4827 ut
2094 4773 2140 4826 is

491 4869 590 4942 qui
623 4871 921 4925 ordinatur
948 4870 1251 4941 episcopus
1281 4870 1384 4923 sub
1414 4867 1592 4941 patris
1631 4866 1717 4921 sui
1743 4870 2022 4938 potestate
2048 4865 2138 4934 sit,

490 4981 557 5019 ex
591 4965 709 5035 ipsa
737 4963 1093 5018 ordinatione
1125 4964 1211 5018 sui
1233 4962 1381 5034 juris
1408 4966 1551 5017 esto.

566 5059 743 5112 Porro
789 5057 881 5111 Dei
928 5056 1351 5130 amantissimos
1398 5055 1687 5127 episcopos
1732 5059 1788 5108 et
1831 5052 2144 5107 monachos

494 5152 647 5208 nulla
673 5153 797 5222 lege
821 5154 1033 5205 tutores
1058 5152 1459 5204 autcuratores
1478 5149 1868 5219 cujuscunque
1887 5162 2143 5219 persona

491 5244 614 5300 ﬁeri
637 5244 1023 5299 concedimus.
1058 5243 1416 5314 Presbyteros
1445 5245 1661 5307 autem,
1691 5246 1750 5296 et
1775 5242 2056 5307 diaconos,
2089 5244 2145 5294 et

492 5339 885 5403 subdiaconos,
907 5338 950 5391 si
965 5337 1097 5408 jure
1110 5353 1174 5391 ac
1184 5337 1312 5407 lege
1334 5334 1685 5406 cognationis
1704 5334 1773 5388 ad
1796 5334 2032 5389 tutelam
2046 5334 2149 5387 aut

492 5448 688 5485 curam
716 5436 1006 5497 vocentur,
1033 5431 1315 5501 ejusmodi
1345 5444 1556 5483 munus
1577 5427 1863 5497 suscipere
1881 5424 2142 5481 concedi-

498 5541 645 5590 mus,
667 5524 713 5578 si
734 5528 929 5579 tamen
951 5524 1102 5578 intra
1123 5539 1347 5578 menses
1363 5527 1608 5593 quatuor
1621 5537 1686 5575 ex
1694 5520 1826 5575 inde
1842 5535 2148 5574 numeran-

498 5616 600 5669 dos
632 5632 698 5669 ex
732 5634 846 5687 quo
873 5617 1052 5670 vocati
1083 5622 1248 5684 sunt,
1278 5616 1427 5685 apud
1455 5618 1875 5685 competentem
1892 5613 2147 5683 judicem

499 5708 710 5777 scripto
739 5709 1146 5762 declaraverint
1185 5708 1241 5762 id
1270 5724 1327 5760 se
1362 5724 1566 5760 munus
1593 5706 1823 5776 prepria
1858 5706 2148 5759 voluntate

520 5798 825 5867 uscepisse.
861 5799 926 5853 Et
951 5800 998 5853 si
1027 5802 1110 5867 (ut
1139 5799 1432 5871 probabile
1454 5802 1556 5869 est)
1588 5814 1787 5853 eorum
1806 5798 2012 5870 aliquis
2038 5798 2146 5851 hoc

1540 5912 1619 5929 φοι

2240 4590 2364 4663 pria
2388 4588 2698 4644 substantia
2724 4588 3019 4642 restituere
3047 4586 3479 4657 compellentur.

2310 4686 2590 4738 Praterea
2617 4681 2758 4735 nulli
2793 4680 3233 4751 magistratuum
3263 4679 3455 4733 licebit
3481 4678 3577 4733 Dei
3621 4677 3915 4733 amantis-

2241 4777 2417 4832 simos
2453 4776 2744 4847 episcopos
2782 4791 3018 4846 cogere,
3070 4778 3131 4828 ut
3183 4772 3521 4843 perhibendi
3578 4771 3915 4826 testimonii

2241 4886 2407 4924 causa
2432 4869 2493 4924 in
2514 4869 2637 4939 ejus
2664 4868 2966 4939 prodeant;
2997 4867 3096 4922 sed
3108 4866 3288 4938 judex
3320 4865 3531 4920 mittito
3566 4865 3637 4919 ad
3661 4883 3765 4919 eos
3796 4864 3915 4920 ali-

2244 4963 2397 5034 quod
2414 4979 2483 5016 ex
2503 4962 2759 5033 personis
2777 4960 2883 5032 ipsi
2903 4959 3331 5032 apparentibus,
3353 4965 3417 5013 ut
3448 4958 3756 5030 propositis
3779 4975 3920 5013 san-

2245 5058 2346 5111 ('tis
2375 5056 2708 5126 Evangeliis,
2745 5059 2916 5126 prout
2952 5054 3268 5107 sacerdotes
3300 5054 3487 5121 decet,
3532 5052 3723 5106 dicant
3772 5068 3920 5123 qua

2246 5154 2547 5205 noverunt.
2573 5149 2678 5204 Sed
2700 5164 2889 5219 neque
2913 5151 2975 5202 ut
2994 5148 3288 5219 episcopus
3315 5163 3419 5218 pro
3440 5145 3783 5217 pecuniaria
3816 5145 3924 5200 ali-

2245 5260 2358 5314 qua
2384 5247 2483 5297 aut
2507 5241 2790 5296 criminali
2816 5257 2985 5295 causa
3016 5242 3088 5296 ad
3113 5240 3340 5295 civilem
3367 5239 3747 5294 militaremve
3780 5255 3920 5293 ma-

2251 5335 2775 5408 gistratuminvitus
2791 5335 3157 5407 perducatur,
3173 5334 3469 5388 sistaturve
3481 5332 3602 5386 sine
3618 5332 3925 5402 imperiali

2240 5429 2496 5501 jussione
2534 5429 2942 5482 concedimus:
2988 5428 3083 5482 sed
3121 5426 3493 5497 magistratus
3531 5425 3630 5496 qui
3662 5425 3778 5479 hoc
3826 5425 3925 5480 vel

2249 5523 2459 5594 scripto
2485 5522 2572 5577 vel
2601 5522 2722 5576 sine
2752 5521 2960 5592 scripto
2982 5522 3251 5575 mandare
3271 5519 3699 5591 prasumpserit
3726 5560 3742 5583 ,
3780 5524 3926 5590 post

2249 5616 2466 5687 cinguli
2493 5615 2901 5670 detractionem
2935 5614 3139 5686 viginti
3185 5612 3463 5667 librarum
3503 5612 3631 5666 auri
3671 5627 3926 5681 poenam

2248 5705 2574 5775 persolvito,
2603 5704 2851 5759 dandam
2878 5703 3128 5758 ecclesia
3157 5703 3319 5773 cujus
3356 5699 3653 5771 episc0pus
3680 5700 3924 5770 perdu-

2250 5804 2395 5869 ctus,
2416 5802 2516 5853 aut
2534 5798 2654 5854 sisti
2664 5799 2859 5870 jussus
2877 5802 2963 5853 est
2983 5813 2997 5853 :
3021 5794 3397 5852 consimiliter
3417 5798 3753 5851 exsecutore
3778 5810 3928 5866 quo-
