4032 6232
81 356 213 421 102's

903 347 1270 425 JUSTINlANl
1308 370 1638 427 NOVELUE
1674 371 2012 429 SELECTAS.
2053 372 2364 429 NOVELLA
2401 374 2627 430 CXXIII.

3322 381 3456 436 1026

77 494 184 547 que
215 479 358 547 post
375 474 590 546 cinguli
620 476 1041 532 detractionem
1068 483 1189 535 tam
1211 482 1517 536 tormentis
1544 482 1714 553 subji-
1736 496 1795 567 Α
1814 484 1940 538 Non
1983 488 2207 539 tantum
2246 488 2445 538 autem
2494 484 2616 538 hinc
2648 488 2980 554 quaerantur
3008 485 3067 540 in
3098 485 3329 557 synodis
3355 503 3463 558 per

76 569 307 635 ciendo,
334 585 511 639 quam
530 569 591 623 in
620 569 883 624 exislium
910 572 1214 627 mittendo.

146 662 556 717 Interdicimus
568 666 761 718 autem
776 664 876 718 Dei
890 666 1300 721 amantissimis
1325 668 1626 740 episcopis,
1643 686 1714 723 ne

76 756 342 828 proprias
370 756 643 811 deserant
659 758 944 826 ecclesias,
968 763 1027 813 et
1046 759 1106 813 in
1128 760 1267 814 alias
1284 762 1718 832 proﬁciscantur

78 850 423 921 provincias.
454 850 569 905 Sed
596 854 653 904 et
683 852 730 905 si
761 852 929 922 hujus
961 853 1174 923 agendi
1206 855 1717 927 necessitasaliqua

74 943 341 1009 incidiat,
371 960 489 999 non
514 944 701 1011 aliter,
736 945 848 998 nisi
875 962 1006 1000 cum
1038 946 1244 1000 litteris
1270 948 1586 1002 beatissimi
1617 966 1715 1003 eo-

75 1054 202 1091 rum
218 1037 569 1107 patriarcha:
598 1040 697 1091 aut
723 1038 1173 1109 metropolitani,
1198 1046 1297 1094 aut
1324 1040 1609 1112 imperiali
1634 1041 1715 1095 vi-

76 1130 565 1201 delicetjussione
594 1131 701 1185 hoc
729 1131 970 1187 faciant:
1002 1132 1080 1187 ita
1099 1149 1259 1200 sane,
1286 1136 1349 1187 ut
1369 1151 1442 1187 ne
1469 1135 1580 1188 illis
1599 1135 1718 1205 qui-

77 1225 210 1279 dem
233 1225 522 1297 episcopis
538 1226 635 1296 qui
654 1226 757 1280 sub
779 1226 1113 1282 beatissimo
1133 1227 1563 1300 archiepiscopo
1575 1230 1718 1284 Con-

75 1318 597 1390 stantinOpolitano
630 1322 688 1374 et
724 1319 1052 1390 patriarcha
1081 1321 1377 1375 constituti
1404 1325 1557 1389 sunt,
1594 1322 1717 1377 sine

78 1414 197 1482 ejus
230 1413 535 1480 mandatu,
558 1417 869 1468 autnostra
888 1413 1147 1483 jussione
1170 1415 1243 1469 ad
1274 1415 1496 1486 regiam
1522 1416 1716 1470 venire

76 1506 283 1561 urbem
308 1506 498 1561 liceat.
525 1506 691 1571 Quod
710 1506 755 1561 si
773 1524 841 1561 eo
868 1508 1045 1562 modo
1062 1508 1717 1581 episcopusquoeunque

76 1601 180 1654 loci
203 1599 637 1671 peregrinetur,
674 1617 789 1655 non
818 1601 1065 1673 amplius
1086 1619 1200 1656 uno
1233 1619 1387 1656 anno
1421 1602 1717 1657 ecclesiam

78 1710 239 1747 suam
270 1693 607 1764 relinquito.
647 1693 907 1765 Episc0pi
943 1710 1100 1761 vero,
1142 1696 1239 1766 qui
1279 1696 1353 1749 ad
1384 1696 1606 1767 regiam
1640 1698 1720 1765 (ut

78 1786 294 1840 dictum
321 1788 423 1855 est)
460 1788 663 1841 urbem
691 1788 1057 1855 accesserint,
1086 1790 1478 1860 cujuscunque
1507 1789 1717 1844 dioece-

1816 576 2070 647 singulos
2096 593 2275 631 annos
2307 576 2668 630 celebrandis
2701 593 2713 630 :
2748 576 2849 630 sed
2881 578 3057 632 etiam
3090 577 3455 649 quotiescun—

1820 686 1931 739 que
1958 669 2165 740 aliquis
2182 671 2267 723 vel
2291 669 2681 736 sacerdotum,
2712 670 2799 723 vel
2814 670 3179 740 clericorum,
3213 673 3300 726 vel
3322 689 3461 743 pra:-

1817 764 2026 829 sulum,
2072 763 2161 817 vel
2204 763 2647 828 monachorum,
2680 764 2769 816 vel
2808 762 2878 816 de
2907 763 3042 831 fide,
3076 764 3163 818 vel
3201 765 3272 820 de
3304 766 3454 838 turpi

1817 855 1946 921 vita,
1973 856 2062 909 vel
2083 855 2237 926 quod
2259 860 2460 911 contra
2480 871 2671 910 sacros
2691 855 2908 926 aliquid
2935 872 3184 911 canones
3210 875 3452 930 perege-

1816 947 1910 1014 rit,
1942 952 2240 1003 accusatus
2268 950 2462 1003 fuerit.
2499 950 2565 1002 Et
2594 949 2641 1002 si
2666 949 2903 1020 quidem
2945 949 2991 1003 is
3026 951 3123 1020 qui
3157 956 3457 1007 accusatur

1818 1042 2118 1113 episcopus
2138 1043 2311 1097 fuerit
2331 1042 2498 1112 hujus
2514 1043 3007 1113 metropolitanus,
3027 1060 3098 1097 ea
3109 1060 3237 1114 quas
3258 1047 3392 1115 prof
3394 1062 3453 1098 e-

1817 1138 2019 1190 rentur
2050 1135 2408 1201 examinato;
2443 1136 2489 1189 si
2520 1153 2653 1190 vero
2678 1136 3155 1207 metropolitanus
3184 1137 3447 1191 beatissi-

1817 1246 1945 1283 mus
1972 1229 2434 1299 archiepiscopus
2453 1229 2556 1284 sub
2581 1246 2695 1299 quo
2727 1234 3022 1296 censetur;
3056 1229 3102 1283 si
3131 1231 3452 1301 presbyter,

1819 1324 1918 1377 aut
1965 1322 2262 1393 diaconus,
2297 1326 2395 1376 aut
2422 1322 2568 1376 alius
2589 1322 2848 1389 clericus,
2884 1327 2983 1377 aut
3010 1323 3215 1393 praesul
3247 1340 3450 1378 mona-

1818 1416 1995 1484 sterii,
2015 1420 2116 1470 aut
2139 1416 2477 1481 monachus,
2506 1414 2969 1486 religiosissimus
2995 1418 3312 1487 episcopus,
3348 1417 3450 1471 sub

1820 1526 1933 1564 uno
1967 1509 2023 1563 hi
2043 1513 2328 1575 censetur,
2353 1509 2541 1562 delata
2561 1509 2620 1563 in
2651 1509 3078 1564 accusationem
3101 1510 3448 1565 examinato.

1818 1604 1887 1656 Et
1917 1603 2153 1657 veritate
2176 1602 2574 1674 comprobata,
2599 1603 2991 1673 unusquisque
3020 1620 3122 1673 pro
3152 1604 3326 1658 modo
3353 1605 3452 1658 de-

1817 1696 1955 1763 licti,
1989 1695 2279 1750 canonicis
2317 1696 2571 1751 censuris
2609 1695 2904 1766 subjicitor
2932 1696 3151 1766 judicio
3201 1697 3323 1767 ejus
3360 1696 3457 1767 qui

1821 1806 2007 1844 causas
2034 1789 2528 1843 exanimationem
2548 1790 2969 1844 accommodat.
2986 1791 3172 1861 Atque
3196 1790 3318 1844 haec
3332 1806 3455 1844 om-

79 1897 200 1935 seos
233 1880 374 1947 sint,
400 1884 535 1935 ante
565 1880 764 1935 omnia
798 1880 1194 1935 beatissimum
1226 1883 1721 1955 archiepiscopum
1744 1867 1799 1940 Β
1824 1882 1919 1937 nia
1948 1899 2064 1937 non
2090 1887 2311 1937 tantum
2340 1882 2643 1937 obtinento
2665 1882 2725 1936 in
2744 1882 2811 1937 iis
2832 1881 3112 1954 episcopis
3133 1887 3191 1937 et
3217 1883 3455 1949 clericis,

78 1973 785 2044 Constantinopolitanum
798 1978 855 2028 et
866 1974 1255 2044 patriarcham
1268 1975 1721 2048 adeunto,atque

81 2068 153 2121 ita
178 2084 287 2139 per
317 2067 509 2138 ipsum
536 2066 609 2121 ad
636 2070 895 2122 nostram
918 2067 1324 2137 ingrediuntor
1345 2069 1722 2141 tranquillita-

82 2165 211 2215 tem.
243 2161 358 2225 Qui
380 2176 515 2215 vero
537 2164 739 2215 contra
765 2165 1022 2215 nostram
1046 2160 1481 2232 dispositionem
1506 2164 1595 2217 vel
1626 2180 1723 2234 pe-

82 2255 475 2325 regrinantur,
497 2257 598 2308 aut
620 2253 770 2308 ultra
782 2255 1130 2325 prteﬁnitum
1147 2255 1286 2309 anni
1312 2260 1540 2327 tempus
1562 2260 1719 2311 extra

84 2348 386 2403 ecclesiam
441 2364 605 2401 suam
658 2347 792 2402 alibi
846 2353 1301 2416 commorantur,
1347 2350 1437 2403 his
1471 2350 1719 2420 primum

83 2442 317 2513 quidem
338 2458 456 2495 non
479 2440 985 2496 subministrantor
1000 2443 1071 2497 ab
1093 2443 1345 2497 ecclesia:
1368 2459 1483 2497 suae
1496 2460 1721 2498 oecono-

79 2536 182 2589 mis
222 2538 525 2605 sumptus:
569 2534 781 2589 deinde
827 2535 1074 2590 citantor
1099 2536 1461 2591 sacerdotum
1492 2537 1715 2605 litteris,

78 2630 174 2683 sub
208 2628 424 2699 quibus
451 2631 775 2693 censentur,
800 2632 863 2681 ut
888 2629 960 2683 ad
984 2629 1255 2684 ecclesias
1282 2646 1412 2684 suas
1428 2634 1720 2684 revertan-

80 2725 184 2775 tur.
221 2722 281 2777 Si
307 2721 518 2775 reverti
542 2721 830 2788 ditferant,
855 2722 1172 2776 secundum
1195 2740 1385 2777 sacros
1412 2728 1721 2779 evocantor

80 2832 355 2870 canones.
396 2816 462 2868 Et
486 2814 593 2868 nisi
620 2814 770 2869 intra
802 2817 1031 2886 tempus
1052 2834 1085 2870 a
1116 2816 1510 2871 sacerdotibus
1526 2818 1716 2888 praefi-

82 2909 265 2962 nitum
294 2907 371 2961 ad
404 2908 670 2962 ecclesias
702 2924 832 2962 suas
864 2912 1244 2977 revertantur,
1265 2909 1624 2981 ipsiquidem
1648 2912 1718 2965 ab

83 3002 419 3071 episcopatu
441 2999 825 3072 depelluntor,
862 3001 957 3056 alii
981 3008 1174 3057 autem
1191 3003 1463 3057 meliores
1479 3003 1539 3057 in
1566 3003 1718 3074 ipso-

84 3111 205 3149 rum
238 3095 436 3148 locum
466 3094 808 3149 ordinantor
838 3111 943 3165 pro
980 3099 1185 3151 tenore
1214 3097 1515 3167 praesentis
1556 3097 1716 3168 legis.

81 3188 301 3242 Eodem
342 3187 452 3241 hoc
494 3187 801 3242 obtenturo
846 3192 902 3241 et
943 3189 1001 3242 in
1052 3189 1290 3257 clericis,
1332 3190 1720 3261 cujuscunque

82 3280 299 3351 gradus
320 3280 542 3334 fuerint
565 3297 664 3335 seu
690 3280 1015 3335 ministerii.
1046 3282 1190 3346 Quia
1220 3299 1354 3337 vero
1388 3283 1543 3354 quod
1575 3300 1609 3338 a
1639 3300 1723 3338 sa-

82 3375 182 3429 cris
203 3374 432 3428 dictum
450 3377 536 3428 est
551 3374 798 3429 canonib
808 3392 869 3428 us
887 3375 957 3429 de
986 3375 1480 3430 sanctissimorum
1502 3377 1719 3449 episco-

82 3484 290 3539 porum
327 3467 577 3538 synodis,
620 3484 746 3539 quae
780 3484 881 3539 per
917 3468 1167 3539 singulas
1198 3469 1478 3524 celebrari
1507 3469 1725 3525 debent

80 3561 424 3632 provincias,
459 3560 753 3632 hucusque
790 3561 1156 3617 observatum
1188 3579 1304 3617 non
1338 3566 1444 3629 est,
1470 3564 1723 3618 maxime

80 3653 471 3711 necessarium
501 3654 674 3709 fuerit
705 3655 775 3709 ad
805 3658 1021 3709 rectam
1058 3655 1117 3709 id
1149 3655 1339 3710 denuo
1366 3655 1517 3709 viam
1550 3656 1718 3710 redu-

80 3766 232 3804 cere.
268 3750 353 3802 Ac
384 3747 563 3802 sancti
593 3748 831 3819 quidem
866 3748 1109 3819 apostoli
1157 3752 1216 3803 et
1251 3750 1448 3803 Patres
1488 3749 1725 3804 definie-

80 3846 213 3897 runt
249 3846 313 3896 ut
332 3841 418 3896 bis
438 3858 543 3912 per
565 3842 822 3912 singulos
839 3859 1023 3897 annos
1042 3842 1605 3914 religiosissimorum
1632 3860 1721 3896 sa-

80 3936 386 3990 cerdotum
408 3952 506 3989 seu
528 3935 928 4006 episcoporum
953 3936 1010 3990 in
1026 3953 1253 4008 quaque
1269 3936 1563 4007 provincia
1582 3936 1725 3990 cele-

79 4029 394 4084 brarentur
422 4028 648 4100 synodi,
687 4032 745 4083 et
769 4046 896 4101 quae
927 4030 1402 4101 suppullularent,
1435 4030 1725 4084 examina-

81 4126 306 4191 rentur,
342 4122 781 4195 potirenturque
808 4124 1161 4195 competenti
1193 4124 1546 4179 correctione
1574 4140 1587 4178 :
1618 4124 1725 4178 hoc

82 4222 164 4271 est
207 4218 397 4271 altera
423 4216 659 4288 quidem
699 4221 899 4289 quarta
940 4217 1079 4271 feria
1112 4223 1317 4273 sancta:
1352 4219 1720 4286 Pentecostes,

81 4310 262 4366 altera
300 4325 439 4364 vero
469 4310 529 4364 in
556 4327 757 4365 mense
793 4311 1143 4382 Septembri.
1179 4313 1289 4366 Nos
1314 4315 1508 4366 autem
1530 4328 1595 4364 ex
1626 4311 1726 4365 hu-

75 4402 341 4474 jusmodi
355 4403 710 4475 negligentia
728 4404 942 4459 multos
962 4405 1131 4459 variis
1156 4403 1461 4476 implicitos
1480 4403 1726 4475 peccatis

82 4495 498 4566 invenerimus,
513 4496 784 4567 jubemus
815 4501 876 4552 ut
903 4498 1167 4553 omnibus
1194 4497 1382 4553 modis
1410 4496 1468 4551 in
1497 4514 1725 4568 quaque

1742 3235 1798 3308 C

1822 1993 2011 2047 neque
2042 1994 2159 2031 non
2186 1976 2542 2048 praesulibus,
2590 1975 2688 2047 qui
2731 1976 2972 2046 posthac
3011 1976 3453 2043 ordinabuntur,

1824 2070 1924 2123 sed
1946 2069 2121 2125 etiam
2147 2068 2207 2123 in
2238 2070 2306 2124 iis
2337 2070 2435 2140 qui
2463 2069 2638 2125 modo
2668 2072 2819 2136 sunt,
2853 2069 2896 2123 si
2945 2069 3074 2140 quis
3115 2069 3290 2140 (quod
3326 2069 3458 2123 licet

1821 2164 2125 2235 conjicere)
2160 2163 2231 2217 de
2262 2164 2430 2217 certis
2459 2162 2645 2217 causis
2674 2180 2780 2234 per
2828 2178 3015 2217 sacros
3058 2174 3310 2217 canenes
3349 2178 3455 2217 no-

1822 2260 2084 2327 strasque
2106 2258 2263 2328 leges
2282 2256 2585 2328 prohibitis
2605 2260 2920 2311 accusetur.
2947 2256 3041 2310 His
3068 2256 3226 2309 enim
3251 2255 3330 2310 ita
3351 2256 3450 2311 ob-

1822 2350 2076 2417 servatis,
2092 2350 2220 2404 laici
2242 2366 2471 2420 quoque
2489 2366 2768 2421 magnum
2789 2349 2940 2404 circa
2960 2354 3175 2404 rectam
3196 2349 3373 2404 fidem
3399 2353 3457 2403 et

1820 2444 2125 2498 honestam
2154 2443 2331 2498 vitam
2351 2444 2692 2514 profectum,
2726 2447 2899 2514 atque
2932 2444 2990 2498 in
3021 2443 3229 2497 melius
3262 2459 3458 2497 emen-

1821 2537 2116 2591 dationem
2137 2537 2637 2608 promerebuntur.
2652 2537 2739 2591 Ad
2754 2536 3161 2607 haacjubemus
3173 2541 3233 2591 ut
3250 2552 3454 2591 omnes

1821 2630 2075 2701 episcopi
2096 2631 2314 2701 pariter
2346 2634 2405 2684 et
2433 2630 2748 2701 presbyteri
2779 2647 2895 2684 non
2915 2630 3089 2685 tacito
3122 2629 3323 2698 modo,
3353 2627 3455 2684 sed

1819 2724 1974 2778 clara
2003 2739 2160 2791 voce,
2196 2739 2323 2794 quze
2355 2741 2388 2777 a
2425 2722 2581 2777 ﬁdeli
2606 2724 2818 2795 populo
2850 2722 3206 2789 exaudiatur,
3230 2739 3454 2777 sacram

1821 2816 2178 2871 oblationem
2206 2820 2265 2869 et
2294 2832 2493 2886 preces
2513 2810 2573 2870 in
2591 2819 2787 2870 sancto
2806 2816 3147 2887 baptismate
3170 2814 3455 2870 adhibitas

1821 2909 2131 2976 celebrent,
2166 2925 2279 2979 quo
2308 2909 2531 2979 majore
2571 2909 2774 2963 exinde
2808 2909 3107 2964 devotione
3150 2908 3208 2962 in
3248 2908 3457 2978 depro-

1822 3002 2052 3056 mendis
2076 3000 2305 3056 Domini
2332 3001 2431 3056 Dei
2451 3002 2718 3057 laudibus
2739 3001 3095 3056 audientium
3116 3001 3296 3056 animi
3315 3000 3451 3055 eﬂ'e-

1820 3098 2039 3151 rantur.
2073 3097 2156 3149 lta
2187 3094 2346 3148 enim
2378 3097 2435 3147 et
2467 3093 2627 3148 divus
2655 3097 2955 3167 Apostolus
2974 3094 3158 3161 docet,
3177 3094 3373 3149 dicens
3393 3094 3452 3148 in

1823 3189 2012 3260 prima
2030 3187 2104 3243 ad
2140 3186 2468 3245 Corinthios
2492 3187 2777 3258 Epistola:
2812 3189 2979 3243 Enim
2998 3204 3130 3242 vero
3161 3188 3207 3242 si
3247 3188 3454 3242 solum-

1824 3282 1997 3337 modo
2032 3281 2341 3336 benedicas
2381 3280 2908 3353 spiritu,quomodo
2927 3282 3019 3354 qui
3044 3281 3247 3354 privati
3266 3282 3452 3335 locum

1823 3376 2026 3448 implet
2041 3375 2193 3431 dicet
2211 3375 2285 3429 ad
2303 3374 2622 3445 gratiarum
2640 3374 2926 3431 actionem
2948 3380 3109 3431 tuam
3130 3377 3248 3430 Deo
3266 3375 3452 3445 ipsum

1824 3474 2027 3537 Amen,
2055 3468 2530 3541 quandoquidem
2554 3467 2691 3538 quid
2712 3466 2868 3522 dicas
2888 3486 3005 3524 non
3025 3469 3219 3524 videt?
3239 3470 3319 3523 Tu
3337 3468 3457 3539 qui-

1826 3563 1959 3617 dem
1982 3563 2219 3635 pulchre
2254 3562 2469 3633 gratias
2495 3560 2638 3632 agis,
2668 3561 2814 3615 alter
2834 3565 3026 3616 autem
3052 3578 3171 3618 non
3205 3562 3451 3616 adiﬁca-

1824 3660 1935 3710 tur.
1980 3657 2051 3710 Et
2079 3672 2276 3710 rursus
2307 3654 2365 3708 in
2400 3653 2643 3725 epistola
2671 3653 2742 3707 ad
2776 3653 3069 3709 Romanos
3099 3655 3179 3710 sic
3216 3654 3407 3726 inquit
3441 3666 3454 3708 :

1823 3749 2008 3806 Corde
2041 3748 2279 3821 quidem
2312 3748 2564 3803 creditur
2592 3747 2665 3801 ad
2686 3746 2987 3817 justitiam,
3020 3764 3118 3803 ore
3157 3752 3350 3804 autem
3396 3749 3460 3801 ﬁt

1825 3844 2107 3898 confessio
2142 3842 2214 3896 ad
2244 3842 2509 3897 salutem.
2548 3841 2642 3895 His
2670 3840 2847 3911 igitur
2874 3840 2944 3894 de
2977 3842 3162 3897 causis
3190 3842 3461 3897 convenit

1825 3940 1887 3990 ut
1904 3936 2056 3990 inter
2074 3940 2310 3991 caeteras
2326 3951 2525 4007 preces
2550 3938 2608 3988 et
2633 3951 2699 3988 ea
2722 3950 2847 4005 qua:
2868 3933 2927 3987 in
2950 3938 3147 3989 sancta
3168 3935 3460 3990 oblatione

1825 4029 2112 4097 dicuntur,
2150 4031 2303 4084 clara
2347 4044 2480 4085 voce
2521 4045 2555 4082 a
2593 4025 3035 4099 religiosissimis
3077 4028 3359 4100 episcopis
3406 4030 3463 4083 et

1824 4121 2173 4194 presbyteris
2196 4123 2439 4178 Domino
2478 4124 2674 4177 nostro
2695 4123 2825 4177 Jesu
2858 4120 3082 4177 Christo
3110 4122 3231 4175 Deo
3263 4125 3460 4177 nostro

1825 4233 1955 4270 cum
1984 4217 2148 4269 Patre
2193 4220 2252 4270 et
2288 4220 2486 4272 sancto
2532 4215 2746 4287 Spiritu
2782 4214 3150 4286 proferantur
3184 4230 3197 4267 :
3237 4214 3461 4269 scituris

1825 4308 2271 4380 religiosissimis
2301 4310 2692 4365 sacerdotibus
2708 4308 2857 4381 quod
2890 4307 2934 4362 si
2957 4306 3095 4377 quid
3121 4307 3328 4362 horum
3354 4324 3456 4363 ne-

1826 4402 2123 4474 glexerint,
2157 4406 2215 4456 et
2243 4403 2301 4456 in
2334 4404 2626 4459 horrendo
2640 4401 2859 4475 judicio
2882 4399 3081 4471 magni
3112 4399 3213 4455 Dei
3240 4404 3299 4454 et
3328 4401 3460 4456 Ser-

1827 4496 2037 4551 vatoris
2064 4496 2241 4550 nostri
2270 4498 2403 4550 Jesu
2435 4497 2647 4551 Christi
2664 4496 2734 4551 de
2768 4496 2855 4550 his
2884 4494 3169 4549 rationem
3193 4492 3460 4561 reddent,

82 4589 380 4660 provincia
419 4607 524 4661 per
562 4592 819 4662 singulos
858 4608 1062 4659 annos,
1110 4592 1199 4646 vel
1246 4592 1305 4645 in
1338 4608 1538 4646 mense
1561 4591 1728 4658 Julio,
1750 4599 1809 4673 D
1834 4607 2021 4661 neque
2053 4605 2158 4643 nos
2184 4589 2306 4643 hazc
2336 4594 2755 4660 cognoscentes
2771 4588 3261 4661 conquiescemus,
3289 4586 3462 4641 relin-

83 4684 167 4737 vel
191 4683 547 4755 Septembri,
576 4701 691 4738 una
723 4685 972 4757 synodus
1028 4685 1368 4751 celebretur,
1408 4689 1727 4756 coeantque

86 4776 140 4831 in
155 4793 345 4832 unum
359 4775 515 4848 apud
526 4777 890 4833 beatissimos
913 4779 1148 4850 quidem
1161 4778 1510 4850 patriarchas
1528 4778 1607 4832 illi
1631 4777 1728 4849 qui

86 4871 153 4924 ab
195 4869 266 4924 iis
310 4869 676 4941 ordinantur,
706 4890 895 4944 neque
922 4873 1017 4943 jus
1046 4873 1263 4927 habent
1294 4873 1435 4927 alios
1466 4872 1731 4927 ordinare

87 4962 427 5036 episcopos;
462 4964 617 5036 apud
642 4964 1109 5037 religiosissimos
1133 4984 1267 5022 vero
1300 4967 1575 5038 cujusque
1607 4982 1734 5038 pro-

88 5057 289 5113 vinciae
336 5058 819 5130 metropolitanos
854 5060 911 5114 hi
944 5060 1041 5132 qui
1078 5061 1149 5115 ab
1179 5060 1315 5132 ipsis
1345 5059 1729 5115 ordinantur:

91 5166 200 5219 quo
223 5148 416 5221 magis
444 5152 614 5207 motae
641 5168 848 5220 causae,
873 5156 1079 5224 etquae
1111 5154 1183 5208 ab
1204 5152 1489 5224 aliquibus
1508 5152 1731 5207 denun-

90 5244 311 5298 tiantur
330 5243 421 5298 vel
438 5245 737 5301 occasione
752 5246 908 5313 ﬁdei,
932 5247 1019 5301 vel
1039 5247 1447 5301 canonicarum
1464 5245 1733 5317 quaestio-

95 5337 335 5392 numvel
349 5334 867 5395 administrationis
886 5357 1083 5395 rerum
1103 5339 1737 5405 ecclesiasticarum,vel

93 5429 159 5484 de
186 5428 497 5503 episcopis,
528 5437 627 5487 aut
655 5434 1024 5505 presbyteris,
1053 5439 1153 5489 aut
1178 5432 1455 5501 diaconis,
1487 5437 1586 5487 aut
1611 5433 1738 5488 aliis

92 5524 337 5593 clericis,
369 5526 461 5579 vel
488 5524 558 5579 de
588 5512 1075 5583 monasteriorum
1104 5523 1464 5599 praesulibus,
1488 5531 1587 5581 aut
1613 5543 1737 5580 mo-

92 5614 314 5686 nachis,
330 5618 423 5673 vel
455 5616 526 5672 de
560 5620 993 5692 reprehensibili
1022 5621 1156 5689 vita,
1181 5624 1279 5675 aut
1308 5620 1435 5674 aliis
1457 5636 1585 5691 qua!
1614 5636 1736 5675 cor-

88 5711 418 5767 rectionem
446 5709 798 5784 desiderant,
822 5715 1117 5786 agitentur
1123 5714 1286 5785 juxta
1308 5718 1367 5769 et
1392 5712 1742 5769 convenien-

89 5810 176 5863 ter
200 5808 634 5878 examinentur,
653 5828 842 5884 neque
861 5828 977 5867 non
999 5811 1277 5866 correctio
1299 5808 1370 5866 iis
1396 5809 1744 5867 adhibeatur

92 5917 220 5984 quae
271 5900 453 5961 sacris
488 5905 805 5962 canonibus
834 5907 893 5961 et
923 5902 1131 5962 nostris
1159 5904 1467 5961 conveniat
1496 5904 1739 5981 legibus.

1829 4699 2182 4757 quemusque
2204 4682 2405 4736 inulta.
2435 4683 2715 4738 Jubemus
2741 4690 2935 4739 autem
2957 4684 3015 4736 et
3042 4679 3463 4753 provinciarum

1832 4777 2119 4851 praesides,
2153 4776 2197 4830 si
2219 4775 2355 4846 quid
2378 4791 2579 4830 eorum
2601 4793 2728 4847 quae
2746 4778 2958 4833 anobis
2978 4775 3196 4831 sancita
3216 4776 3350 4828 sunt
3364 4790 3466 4828 ne-

1833 4872 2119 4944 gligenter
2137 4868 2334 4924 haberi
2357 4868 2625 4936 viderint,
2647 4873 2709 4922 ut
2727 4870 2981 4939 primum
3005 4869 3236 4942 quidem
3254 4873 3471 4923 metro-

1834 4962 2115 5036 politanos
2152 4966 2210 5016 et
2238 4961 2378 5016 alios
2408 4961 2705 5031 episcopos
2733 4965 2976 5031 urgeant
2996 4962 3070 5018 ad
3099 4960 3469 5018 celebrandas

1834 5056 2137 5130 praedictas
2172 5054 2440 5127 synodos,
2474 5056 2532 5108 et
2561 5057 2622 5107 ut
2657 5053 2854 5108 omnia
2884 5054 3173 5127 impleant
3210 5071 3336 5127 quas
3366 5069 3470 5125 per

1836 5150 2085 5224 synodos
2100 5152 2382 5221 przesente
2403 5149 2530 5219 lege
2553 5145 2938 5218 praecipimus.
2977 5148 3144 5211 Quod
3166 5150 3211 5204 si
3229 5166 3326 5205 eos
3350 5164 3471 5203 mo-

1837 5262 1958 5299 ram
2000 5247 2226 5298 nectere
2259 5247 2314 5297 et
2347 5240 2583 5313 segnius
2610 5256 2680 5294 ea
2705 5254 2983 5310 peragere
3030 5241 3304 5310 viderint,
3339 5246 3474 5296 tunc

1837 5355 1941 5410 per
1989 5336 2419 5408 suggestionem
2466 5351 2571 5389 nos
2612 5350 2679 5388 ea
2720 5330 2789 5385 de
2816 5347 2876 5385 re
2899 5330 3174 5385 certiores
3201 5335 3472 5401 reddant,

1838 5448 1953 5504 quo
1982 5432 2170 5502 magis
2201 5433 2403 5485 contra
2430 5446 2527 5484 eos
2554 5426 2651 5499 qui
2678 5424 2927 5497 synodos
2973 5422 3263 5479 celebrare
3306 5428 3472 5483 diffe-

1840 5530 1995 5593 runt,
2018 5523 2368 5580 conveniens
2387 5541 2420 5577 a
2440 5522 2605 5577 nobis
2625 5518 2899 5592 procedat
2918 5515 3195 5571 correctio
3215 5533 3228 5571 :
3253 5519 3478 5575 scituris

1842 5625 1958 5686 tam
2006 5618 2145 5691 ipsis
2187 5616 2524 5690 praesidibus
2556 5631 2732 5687 quam
2761 5609 3084 5668 cohortibus
3113 5608 3212 5678 qui
3244 5609 3354 5664 illis
3385 5613 3482 5667 ob-

1842 5714 2193 5785 temperant,
2217 5710 2372 5783 quod
2394 5710 2441 5764 si
2460 5709 2585 5763 haec
2601 5709 2791 5763 minus
2808 5701 3252 5770 observaverint,
3289 5707 3476 5759 extre-

1845 5807 1955 5864 mis
1975 5805 2349 5878 subjicientur
2369 5801 2678 5875 suppliciis.
2701 5804 2939 5872 Insuper
2962 5795 3358 5853 interdicimus
3388 5812 3480 5851 re-

1846 5898 2228 5975 ligiosissimis
2248 5897 2531 5970 episcopis
2552 5900 2610 5950 et
2630 5892 2996 5968 presbyteris,
3012 5906 3199 5965 neque
3211 5906 3330 5946 non
3359 5889 3481 5953 dia.
