4032 6232
604 338 785 407 ,1027

1777 324 2035 383 SECULI
2074 326 2267 384 SEXTI
2305 324 2864 384 SITPPLEMENTUM.

3881 325 4005 381 l028

643 443 822 509 conis,
855 441 913 495 et
950 436 1331 505 subdiaconis,
1372 452 1436 490 ac
1480 434 1807 501 lectoribus,
1846 440 1904 489 et
1952 436 2274 507 cuicunque
2296 449 2613 520 Amorem
2660 433 3179 507 (quemadmodum
3222 433 3484 504 superius
3519 433 3737 488 dictum
3780 436 3882 501 est)
3912 434 4006 486 sibi

639 535 733 590 alii
751 529 1398 606 cujuslibetvenerabilis
1418 528 1637 583 ordinis
1657 532 1714 582 et
1732 528 1946 599 gradus
1968 529 2273 583 constituto

639 629 867 693 clerico,
887 644 960 680 ne
981 626 1053 679 ad
1069 624 1321 678 tabulam
1337 622 1538 675 ludant
1566 624 1667 675 aut
1689 621 1790 675 tali
1818 621 1952 675 ludo
1984 621 2277 676 utentibus

641 738 704 776 se
738 719 1037 783 associent,
1079 719 1179 769 aut
1202 718 1553 786 spectatores
1584 714 1718 780 sint,
1752 717 1852 767 aut
1880 713 1954 767 ad
1979 714 2278 784 quodcun-

640 831 751 885 que
778 809 1166 883 spectaculum
1200 807 1497 879 spectandi
1524 807 1709 878 gratia
1740 806 2037 861 accedant.
2060 791 2121 861 Si
2147 806 2274 876 quis

638 910 831 961 autem
861 918 1060 958 eorum
1084 902 1142 955 in
1155 901 1267 955 hoc
1287 898 1617 971 deliquerit,
1645 898 1940 970 jubemus,
1972 903 2035 952 ut
2065 898 2125 952 in
2158 901 2274 952 tres

637 1013 821 1052 annos
841 996 913 1050 ab
934 995 1092 1050 omni
1115 1010 1276 1048 sacro
1300 992 1622 1047 ministerio
1650 991 2048 1064 prohibeatur,
2081 990 2275 1045 mitta-

634 1095 841 1161 turque
865 1089 925 1142 in
953 1086 1391 1142 monasterium.
1422 1085 1587 1150 Quod
1613 1085 1657 1138 si
1684 1083 2036 1154 condignam
2061 1083 2271 1138 erroris

634 1182 719 1237 sui
746 1181 1142 1253 pcrnitentiam
1173 1179 1363 1234 medio
1384 1182 1646 1249 tempore
1679 1177 2010 1243 ostenderit,
2039 1176 2271 1231 licentia

634 1279 755 1331 esto
774 1273 1059 1328 sacerdoti
1089 1272 1192 1326 sub
1218 1287 1333 1342 quo
1355 1272 1663 1326 collocatus
1683 1273 1788 1336 est,
1820 1272 1878 1323 et
1898 1272 2131 1340 tempus
2160 1268 2265 1323 mi-

632 1384 835 1434 nuere,
865 1370 924 1421 et
946 1364 1182 1436 proprio
1209 1364 1362 1418 hunc
1388 1363 1579 1417 denuo
1594 1361 1894 1416 restituere
1910 1360 2264 1416 ministerio:

629 1460 852 1514 scitaris
877 1458 1016 1513 item
1044 1455 1489 1528 religiosissimis
1517 1453 1798 1526 episcopis
1825 1454 1921 1524 qui
1964 1470 2032 1508 ea
2081 1453 2263 1508 vindi-

629 1570 758 1609 care
790 1552 1020 1620 debent,
1047 1552 1197 1622 quod
1233 1550 1278 1603 si
1322 1547 1651 1619 hujusmodi
1685 1547 1898 1618 aliquid
1936 1547 2117 1601 edocti
2150 1562 2267 1601 non

628 1645 903 1712 caverint,
930 1643 1039 1714 ipsi
1064 1643 1346 1697 rationem
1365 1643 1483 1695 Deo
1510 1657 1613 1711 pro
1644 1640 1754 1694 hac
1783 1656 1956 1693 causa
1982 1638 2267 1693 reddituri

629 1744 780 1793 sunt.
828 1739 1009 1791 Nemo
1054 1742 1255 1790 tamen
1298 1734 1598 1805 episcOpus
1636 1732 2000 1803 compellitur
2039 1732 2263 1820 ‘invitus

2371 528 2632 598 junctam
2664 544 2780 582 non
2800 527 3033 593 habeat,
3059 543 3178 582 non
3206 526 3375 581 aliter
3399 526 3719 592 ordinator,
3736 524 3848 578 nisi
3863 526 4004 595 prius

2377 621 2448 674 ab
2472 637 2541 675 eo
2576 620 2677 690 qui
2706 620 2895 691 ipsum
2939 618 3172 673 ordinat
3216 619 3628 689 interrogatus,
3675 618 4006 688 profiteatur

2374 728 2542 783 posse
2568 730 2629 767 se
2658 714 2785 783 post
2810 711 3240 767 ordinationem
3280 713 3370 766 vel
3397 711 3519 766 sine
3550 710 3818 781 legitima
3844 727 4001 764 uxore

2373 809 2528 860 caste
2543 806 2733 859 vivere
2757 822 2770 860 :
2800 808 3131 875 nequeunte
3150 822 3219 859 eo
3240 804 3341 875 qui
3359 804 3609 871 ordinat;
3629 803 4003 858 ordinationis

2372 901 2660 969 tempore,
2689 898 2931 952 diacono
2958 898 3291 968 permittere
3320 902 3382 951 ut
3410 901 3539 968 post
3581 896 4004 951 ordinationem

2372 1007 2612 1046 uxorem
2644 991 2831 1045 ducat.
2860 990 2959 1045 Sin
2981 1006 3115 1045 vero
3150 991 3260 1045 hoc
3296 990 3418 1057 fiat,
3458 990 3767 1061 episcopus
3809 989 3904 1061 qui
3953 990 4002 1042 id

2370 1083 2652 1153 permisit,
2671 1083 3009 1154 episcopatu
3031 1082 3273 1153 ejicitor.
3294 1082 3460 1147 Quod
3478 1083 3525 1137 si
3549 1086 3683 1153 post
3697 1082 4004 1137 ordinatio-

2370 1191 2506 1231 nem
2531 1164 2847 1247 presbyter,
2881 1178 2982 1231 aut
3006 1176 3300 1241 diaconus,
3331 1178 3433 1230 aut
3459 1174 3848 1230 subdiaconus
3876 1192 3997 1229 uxo-

2368 1285 2493 1324 rem
2523 1267 2770 1337 duxerit,
2814 1268 3037 1338 ejicitor
3081 1286 3112 1322 e
3151 1270 3324 1335 clero,
3366 1271 3425 1321 et
3468 1268 3643 1322 curiae
3673 1267 3920 1322 civitatis
3946 1267 4003 1321 in

2369 1377 2486 1432 qua
2528 1360 2768 1415 clericus
2801 1365 2925 1415 erat
2971 1377 3101 1415 cum
3144 1359 3311 1416 bonis
3350 1360 3467 1414 suis
3492 1360 3759 1415 traditor.
3794 1362 3931 1429 item
3958 1362 4002 1413 si

2370 1454 2548 1507 lector
2573 1453 2882 1508 secundam
2902 1469 3137 1507 uxorem
3170 1452 3411 1519 duxerit,
3445 1456 3543 1506 aut
3580 1452 3834 1523 primam
3879 1452 4000 1523 qui-

2367 1546 2521 1613 dem,
2544 1546 2645 1600 sed
2661 1545 2912 1613 viduam,
2930 1549 3032 1602 aut
3051 1545 3295 1601 divortio
3317 1550 3643 1615 separatam
3672 1562 3707 1600 a
3739 1545 3883 1612 viro,
3905 1551 4006 1598 aut

2364 1638 2609 1709 legibus,
2638 1641 2739 1693 aut
2763 1638 2936 1693 sacris
2964 1638 3331 1693 interdictam
3355 1638 3691 1704 canonibus,
3727 1654 3847 1692 non
3877 1655 4000 1693 am-

2363 1731 2512 1802 plius
2539 1731 2614 1786 ad
2639 1732 2818 1786 alium
2851 1732 3300 1786 ecclesiasticum
3330 1730 3571 1802 gradum
3598 1731 3916 1802 procedito.
3938 1733 4003 1785 Et

622 1832 1090 1902 qualemcunque
1138 1828 1407 1883 clericum
1450 1826 1555 1880 sub
1597 1827 1721 1897 ipso
1752 1806 2126 1880 constitutdm
2157 1841 2259 1880 suo
2280 1806 2338 1877 Β
2361 1824 2405 1878 si
2439 1841 2785 1895 quocunque
2817 1824 2992 1879 modo
3032 1824 3107 1879 ad
3137 1824 3425 1895 majorem
3445 1824 3693 1896 gradum
3715 1825 3995 1897 proveha-

629 1923 919 1978 dimittere
946 1922 1118 1976 clero.

697 2015 978 2070 Omnibus
1007 2030 1140 2068 vero
1168 2012 1450 2084 episcopis
1480 2015 1538 2065 et
1576 2010 1925 2081 presbyteris
1965 2008 2256 2064 interdici-

624 2124 755 2162 mus
775 2125 847 2161 ne
873 2107 1205 2177 quempiam
1227 2122 1261 2160 a
1277 2121 1440 2159 sacra
1458 2103 1873 2158 communione
1894 2104 2052 2173 prius
2069 2118 2260 2171 segre-

627 2204 770 2273 gent
798 2216 970 2270 quam
1004 2215 1173 2254 causa
1205 2200 1559 2252 monstretur
1589 2195 1969 2266 quamobrem
2003 2194 2258 2249 ecclesia-

625 2293 749 2348 stici
794 2294 903 2348 hoc
950 2308 1200 2346 canones
1249 2291 1373 2344 ﬁeri
1408 2289 1636 2359 jubent.
1667 2288 1723 2343 Si
1752 2288 1880 2358 quis
1912 2290 2107 2341 autem
2136 2287 2256 2341 haac

624 2390 825 2443 contra
854 2403 887 2440 a
917 2388 1116 2439 sancta
1146 2381 1560 2438 communione
1589 2381 1845 2451 aliquem
1884 2379 2251 2450 separaverit,

621 2479 715 2534 ille
734 2478 967 2550 quidem
981 2477 1077 2548 qui
1099 2476 1306 2547 injuste
1325 2492 1359 2528 a
1373 2473 1784 2528 communione
1806 2475 2105 2542 separatus
2125 2471 2251 2538 fuit,

619 2572 874 2627 resoluta
906 2570 1266 2641 separatione
1292 2583 1398 2639 per
1416 2566 1700 2636 majorem
1721 2564 2100 2633 sacerdotem,
2129 2580 2256 2618 san-

620 2670 710 2720 cta
734 2663 943 2734 dignus
963 2663 1237 2716 habeatur
1257 2659 1686 2714 communione.
1707 2661 1758 2713 ls
1777 2673 1911 2711 vero
1932 2656 2027 2727 qui
2046 2656 2253 2726 injuste

621 2757 870 2828 aliquem
890 2772 923 2809 a
939 2757 1135 2808 sancta
1150 2768 1415 2823 separare
1436 2750 1851 2806 communione
1867 2766 2035 2805 ausus
2056 2749 2249 2815 fuerit,

620 2848 890 2904 omnibus
919 2846 1111 2901 modis
1138 2862 1245 2916 per
1269 2844 1629 2900 sacerdotem
1670 2843 1773 2897 sub
1803 2859 1916 2913 quo
1944 2842 2252 2897 collocatus

617 2945 707 2997 est
734 2959 768 2995 a
789 2938 1196 2996 communione
1224 2938 1597 3008 separabitur,
1623 2939 2069 3007 quantocunque
2099 2938 2247 2988 tem-

613 3050 757 3106 pore
782 3033 865 3087 illi
904 3032 1089 3085 visum
1117 3030 1245 3097 erit,
1285 3033 1347 3084 ut
1377 3030 1533 3100 quod
1572 3029 1783 3099 injuste
1812 3027 1908 3082 alii
1944 3027 2096 3094 fecit,
2129 3027 2247 3097 ipse

609 3123 764 3193 juste
795 3120 1089 3175 sustineat.
1118 3122 1197 3173 Ac
1224 3134 1411 3189 neque
1440 3117 1685 3188 propriis
1702 3115 1955 3186 aliquem
1981 3114 2249 3169 manibus

616 3214 882 3286 episcopo
905 3212 1203 3266 verberare
1223 3211 1374 3278 licet,
1397 3210 1680 3281 siquidem
1706 3209 1816 3262 hoc
1842 3208 2141 3262 alienuma
2156 3224 2244 3262 sa-

616 3306 944 3361 cerdotibus
974 3308 1078 3359 est.
1111 3307 1274 3361 Certe
1306 3304 1352 3357 si
1379 3303 1505 3374 quis
1543 3302 1861 3373 episcopus,
1891 3318 2023 3354 cum
2042 3316 2242 3355 secun-

613 3398 755 3453 dum
798 3397 1206 3453 ecclesiasticos
1250 3412 1497 3452 canones
1536 3394 1857 3449 sacerdotio
1893 3393 2107 3464 ejectus
2138 3397 2242 3461 est,

610 3489 839 3561 ingredi
860 3491 1144 3545 civitatem
1171 3490 1318 3543 ausit
1337 3506 1407 3543 ex
1426 3504 1538 3559 qua
1558 3487 1793 3557 ejectus,
1816 3489 1918 3540 aut
1940 3486 2131 3540 locum
2151 3485 2246 3540 de-

610 3583 939 3654 relinquere
970 3583 1029 3637 in
1065 3599 1177 3654 quo
1208 3582 1419 3652 degere
1430 3580 1624 3650 jussus
1652 3583 1757 3645 est;
1791 3578 2062 3649 jubemus
2092 3579 2243 3633 hunc

607 3675 670 3730 in
698 3676 1114 3731 monasterium
1142 3676 1201 3729 in
1222 3673 1333 3727 alia
1358 3672 1653 3744 provincia
1677 3672 2052 3726 constitutum
2070 3671 2238 3737 tradi,

606 3772 675 3823 ut
704 3785 831 3839 quae
857 3769 918 3823 in
944 3766 1259 3823 sacerdotio
1288 3765 1551 3836 deliquit,
1583 3782 1650 3819 ea
1680 3764 1899 3836 degens
1934 3763 1995 3819 in
2033 3780 2236 3820 mona-

608 3861 783 3917 sterio
811 3862 1080 3931 corrigat.

676 3954 924 4010 Clericos
947 3956 1142 4008 autem
1183 3966 1299 4006 non
1342 3951 1509 4005 aliter
1552 3950 1807 4006 ordinari
1846 3949 2235 4016 concedimus,

602 4046 715 4103 nisi
740 4048 960 4103 litteras
979 4045 1181 4111 sciant,
1211 4047 1271 4098 et
1289 4047 1449 4099 recta
1471 4044 1582 4098 ﬁde
1603 4060 1669 4098 ac
1697 4045 1942 4100 honesta
1967 4042 2078 4097 vita
2102 4042 2233 4108 sint,

603 4142 664 4196 et
678 4155 867 4211 neque
884 4137 1283 4205 concubinam,
1300 4153 1490 4208 neque
1509 4137 1800 4191 naturales
1814 4135 2125 4190 habuerint
2138 4138 2237 4189 aut

600 4233 851 4288 habeant
866 4230 1094 4297 liberos,
1114 4229 1215 4284 sed
1237 4231 1330 4301 qui
1353 4232 1441 4285 vel
1454 4228 1718 4283 coalibem
1732 4228 1906 4283 vitam
1918 4230 2117 4299 agunt,
2148 4228 2236 4281 vel

598 4340 842 4381 uxorem
879 4323 1208 4377 habuerunt
1234 4325 1333 4377 aut
1367 4322 1582 4376 habent
1616 4321 1958 4392 legitimam,
2003 4324 2061 4374 et
2103 4336 2232 4374 eam

598 4434 776 4475 unam
800 4420 859 4472 et
892 4416 1162 4488 primam,
1214 4431 1405 4486 neque
1447 4414 1701 4480 viduam,
1748 4430 1937 4485 neque
1988 4412 2230 4468 divortio

2267 3166 2322 3240 C

2358 1921 2472 1984 tur,
2504 1917 2805 1972 deﬁciatur
2829 1917 2903 1972 ab
2937 1934 3026 1986 eo,
3059 1922 3118 1972 et
3145 1917 3327 1988 priori
3355 1916 3709 1972 restituatur.

2431 2008 2543 2064 Sed
2577 2025 2765 2080 neque
2801 2009 3145 2076 cohortales,
3190 2026 3379 2080 neque
3427 2009 3771 2064 decuriones
3806 2011 3997 2065 clerici

2355 2101 2559 2169 fiunto,
2595 2118 2669 2157 ne
2709 2118 2825 2172 qua
2855 2101 3061 2157 exinde
3108 2102 3424 2156 venerabili
3473 2102 3671 2157 domui
3717 2102 4027 2158 inferatur.

2357 2194 2726 2250 contumelia.
2762 2194 2821 2250 Si
2852 2211 2987 2249 vero
3015 2195 3159 2249 tales
3183 2210 3444 2265 personae
3481 2196 3812 2250 referantur
3848 2197 3997 2250 inter

2356 2287 2612 2354 clericos,
2636 2287 2878 2358 perinde
2904 2286 3068 2359 quasi
3093 2286 3378 2342 ordinatio
3410 2288 3561 2342 facta
3582 2305 3700 2342 non
3724 2291 3897 2355 esset,
3919 2290 3995 2342 ita

2355 2380 2605 2451 proprim
2640 2381 2889 2434 fortunae
2928 2379 3327 2449 restituuntor,
3362 2379 3618 2450 dempto,
3665 2380 3712 2434 si
3752 2381 3839 2450 (ut
3866 2381 3995 2435 licet

2354 2472 2660 2542 conjicere)
2716 2472 3122 2535 monachicam
3172 2472 3381 2543 aliquis
3412 2489 3478 2526 ex
3500 2473 3637 2544 ipsis
3662 2474 3841 2527 vitam
3875 2491 3992 2527 non

2354 2564 2549 2618 minus
2572 2564 2903 2635 quindecim
2921 2556 3095 2619 annis
3120 2565 3487 2636 transegerit.
3529 2566 3692 2619 Tales
3716 2566 3874 2620 enim
3906 2583 3997 2620 or-

2354 2661 2542 2716 dinari
2558 2662 2851 2732 jubemus,
2881 2661 3144 2732 legitima
3168 2662 3435 2716 videlicet
3460 2663 3729 2737 portione
3751 2680 3785 2717 a
3818 2663 3994 2717 decu-

2350 2754 2516 2815 rione
2536 2754 2884 2825 assignanda
2903 2754 3075 2809 curia:
3102 2758 3161 2809 et
3189 2754 3535 2825 reipublicaa.
3570 2754 3684 2809 Sed
3707 2759 3764 2809 et
3787 2755 3849 2809 in
3873 2756 3995 2809 cle-

2349 2864 2482 2902 rum
2499 2847 2708 2915 allecti,
2749 2848 3037 2902 monacho
3069 2846 3372 2901 decentem
3390 2848 3564 2901 vitam
3593 2848 3667 2902 ad
3696 2849 3883 2903 ﬁnem
3907 2866 4001 2902 us-

2351 2957 2464 3011 que
2490 2945 2818 3012 praastanto.
2850 2941 2995 2995 Nam
3015 2940 3061 2993 si
3086 2944 3217 3011 post
3241 2940 3381 2994 cleri
3400 2941 3682 2999 honorem
3705 2941 3995 3013 adeptum

2349 3049 2590 3087 uxorem
2616 3033 2824 3103 aliquis
2845 3049 3049 3087 eorum
3077 3032 3323 3101 duxerit,
3355 3036 3454 3086 aut
3481 3033 3869 3090 concubinam
3896 3037 3992 3090 ha-

2347 3124 2555 3193 buerit,
2590 3125 2783 3195 curiae,
2814 3129 2916 3179 aut
2939 3125 3181 3192 cohorti,
3204 3129 3305 3179 aut
3329 3125 3595 3191 fortunas,
3619 3125 3708 3180 cui
3734 3131 3869 3181 erat
3889 3129 3987 3183 ob-

2346 3217 2566 3284 noxius,
2595 3217 2875 3287 redditor,
2909 3221 2973 3271 ut
2989 3218 3242 3272 maxime
3272 3217 3334 3271 in
3355 3234 3489 3272 eum
3517 3218 3765 3288 gradum
3813 3223 3989 3275 eccle-

2347 3310 2636 3365 siasticum
2663 3310 2900 3364 allectus
2928 3309 3123 3375 fuerit,
3156 3310 3218 3363 in
3231 3326 3345 3380 quo
3358 3311 3698 3365 constitutus
3712 3312 3925 3383 aliquis
3958 3331 3991 3366 a

2344 3402 2520 3458 sacris
2540 3402 2853 3458 canonibus
2881 3406 2939 3458 et
2966 3402 3189 3473 legibus
3212 3419 3453 3457 uxorem
3478 3402 3689 3457 ducere
3711 3420 3831 3459 non
3855 3422 3988 3476 pro-

2343 3495 2592 3550 hibetur.
2631 3495 2961 3565 Eademque
2990 3494 3112 3549 haec
3144 3498 3202 3548 et
3229 3495 3290 3548 in
3311 3494 3434 3548 aliis
3473 3494 3742 3549 omnibus
3768 3514 3983 3552 mona-

2343 3588 2464 3642 chis
2487 3588 2680 3642 valere
2690 3587 2999 3653 sancimus,
3019 3587 3117 3658 qui
3147 3604 3178 3640 e
3197 3588 3552 3642 monasterio
3574 3588 3650 3641 ad
3666 3605 3985 3659 quemcun-

2342 3696 2454 3754 que
2475 3680 2721 3751 gradum
2743 3680 3185 3736 ecclesiasticum
3210 3681 3658 3748 transferuntur,
3682 3685 3743 3735 et
3764 3682 3814 3735 si
3835 3683 3978 3738 nulli

2340 3774 2590 3829 fortuna:
2611 3773 2841 3828 obnoxii
2862 3773 3092 3828 fuerint.
3114 3773 3181 3827 Et
3196 3773 3547 3845 generaliter
3564 3775 3695 3845 lege
3717 3778 3979 3845 promul-

2341 3882 2566 3937 gamus,
2587 3882 2659 3919 ne
2672 3866 2946 3921 cuiliceat
2956 3865 3015 3920 in
3035 3882 3379 3937 quocunque
3393 3866 3777 3922 ecclesiastico
3793 3871 3981 3939 gradu

2338 3959 2647 4014 constituto
2670 3958 2741 4013 ab
2764 3975 2833 4013 eo
2865 3958 3167 4028 decedere,
3192 3963 3251 4012 et
3277 3960 3608 4013 saacularem
3624 3959 3749 4014 fieri
3770 3979 3784 4014 :
3812 3961 3983 4016 scitu-

2336 4052 2414 4106 ris
2438 4052 2528 4106 his
2549 4052 2646 4122 qui
2678 4050 2757 4106 ita
2778 4052 3022 4122 egerint,
3049 4051 3204 4122 quod
3225 4054 3283 4105 et
3319 4051 3550 4123 cingulo
3577 4052 3643 4122 (si
3674 4053 3835 4123 quod
3868 4055 3985 4109 illis

2337 4140 2678 4194 attributum
2711 4138 2839 4211 erit)
2879 4143 2978 4194 aut
3016 4139 3314 4210 dignitate,
3346 4143 3444 4193 aut
3470 4141 3677 4195 militia
3708 4140 3978 4198 denuda-

2334 4231 2570 4300 buntur,
2597 4236 2658 4286 et
2689 4231 2907 4287 cohorti
2927 4232 3169 4287 civitatis
3199 4249 3316 4287 suae
3342 4232 3659 4287 tradentur.
3692 4234 3805 4298 Qui
3838 4252 3979 4291 vero

2334 4328 2469 4380 ante
2502 4328 2651 4380 hanc
2684 4328 2939 4380 nostram
2970 4327 3163 4397 legem
3196 4342 3227 4380 e
3252 4326 3450 4380 curiali
3470 4326 3705 4382 fortuna
3718 4328 3975 4383 ordinati

2334 4421 2465 4471 sunt
2504 4417 2713 4485 clerici,
2746 4417 3171 4489 patrimonialia
3205 4434 3451 4472 munera
3485 4435 3590 4490 per
3632 4419 3973 4475 substitutas

597 4514 920 4583 separatam
949 4526 983 4564 a
1011 4509 1152 4576 viro,
1187 4524 1375 4579 neque
1410 4506 1627 4578 alioqui
1670 4507 1894 4578 legibus
1928 4509 2028 4561 aut
2063 4505 2232 4560 sacris
2248 4524 2309 4597 D
2334 4526 2610 4581 personas
2626 4510 2929 4582 implento,
2956 4527 2990 4564 a
3012 4510 3410 4581 personalibus
3434 4511 3597 4566 liberi
3620 4527 3967 4569 conservan-

595 4603 965 4660 interdictam
981 4601 1312 4656 canonibus.
1344 4599 1747 4670 Presbyterum
1775 4615 1910 4654 vero
1939 4599 2228 4653 minorem

597 4695 766 4751 annis
802 4695 1038 4766 triginta
1075 4694 1331 4766 quinque
1368 4693 1495 4746 fieri
1538 4709 1656 4747 non
1695 4691 2082 4746 concedimus.
2116 4691 2229 4747 Sed

594 4805 784 4860 neque
811 4789 1115 4844 diaconum
1136 4790 1237 4842 aut
1262 4785 1677 4840 subdiaconum
1709 4784 1999 4839 minorem
2027 4784 2227 4854 viginti

595 4882 883 4953 quinque;
917 4896 1105 4951 neque
1127 4880 1267 4934 item
1295 4879 1575 4933 lectorem
1606 4878 1896 4932 minorem
1926 4877 2093 4930 annis
2122 4877 2224 4931 de-

592 4990 719 5030 cem
749 4977 807 5028 et
843 4976 991 5027 octo.
1023 4972 1353 5028 Diaconissa
1380 4974 1571 5026 autem
1621 4971 1681 5025 in
1731 4973 1929 5025 sancta
1978 4969 2227 5025 Ecclesia

590 5084 710 5123 non
743 5065 1056 5133 ordinator,
1092 5081 1220 5135 quae
1256 5064 1449 5119 minor
1481 5063 1870 5135 quadraginta
1911 5062 2077 5117 annis
2130 5063 2221 5130 sit,

590 5164 691 5217 aut
716 5158 791 5214 ad
822 5157 1101 5213 secundas
1129 5157 1390 5228 pervenit
1419 5156 1666 5228 nuptias.

657 5255 941 5310 Caeterum
958 5250 1002 5306 si
1030 5254 1292 5320 tempore
1315 5248 1696 5305 ordinationis
1726 5252 1928 5304 contra
1953 5249 2223 5304 clericum

587 5348 978 5418 cujuscunque
1009 5342 1226 5398 ordinis
1272 5346 1372 5397 aut
1401 5342 1615 5412 gradus
1662 5343 1961 5397 accusator
2016 5342 2223 5413 aliquis

584 5442 813 5495 exortus
843 5438 1036 5505 fuerit,
1060 5436 1163 5507 qui
1183 5435 1333 5490 dicat
1362 5434 1665 5505 indignum
1687 5451 1819 5489 eum
1843 5452 1964 5490 esse
1983 5434 2218 5490 ordina-

582 5532 764 5599 tione,
796 5530 1058 5585 diﬂ‘ertor
1084 5529 1209 5600 ipsa
1230 5526 1538 5593 ordinatio,
1561 5529 1619 5582 et
1639 5527 1855 5594 omnia,
1880 5531 2000 5581 tam
2024 5527 2081 5581 in
2095 5544 2221 5583 exa-

582 5624 906 5678 minatione
937 5639 1113 5693 quam
1140 5623 1199 5676 in
1228 5619 1501 5687 censuris,
1534 5620 1915 5691 procedunto,
1941 5637 2067 5691 quae
2100 5621 2219 5692 qui-

585 5715 719 5769 dem
749 5714 808 5767 in
840 5714 1239 5784 episcoporum
1262 5711 1722 5767 ordinationibus
1746 5712 2008 5782 superius
2037 5713 2220 5768 sanxi-

583 5820 732 5859 rnus.
777 5805 1081 5861 Enimvero
1118 5805 1163 5859 si
1193 5805 1241 5858 is
1270 5804 1369 5874 qui
1414 5803 1769 5859 ordinandus
1809 5807 1896 5858 est
1942 5805 2217 5861 diaconus

2330 4601 2561 4657 tor.Sed
2579 4619 2768 4673 neque
2784 4603 3055 4657 clericum
3070 4602 3158 4692 cuj
3168 4615 3455 4674 uscunque
3475 4604 3689 4674 gradus
3710 4604 3857 4660 dare
3874 4608 3972 4661 ali-

2328 4695 2468 4766 quid
2494 4694 2575 4748 illi
2605 4712 2639 4749 a
2665 4711 2778 4765 quo
2813 4695 3131 4763 ordinatur,
3154 4699 3254 4749 aut
3290 4695 3617 4768 quicunque
3649 4696 3745 4752 alii
3778 4716 3972 4770 perso-

2326 4804 2418 4842 nae
2444 4787 2834 4855 concedimus,
2863 4788 2963 4842 sed
2993 4788 3140 4842 solas
3170 4788 3425 4859 praebere
3442 4789 3629 4861 ipsum
3661 4797 3970 4848 consuetu-

2328 4881 2513 4949 dines,
2534 4899 2598 4936 ex
2628 4897 2789 4935 more
2810 4880 3208 4952 percipiendas
3241 4882 3314 4935 ab
3336 4881 3424 4936 his
3449 4882 3545 4953 qui
3578 4882 3883 4941 ordinanti
3914 4889 3965 4940 in

2327 4971 2648 5028 ministerio
2686 4977 2837 5041 sunt,
2878 4990 3005 5044 quas
3030 4977 3226 5029 tamen
3257 4973 3426 5028 unius
3458 4975 3595 5029 anni
3628 4976 3821 5032 diaria
3854 4997 3962 5034 non

2326 5066 2624 5121 excedant.
2659 5067 2824 5122 Certe
2856 5066 2915 5120 in
2943 5071 3302 5122 sacrosancta
3334 5066 3569 5122 ecclesia
3604 5067 3661 5122 in
3685 5086 3804 5141 qua
3832 5090 3957 5127 con-

2325 5158 2593 5229 stituitur,
2625 5163 2689 5213 ut
2730 5158 2989 5214 divinum
3022 5159 3259 5232 impleat
3279 5160 3689 5229 ministerium,
3721 5167 3957 5220 omnino

2325 5269 2395 5307 ne
2422 5253 2708 5307 tantillum
2738 5252 2975 5323 quidem
3007 5252 3243 5323 collegis
3273 5254 3388 5307 suis
3423 5270 3527 5325 pro
3570 5254 3956 5316 insinuatione

2323 5362 2423 5399 sua
2451 5345 2607 5414 dato,
2650 5362 2839 5418 neque
2867 5349 3105 5417 propter
3136 5346 3282 5401 hanc
3320 5363 3553 5402 causam
3578 5349 3801 5405 solatiis
3832 5351 3952 5415 suis,

2320 5442 2419 5492 aut
2440 5438 2564 5493 aliis
2585 5437 3084 5494 distributionibus
3101 5439 3492 5495 defraudator.
3516 5440 3632 5496 Sed
3662 5459 3857 5515 neque
3881 5460 3952 5499 re

2322 5531 2639 5599 nodochus,
2674 5536 2774 5586 aut
2807 5532 3286 5604 prochotrophus,
3324 5536 3425 5588 aut
3460 5550 3835 5603 nosocomus,
3869 5539 3947 5592 aut

2319 5624 2708 5696 cujuscunque
2720 5624 2954 5680 alterius
2977 5625 3317 5682 venerabilis
3337 5626 3545 5682 domus
3579 5627 3942 5701 dispensator.

2320 5717 2419 5788 qui
2433 5718 2894 5789 qualemcunque
2914 5718 3359 5773 ecclesiasticam
3371 5718 3830 5777 sollicitudinem
3847 5730 3937 5777 ira-

2319 5812 2455 5875 ctat,
2482 5809 2613 5865 dato
2629 5809 2848 5881 aliquid
2878 5811 2962 5865 illi
2986 5828 3019 5867 a
3052 5828 3165 5883 quo
3188 5815 3580 5881 promovetur,
3610 5818 3713 5868 aut
3738 5816 3933 5870 cuicunv
