4032 6232
238 345 380 399 1029

1061 343 1425 401 JUSTINIAN]
1464 343 1793 401 NOVELLE
1831 342 2162 402 SELECT.E.
2204 343 2512 402 NOVELLA
2548 347 2772 402 CXXIII.

3465 351 3600 407 {030

228 467 346 521 que
372 449 466 504 alii
498 465 757 521 personae
781 466 888 522 pro
917 451 1133 507 credita
1159 455 1265 508 sibi
1292 455 1732 526 dispensatione.
1763 457 1867 520 Qui
1889 474 1944 543 Α
1968 455 2528 526 comprehendimus.
2591 456 2651 508 ln
2703 454 2970 509 omnibus
3035 460 3229 511 autem
3289 455 3602 513 forensibus

226 547 429 597 autem
459 547 654 599 contra
674 545 795 599 hinc
821 561 950 616 quae
979 546 1382 616 disposuimus,
1415 549 1504 602 vel
1527 549 1738 620 aliquid
1766 549 1864 604 de-

226 636 400 704 derit,
438 637 525 691 vel
564 638 863 709 acceperit,
895 637 983 692 vel
1030 639 1315 694 mediator
1343 640 1522 696 factus
1560 642 1751 710 fuerit,
1785 659 1865 696 sa-

225 729 502 796 cerdotio,
554 730 669 784 sive
715 732 883 797 clero,
922 732 1038 785 sive
1072 732 1288 786 credita
1335 733 1441 786 sibi
1485 733 1864 805 qualicunque

225 821 722 878 administratione
747 824 1143 894 denudabitur,
1174 825 1261 879 his
1280 841 1406 896 qua:
1433 825 1563 880 data
1587 831 1720 879 sunt
1740 826 1860 880 vin-

223 913 482 970 dicandis
510 917 819 971 venerabili
858 917 1054 971 domui
1083 918 1245 988 cujus
1291 917 1728 987 ordinationem,
1766 924 1864 973 aut

223 1007 690 1076 sollicitudinem,
719 1015 818 1064 aut
855 1010 1330 1081 dispensationem
1359 1011 1484 1066 talis
1510 1027 1750 1082 persona
1779 1028 1866 1065 ac-

221 1101 461 1172 ceperit.
502 1101 556 1156 Si
595 1102 882 1156 sazcularis
925 1103 996 1158 sit
1044 1103 1141 1173 qui
1182 1105 1415 1174 accepit,
1444 1110 1542 1158 aut
1583 1104 1863 1159 mediator

220 1194 435 1261 exsitit,
465 1195 622 1266 quod
652 1195 852 1250 datum
880 1200 965 1251 est
1006 1197 1066 1250 in
1093 1197 1335 1267 duplum
1365 1198 1645 1268 exigetur,
1679 1203 1736 1252 et
1762 1213 1858 1252 ve-

219 1287 465 1342 nerabili
492 1288 686 1342 domui
713 1289 773 1343 in
809 1305 920 1359 qua
949 1289 1382 1360 ordinationem,
1411 1294 1509 1345 aut
1531 1290 1859 1345 sollicitudi-

219 1393 380 1448 nem,
413 1385 513 1435 aut
541 1380 1020 1452 dispensationem
1045 1376 1284 1454 accepit,
1316 1383 1620 1454 praebetor.

297 1471 360 1527 Si
387 1473 514 1544 quis
540 1489 672 1528 vero
699 1474 1088 1546 cujuscunque
1117 1475 1328 1546 gradus
1347 1476 1603 1544 clericus,
1633 1482 1731 1530 aut
1758 1493 1855 1530 cu-

210 1565 545 1636 juscunque
584 1566 917 1622 venerabilis
956 1569 1159 1622 domus
1202 1567 1575 1639 dispensator,
1605 1570 1695 1623 vel
1727 1573 1858 1622 ante

219 1658 647 1713 ordinationem
673 1660 1012 1715 creditamve
1034 1661 1603 1733 sibiqualemcunque
1634 1661 1859 1732 dispen-

216 1747 523 1818 sationem,
566 1757 665 1806 aut
716 1753 1176 1821 sollicitudinem,
1210 1755 1296 1808 vel
1346 1758 1558 1826 postea,
1617 1754 1858 1808 voluerit

1965 548 2098 602 locis
2125 549 2407 603 sancimus
2432 552 2497 603 ut
2521 548 2801 618 siquidem
2830 548 2878 601 is
2909 548 3007 620 qui
3048 549 3207 604 initio
3228 549 3470 605 instituit
3497 568 3595 606 ex-

1964 641 2374 712 aediﬁcavitque
2443 641 2758 710 ecclesiam,
2811 640 3090 695 deﬁnierit
3150 643 3595 698 ordinandorum

1962 735 2219 803 modum,
2248 734 2522 788 nimirum
2548 734 2618 788 ad
2647 749 2782 788 eum
2810 734 2977 787 etiam
3003 739 3263 805 sumptus
3287 753 3598 792 accommo-

1963 826 2121 893 dans,
2151 843 2265 880 non
2291 826 2448 897 prius
2473 826 2676 896 aliquis
2713 827 2771 879 in
2804 842 2928 880 eam
2955 826 3246 881 ecclesiam
3274 829 3591 896 ordinetur,

1963 934 2136 989 quam
2159 920 2230 973 ad
2259 935 2564 972 numerum
2588 919 2748 972 initio
2775 918 3075 973 deﬁnitum
3100 935 3297 974 eorum
3327 939 3594 976 mensura

1961 1011 2184 1066 redacta
2207 1012 2296 1065 sit.
2327 1010 2421 1064 Sin
2449 1011 2638 1064 minus
2656 1011 2865 1064 factum
2894 1011 2983 1079 sit,
3007 1012 3130 1082 ipsa
3147 1018 3342 1068 autem
3357 1015 3594 1070 civitatis

1961 1104 2196 1159 ecclesia
2214 1119 2467 1158 annonas
2490 1103 2592 1157 sibi
2623 1104 2951 1174 caeterisque
2979 1105 3224 1159 ecclesiis
3251 1108 3588 1178 suppeditet,

1959 1201 2095 1252 tunc
2124 1214 2238 1251 non
2267 1201 2480 1250 temere
2509 1195 2840 1250 clericorum
2869 1197 2979 1249 illic
3010 1214 3314 1253 numerum
3363 1207 3585 1272 augeat,

1960 1306 2143 1360 neque
2174 1293 2405 1360 propter
2449 1289 2665 1358 aliquas
2703 1288 2845 1342 forte
2891 1289 3210 1345 affectiones
3253 1292 3453 1362 animi,
3491 1300 3589 1348 aut

1961 1383 2220 1453 gratiam,
2242 1382 2564 1452 sumptibus
2592 1382 2772 1452 ipsam
2805 1381 2936 1435 inde
2968 1384 3426 1452 provenientibus
3457 1403 3588 1441 one-

1958 1480 2064 1530 ret.
2093 1477 2282 1546 Neque
2307 1476 2458 1529 enim
2491 1474 2627 1528 talia
2657 1474 2854 1544 pietati
2895 1481 3270 1530 consentanea
3305 1483 3456 1545 sunt,
3487 1484 3588 1533 aut

1959 1569 2243 1622 sacerdote
2271 1568 2464 1638 digna,
2489 1567 2586 1620 sed
2607 1583 2676 1620 ex
2707 1567 2774 1620 iis
2795 1583 2923 1637 quae
2952 1568 3218 1622 Dominus
3249 1571 3397 1624 Deus
3422 1571 3589 1625 dede-

1957 1661 2051 1729 rit,
2084 1677 2185 1731 pro
2210 1659 2566 1714 facultatibus
2599 1661 2954 1730 erogationes
2993 1661 3178 1730 faciat,
3211 1667 3310 1715 aut
3335 1668 3584 1718 veterem

1957 1755 2158 1808 saltem
2182 1753 2652 1808 consuetudinem
2682 1753 2963 1823 observet,
2993 1754 3136 1808 nihil
3159 1755 3384 1825 penitus
3416 1755 3581 1811 inno-

215 1844 436 1915 aliquid
462 1861 656 1900 rerum
683 1863 916 1900 suarum
938 1847 1142 1902 offerre
1165 1847 1412 1901 ecclesiae
1430 1847 1489 1900 in
1509 1863 1623 1918 qua
1637 1847 1859 1904 ordina-
1877 1836 1934 1908 B
1958 1863 2114 1900 vans.

214 1941 336 2003 tur,
363 1943 461 1992 aut
475 1937 602 1993 loco
626 1941 786 2009 cujus
801 1939 1280 2011 dispensationem
1301 1945 1401 1994 aut
1421 1940 1852 1995 sollicitudinem

215 2031 478 2101 suscipit,
521 2048 637 2086 non
681 2032 870 2086 solum
911 2031 966 2086 id
1010 2032 1137 2086 ﬁeri
1174 2049 1288 2086 non
1330 2033 1723 2103 prohibemus,
1757 2034 1854 2088 sed

215 2123 392 2177 etiam
424 2125 791 2180 cohortamur
810 2141 904 2179 eos
927 2128 990 2178 ut
1008 2141 1112 2196 pro
1142 2126 1319 2180 salute
1344 2127 1551 2180 animae
1580 2141 1696 2180 suae
1721 2128 1854 2180 talia

211 2216 448 2270 faciant.
481 2219 590 2271 Nos
619 2218 776 2272 enim
803 2234 868 2273 ea
894 2219 1010 2272 sola
1041 2219 1163 2272 dari
1183 2218 1553 2289 prohibemus
1581 2235 1709 2289 quin
1735 2236 1854 2290 spe-

215 2309 458 2363 cialibus
484 2311 768 2382 aliquibus
795 2312 1124 2382 praebentur
1141 2312 1417 2382 personis,
1444 2329 1556 2366 non
1579 2329 1706 2382 qua
1731 2328 1853 2366 san-

214 2402 322 2456 ctis
351 2403 620 2472 ecclesiis,
649 2410 748 2458 aut
773 2403 892 2458 aliis
917 2405 1333 2459 venerabilibus
1356 2404 1492 2458 locis
1515 2405 1848 2459 offeruntur.

287 2495 345 2550 Si
372 2512 583 2565 servus,
614 2497 825 2551 sciente
854 2497 1085 2550 domino
1113 2504 1168 2552 et
1195 2515 1311 2551 non
1337 2498 1755 2552 contradicente
1792 2497 1850 2551 in

212 2587 434 2642 clerum
457 2589 754 2660 allegatur,
777 2605 842 2642 ex
864 2589 983 2660 ipsa
1001 2589 1293 2644 allectione
1317 2589 1462 2643 liber
1486 2594 1543 2644 et
1571 2589 1852 2661 ingenuus

210 2685 354 2736 esto.
388 2681 529 2734 Nam
543 2682 589 2734 si
609 2682 905 2752 ignorante
933 2682 1164 2736 domino
1191 2682 1509 2736 celebretur
1542 2682 1845 2752 ordinatio,

210 2772 507 2827 licentiam
556 2773 762 2828 habeto
802 2774 1068 2828 dominus
1106 2775 1253 2828 intra
1290 2773 1425 2828 anni
1473 2775 1746 2844 spatium,
1793 2781 1849 2829 et

209 2865 448 2936 quidem
504 2867 672 2920 unius
719 2871 962 2935 tantum,
1005 2866 1296 2921 fortunam
1346 2867 1735 2936 comprobare,
1793 2873 1850 2922 et

211 2973 448 3012 servum
480 2975 648 3013 suum
678 2960 952 3031 recipere.
983 2960 1141 3023 Quod
1171 2959 1215 3012 si
1237 2975 1448 3027 servus,
1476 2959 1589 3013 sive
1617 2959 1846 3025 sciente,

211 3051 333 3106 sive
383 3051 682 3122 ignorante
724 3053 807 3122 (ut
843 3053 1107 3122 diximus)
1157 3052 1407 3120 domino,
1454 3052 1750 3106 allectione
1793 3053 1850 3106 in

207 3145 430 3199 clerum
463 3146 608 3199 liber
640 3146 835 3213 factus,
869 3145 1308 3199 ecclesiasticum
1346 3145 1722 3200 ministerium
1752 3162 1844 3200 re-

207 3237 454 3308 linquat,
503 3239 560 3291 et
592 3238 662 3290 ad
708 3238 1039 3292 szecularem
1085 3238 1256 3292 vitam
1295 3240 1561 3307 transeat,
1613 3239 1846 3292 domino

209 3347 318 3384 suo
351 3331 411 3384 in
451 3331 781 3396 servitutem
825 3330 1083 3384 traditor.
1115 3330 1468 3401 Ascriptitios
1499 3347 1627 3385 vero
1665 3331 1724 3385 in
1759 3332 1846 3385 his

212 3423 352 3476 solis
381 3422 832 3493 possessionibus
862 3439 1106 3493 quarum
1133 3423 1412 3493 ascriptiti
1437 3429 1588 3493 sunt,
1617 3424 1845 3478 clericos

205 3515 354 3568 citra
373 3516 718 3570 voluntatem
745 3515 1114 3569 dominorum
1134 3515 1255 3570 fieri
1273 3516 1652 3582 concedimus,
1678 3533 1743 3570 ea
1768 3522 1844 3570 ta-

204 3621 341 3662 men
371 3607 716 3676 conditione,
744 3613 810 3661 ut
835 3607 1022 3662 clerici
1048 3608 1180 3662 facti
1205 3609 1581 3664 nihilominus
1605 3608 1840 3679 imposi-

204 3705 330 3754 tam
357 3700 461 3754 sibi
481 3699 946 3770 agricolationem
976 3701 1349 3772 adimpleant.

281 3794 336 3849 Si
387 3794 514 3864 quis
551 3793 861 3848 oratorium
893 3795 1251 3860 exstruxerit,
1285 3776 1636 3865 volueritque
1664 3793 1722 3848 in
1774 3811 1841 3848 eo

203 3885 534 3958 promoveri
583 3886 839 3955 clericos,
885 3887 971 3940 vel
1000 3887 1138 3957 ipse,
1184 3887 1271 3941 vel
1319 3887 1573 3942 heredes
1616 3887 1757 3958 ejus,
1797 3887 1842 3941 si

204 3985 441 4050 sumptu
467 3979 578 4051 ipsi
606 3980 822 4034 clericis
857 3979 1306 4045 subministrant,
1336 3985 1392 4034 et
1427 3980 1630 4052 dignos
1657 3981 1841 4035 nomi-

203 4072 486 4141 naverint,
525 4072 803 4126 nominati
845 4072 1200 4128 ordinantor.
1242 4073 1301 4127 Si
1331 4089 1460 4127 vero
1489 4073 1586 4143 qui
1613 4074 1683 4127 ab
1707 4073 1842 4144 ipsis

204 4166 370 4220 electi
395 4171 530 4220 sunt
559 4182 657 4220 eos
683 4169 958 4237 tanquam
986 4165 1255 4236 indignos
1283 4166 1535 4220 ordinari
1554 4167 1695 4220 sacri
1719 4184 1841 4237 pro-

202 4259 487 4313 hibebunt
511 4275 778 4328 canones,
807 4264 943 4313 tunc
983 4259 1238 4313 locorum
1271 4258 1678 4334 sacratissimus
1727 4260 1843 4330 epi-

203 4368 410 4422 scopus
440 4368 533 4406 eos
560 4369 706 4422 quos
732 4351 1151 4422 praestantiores
1204 4351 1485 4422 putaverit
1519 4353 1840 4421 promoveri

204 4461 402 4499 curam
429 4445 601 4515 agito.
633 4445 924 4499 Sancimus
949 4450 1142 4499 autem
1171 4450 1233 4500 ut
1251 4444 1712 4499 reverendissimi
1735 4446 1841 4500 cle-

2030 1941 2183 1994 Unde
2220 1940 2481 1994 convenit
2523 1945 2585 1994 ut
2618 1940 2718 1994 Dei
2748 1940 3123 1994 amantissimi
3160 1939 3495 2010 patriarcha:
3535 1948 3590 1996 et

1953 2034 2376 2102 metropolitani
2403 2033 2460 2086 in
2482 2050 2607 2086 eam
2629 2049 2748 2086 rem
2772 2032 3184 2102 providentiam
3212 2034 3505 2101 collocent,
3529 2040 3586 2089 et

1952 2130 2066 2180 tam
2097 2142 2193 2179 eos
2221 2126 2456 2180 clericos
2485 2126 2769 2197 quimodo
2797 2129 2930 2179 sunt
2957 2141 3025 2178 ea
3049 2125 3234 2179 forma
3255 2126 3582 2196 relinquant

1951 2235 2064 2289 qua
2090 2224 2242 2286 sunt,
2274 2235 2447 2288 quam
2473 2219 2643 2273 etiam
2664 2218 2937 2288 cujusque
2966 2217 3114 2270 inter
3143 2235 3202 2271 se
3225 2219 3473 2272 ecclesiae
3501 2220 3581 2272 vi-

1948 2327 2040 2364 res
2069 2310 2396 2364 metiantur.
2428 2312 2610 2381 Atque
2640 2311 2718 2363 ita
2745 2315 2868 2364 tum
2906 2310 3014 2379 ipsi
3042 2310 3450 2380 religiosissimi
3479 2328 3581 2381 pa—

1949 2402 2211 2456 triarchae
2239 2403 2344 2456 sub
2371 2420 2428 2456 se
2457 2403 2663 2472 positas
2688 2403 2952 2457 ecclesias
2977 2403 3036 2455 in
3075 2403 3335 2456 ordinem
3357 2410 3584 2474 cogant,

1948 2499 2073 2549 tum
2100 2496 2523 2566 metropolitani
2555 2496 2624 2550 de
2660 2496 2771 2550 hoc
2806 2513 2839 2549 a
2866 2495 3302 2566 religiosissimis
3343 2496 3580 2566 patriar-

1950 2588 2071 2641 chis
2091 2588 2388 2654 admoniti,
2421 2592 2478 2642 et
2503 2588 2655 2642 idem
2681 2589 2907 2656 faciant,
2939 2594 2994 2642 et
3021 2604 3218 2642 omnes
3242 2588 3378 2642 alios
3402 2588 3506 2642 sub
3527 2605 3585 2644 se

1949 2681 2276 2734 constitutos
2326 2680 2615 2750 episcopos
2660 2681 2733 2734 ad
2771 2680 2918 2735 hanc
2960 2681 3579 2737 commensurationem

1951 2773 2202 2842 adigant,
2235 2789 2346 2843 quo
2376 2772 2561 2843 magis
2603 2789 2832 2844 operam
2869 2773 3005 2827 dent
3037 2790 3108 2828 ne
3152 2775 3303 2827 ultra
3347 2775 3582 2830 modum

1951 2882 2149 2920 census
2204 2865 2540 2920 clericorum
2577 2865 2962 2920 ordinationes
3019 2865 3323 2920 celebrent.
3367 2868 3583 2922 Scimus

1951 2959 2105 3012 enim
2129 2974 2302 3029 quam
2333 2959 2526 3012 multae
2545 2975 2614 3012 ex
2641 2959 2746 3012 hac
2767 2958 3212 3012 ordinandorum
3239 2963 3295 3014 et
3321 2965 3582 3030 sumptus

1951 3050 2126 3104 effusa
2154 3049 2534 3109 immensitate
2558 3055 2920 3105 sacrosanctae
2966 3051 3215 3106 ecclesia:
3254 3052 3447 3123 inopia
3484 3070 3584 3123 op-

1949 3159 2162 3214 pressae
2190 3144 2321 3211 sint,
2346 3143 2612 3214 quodque
2640 3144 2939 3198 nonnullas
2965 3160 3033 3197 ex
3059 3143 3216 3214 ipsis,
3245 3145 3376 3199 licet
3403 3161 3575 3215 aegre,

1945 3236 2288 3290 servarimus
2315 3239 2535 3300 tamen;
2559 3235 2825 3306 quadam
2849 3252 2981 3290 vero
3009 3235 3326 3290 etiamnum
3357 3243 3578 3291 onustm

1937 3328 2181 3399 jaceant,
2213 3331 2569 3399 nequeuntes
2596 3343 2666 3382 ex
2691 3331 2848 3383 tanta
2875 3344 2934 3382 se
2959 3345 3153 3382 rerum
3197 3329 3465 3400 angustia
3492 3331 3576 3385 ef-

1944 3422 2112 3475 ferre.
2153 3421 2506 3491 Quapropter
2532 3420 2944 3491 providentiam
2992 3420 3051 3474 in
3082 3421 3230 3475 hanc
3258 3439 3381 3476 rem
3410 3423 3571 3478 adhi-

1943 3513 2159 3567 bebunt
2182 3513 2516 3566 sanctissimi
2546 3513 2901 3583 patriarchae,
2931 3518 2986 3567 et
3011 3515 3448 3584 metropolitani,
3483 3533 3579 3572 ne-

1943 3621 2055 3676 que
2076 3621 2196 3659 non
2217 3605 2423 3675 reliqui
2451 3606 2552 3659 Dei
2577 3605 2951 3660 amantissimi
2983 3606 3248 3677 episcopi,
3272 3612 3336 3661 ut
3365 3623 3480 3662 non
3507 3610 3576 3663 de

1943 3697 2031 3751 his
2055 3714 2182 3769 quae
2207 3698 2278 3751 ab
2308 3698 2442 3768 ipsis
2473 3699 2623 3754 facta
2658 3705 2791 3753 sunt
2818 3699 3000 3754 edocti
3027 3715 3120 3753 eos
3155 3700 3572 3770 amplexemur,

1940 3792 2092 3863 quod
2121 3793 2307 3862 legem
2334 3792 2499 3846 nudis
2537 3794 3005 3864 comprehensam
3031 3793 3230 3849 litteris
3259 3795 3393 3865 ipsis
3418 3796 3577 3852 factis

1941 3884 2393 3939 administratam
2420 3885 2793 3940 ostenderint.

2011 3976 2328 4047 Presbyteri
2362 3983 2577 4044 autem,
2607 3983 2663 4032 et
2701 3978 2944 4048 diaconi,
2977 3996 3161 4051 neque
3204 3997 3320 4035 non
3346 3981 3572 4036 subdia-

1941 4070 2090 4136 coni,
2128 4074 2186 4124 et
2221 4070 2478 4138 lectores,
2511 4085 2574 4124 ac
2615 4075 2893 4141 cantores,
2926 4089 3067 4143 quos
3115 4089 3312 4127 omnes
3350 4073 3577 4128 clericos

1939 4163 2308 4234 appellamus,
2335 4167 2401 4217 ut
2426 4179 2516 4217 res
2543 4179 2882 4234 quocunque
2911 4165 3080 4220 modo
3105 4166 3175 4220 ad
3193 4166 3450 4236 ipsorum
3481 4168 3576 4222 do—

1939 4256 2182 4310 minium
2208 4255 2496 4310 devolutas
2532 4256 2634 4310 sub
2660 4259 2934 4326 potestate
2966 4273 3070 4311 sua
3106 4258 3354 4314 habeant
3386 4261 3456 4314 ad
3485 4261 3572 4315 in-

1942 4355 2056 4405 star
2082 4349 2449 4404 castrensium
2482 4348 2854 4419 peculiorum,
2879 4350 3245 4421 praecipimus
3273 4357 3335 4406 ut
3380 4357 3438 4406 et
3481 4354 3576 4408 do-

1940 4459 2075 4498 nare
2101 4459 2193 4497 eas
2220 4442 2460 4513 possint,
2492 4447 2547 4496 et
2574 4441 2644 4496 de
2673 4441 2761 4495 his
2783 4443 2994 4510 testari,
3025 4443 3249 4496 tametsi
3278 4445 3381 4498 sub
3410 4450 3571 4514 pote-

203 4537 310 4592 rici
340 4554 471 4593 suas
513 4538 722 4593 obeant
762 4539 1042 4605 ecclesias,
1090 4543 1146 4592 et
1186 4555 1354 4592 omne
1403 4539 1838 4594 ecclesiasticum
1858 4555 1917 4628 D
1941 4539 2081 4591 state
2108 4540 2406 4606 parentum
2437 4539 2586 4588 sunt.
2617 4537 2697 4588 Ita
2721 4538 2936 4604 tamen,
2969 4538 3034 4588 ut
3061 4533 3270 4588 horum
3310 4535 3428 4601 filii,
3475 4543 3574 4592 aut

204 4631 590 4685 ministerium
608 4631 745 4702 ipsis
765 4635 1090 4702 competens
1112 4629 1405 4700 impleant,
1425 4631 1528 4685 hoc
1548 4633 1840 4703 requiren-

201 4723 356 4778 tibus
378 4727 496 4778 tam
522 4723 964 4795 uniuscujusque
992 4723 1230 4778 civitatis
1271 4723 1692 4793 religiosissimo
1717 4725 1836 4795 epi-

206 4832 396 4887 sc0po,
436 4833 610 4886 quam
663 4817 1065 4885 ecclesiasticis,
1118 4818 1218 4888 qui
1275 4817 1334 4871 in
1378 4833 1604 4888 quoque
1660 4817 1839 4888 gradu

207 4909 524 4980 primatum
563 4909 794 4979 habent,
837 4914 1006 4981 atque
1032 4911 1153 4964 htBC
1193 4927 1308 4964 non
1347 4910 1706 4968 observantes
1736 4909 1839 4964 sub

202 5002 538 5057 canonicam
567 5002 953 5074 redigentibus
980 5020 1296 5058 censuram.
1325 5003 1624 5057 Enimvero
1654 5019 1838 5073 neque

202 5094 408 5149 effusas
433 5094 502 5148 de
521 5097 726 5150 caetero
739 5095 861 5150 ﬁeri
877 5094 1486 5150 reverendissimorum
1506 5095 1839 5149 clericorum

199 5186 587 5242 ordinationes
613 5189 896 5243 convenit.
926 5189 1065 5243 Nam
1090 5183 1243 5259 quod
1273 5205 1451 5259 usque
1482 5188 1666 5242 adhuc
1689 5187 1834 5242 obti-

203 5280 354 5346 nuit,
385 5279 611 5335 tametsi
657 5282 1024 5337 emendatum
1066 5281 1336 5352 oportuit,
1378 5287 1565 5336 tamen
1605 5287 1839 5352 propter

197 5377 430 5443 tempus
451 5373 846 5444 relinquimus.
873 5376 952 5429 De
972 5378 1180 5429 caetero
1196 5377 1388 5429 autem
1415 5390 1528 5428 non
1549 5379 1758 5429 temere
1779 5373 1838 5427 id

197 5464 347 5532 ﬁeri,
379 5482 567 5536 neque
594 5466 653 5520 in
674 5467 950 5521 damnum
966 5473 1451 5522 sacrosanctamm
1474 5467 1837 5521 ecclesiarum

198 5558 403 5612 cedere
433 5558 740 5614 sancimus.
771 5561 904 5624 Quae
942 5561 1123 5630 igitur
1170 5559 1230 5614 in
1257 5559 1586 5630 hujusmodi
1617 5559 1836 5613 casibus

201 5651 353 5705 circa
380 5656 791 5706 sacrosanctam
820 5653 993 5724 regiae
1031 5653 1201 5723 hujus
1227 5658 1434 5708 nostrae
1463 5652 1619 5706 urbis
1658 5651 1834 5706 eccle-

201 5743 370 5814 siam,
400 5750 456 5801 et
479 5749 856 5800 sacrosanctas
890 5745 1150 5800 ecclesias
1188 5746 1295 5801 sub
1336 5746 1478 5818 ipsa,
1509 5760 1693 5815 neque
1721 5761 1835 5798 non

202 5837 346 5893 alias
396 5838 490 5894 hic
546 5838 777 5909 positas,
823 5838 947 5894 ﬁeri
997 5843 1276 5910 oporteat,
1317 5856 1384 5896 ea
1431 5837 1664 5910 speciali
1709 5837 1836 5908 lege

1941 4629 2028 4683 his
2059 4646 2176 4684 non
2219 4627 2672 4696 subsistentibus,
2704 4632 2966 4698 parentes
3003 4643 3201 4683 eorum
3249 4627 3568 4698 legitimam

1939 4723 2255 4792 portionem
2286 4723 2490 4778 ferant.

2012 4815 2510 4871 Reverendissimis
2553 4811 2916 4886 presbyteris,
2963 4817 3018 4866 et
3062 4812 3330 4883 diaconis,
3376 4814 3421 4868 si
3469 4831 3572 4886 pro

1938 4908 2264 4978 pecuniaria
2299 4925 2464 4964 causa
2488 4908 2693 4962 falsum
2721 4905 2928 4960 dixisse
2955 4905 3346 4962 testimonium
3369 4907 3570 4979 depre-

1939 4999 2281 5070 hendantur,
2322 5002 2453 5055 satis
2482 5001 2589 5056 erit
2615 5001 2662 5054 si
2711 5004 3128 5054 tormentarum
3156 5001 3278 5056 loco
3318 5017 3422 5071 per
3459 5006 3573 5055 tres

1937 5109 2116 5146 annos
2144 5109 2178 5146 a
2204 5110 2359 5146 sacro
2381 5094 2697 5149 ministerio
2710 5097 3059 5163 separentur,
3074 5093 3199 5148 etin
3228 5093 3572 5148 monasteria

1937 5185 2251 5240 tradantur.
2305 5187 2412 5239 Pro
2457 5185 2849 5242 criminalibus
2889 5189 3083 5238 autem
3117 5186 3320 5254 causis,
3350 5185 3396 5239 si
3441 5186 3570 5256 quis

1937 5279 2142 5333 falsum
2168 5277 2562 5332 testimonium
2591 5280 2818 5348 dixerit,
2852 5277 3211 5349 praecipimus
3240 5283 3304 5332 ut
3328 5277 3569 5332 clericali

1939 5371 2213 5444 dignitate
2244 5370 2582 5437 denudatus,
2614 5372 2883 5442 legitimis
2913 5370 3092 5444 poenis
3116 5369 3409 5425 subdatur.
3441 5371 3565 5425 Cse-

1938 5464 2044 5520 teri
2074 5480 2227 5528 vero,
2260 5462 2358 5534 qui
2398 5462 2456 5516 in
2501 5461 2624 5515 aliis
2659 5465 3050 5520 ecclesiasticis
3090 5465 3455 5518 recensentur
3481 5480 3566 5518 or-

1937 5557 2181 5623 dinibus,
2205 5557 2250 5610 si
2280 5555 2482 5610 falsum
2509 5553 2905 5609 testimonium
2930 5557 2990 5612 in
3021 5571 3358 5629 quocunque
3383 5571 3564 5626 nego—

1937 5651 2035 5715 tio,
2089 5649 2203 5705 sive
2243 5646 2542 5712 criminali,
2571 5645 2686 5700 sive
2723 5648 3076 5719 pecuniario,
3120 5648 3324 5704 dixisse
3365 5647 3565 5718 depre-

1937 5743 2280 5812 hendantur,
2309 5757 2424 5795 non
2449 5739 2635 5794 solum
2675 5737 2827 5792 clero
2858 5741 2916 5790 et
2958 5741 3158 5795 ordine
3202 5738 3568 5796 ecclesiastico

1938 5835 2296 5904 dejiciantur,
2331 5834 2426 5889 sed
2458 5831 2630 5888 etiam
2657 5827 3033 5899 subjiciantur
3059 5834 3374 5888 tormentis.
