4032 6232
506 337 633 391 1031

1637 329 1891 389 SECULI
1929 330 2121 387 SEXTI
2165 329 2723 390 SUPPLEMENTUM.

3736 324 3878 385 {032

573 441 631 496 Si
654 441 783 513 quis
812 446 1007 498 contra
1036 439 1367 513 quempiam
1392 438 1478 494 vel
1506 440 1796 511 clericum,
1824 440 1911 494 vel
1944 457 2138 495 mona-
2157 456 2217 528 Α
2238 442 2394 512 prius
2423 440 2892 512 metropolitanus
2937 438 3194 511 ipsorum
3233 454 3366 493 cum
3399 436 3525 492 aliis
3551 435 3777 491 duobus
3805 436 3877 489 de

502 536 696 603 chum,
732 535 819 591 vel
860 536 1249 601 diaconissam,
1278 534 1362 589 vel
1405 534 1790 603 monastriam,
1846 533 1935 587 vel
1980 550 2132 588 asce-

501 624 668 679 triam
696 625 900 679 habeat
925 624 1175 695 aliquam
1200 623 1502 690 actionem,
1531 622 1797 678 instruito
1822 622 1980 694 prius
2010 623 2137 677 reli-

503 718 881 788 giosissimum
922 734 986 772 ea
1025 717 1093 771 de
1132 732 1193 769 re
1227 716 1572 787 episcopum,
1618 715 1713 770 cui
1747 716 2135 787 unusquisque

502 812 714 866 horum
741 810 996 866 subditus
1022 814 1124 863 est.
1155 809 1252 863 Hic
1281 815 1473 864 autem
1497 810 1795 881 negotium
1814 810 1963 864 inter
1981 810 2135 880 ipsos

503 905 831 975 disceptato.
861 904 927 957 Et
953 902 1185 973 quidem
1229 903 1274 956 si
1312 906 1548 975 utraque
1587 920 1715 973 pars
1746 902 2015 973 judicatis
2039 919 2132 957 ac-

503 998 757 1069 quiescit,
776 995 1046 1066 jubemus
1070 1001 1137 1051 ut
1161 1012 1265 1067 per
1293 996 1398 1050 loci
1428 996 1832 1067 magistratum
1860 1013 1925 1051 ea
1946 996 2137 1067 plena-

502 1091 603 1145 riae
631 1090 927 1144 tradantur
952 1090 1322 1144 exsecutioni.
1352 1089 1406 1145 Si
1448 1090 1574 1160 quis
1604 1106 1737 1144 vero
1780 1088 2135 1161 litigatorum

502 1183 653 1237 intra
668 1182 864 1237 decem
878 1182 998 1236 dies
1015 1182 1282 1253 judicatis
1321 1183 1696 1251 contradicat,
1714 1187 1847 1237 tunc
1882 1182 2134 1236 locorum

502 1276 866 1348 magistratus
896 1276 1190 1347 negotium
1228 1276 1569 1331 examinato.
1612 1277 1679 1330 Et
1718 1276 1766 1329 si
1797 1275 2137 1348 compererit

500 1374 649 1427 recte
670 1369 1079 1440 judicationem
1106 1370 1518 1441 interpositam,
1547 1387 1646 1424 sua
1663 1369 1833 1424 etiam
1856 1369 2137 1424 sententia

501 1466 648 1519 hanc
672 1464 915 1532 ﬁrmato,
945 1466 1004 1516 et
1018 1463 1270 1533 judicata
1293 1462 1637 1517 exsecutioni
1662 1463 1869 1517 tradito
1899 1479 1912 1516 :
1946 1478 2133 1533 neque

503 1559 719 1613 licitum
748 1561 864 1611 esto
893 1556 946 1610 ei
972 1556 1071 1627 qui
1097 1557 1274 1611 victus
1294 1556 1403 1611 fuit
1418 1557 1627 1611 iterum
1654 1556 1714 1610 in
1739 1555 2021 1626 ejusmodi
2042 1572 2137 1610 ne-

505 1652 658 1724 gotio
688 1667 1013 1723 provocare.
1041 1650 1199 1714 Quod
1232 1650 1278 1703 si
1298 1649 1662 1720 magistratus
1692 1648 1970 1703 sententia
1997 1665 2131 1703 con-

503 1746 674 1801 traria
699 1745 768 1799 sit
794 1743 884 1798 his
911 1760 1039 1814 quae
1063 1760 1095 1796 a
1124 1743 1219 1797 Dei
1245 1742 1647 1797 amantissimis
1672 1741 1944 1813 episcopis
1976 1742 2133 1813 judi-

505 1843 791 1907 catasunt,
815 1842 948 1891 tunc
969 1840 1164 1890 contra
1187 1837 1556 1907 magistratus
1584 1835 1922 1890 sententiam
1946 1836 2136 1890 locum
2155 1818 2212 1893 B

505 1932 710 1987 habeto
720 1931 1062 2002 provocatio,
1076 1934 1243 2001 atque
1258 1946 1323 1983 ea
1334 1930 1646 1984 secundum
1658 1929 1913 1984 ordinem
1943 1930 2134 2000 legum

503 2026 745 2081 refertor
771 2031 827 2079 et
849 2028 1159 2079 exercetor.
1187 2024 1468 2077 Caeterum
1505 2024 1550 2076 si
1584 2022 1878 2093 episcopus
1916 2039 1979 2076 ex
2019 2023 2137 2092 jus-

502 2120 660 2174 sione
696 2117 1000 2189 imperiali,
1041 2117 1127 2171 vel
1150 2116 1450 2187 judiciario
1490 2116 1752 2170 mandato
1781 2115 1931 2170 inter
1976 2132 2137 2186 quas-

504 2226 733 2283 cunque
763 2226 1033 2282 personas
1065 2209 1301 2280 judicet,
1329 2209 1632 2279 appellatio
1667 2209 1737 2263 ad
1784 2209 2136 2279 majestatem

502 2304 949 2377 imperatoriam,
976 2308 1076 2357 aut
1100 2318 1233 2356 eum
1262 2302 1363 2373 qui
1389 2318 1612 2356 causam
1640 2302 1931 2372 deligavit,
1955 2302 2132 2356 refer-

501 2406 614 2454 tor.
641 2402 710 2453 At
734 2398 780 2452 si
805 2402 999 2451 contra
1027 2411 1390 2467 quascunque
1417 2400 1756 2450 memoratas
1781 2396 2133 2451 reverendis-

503 2493 674 2547 simas
723 2507 989 2561 personas
1038 2490 1253 2543 crimen
1298 2489 1595 2557 inferatur,
1644 2489 1931 2559 siquidem
1984 2489 2137 2559 apud

505 2585 835 2656 episcopum
875 2582 1105 2653 aliquis.
1118 2587 1441 2636 acccusatus
1467 2580 1660 2647 fuerit,
1691 2587 1747 2636 et
1766 2581 1813 2635 is
1841 2582 2137 2636 veritatem

503 2678 753 2750 potuerit
789 2675 1233 2747 deprehendere,
1267 2675 1482 2729 honore
1515 2674 1627 2729 sive
1657 2676 1837 2745 gradu
1864 2676 2018 2729 hunc
2044 2691 2132 2730 se-

498 2771 756 2825 cundum
808 2768 1208 2823 ecclesiasticos
1259 2783 1505 2822 canones
1566 2768 1823 2838 dejicito,
1889 2774 2137 2840 tuncque

2237 540 2427 590 sancta
2451 535 2667 607 synodo
2687 533 2963 605 episc0pis
2983 550 3106 587 rem
3133 533 3460 603 dijudicato.
3498 533 3564 585 Et
3586 530 3697 585 nisi
3728 514 3880 584 utra-

2234 644 2347 700 que
2373 646 2504 701 pars
2525 627 2791 699 judicatis
2815 627 3056 696 insistat,
3084 631 3222 682 tunc
3247 625 3606 681 beatissimus
3634 623 3877 695 patriar~

2236 724 2343 777 cha
2376 722 2528 777 illius
2547 721 2847 777 diceeeseos
2871 719 3218 776 audientiam
3246 719 3380 791 ipsis
3405 717 3833 773 accommodato
3858 733 3873 775 ;

2235 820 2291 870 et
2318 815 2412 870 illa
2438 815 2690 884 definito,
2719 831 2848 886 quae
2876 812 3261 868 ecclesiasticis
3287 811 3601 867 canonibus
3631 815 3691 864 et
3736 809 3876 880 legi-

2234 908 2341 964 bus
2377 909 2704 977 concinunt,
2751 912 2953 963 neutra
2980 911 3139 978 parte
3171 905 3464 960 sententiae
3501 904 3626 974 ejus
3651 907 3877 957 contra-

2236 1002 2422 1057 dicere
2458 1006 2733 1073 queunte.
2761 1001 2865 1056 Sed
2895 1006 2951 1055 et
2979 1001 3026 1054 si
3061 1017 3094 1054 a
3135 999 3359 1068 clerico,
3387 1002 3487 1053 aut
3528 1011 3876 1068 quocunque

2235 1094 2344 1149 alio
2368 1099 2567 1149 contra
2595 1093 2925 1165 episcopum
2963 1108 3302 1165 quacunque
3329 1091 3399 1145 de
3441 1106 3611 1144 causa
3649 1088 3753 1143 ﬁat
3780 1088 3873 1141 in-

2234 1187 2577 1258 terpellatio,
2608 1186 2861 1257 primum
2909 1184 3365 1257 religiosissimus
3402 1181 3877 1253 metmpolitanus

2236 1280 2551 1335 secundum
2578 1296 2766 1333 sacros
2789 1295 3034 1334 canones
3059 1284 3118 1333 et
3144 1282 3365 1332 nostras
3391 1277 3546 1348 leges
3570 1274 3875 1345 negotium

2236 1374 2561 1444 dijudicato.
2588 1373 2643 1428 Si
2681 1372 2809 1443 quis
2826 1372 3094 1443 judicatis
3122 1371 3412 1437 reclamet,
3436 1386 3605 1424 causa
3626 1367 3700 1422 ad
3726 1368 3870 1423 bea-

2235 1466 2516 1521 tissimum
2549 1466 2700 1520 illius
2725 1466 3025 1521 diaeceseos
3064 1464 3554 1534 archiepiscopum
3594 1466 3653 1516 et
3690 1461 3871 1531 patri-

2235 1560 2465 1615 archam
2495 1559 2764 1628 defertor,
2794 1563 2851 1614 et
2886 1559 2982 1612 ille
3019 1558 3333 1613 secundum
3358 1571 3605 1611 canones
3630 1558 3688 1608 et
3714 1554 3874 1624 leges

2235 1652 2370 1708 huic
2386 1653 2559 1708 ﬁnem
2578 1652 2865 1708 adhibeto.
2886 1651 3045 1716 Quod
3069 1651 3114 1704 si
3134 1655 3336 1706 contra
3360 1647 3875 1720 metropolitanum

2235 1747 2551 1801 istiusmodi
2588 1745 2969 1817 interpellatio
2989 1744 3274 1817 procedat,
3303 1744 3421 1797 sive
3463 1742 3534 1796 ab
3580 1742 3875 1813 episcopo,

2235 1840 2350 1896 sive
2383 1858 2417 1894 a
2461 1840 2685 1906 clerico,
2712 1844 2811 1893 aut
2837 1853 3178 1910 quacunque
3204 1837 3318 1891 alia
3361 1851 3621 1907 persona,
3651 1834 3866 1888 dioece—

2234 1951 2355 1989 seos
2373 1934 2524 1989 illius
2541 1932 2897 1988 beatissimus
2922 1930 3251 2003 patriarcha
3275 1928 3553 1983 consimili
3575 1928 3747 1982 modo
3779 1943 3874 1980 ne-

2237 2029 2454 2099 gotium
2479 2027 2805 2098 disceptato.
2837 2026 2942 2080 Pro
2966 2024 3399 2096 quibuscunque
3419 2022 3603 2077 causis
3626 2021 3879 2091 denique

2236 2122 2482 2193 episcopi
2507 2120 2940 2187 conveniuntur,
2972 2118 3087 2173 sive
3111 2117 3263 2189 apud
3292 2132 3459 2171 suum
3490 2114 3879 2186 metropolita-

2236 2233 2396 2285 num,
2438 2215 2552 2277 sive
2593 2213 2743 2285 apud
2772 2212 3170 2284 patriarcham,
3199 2210 3313 2265 sive
3340 2209 3490 2281 apud
3525 2208 3666 2263 alios
3710 2223 3878 2278 quos-

2235 2325 2458 2380 cunque
2475 2308 2715 2379 judices,
2744 2307 2899 2361 nulla
2926 2306 2997 2360 ab
3044 2305 3110 2359 iis
3132 2303 3420 2374 ﬁdejussio
3463 2307 3564 2357 aut
3591 2300 3876 2355 confessio

2237 2403 2306 2456 de
2333 2402 2431 2456 lite
2457 2400 2722 2471 exigitor.
2750 2403 2830 2456 lta
2853 2404 3045 2455 tamen
3072 2402 3139 2452 ut
3164 2402 3221 2452 et
3261 2396 3367 2468 ipsi
3412 2395 3676 2450 studeant
3704 2394 3878 2447 illatis

2238 2495 2342 2549 sibi
2370 2493 2821 2549 accusationibus
2846 2509 2905 2547 se
2936 2491 3213 2547 eximere.

2306 2588 2657 2643 (Economos
2675 2602 2828 2655 vero,
2854 2591 2953 2640 aut
2976 2582 3443 2657 ptocbotrophos,
3474 2586 3576 2635 aut
3614 2578 3873 2635 xenodo-

2238 2683 2395 2748 chos,
2426 2686 2526 2735 aut
2556 2696 2907 2749 nosocomos,
2939 2683 2996 2733 et
3034 2677 3275 2732 aliarum
3323 2674 3732 2743 venerabilium
3769 2673 3875 2727 do-

2238 2791 2439 2831 muum
2460 2774 2894 2845 dispensatores,
2914 2787 3102 2843 neque
3121 2786 3237 2825 non
3264 2785 3464 2824 omnes
3487 2768 3625 2823 alios
3643 2766 3879 2821 clericos

503 2869 829 2935 competens
848 2862 1025 2933 judex
1050 2862 1203 2915 hunc
1232 2861 1723 2932 comprehendilo,
1745 2869 1803 2915 et
1826 2862 2135 2917 secundum
2229 2852 2519 2941 jubemus,
2549 2871 2612 2922 ut
2639 2884 2744 2938 pro
2772 2864 3353 2922 administrationibus
3378 2863 3513 2933 ipsis
3538 2863 3879 2918 concreditis

502 2960 659 3028 leges
687 2973 915 3011 causam
957 2955 1299 3020 examinato,
1336 2959 1393 3009 et
1432 2955 1606 3009 ﬁnem
1640 2955 1691 3009 ei
1733 2954 2030 3026 imponito.
2082 2954 2137 3009 Si

501 3068 636 3107 vero
666 3055 957 3104 accusator
983 3049 1139 3120 prius
1164 3047 1386 3103 civilem
1422 3048 1675 3118 judicem
1717 3048 1899 3118 adeat,
1926 3053 1981 3102 et
2026 3048 2134 3102 cri-

503 3161 637 3201 men
662 3143 919 3214 legitima
936 3141 1342 3212 disceptatione
1363 3142 1722 3212 comprobari
1741 3142 1969 3213 poterit,
2002 3146 2137 3196 tunc

504 3239 759 3292 locorum
788 3236 1050 3306 episcopo
1082 3239 1340 3289 actorum
1381 3240 1748 3289 monumenta
1779 3235 2132 3288 intimantor.

506 3333 574 3386 Et
600 3330 645 3383 si
684 3346 750 3384 ex
779 3329 848 3382 iis
884 3327 1198 3381 innotuerit
1226 3327 1514 3397 proposita
1546 3344 1679 3382 eum
1721 3327 1960 3381 crimina
1991 3327 2133 3382 deli-

505 3424 714 3496 quisse,
736 3427 872 3476 tunc
895 3421 1190 3492 episcopus
1205 3420 1326 3491 ejus
1350 3421 1503 3474 hunc
1527 3420 1597 3475 ab
1622 3421 1839 3476 honore
1869 3421 1984 3474 sive
2016 3437 2140 3491 gra-

510 3516 588 3571 du
619 3530 790 3586 quem
818 3518 973 3569 tenet
1017 3513 1332 3567 secundum
1370 3529 1613 3567 canones
1655 3518 1931 3584 separato,
1958 3514 2137 3584 judex

505 3614 697 3665 autem
726 3608 1032 3662 vindictam
1061 3607 1114 3660 ei
1139 3606 1346 3661 inferte
1371 3606 1594 3677 legibus
1618 3612 2063 3678 competentem.

577 3705 785 3757 Verum
829 3701 874 3755 si
903 3700 1203 3772 episc0pus
1226 3700 1508 3771 putaverit
1531 3706 1653 3754 acta
1677 3717 1791 3755 non
1815 3701 1968 3770 juste
1997 3717 2134 3754 con-

505 3795 731 3865 stitisse,
754 3799 887 3848 tunc
914 3794 1131 3848 licitum
1159 3794 1212 3848 ei
1230 3796 1370 3861 esto,
1391 3793 1464 3847 ad
1490 3797 1809 3847 accusatam
1839 3809 2136 3863 personam

506 3890 727 3945 honore
754 3904 855 3943 seu
884 3887 1062 3959 gradu
1082 3887 1501 3954 denudandam,
1531 3903 1754 3941 moram
1775 3887 2139 3957 interponere

507 3983 587 4038 sic
612 3987 824 4043 tamen,
867 3985 930 4035 ut
959 3996 1022 4035 ea
1051 3996 1296 4052 persona
1326 3980 1430 4035 sub
1461 3979 1719 4051 legitima
1762 3980 2141 4034 constituatur

504 4075 891 4146 ﬁdejussione,
939 4079 1110 4145 atque
1152 4074 1232 4128 ita
1278 4090 1446 4128 causa
1495 4077 1611 4127 tam
1664 4089 1767 4143 per
1808 4073 2141 4144 episcOpum

505 4182 680 4239 quam
706 4168 876 4222 etiam
917 4184 1020 4238 per
1048 4168 1301 4237 judicem
1346 4168 1417 4222 ad
1448 4183 1550 4220 nos
1578 4165 1876 4235 referatur,
1907 4170 1970 4220 ut
1994 4167 2139 4220 hanc

507 4266 907 4335 cognoscentes
946 4277 1069 4327 nos,
1109 4277 1238 4331 quae
1274 4260 1439 4314 nobis
1478 4260 1774 4314 videantur
1808 4259 2136 4330 jubeamus.

505 4358 666 4412 Certe
705 4356 750 4409 si
795 4355 922 4427 quis
955 4371 1058 4425 pro
1085 4353 1412 4425 pecuniaria
1450 4369 1616 4407 causa
1653 4357 1846 4408 contra
1892 4352 2139 4424 aliquam

504 4455 957 4505 memoratarum
987 4463 1359 4520 personarum
1387 4446 1717 4518 quampiam
1747 4446 2029 4501 actionem
2046 4447 2142 4500 ha-

2236 2963 2386 3033 apud
2410 2962 2740 3033 episcopum
2767 2975 2956 3029 suum,
2986 2959 3075 3013 cui
3104 2960 3361 3025 subsunt,
3393 2955 3796 3027 respondeant,
3818 2961 3879 3010 et

2239 3055 2740 3110 administrationis
2770 3069 2887 3108 suae
2913 3053 3161 3108 rationes
3188 3050 3450 3116 reddant,
3484 3054 3540 3103 et
3568 3049 3883 3118 exigantur

2237 3150 2388 3221 quod
2415 3165 2483 3203 ex
2510 3148 2645 3219 ipsis
2673 3147 2880 3202 debere
2900 3145 3246 3217 comprobati
3270 3143 3500 3209 fuerint,
3533 3141 3615 3196 illi
3645 3157 3880 3197 venera-

2236 3242 2338 3297 bili
2357 3240 2771 3296 restituendum
2809 3239 3026 3304 domui,
3057 3239 3149 3293 cui
3175 3255 3242 3293 ex
3271 3234 3763 3291 administratione
3784 3236 3879 3289 de-

2235 3335 2420 3390 bitum
2450 3334 2796 3405 apparuerit.
2821 3333 2877 3387 Si
2890 3349 2948 3387 se
2969 3332 3028 3387 in
3054 3331 3336 3402 exigendo
3357 3333 3616 3401 gravatos
3641 3331 3878 3399 putave-

2236 3428 2371 3497 rint,
2393 3426 2864 3498 motr0politanus
2888 3423 3184 3497 negotium
3205 3422 3549 3479 examinato.
3575 3421 3636 3477 Si
3659 3426 3877 3476 metro—

2237 3522 2520 3593 politanus
2546 3520 2740 3591 sitqui
2767 3524 2967 3574 contra
3006 3519 3259 3589 aliquam
3300 3515 3703 3588 prmdictarum
3736 3531 3875 3586 per-

2237 3631 2508 3669 sonarum
2558 3612 2878 3668 istiusmodi
2916 3628 3109 3666 causas
3138 3609 3500 3674 examinavit,
3532 3613 3588 3663 et
3616 3607 3880 3663 debitum

2240 3708 2451 3779 exegit,
2480 3714 2537 3763 et
2561 3724 2593 3761 a
2618 3724 2732 3778 quo
2757 3711 3019 3761 exactum
3050 3710 3155 3773 est,
3182 3704 3229 3759 is
3255 3707 3420 3775 putet
3448 3719 3507 3756 se
3554 3707 3874 3772 gravatum,

2238 3801 2539 3856 diceeeseos
2566 3800 2718 3854 illius
2746 3799 3101 3854 beatissimus
3122 3796 3441 3869 patriarcha
3461 3795 3760 3867 negotium
3787 3795 3876 3849 di-

2239 3898 2509 3965 sceptato.
2560 3894 2750 3964 Neque
2783 3892 2939 3946 enim
2983 3890 3269 3963 praedictis
3312 3890 3571 3961 personis
3613 3888 3876 3943 concedi-

2239 4003 2369 4042 mus
2389 3993 2452 4041 ut
2477 3987 2547 4042 de
2573 3985 2900 4041 memoratis
2925 3985 3106 4039 causis
3154 3988 3285 4038 ante
3315 3981 3794 4038 examinationem
3820 3988 3881 4036 et

2239 4081 2594 4135 exactionem
2643 4079 2819 4133 debiti
2857 4094 2990 4132 suos
3030 4076 3317 4148 refugiant
3360 4076 3670 4147 episcopos,
3712 4080 3765 4129 et
3806 4075 3881 4129 ad

2238 4174 2345 4228 alia
2382 4189 2441 4228 se
2467 4173 2759 4228 conferant
2773 4171 3008 4243 judicia.
3035 4170 3197 4234 Quod
3223 4169 3269 4223 si
3295 4169 3425 4241 quis
3447 4185 3516 4224 ex
3542 4167 3879 4223 ecclesiasti-

2239 4268 2317 4322 cis
2356 4266 2447 4321 cui
2478 4265 2755 4337 ejusmodi
2784 4265 2972 4336 aliqua
2997 4262 3416 4318 administratio
3442 4261 3767 4316 concredita
3791 4267 3883 4316 est

2238 4364 2368 4414 ante
2394 4359 2678 4431 expositas
2704 4358 2951 4413 rationes
2975 4362 3032 4411 et
3050 4355 3239 4411 debita
3260 4355 3542 4427 persoluta
3572 4352 3875 4420 moriatur,

2232 4452 2504 4523 jubemus
2533 4456 2597 4506 ut
2620 4452 2741 4522 ejus
2768 4450 3024 4505 haeredes
3050 4448 3331 4503 consimili
3356 4447 3527 4502 modo
3558 4452 3615 4502 et
3642 4445 3881 4501 redden-

505 4544 658 4610 beat,
678 4547 734 4598 et
758 4543 1052 4615 episcopus
1073 4541 1225 4595 inter
1247 4540 1397 4612 ipsos
1414 4540 1671 4611 judicare
1698 4539 1939 4606 differat,
1970 4539 2140 4593 licen—
2156 4553 2217 4626 Β
2240 4546 2327 4600 dis
2350 4545 2682 4613 rationibus,
2712 4549 2769 4599 et
2792 4543 3181 4599 exactionibus
3209 4541 3438 4596 obnoxii
3467 4540 3600 4594 sint,

505 4638 649 4692 tiam
682 4637 886 4691 habeto
937 4641 1093 4690 actor
1124 4641 1188 4689 ut
1223 4634 1445 4689 civilem
1465 4632 1683 4704 judicet
1719 4634 1902 4689 adeat.
1935 4634 2017 4686 Ita
2051 4637 2136 4687 ta-

506 4746 663 4799 men,
690 4734 754 4784 ut
797 4733 1053 4784 accusata
1089 4744 1334 4799 persona
1359 4727 1513 4782 nullo
1538 4726 1710 4780 modo
1739 4731 1973 4798 cogatur
1997 4725 2138 4780 ﬁde-

498 4826 786 4895 jussorem
813 4823 966 4891 dare,
986 4820 1083 4877 sed
1108 4822 1290 4876 solum
1315 4819 1717 4876 confessionem
1746 4820 1958 4890 absque
1988 4819 2143 4890 jura-

504 4920 702 4972 mento
721 4933 851 4971 cum
878 4915 1344 4987 oppigneratione
1366 4930 1558 4969 rerum
1578 4929 1809 4967 suarum
1834 4928 2140 4983 exponere.

506 5011 563 5067 Si
579 5028 683 5083 pro
704 5009 989 5064 criminali
1015 5025 1181 5063 causa
1206 5008 1485 5063 accusatio
1511 5011 1711 5062 contra
1739 5007 1987 5078 aliquam
2017 5022 2140 5061 me-

507 5109 859 5161 moratarum
902 5119 1274 5175 personarum
1306 5107 1683 5173 proponatur,
1726 5116 1971 5171 persona
2015 5115 2143 5171 quae

507 5202 803 5255 accusatur
827 5197 929 5252 sub
956 5196 1272 5268 legitimam
1297 5194 1724 5265 ﬁdejussionem
1745 5194 2139 5248 constituatur.

507 5294 563 5349 Si
576 5291 1013 5349 ecclesiasticum
1026 5289 1324 5361 negotium
1340 5289 1430 5358 sit,
1450 5289 1666 5342 nullam
1681 5288 2141 5343 communionem

505 5387 753 5441 habento
780 5385 971 5440 civiles
1018 5384 1383 5456 magistratus
1426 5399 1559 5438 cum
1605 5398 1671 5437 ea
1714 5381 2139 5452 disceptatione,

507 5481 602 5536 sed
630 5478 1038 5550 religiosissimi
1063 5477 1312 5549 episcopi
1338 5476 1655 5532 secundum
1686 5492 1872 5530 sacros
1897 5491 2142 5530 canones

507 5573 744 5645 negotio
763 5573 935 5627 tinem
963 5572 1326 5643 imponunto.

580 5672 857 5725 Praeterea
876 5670 922 5724 si
947 5670 1045 5740 qui
1075 5669 1330 5740 ejusdem
1355 5667 1553 5740 synodi
1582 5666 1987 5739 religiosissimi
2012 5666 2135 5737 epi-

512 5763 668 5831 scopi
696 5761 943 5831 aliquam
983 5762 1134 5817 inter
1174 5780 1232 5818 se
1258 5761 1702 5816 controversiam
1728 5760 1991 5827 habeant,
2023 5760 2139 5815 sive

514 5854 582 5909 de
605 5857 735 5924 jure
763 5854 1159 5921 ecclesiastico,
1187 5855 1302 5909 sive
1333 5854 1403 5909 de
1427 5854 1767 5927 quibusdam
1796 5852 1921 5907 aliis
1946 5844 2135 5922 rebus,

2311 4637 2367 4693 Si
2395 4639 2523 4710 quis
2551 4638 2867 4709 episcopus,
2895 4642 2994 4692 aut
3019 4636 3257 4691 clericus
3287 4651 3355 4689 ex
3386 4647 3724 4706 quacunque
3747 4648 3883 4704 pro-

2241 4732 2424 4787 vincia
2449 4731 2938 4802 Constantinopoli
2966 4730 3307 4802 reperiatur,
3327 4734 3384 4783 et
3401 4727 3646 4782 voluerit
3674 4726 3884 4798 aliquis

2242 4830 2438 4880 contra
2487 4825 2674 4896 ipsum
2713 4824 2994 4879 actionem
3046 4837 3387 4895 proponere,
3438 4819 3718 4892 siquidem
3764 4819 3881 4874 litis

2243 4919 2571 4974 contestatio
2592 4918 2654 4973 in
2684 4918 2970 4989 provincia
2990 4918 3060 4972 de
3087 4933 3157 4972 ea
3189 4912 3569 4971 controversia
3590 4912 3738 4968 facta
3768 4915 3877 4978 est,

2242 5012 2359 5067 illic
2400 5013 2470 5066 lis
2505 5012 2795 5083 impletor.
2834 5011 2894 5067 Si
2927 5010 2995 5065 lis
3036 5026 3169 5065 vero
3208 5008 3467 5063 nondum
3509 5006 3698 5078 erepit,
3725 5005 3882 5076 apud

2242 5107 2386 5161 solos
2413 5105 2840 5177 gloriosissimos
2865 5105 3156 5176 praefectos
3180 5101 3578 5174 praetoriorum
3607 5099 3881 5167 Orientis,

2241 5205 2341 5254 aut
2370 5215 2553 5254 sacros
2574 5198 2818 5270 judices,
2840 5198 2939 5270 qui
2968 5215 3001 5251 a
3026 5196 3189 5251 nobis
3214 5194 3471 5266 deputati
3510 5193 3745 5259 fuerint,
3792 5192 3882 5247 his

2242 5293 2342 5366 qui
2362 5308 2493 5348 eum
2521 5292 2868 5347 conveniunt
2890 5290 3248 5363 respondeto.
3276 5286 3754 5344 Reverendissimi
3782 5302 3882 5340 au-

2241 5392 2357 5442 tem
2383 5385 2729 5458 apocrisiarii
2778 5385 3167 5456 cujuscunque
3211 5366 3577 5437 sacrosanctae
3618 5378 3878 5434 Ecclesia:

2242 5481 2340 5552 qui
2356 5480 2415 5534 in
2426 5480 2585 5552 regia
2610 5479 2747 5534 urbe
2759 5479 3180 5542 versantur,aut
3192 5476 3261 5531 ad
3273 5473 3628 5530 beatissimos
3642 5472 3883 5544 patriar-

2242 5574 2375 5629 chas
2397 5575 2509 5629 sive
2544 5572 3007 5645 metrOpolitanos
3031 5588 3065 5625 a
3090 5570 3207 5626 suis
3242 5570 3551 5625 mittuntur
3578 5566 3876 5639 episcOpis,

2243 5684 2428 5739 neque
2453 5684 2557 5739 pro
2582 5667 2697 5722 suis
2718 5665 3012 5738 episcopis,
3038 5679 3225 5737 neque
3243 5678 3349 5735 pro
3370 5660 3602 5733 negotio
3621 5659 3876 5716 Ecclesia:

2244 5777 2360 5816 suae
2368 5765 2486 5828 ,aut
2496 5761 2528 5815 d
2537 5761 2685 5816 ebito
2704 5760 2929 5833 publico
2941 5775 3041 5814 seu
3055 5758 3142 5831 pri
3149 5762 3293 5826 vate,
3308 5756 3598 5811 actionem
3609 5759 3712 5809 aut
3724 5768 3880 5809 exac-

2242 5855 2454 5911 tionem
2473 5855 2724 5928 aliquam
2738 5854 3075 5922 sustinento,
3090 5850 3195 5907 nisi
3216 5849 3553 5906 mandatum
3576 5846 3878 5905 habeanta
