4032 6232
172 334 311 389 1033

996 331 1359 388 JUSTINIANI
1409 326 1737 388 NOVELLE
1771 330 2105 389 SELECTIE.
2148 330 2456 390 NOVELLA
2492 334 2719 390 CXXIII.

3414 336 3551 389 1034

168 440 290 495 suis
314 438 618 511 episcOpis,
636 441 735 493 aut
756 439 1089 509 (economis,
1112 442 1177 495 ut
1195 440 1417 513 aliquos
1443 442 1807 497 conveniant.
1834 465 1893 538 Α
1913 440 2282 496 commissum
2315 444 2419 496 est.
2459 441 2566 505 Qui
2590 457 2722 496 vero
2751 441 2873 496 haec
2899 443 3099 497 contra
3125 440 3351 513 exigere
3383 459 3551 513 spor-

168 535 326 588 Tunc
358 533 515 588 enim
548 532 681 587 solis
706 532 793 586 his
814 532 914 603 qui
930 532 1002 587 ab
1027 533 1164 604 ipsis
1185 535 1624 604 conveniuntur,
1641 536 1813 589 licen-

171 626 318 681 tiam
350 626 573 693 damus,
612 629 674 680 ut
698 626 742 679 si
772 642 947 695 quam
973 627 1259 681 actionem
1282 631 1482 682 contra
1508 628 1813 683 Ecclesiam

171 722 276 773 aut
295 719 630 790 episcopum
656 718 923 785 habeant,
943 722 1145 773 contra
1164 719 1318 791 ipsos
1334 724 1682 791 proponant.
1699 721 1813 775 Sed

172 815 235 865 et
263 812 311 866 si
338 811 409 866 de
438 812 608 866 certis
639 796 813 865 rebus
835 815 935 865 aut
953 812 1276 866 actionibus
1309 812 1523 883 seipsos
1552 812 1815 868 reddide-

170 905 293 959 rint
312 904 592 959 obnoxios
621 921 691 959 eo
712 909 977 976 tempore
1004 920 1119 975 quo
1150 905 1544 976 respondendi
1573 922 1814 959 munere

172 1002 236 1051 et
263 998 554 1069 legatione
582 997 940 1067 defungitur,
964 1014 1060 1053 eas
1079 998 1252 1052 etiam
1279 997 1534 1052 actiones
1554 1015 1682 1069 qua:
1713 1014 1815 1069 pro

172 1090 247 1145 iis
276 1091 641 1146 intentantur
668 1091 1014 1162 excipiunto.
1045 1094 1190 1147 Item
1228 1095 1287 1145 et
1328 1091 1375 1145 si
1424 1091 1675 1163 episcopi
1719 1095 1819 1145 aut

173 1184 369 1238 clerici
395 1200 498 1255 pro
525 1183 754 1239 civitate
782 1201 887 1255 per
912 1200 1142 1239 causam
1168 1184 1492 1255 legationis,
1535 1187 1633 1238 aut
1669 1184 1819 1238 ordi-

177 1276 361 1331 nandi
379 1276 630 1347 episcopi
649 1277 711 1331 in
730 1277 889 1347 regia
910 1278 1069 1344 urbe,
1093 1280 1192 1331 aut
1217 1277 1543 1347 ubicunque
1562 1278 1817 1332 locorum

174 1369 648 1440 peregrinantur,
664 1369 937 1440 jubemus
952 1374 1015 1423 ut
1034 1371 1250 1424 nullam
1263 1370 1368 1440 ipsi
1385 1370 1703 1424 molestiam
1720 1374 1820 1424 aut

177 1462 644 1533 inquietudinem
673 1479 707 1516 a
732 1478 1076 1533 quacunque
1104 1479 1351 1534 persona
1376 1464 1719 1529 sustineant,
1749 1463 1814 1516 li-

177 1555 372 1610 centia
402 1555 682 1610 existente
712 1556 801 1609 his
828 1556 925 1625 qui
955 1573 1014 1610 se
1035 1556 1383 1627 putautillos
1400 1556 1614 1610 habere
1637 1556 1816 1610 obno-

173 1648 315 1715 xios,
355 1654 664 1719 postquam
710 1649 923 1702 reversi
966 1652 1099 1702 sunt
1141 1649 1199 1702 in
1246 1649 1620 1719 provinciam,
1669 1649 1821 1719 ipsos

177 1741 583 1807 conveniendi,
621 1741 777 1796 nullo
828 1742 918 1795 his
955 1741 1055 1812 qui
1094 1758 1152 1796 se
1199 1745 1402 1811 putant
1436 1742 1563 1797 illos
1610 1742 1821 1797 habere

1912 535 2062 588 tulas
2086 535 2532 605 prmsumpserit,
2556 535 2615 587 in
2646 534 2886 605 duplum
2915 534 2972 589 id
3006 534 3162 605 quod
3185 535 3401 605 accepit
3424 552 3553 606 per-

1911 643 2065 681 sonas
2093 644 2126 680 a
2160 644 2271 699 qua
2313 633 2577 682 exactum
2603 631 2689 682 est
2716 627 2952 682 reddere
2981 628 3350 698 compellitor.
3382 629 3449 681 Et
3473 628 3547 682 si-

1914 717 2144 788 quidem
2170 718 2433 772 militiam
2462 718 2651 787 habet,
2683 718 2855 773 etiam
2881 717 3177 789 cingulum
3206 718 3446 773 amittito
3460 736 3479 789 ;
3502 719 3550 772 si

1913 809 2149 864 clericus
2178 811 2371 880 fuerit,
2400 827 2431 865 e
2460 812 2611 866 clero
2638 811 2874 881 ejicitor.

1985 903 2331 973 Presbyteris
2367 920 2521 971 sane,
2573 908 2632 959 et
2674 903 2946 970 diaconis,
2980 908 3036 958 et
3070 903 3464 972 subdiaconis,
3499 910 3556 959 et

1915 996 2180 1050 omnibus
2207 996 2333 1050 aliis
2357 996 2455 1067 qui
2485 997 2544 1051 in
2574 998 2724 1051 clero
2755 996 3009 1051 collocati
3038 1000 3189 1065 sunt,
3219 997 3318 1068 qui
3350 1014 3554 1052 uxores

1915 1088 2228 1143 secundum
2256 1105 2440 1143 sacros
2463 1106 2708 1144 canones
2734 1106 2851 1143 non
2892 1088 3123 1156 habent,
3163 1089 3555 1144 interdicimus

1917 1183 1974 1235 et
1995 1197 2100 1236 nos
2128 1198 2230 1252 pro
2256 1185 2451 1237 tenore
2492 1198 2785 1237 sacrorum
2813 1198 3103 1236 canonum
3139 1198 3211 1235 ne
3251 1182 3554 1237 mulierem

1918 1275 2173 1345 aliquam
2202 1274 2359 1329 domi
2388 1291 2506 1329 suae
2534 1275 2874 1329 adscititiam
2902 1275 3169 1341 habeant,
3201 1279 3437 1346 excepta
3462 1280 3552 1330 ta-

1918 1384 2053 1421 men
2092 1371 2292 1437 matre,
2323 1373 2380 1422 et
2408 1368 2542 1433 ﬁlia,
2575 1374 2631 1422 et
2652 1384 2868 1436 sorore,
2898 1374 2955 1422 et
2984 1368 3109 1422 aliis
3139 1368 3397 1439 personis
3425 1384 3553 1439 qua:

1917 1477 2147 1515 omnem
2180 1462 2559 1532 suspicionem
2586 1460 2884 1532 effugiunt.
2918 1461 2974 1516 Si
3022 1460 3150 1532 quis
3189 1477 3320 1516 vero
3359 1466 3555 1516 contra

1918 1555 2066 1629 hanc
2098 1555 2548 1609 observationem
2581 1555 2881 1609 mulierem
2930 1554 3080 1609 domi
3131 1571 3248 1608 sua:
3297 1555 3558 1609 habuerit

1919 1664 2048 1718 quae
2074 1647 2250 1717 possit
2294 1647 2671 1718 suspicionem
2710 1652 2907 1701 contra
2950 1646 3136 1718 ipsum
3174 1646 3459 1712 inducere,
3500 1650 3558 1700 et

1920 1739 2095 1794 semel
2121 1746 2289 1810 atque
2312 1740 2519 1794 iterum
2547 1741 2635 1794 vel
2664 1757 2698 1794 a
2726 1756 2828 1795 suo
2850 1740 3132 1811 episcopo,
3151 1740 3237 1794 vel
3268 1756 3300 1792 a
3330 1740 3558 1811 collegis

180 1834 466 1889 obnoxios
495 1834 824 1904 praejudicio
862 1835 1194 1905 generando
1215 1834 1534 1905 circalongi
1552 1835 1824 1906 temporis
1845 1831 1902 1902 B
1924 1832 2038 1885 suis
2061 1832 2382 1887 admonitus
2419 1849 2488 1887 ne
2519 1850 2650 1887 cum
2679 1833 2775 1887 tali
2810 1834 3051 1887 muliere
3098 1832 3333 1898 habitet,
3389 1833 3560 1886 domo

179 1926 675 1999 praascriptionem
696 1930 934 1998 propter
952 1927 1012 1981 id
1034 1931 1260 1998 tempus
1280 1927 1433 1998 quod
1456 1927 1513 1981 in
1533 1928 1821 1997 hujusmo.

182 2020 240 2074 di
254 2020 724 2091 peregrinatione
737 2020 1193 2091 produxerint.Si
1211 2020 1443 2091 quando
1456 2037 1629 2074 causa
1643 2038 1823 2075 emer-

182 2114 324 2167 serit
355 2114 729 2183 quamobrem
764 2114 991 2181 clerico,
1023 2118 1122 2167 aut
1153 2114 1457 2180 monacho,
1490 2118 1588 2168 aut
1621 2131 1817 2168 mona-

183 2207 360 2273 striae,
396 2209 496 2260 aut
521 2207 778 2261 ascetrize
801 2207 1189 2277 cujuscunque
1206 2207 1438 2261 tandem
1462 2208 1820 2274 monasterii,

186 2304 245 2354 et
259 2300 511 2354 maxime
532 2300 842 2355 mulierum
872 2317 975 2370 pro
997 2316 1338 2370 quacunque
1360 2300 1687 2371 pecuniaria
1700 2318 1824 2354 cau-

185 2410 266 2459 sa,
305 2393 421 2446 sive
462 2393 708 2463 publica,
749 2393 864 2447 sive
895 2392 1136 2463 privata,
1190 2393 1384 2447 citatio
1422 2394 1508 2448 vel
1542 2394 1825 2448 exsecutio

185 2486 488 2551 inferatur,
504 2486 778 2555 jubemus
802 2490 867 2541 ut
892 2486 1034 2539 citra
1058 2486 1465 2540 contumeliam
1486 2490 1695 2541 etcum
1718 2487 1821 2542 ho-

186 2596 332 2634 nore
380 2596 494 2650 quo
541 2579 706 2633 decet
745 2578 938 2633 citatio
984 2581 1071 2633 vel
1119 2579 1404 2634 exsecutio
1456 2580 1823 2651 expediatur,

188 2673 346 2727 nulla
373 2678 575 2727 tamen
608 2672 927 2727 monastria
968 2676 1066 2727 aut
1097 2672 1339 2727 ascetria
1389 2688 1419 2725 e
1472 2674 1825 2728 monasterio

187 2765 580 2833 abstrahatur,
606 2764 709 2819 sed
744 2769 1084 2836 procurator
1109 2767 1181 2821 ab
1212 2767 1279 2820 iis
1303 2765 1704 2834 constituatur,
1729 2766 1825 2837 qui

188 2858 259 2912 de
304 2874 374 2913 eo
414 2857 646 2928 negotio
685 2858 1054 2929 respondeat.
1106 2858 1393 2913 Monachis
1441 2874 1574 2912 vero
1611 2858 1827 2912 licitum

189 2954 313 3005 esto
374 2950 637 3021 proprias
680 2954 780 3004 aut
815 2951 1147 3006 monasterii
1190 2967 1411 3017 causas,
1456 2950 1571 3005 sive
1605 2968 1711 3022 per
1745 2968 1826 3018 se,

187 3042 304 3097 sive
328 3058 434 3113 per
459 3046 894 3112 procuratorem
921 3059 1117 3114 agere.
1158 3043 1380 3098 Scituro
1397 3044 1592 3114 judice
1619 3046 1719 3098 aut
1742 3060 1830 3098 ex-

190 3139 455 3190 secutore
473 3135 571 3205 qui
590 3136 648 3189 in
670 3136 790 3190 haec
808 3137 1209 3207 prmvaricatus
1229 3136 1420 3204 fuerit,
1451 3137 1607 3208 quod
1626 3140 1683 3191 et
1707 3137 1826 3191 cin-

190 3230 326 3299 gulo
345 3227 752 3298 denudabitur,
781 3232 839 3282 et
865 3246 969 3300 per
990 3229 1623 3299 magniﬁcentissimum
1648 3230 1826 3285 comi-

192 3326 310 3377 tem
345 3338 539 3375 rerum
564 3320 913 3392 privatarum
941 3322 1012 3376 ab
1041 3339 1110 3377 eo
1137 3322 1390 3394 quinque
1417 3322 1692 3379 librarum
1707 3323 1831 3377 auri

193 3431 364 3486 poena
390 3415 671 3484 exigetur,
690 3419 1022 3469 exsecutore
1048 3414 1313 3469 videlicet
1343 3419 1470 3470 utra
1494 3416 1616 3471 haec
1641 3421 1696 3471 et
1722 3420 1833 3471 tor-

194 3511 399 3562 menta
428 3507 705 3574 subituro,
729 3510 787 3561 et
811 3507 870 3562 in
898 3508 1157 3562 exsilium
1183 3508 1483 3563 mittendo.
1501 3509 1828 3579 Religiosis-

192 3601 354 3655 simis
372 3600 635 3655 locorum
660 3600 936 3672 episcopis
962 3601 1383 3672 providentiam
1408 3602 1751 3657 adhibituris
1768 3605 1835 3657 ut

194 3694 339 3748 nihil
364 3693 454 3747 his
479 3693 833 3748 contrarium
862 3694 992 3761 ﬁat;
1020 3700 1119 3749 aut
1146 3695 1191 3748 si
1210 3694 1352 3766 quid
1373 3694 1757 3766 delinquatur,
1770 3698 1835 3749 ut

194 3786 475 3859 praedicta
510 3787 648 3841 ultio
689 3786 985 3857 procedat.
1019 3787 1129 3843 Sed
1171 3788 1216 3840 si
1253 3787 1621 3858 magistratus
1661 3788 1830 3842 ultio-

195 3897 335 3934 nem
358 3880 618 3950 irrogare
648 3878 899 3947 differat,
940 3880 1241 3951 episcopus
1279 3896 1407 3935 eam
1445 3897 1567 3934 rem
1617 3880 1691 3935 ad
1736 3898 1834 3936 no-

196 3978 376 4027 stram
407 3972 699 4027 scientiam
725 3973 959 4027 referto.

272 4066 676 4137 Sportularum
689 4068 884 4120 autem
898 4065 1131 4120 nomine
1146 4066 1365 4121 nullam
1377 4083 1687 4138 personam
1704 4084 1832 4138 quae

196 4161 256 4214 in
274 4175 621 4230 quocunque
643 4158 1024 4213 ecclesiastico
1039 4162 1407 4214 recensentur
1424 4160 1649 4227 ordine,
1675 4160 1832 4215 insu-

198 4269 307 4325 per
339 4268 530 4323 neque
567 4251 966 4318 diaconissam,
1008 4268 1196 4323 neque
1233 4254 1604 4321 monachum,
1646 4270 1834 4325 neque

199 4345 525 4411 ascetriam,
555 4361 744 4415 neque
777 4344 1177 4412 monastriam,
1220 4346 1279 4399 in
1322 4347 1439 4401 ulla
1468 4346 1747 4401 criminali
1778 4351 1836 4401 et

196 4438 536 4509 pecuniaria
548 4455 738 4505 causa,
766 4437 1153 4509 cujuscunque
1173 4440 1510 4510 quantitatis
1521 4440 1834 4508 fuerit,sive

196 4530 597 4598 aclerico,sive
616 4531 687 4584 ab
705 4531 898 4600 aliquo
920 4530 979 4584 in
993 4530 1260 4585 militiam
1281 4533 1481 4586 allecto
1500 4533 1834 4589 citationem
1854 4558 1914 4631 D

196 4623 531 4693 suscipiant,
564 4624 679 4677 sive
719 4623 779 4677 in
810 4623 969 4693 regia
1000 4623 1157 4692 urbe,
1188 4624 1300 4679 sive
1325 4625 1384 4679 in
1416 4628 1741 4696 provinciis,
1776 4627 1834 4681 in

195 4716 409 4789 quibus
428 4716 666 4788 degunt,
693 4718 840 4771 ultra
872 4720 1116 4787 quatuor
1145 4718 1381 4789 siliquas
1408 4718 1546 4773 dare
1578 4720 1839 4775 concedi-

196 4826 353 4863 mus.
384 4808 493 4865 Sed
522 4809 566 4862 si
591 4809 720 4880 quis
736 4812 1032 4864 exsecutor
1059 4814 1257 4865 nostra
1277 4811 1554 4881 jussione,
1587 4815 1687 4866 aut
1714 4830 1834 4867 ma-

206 4903 504 4974 gistratus,
534 4905 634 4956 aut
662 4902 975 4957 beatissimi
995 4903 1333 4974 patriarchae
1359 4904 1567 4960 missus
1594 4904 1651 4959 in
1697 4906 1838 4960 alias

200 4995 552 5067 provincias,
570 4996 740 5051 alicui
758 5000 1205 5051 memoratarum
1225 5014 1597 5068 personarum
1621 4999 1841 5053 citatio-

199 5106 341 5144 nem
368 5089 596 5156 inferat,
617 5106 733 5144 non
754 5090 905 5144 ultra
921 5106 1098 5144 unum
1117 5091 1362 5145 solidum
1381 5092 1655 5147 aufertur.
1677 5091 1840 5156 Quod

200 5182 248 5236 si
275 5182 335 5236 in
352 5199 470 5236 una
497 5185 556 5236 et
579 5182 788 5236 eadem
818 5198 987 5238 causa
1014 5185 1222 5238 multos
1252 5201 1321 5238 ex
1351 5185 1681 5240 memoratis
1708 5201 1837 5256 per-

201 5276 360 5330 sonis
388 5275 552 5330 citari
578 5275 898 5347 contingat,
931 5276 1117 5331 unicae
1154 5279 1555 5334 tantummodo
1583 5295 1840 5351 personae

200 5369 487 5439 sportulas
511 5385 617 5440 pro
639 5368 909 5423 omnibus
936 5370 1146 5426 auferri
1174 5371 1477 5427 sancimus.
1530 5374 1842 5445 Episcopus

202 5466 404 5516 autem
434 5478 537 5532 pro
565 5462 735 5516 rebus
765 5463 1014 5518 ecclesiae
1035 5482 1149 5520 suae
1172 5465 1387 5519 nullam
1407 5467 1839 5536 aggressionem

202 5558 308 5611 aut
333 5554 796 5626 inquietudinem
828 5557 1123 5612 sustineto.
1161 5558 1442 5628 Sportula:
1471 5561 1616 5614 vero
1645 5560 1717 5614 ab
1750 5576 1840 5628 eo,

205 5664 400 5721 neque
433 5648 478 5702 si
508 5664 706 5702 rerum
733 5665 967 5704 suarum
998 5650 1234 5705 nomine
1262 5652 1486 5717 citetur,
1516 5653 1838 5722 exiguntor,

204 5743 464 5799 actiones
487 5741 703 5797 scilicet
735 5748 1065 5814 quaacontra
1084 5744 1389 5799 Ecclesiam
1418 5751 1839 5817 proponuntur,

211 5836 629 5909 excipientibus
657 5837 994 5905 oeconomis,
1023 5840 1123 5892 aut
1157 5836 1265 5892 illis
1291 5838 1499 5910 quibus
1530 5839 1591 5893 id
1628 5840 1844 5911 negotii

536 5933 815 5998 PATROL.
861 5932 1097 5998 LXXII.

1923 1942 2047 1979 eam
2085 1942 2186 1978 sua
2216 1925 2416 1995 ejicere
2448 1926 2714 1989 noluerit,
2745 1931 2844 1981 aut
2870 1931 3199 1997 emergente
3235 1931 3558 1980 accusatore

1923 2017 2195 2089 probatus
2213 2019 2384 2072 fuerit
2401 2020 2697 2081 inhoneste
2719 2036 2850 2073 cum
2871 2020 2971 2073 tali
3008 2020 3245 2075 muliere
3273 2037 3558 2075 conversa-

1924 2112 1991 2177 ri,
2035 2115 2169 2165 tunc
2193 2112 2493 2183 episcopus
2527 2113 2648 2182 ejus
2695 2111 3011 2166 secundum
3038 2114 3434 2168 ecclesiasticos
3464 2131 3556 2167 ca-

1925 2224 2099 2262 nones
2127 2209 2275 2262 clero
2306 2208 2491 2279 ipsum
2527 2209 2734 2279 ejicito,
2756 2209 2925 2263 curiae
2950 2209 3071 2279 ejus
3100 2210 3358 2278 civitatis,
3374 2213 3557 2282 inqua

1924 2301 2158 2356 clericus
2185 2301 2314 2369 fuit,
2350 2302 2705 2356 tradendum.
2746 2302 3084 2373 Episcopum
3116 2307 3309 2358 autem
3337 2305 3557 2359 nullam

1924 2394 2159 2448 omnino
2186 2394 2490 2449 mulierem
2516 2395 2743 2463 habere,
2773 2399 2872 2449 aut
2895 2411 3026 2448 cum
3049 2411 3117 2449 ea
3148 2396 3400 2451 habitare
3426 2414 3559 2452 con-

1925 2486 2197 2541 cedimus.
2241 2487 2348 2542 Sed
2383 2486 2430 2541 si
2468 2487 2528 2541 id
2565 2488 2758 2541 minus
2800 2487 3119 2542 observasse
3161 2490 3560 2561 comprobatus

1925 2579 2115 2649 fuerit,
2149 2580 2482 2651 episcopatu
2506 2580 2780 2651 dejicitor.
2814 2582 2932 2651 Ipse
2963 2580 3117 2635 enim
3143 2581 3393 2653 seipsum
3434 2583 3555 2655 epi-

1927 2678 2159 2742 scopatu
2172 2672 2473 2743 indignum
2485 2676 2911 2727 commonstrat.
2932 2673 3314 2729 Diaconissam
3334 2692 3560 2747 quoque

1927 2765 2082 2818 nulla
2118 2765 2334 2819 ratione
2374 2782 2504 2820 cum
2531 2765 2653 2820 viro
2679 2782 2747 2820 ex
2774 2782 2889 2837 quo
2923 2766 3235 2821 inhonestae
3265 2768 3395 2822 vitae
3423 2770 3558 2823 sub-

1928 2858 2062 2912 oriri
2093 2862 2275 2928 potest
2300 2858 2540 2929 suspicio
2589 2858 2845 2912 habitare
2885 2859 3272 2913 concedimus.
3310 2860 3473 2923 Quod
3512 2862 3561 2916 si

1929 2951 2052 3004 haac
2079 2968 2196 3005 non
2217 2950 2617 3016 observaverit,
2649 2951 2911 3006 sacerdos
2931 2951 3020 3005 cui
3047 2952 3271 3007 subdita
3297 2960 3383 3007 est
3411 2954 3558 3009 hanc

1928 3044 2249 3109 admoneto,
2272 3049 2335 3098 ut
2363 3044 2628 3099 omnibus
2653 3045 2839 3098 modis
2868 3045 3035 3098 talem
3059 3045 3247 3100 virum
3268 3048 3434 3101 domo
3455 3064 3561 3102 sua

1930 3137 2135 3207 ejiciat.
2164 3137 2220 3192 Si
2247 3137 2353 3191 hoc
2379 3137 2562 3191 facere
2589 3138 2829 3207 differat,
2848 3139 3223 3194 ecclesiastico
3243 3141 3560 3196 ministerio

1930 3234 1989 3285 et
2016 3231 2131 3284 suis
2158 3230 2400 3302 spoliata
2439 3231 2650 3300 diariis,
2682 3231 2744 3285 in
2770 3233 3186 3287 monasterium
3215 3235 3471 3305 traditor,
3504 3241 3561 3290 et

1930 3323 2045 3377 illic
2071 3339 2240 3378 omne
2259 3323 2385 3378 vitae
2413 3340 2528 3378 sua:
2558 3327 2786 3396 tempus
2805 3325 2876 3380 ad
2892 3325 3065 3380 ﬁnem
3093 3343 3272 3398 usque
3294 3327 3559 3399 transigi-

1932 3422 2011 3483 to,
2051 3417 2212 3471 bonis
2239 3417 2383 3489 ejus,
2413 3417 2459 3471 si
2487 3417 2632 3471 ﬁlios
2656 3418 2880 3485 habeat,
2927 3419 3075 3474 inter
3111 3420 3291 3490 ipsam
3330 3426 3386 3476 et
3436 3421 3564 3476 illos

1932 3525 2036 3580 pro
2065 3526 2442 3580 personarum
2479 3527 2719 3565 numero
2758 3511 3096 3578 dividendis,
3140 3518 3201 3567 ut
3236 3514 3564 3583 portionem

1931 3619 2059 3673 qua:
2078 3602 2183 3673 ipsi
2210 3603 2432 3657 mulieri
2459 3604 2735 3674 competit
2753 3604 3161 3659 monasterium
3182 3607 3476 3677 percipiat,
3508 3613 3565 3663 et

1932 3712 2059 3750 eam
2089 3697 2219 3751 alat.
2252 3696 2307 3750 Si
2330 3695 2479 3750 ﬁlios
2506 3712 2621 3750 non
2645 3696 2869 3762 habeat,
2892 3696 3076 3750 omnis
3106 3698 3226 3768 ejus
3252 3699 3565 3755 substantia

1933 3789 2081 3843 inter
2103 3788 2512 3843 monasterium
2534 3788 2593 3843 in
2610 3789 2762 3860 quod
2789 3788 3090 3859 conjicitur
3113 3794 3170 3843 et
3190 3791 3479 3845 ecclesiam
3504 3793 3565 3848 in

1932 3898 2108 3953 quam
2128 3882 2285 3952 prius
2302 3880 2562 3936 ordinata
2582 3882 2691 3936 fuit
2710 3881 2887 3952 aequis
2905 3882 3259 3953 portionibus
3278 3884 3561 3943 dividitor.

1934 3974 1988 4029 Si
2013 3974 2140 4045 quis
2157 3991 2288 4029 cum
2312 3974 2505 4029 divina
2531 3974 2799 4045 mysteria
2814 3980 2913 4029 aut
2935 3975 3044 4029 alia
3064 3992 3225 4030 sacra
3251 3977 3567 4034 ministeria

1935 4068 2310 4137 celebrantur,
2342 4073 2593 4123 sanctam
2620 4068 2909 4139 ingressus
2952 4070 3266 4140 ecclesiam,
3313 4071 3398 4126 vel
3442 4073 3564 4144 epi-

1935 4178 2124 4233 scopo,
2160 4161 2249 4215 vel
2279 4161 2511 4230 clericis,
2546 4162 2633 4216 vel
2665 4161 2789 4216 aliis
2813 4162 3092 4218 ministris
3116 4164 3386 4232 ecclesias,
3427 4182 3564 4221 con-

1934 4254 2180 4309 tumeliae
2191 4254 2405 4325 aliquid
2423 4254 2701 4322 intulerit,
2718 4255 2990 4326 jubemus
3007 4261 3070 4311 ut
3097 4256 3143 4310 is
3155 4262 3439 4312 tormenta
3450 4276 3567 4315 sus-

1934 4347 2130 4417 tineat,
2182 4353 2238 4402 et
2273 4348 2332 4402 in
2365 4348 2631 4409 exsilium
2655 4349 2934 4404 mittatur.
2961 4350 3117 4413 Quod
3145 4350 3191 4403 si
3216 4350 3341 4420 ipsa
3387 4352 3565 4407 etiam

1936 4441 2121 4495 divina
2150 4441 2438 4512 mysteria,
2467 4447 2566 4497 aut
2589 4458 2746 4496 sacra
2779 4442 3087 4496 ministeria
3117 4442 3449 4510 turbaverit,
3468 4451 3568 4500 aut

1936 4533 2211 4588 celebrari
2241 4534 2614 4604 prohibuerit,
2642 4534 2864 4605 capitali
2890 4534 3166 4606 supplicio
3184 4535 3563 4593 aflicitor.Eo-

1936 4627 2065 4682 dem
2102 4627 2208 4681 hoc
2234 4632 2291 4681 et
2334 4626 2393 4681 in
2436 4626 2940 4697 supplicationibus
2977 4627 3218 4697 publicis
3260 4628 3320 4682 in
3363 4630 3570 4701 quibus

1936 4719 2183 4792 episcopi
2203 4724 2301 4773 aut
2325 4718 2513 4774 clerici
2540 4718 2910 4773 inveniuntur
2935 4720 3319 4791 custodiendo,
3350 4728 3412 4777 ut
3448 4724 3572 4796 qui-

1937 4814 2088 4883 dem,
2119 4813 2166 4868 si
2192 4813 2466 4868 dnntaxat
2498 4812 2901 4868 contumeliam
2927 4813 3149 4882 fecerit,
3182 4818 3486 4873 tormentis
3514 4823 3572 4875 et

1938 4907 2133 4961 exsilio
2150 4908 2440 4975 tradatur;
2471 4907 2516 4961 si
2541 4906 3012 4978 supplicationem
3034 4908 3320 4979 publicam
3341 4912 3573 4983 dissipa-

1940 4999 2086 5053 verit
2114 5000 2433 5071 periculum
2463 4999 2663 5071 capitis
2697 4999 2993 5055 sustineat.
3026 5004 3209 5073 Atque
3233 5003 3355 5058 haec
3385 5005 3567 5059 vindi-

1940 5107 2066 5146 care
2081 5093 2372 5162 jubemus,
2398 5111 2512 5148 non
2532 5098 2759 5149 tantum
2781 5094 2993 5161 civiles,
3021 5095 3124 5149 sed
3157 5096 3332 5151 etiam
3358 5096 3568 5151 milita-

1939 5201 2032 5239 res
2056 5184 2439 5255 magistratus.
2459 5186 2741 5242 Omnibus
2763 5192 2957 5243 cutem
2984 5188 3140 5242 laicis
3168 5188 3569 5245 interdicimus

1943 5294 2015 5332 ne
2031 5277 2477 5349 supplicationes
2494 5280 2748 5349 publicas
2767 5284 3054 5354 peragant
3073 5280 3195 5335 sine
3216 5268 3577 5352 religiosissi-

1943 5371 2052 5425 mis
2079 5371 2378 5442 episcopis,
2411 5374 2468 5425 et
2489 5372 2588 5443 qui
2632 5372 2735 5427 sub
2784 5375 2865 5427 eis
2905 5378 3038 5429 sunt
3079 5375 3571 5432 reverendissimis

1942 5464 2180 5520 clericis.
2199 5466 2499 5529 Quomodo
2517 5466 2669 5520 enim
2701 5467 3038 5536 supplicatio
3066 5469 3292 5540 publica
3308 5486 3429 5524 esse
3451 5474 3574 5541 pot-

1945 5562 2049 5627 est,
2072 5559 2131 5613 in
2151 5575 2258 5630 qua
2274 5559 2599 5614 sacerdotes
2620 5575 2734 5612 non
2758 5558 3151 5630 inveniuntur,
3172 5563 3266 5634 qui
3286 5564 3572 5618 solemnes

1943 5670 2139 5724 preces
2160 5653 2475 5723 peragant?
2497 5651 2609 5715 Sed
2628 5654 2685 5704 et
2701 5652 3058 5706 venerabiles
3070 5671 3287 5724 cruces,
3307 5674 3433 5711 cum
3453 5657 3576 5728 qui-

1944 5745 2049 5799 bus
2063 5745 2389 5799 sacerdotes
2404 5745 2464 5797 in
2485 5742 3432 5817 supplicationibusingrediuntur,
3456 5766 3573 5805 non

1945 5839 2083 5894 alibi
2103 5855 2276 5910 quam
2305 5838 2361 5891 in
2394 5835 2815 5892 venerabilibus
2844 5835 2979 5890 locis
3008 5850 3394 5909 reponuntor;
3436 5847 3495 5898 et
3529 5843 3575 5904 si

3179 5942 3256 5999 33
