4032 6232
486 313 624 374 1035

1596 315 1847 370 S/ECULI
1886 314 2075 371 SEXTI
2114 312 2666 372 SUPPLEMENTUM.

3718 316 3854 373 l036

478 424 716 495 quando
739 440 875 478 usus
890 421 1258 495 postulaverit
1277 423 1345 476 ad
1368 421 1729 476 celebrandas
1752 422 2113 493 supplicatio-
2137 434 2197 508 Α
2217 423 2471 493 quandiu
2515 429 2704 477 tamen
2747 424 2801 478 in
2834 423 3175 479 monasterio
3214 424 3388 495 degit.
3420 426 3527 478 Res
3551 440 3684 479 vero
3711 441 3854 494 quas

486 534 607 583 nes,
629 522 765 572 tunc
793 518 975 571 solum
999 517 1148 588 ipsas
1171 530 1366 569 cruces
1385 514 1446 567 hi
1468 514 1568 584 qui
1594 530 1665 568 ex
1689 530 1851 569 more
1880 531 1972 569 eas
1989 532 2117 587 por-

492 614 614 665 tare
658 610 841 665 solent
869 610 1209 680 accipiunto,
1240 612 1297 662 et
1324 623 1454 661 cum
1498 607 1775 679 episcopis
1805 625 1870 662 ac
1899 608 2115 663 clericis

488 703 924 774 supplicationes
938 700 1276 769 celebrante,
1292 701 1413 755 haec
1427 701 1872 755 custodientibus
1885 701 2117 756 sanctis-

491 796 647 850 simis
670 797 925 850 locorum
946 793 1221 865 episcopis
1240 794 1410 847 simul
1437 796 1492 847 et
1514 793 1650 865 ipsis
1670 794 1905 862 clericis,
1927 810 2114 866 neque

491 905 607 943 non
645 888 723 942 ibi
750 889 1000 941 locorum
1031 886 1475 956 magistratibus.
1506 887 1564 941 Si
1591 886 1717 958 quis
1742 902 1876 942 vero
1906 887 1966 941 in
2004 887 2114 942 hoc

483 981 666 1052 capite
696 979 991 1050 praesentis
1018 983 1225 1032 nostrae.
1252 979 1395 1050 legis
1420 980 1677 1051 vigorem
1697 980 1783 1034 vel
1805 984 2115 1051 transgres-

482 1090 575 1128 sus
617 1072 810 1141 fuerit,
858 1072 945 1126 vel
988 1088 1102 1126 non
1156 1072 1532 1141 vindicaverit,
1578 1073 1873 1143 praedictas
1921 1090 2114 1144 poenas

482 1164 801 1219 sustinebit.
848 1164 1149 1236 Reliquum
1185 1171 1269 1219 est
1308 1166 1472 1220 nobis
1501 1169 1560 1220 et
1597 1166 1666 1221 de
1692 1166 2113 1222 venerabilibus

481 1258 840 1312 monasteriis
865 1263 920 1311 et
950 1257 1020 1311 de
1048 1258 1528 1312 reverendissimis
1568 1260 1858 1313 monachis
1898 1262 2112 1313 certam

480 1351 786 1406 formulam
799 1351 1189 1422 praascribere.
1208 1351 1347 1405 Illud
1364 1351 1543 1422 igitur
1553 1357 1684 1406 ante
1703 1358 1907 1407 caetera
1925 1352 2115 1408 dicen-

481 1445 637 1511 dum,
667 1448 733 1499 ut
762 1461 863 1514 per
890 1460 1061 1499 omne
1088 1460 1293 1513 aevum,
1323 1449 1379 1499 et
1398 1445 1609 1516 ubique
1630 1451 1911 1500 terrarum
1934 1445 2114 1501 nostri

480 1538 727 1609 imperii,
765 1537 812 1591 si
839 1553 1096 1608 unquam
1122 1537 1326 1608 aliquis
1351 1538 1669 1593 venerabile
1700 1538 2113 1603 monasterium

479 1631 757 1686 aediﬁcare
780 1631 1040 1699 voluerit,
1076 1647 1189 1684 non
1215 1631 1371 1701 prius
1398 1631 1520 1702 ejus
1549 1631 1751 1703 agendi
1774 1631 2001 1687 licentia
2019 1632 2109 1702 sit,

481 1740 655 1795 quam
683 1724 782 1778 Dei
810 1723 1261 1777 amantissimum
1290 1724 1541 1778 locorum
1571 1724 1901 1796 episcopum
1924 1740 2110 1779 accer-

483 1823 587 1885 sat,
618 1815 717 1887 qui
743 1821 800 1870 et
814 1832 1017 1869 manus
1046 1816 1103 1869 in
1126 1816 1335 1871 coelum
1366 1817 1690 1888 protendat,
1720 1822 1776 1871 et
1805 1833 1973 1888 prece
2014 1833 2113 1871 sua

478 1910 668 1965 locum
699 1911 810 1962 Deo
829 1912 1138 1975 consecret,
1165 1909 1280 1964 ﬁxo
1308 1909 1369 1963 in
1397 1925 1463 1964 eo
1494 1909 1694 1964 salutis
1724 1913 1929 1965 nostra:
1950 1909 2113 1981 signo

486 2004 708 2073 (nempe
735 2002 1081 2056 adorandam
1107 2001 1265 2055 illam
1293 2005 1349 2055 et
1376 2018 1508 2057 vere
1544 2002 1858 2073 preciosam
1886 2018 2113 2057 crucem

482 2094 770 2163 dicimus),
786 2094 977 2165 sicque
997 2093 1355 2149 aadiﬁcationi
1376 2095 1541 2150 detur
1551 2095 1799 2163 initium,
1816 2111 1946 2149 cum
1970 2111 2113 2166 prai—

479 2188 697 2243 clarum
720 2186 860 2241 illud
889 2190 947 2241 et
962 2187 1273 2243 condecens
1298 2188 1737 2243 fundamentum
1758 2188 1980 2259 jecerit.
2008 2189 2109 2241 At-

478 2298 591 2353 que
609 2282 712 2335 hoc
729 2280 958 2352 quidem
981 2280 1324 2352 principium
1352 2280 1462 2352 pia:
1489 2280 1898 2336 venerabilium
1918 2296 2113 2336 mona-

479 2375 787 2429 steriorum
812 2373 1208 2428 exstructionis
1230 2379 1367 2428 esto.

558 2467 830 2521 Jubemus
858 2471 1049 2520 autem
1076 2469 1138 2519 ut
1167 2466 1339 2520 abbas
1366 2466 1482 2520 sive
1516 2466 1981 2534 archimandrita,
2009 2466 2111 2538 qui

478 2559 539 2614 in
565 2559 805 2630 singulis
833 2559 1081 2613 existunt
1108 2559 1488 2627 monasteriis,
1524 2576 1638 2613 non
1671 2576 1774 2630 per
1797 2559 1990 2614 omnia
2018 2575 2108 2614 se-

478 2652 728 2707 cundum
748 2652 957 2722 gradus
967 2652 1398 2722 monachorum,
1413 2651 1512 2707 sed
1532 2653 1843 2707 secundum
1861 2653 2109 2708 actiones

477 2746 607 2800 vitae
634 2748 932 2799 creentur:
957 2744 1054 2798 sed
1081 2749 1138 2799 et
1165 2760 1341 2815 quem
1369 2761 1567 2800 omnes
1586 2745 1849 2799 monachi
1874 2746 1973 2817 qui
1993 2762 2107 2801 me-

476 2838 619 2892 liore
670 2837 938 2908 opinione
996 2843 1127 2891 sunt
1177 2838 1484 2908 elegerint,
1546 2838 1848 2909 propositis
1904 2838 2107 2892 sanctis

474 2930 794 3002 Evangeliis
812 2929 1028 2984 aientes
1048 2930 1199 3001 quod
1220 2946 1335 2983 non
1352 2947 1454 3001 per
1472 2930 1780 2985 amicitiam
1801 2935 1900 2985 aut
1913 2947 2108 3001 quam-

476 3039 703 3095 cunque
717 3023 890 3077 aliam
909 3024 1151 3093 gratiam
1168 3023 1355 3093 ipsum
1369 3023 1668 3093 elegerint,
1693 3023 1790 3078 sed
1807 3024 1956 3094 quod
1974 3039 2107 3077 eum

476 3121 535 3171 et
561 3117 670 3171 ﬁde
697 3120 916 3170 rectum
945 3116 1224 3182 noverint,
1259 3120 1316 3170 et
1340 3117 1451 3169 vita
1480 3116 1803 3182 honestum,
1840 3121 1898 3170 et
1920 3115 2103 3170 admi-

474 3209 805 3264 nistratione
822 3208 1085 3279 dignum,
1103 3208 1368 3279 quodque
1384 3210 1795 3263 monachorum
1812 3208 2108 3263 scientiam

475 3305 535 3356 et
565 3317 796 3355 omnem
816 3301 1144 3355 monasterii
1175 3300 1534 3371 disciplinam
1562 3318 1629 3355 ac
1654 3307 1863 3356 statum
1889 3301 2109 3356 utiliter

475 3410 806 3449 conservare
835 3393 1028 3464 possit,
1066 3392 1490 3464 religiosissimo
1537 3394 1800 3466 episcopo
1844 3394 1948 3449 sub
1994 3411 2107 3466 quo

458 3487 885 3541 .monasterium
912 3485 1284 3541 constitutum
1310 3490 1393 3541 est
1418 3487 1680 3542 omnibus
1699 3488 1883 3542 modis
1897 3504 2109 3559 praesu-

476 3580 592 3634 lem
617 3580 714 3652 qui
732 3596 799 3635 eo
817 3580 987 3634 modo
1005 3580 1217 3634 electus
1237 3582 1321 3634 est
1336 3585 1690 3651 promoturo.
1710 3584 1895 3653 Atque
1918 3582 2109 3637 omnia

475 3673 617 3740 haec,
635 3690 763 3745 qua:
786 3673 855 3727 de
880 3672 1191 3744 praesulum
1213 3673 1567 3744 promotione
1596 3690 1630 3727 a
1654 3673 1817 3729 nobis
1842 3674 2108 3745 disposita

474 3770 609 3821 sunt
624 3766 986 3837 praecipimus
1012 3765 1150 3820 item
1170 3765 1355 3820 valere
1384 3766 1447 3820 in
1474 3766 1886 3821 venerabilibus
1914 3783 2107 3822 mona-

475 3859 659 3915 steriis
682 3865 738 3914 et
755 3859 1042 3914 asceteriis
1070 3858 1398 3913 mulierum.

548 3954 834 4008 Caeterum
865 3952 911 4005 si
939 3953 1065 4023 quis
1088 3951 1161 4005 ad
1192 3953 1559 4007 monasticam
1588 3953 1778 4008 venire
1802 3953 1974 4008 vitam
2001 3970 2103 4008 vo-

468 4047 664 4115 luerit,
676 4046 949 4116 jubemus
968 4048 1032 4099 ut
1047 4044 1339 4116 siquidem
1366 4045 1437 4100 de
1466 4063 1532 4101 eo
1553 4052 1766 4101 constet
1785 4046 1936 4118 quod
1961 4047 2106 4102 nulli

476 4139 667 4196 servili
713 4137 1018 4192 conditioni
1063 4137 1339 4192 obnoxius
1388 4138 1455 4192 sit
1501 4140 1709 4210 praesul
1752 4140 2102 4210 monasterii,

476 4233 736 4289 habitum
760 4231 863 4295 illi,
892 4231 1119 4301 quando
1152 4231 1256 4285 sibi
1288 4231 1470 4286 visum
1500 4232 1691 4301 fuerit,
1724 4232 2011 4288 adhibeat.
2046 4232 2103 4288 Si

479 4328 550 4382 de
575 4342 643 4381 eo
667 4342 786 4380 non
815 4329 1030 4380 constet
1072 4324 1299 4379 cuinam
1341 4324 1654 4379 conditioni
1692 4325 1971 4379 obnoxius
2010 4326 2102 4397 sit,

472 4422 623 4476 intra
636 4424 752 4474 tres
771 4435 952 4473 annos
969 4418 1226 4473 habitum
1242 4417 1290 4471 is
1303 4417 1682 4472 monasticum
1700 4434 1814 4473 non
1831 4425 2102 4487 assumat,

2216 515 2276 570 in
2305 515 2715 572 monasterium
2740 517 2997 572 intulisse
3029 517 3335 583 videbitur,
3369 517 3634 587 probanti
3661 517 3721 571 id
3742 518 3847 570 do-

2214 608 2372 663 mino
2401 610 2791 664 restituuntor.
2825 612 2894 664 At
2914 610 2959 664 si
2990 610 3116 681 quis
3142 609 3555 681 praedictarum
3577 626 3852 681 persona-

2216 718 2347 756 rum
2382 702 2680 774 reliquerit
2698 702 3126 771 monasterium,
3147 706 3205 757 et
3233 702 3302 756 ad
3320 702 3652 757 saecularem
3676 701 3848 756 vitam

2212 794 2518 864 transierit,
2552 795 2665 850 sive
2691 795 2750 849 in
2781 795 3039 865 urbibus,
3070 795 3186 849 sive
3224 812 3332 866 per
3361 811 3527 866 agros
3554 795 3846 861 oberrans,

2213 904 2330 943 sua:
2342 888 2584 943 fortuna:
2598 904 2663 943 ac
2679 887 2989 944 conditioni
3006 888 3286 943 redditor.
3308 890 3485 943 Porro
3504 889 3561 942 in
3583 888 3849 943 omnibus

2213 980 2575 1036 monasteriis
2594 981 2962 1052 quaequidem
2991 981 3246 1037 coenobia
3266 981 3649 1053 appellantur,
3668 982 3845 1053 jube-

2213 1090 2341 1128 mus
2357 1079 2422 1129 ut
2442 1074 2754 1129 secundum
2782 1075 3117 1145 praescripta
3140 1080 3197 1130 et
3218 1075 3488 1130 formulas
3506 1073 3850 1129 monasticas

2213 1184 2413 1222 omnes
2454 1167 2513 1221 in
2539 1183 2655 1221 una
2689 1167 2863 1222 domo
2899 1167 3176 1237 habitent,
3212 1184 3415 1222 omnes
3453 1167 3511 1222 in
3541 1183 3850 1222 commune

2213 1261 2457 1327 alantur,
2476 1276 2675 1315 omnes
2697 1260 2757 1315 in
2781 1277 2901 1315 una
2922 1261 3092 1316 domo
3107 1261 3385 1315 consimili
3400 1260 3576 1316 modo
3602 1259 3846 1331 separati

2214 1353 2440 1419 cubent,
2456 1357 2523 1407 ut
2549 1353 2791 1407 vicissim
2813 1354 2958 1409 alter
2984 1354 3148 1408 alteri
3180 1353 3435 1408 honestae
3460 1352 3845 1408 conversatio-

2215 1446 2300 1501 nis
2319 1446 2708 1501 testimonium
2726 1447 3004 1518 praebeat.
3036 1447 3151 1501 Nisi
3181 1447 3415 1518 quidam
3442 1452 3634 1501 tamen
3665 1462 3735 1500 ex
3766 1445 3846 1500 eis

2212 1544 2310 1593 aut
2346 1545 2583 1611 propter
2619 1540 2944 1610 longaavam
2978 1539 3040 1593 in
3074 1540 3423 1594 monasterio
3459 1539 3844 1593 conversatio-

2211 1649 2365 1702 nem,
2418 1632 2606 1703 quiete
2644 1632 2891 1687 volentes
2929 1630 3136 1703 vivere,
3180 1637 3279 1686 aut
3320 1631 3625 1687 senectutis
3672 1635 3844 1702 atque

2213 1725 2466 1797 corporis
2491 1724 2840 1779 infirmitatis
2868 1741 3035 1779 causa
3065 1726 3123 1779 in
3167 1724 3397 1779 remotis
3442 1724 3655 1779 cellulis
3697 1725 3848 1780 intra

2212 1816 2621 1872 monasterium
2633 1817 2953 1872 constitutis
2970 1817 3200 1889 degant,
3217 1822 3274 1873 et
3286 1818 3394 1872 hoc
3410 1834 3541 1871 cum
3555 1818 3848 1872 conscien-

2212 1912 2289 1965 tia
2333 1914 2390 1965 et
2427 1910 2714 1965 voluntate
2744 1910 2963 1964 abbatis
3004 1909 3120 1965 ﬁat.
3154 1910 3250 1964 His
3290 1910 3553 1964 omnibus
3585 1912 3642 1965 et
3697 1910 3846 1965 circa

2212 2003 2558 2058 monasteria
2590 2006 2648 2057 et
2671 2003 2943 2057 asceteria
2976 2002 3285 2058 mulierum
3327 2003 3748 2058 conservandis.
3786 2006 3845 2057 In

2210 2096 2366 2151 nullo
2396 2094 2721 2166 reipublicae
2746 2100 2954 2150 nostra
2995 2095 3117 2150 loco
3147 2095 3511 2150 concedimus
3537 2101 3603 2150 ut
3636 2097 3698 2150 in
3728 2113 3847 2150 uno

2210 2188 2556 2243 monasterio
2579 2187 2843 2242 monachi
2870 2187 3036 2241 simul
3066 2193 3124 2241 et
3142 2188 3471 2242 monastriae
3492 2188 3843 2258 cohabitent,

2212 2286 2270 2336 et
2292 2283 2381 2353 (ut
2404 2279 2777 2351 appellantur)
2793 2280 3040 2350 duplicia
3070 2279 3183 2335 sint
3210 2281 3578 2335 monasteria.
3600 2280 3747 2344 Quin
3777 2280 3847 2334 si-

2209 2374 2469 2429 cubitale
2494 2371 2905 2427 monasterium
2937 2372 3233 2427 inventum
3260 2372 3454 2441 fuerit,
3477 2373 3750 2443 jubemus
3784 2379 3847 2427 ut

2210 2467 2362 2522 viria
2387 2465 2721 2520 mulieribus
2747 2468 3099 2537 separentur,
3126 2469 3184 2519 et
3199 2466 3287 2520 ha:
3302 2465 3539 2536 quidem
3568 2469 3841 2537 tanquam

2209 2557 2609 2615 imbecilliores
2629 2558 2689 2612 in
2709 2574 2776 2613 eo
2800 2559 3143 2612 monasterio
3172 2560 3443 2612 maneant
3462 2558 3521 2611 in
3543 2574 3658 2629 quo
3686 2564 3842 2627 sunt,

2207 2653 2315 2708 viri
2332 2655 2523 2707 autem
2551 2651 2706 2706 aliud
2733 2650 2839 2705 sibi
2865 2651 3279 2705 monasterium
3307 2656 3617 2705 exstruant.
3655 2652 3713 2706 Si
3743 2667 3840 2705 ve-

2208 2763 2271 2800 ro
2290 2747 2455 2818 plura
2477 2744 2754 2816 ejusmodi
2781 2743 3123 2798 monasteria
3148 2744 3413 2811 existant,
3445 2759 3633 2816 neque
3653 2760 3844 2798 neces-

2208 2857 2267 2894 se
2300 2839 2373 2892 sit
2418 2854 2565 2893 nova
2596 2836 2952 2892 exaediﬁcare
2982 2836 3343 2906 monasteria,
3376 2836 3844 2908 religiosissimus

2207 2933 2465 2988 locorum
2492 2930 2790 3002 episcopus
2817 2929 3130 2985 monachos
3151 2945 3283 2984 cum
3302 2930 3618 2996 monachis,
3640 2930 3849 2984 mulie-

2208 3041 2297 3080 res
2322 3042 2453 3080 cum
2482 3023 2816 3078 mulieribus
2837 3022 3141 3094 separatim
3160 3023 3218 3076 in
3245 3022 3369 3077 aliis
3383 3028 3553 3094 atque
3579 3022 3701 3076 aliis
3721 3040 3847 3077 mo-

2130 3154 2184 3228 C
2208 3117 2472 3173 nasteriis
2504 3116 2775 3186 colligere
2801 3132 2953 3170 curae
2975 3114 3208 3170 habeto.
3237 3115 3389 3179 Quas
3411 3130 3543 3170 vero
3575 3131 3666 3170 res
3692 3132 3846 3170 com-

2622 3225 2666 3228 η
2702 3209 2910 3228 LL“.
2964 3207 3045 3228 ι--
3081 3225 3177 3228 μ,
3220 3223 3272 3228 -_
3638 3208 3834 3228 ωε-μ-

2209 3227 2411 3265 munes
2435 3210 2586 3264 inter
2615 3225 2674 3265 se
2702 3209 2933 3276 habent,
2963 3207 3052 3262 hae
3080 3225 3185 3279 pro
3211 3223 3300 3279 eo,
3320 3210 3603 3280 quantum
3629 3208 3838 3280 cuique

2199 3304 2347 3375 juris
2369 3302 2660 3374 competit,
2676 3301 3019 3356 dividuntor.
3049 3301 3379 3357 Mulieribus
3409 3307 3621 3371 autem,
3646 3317 3845 3373 quem-

2207 3412 2434 3468 cunque
2464 3395 2601 3467 ipsae
2630 3394 2927 3466 elegerint,
2968 3394 3083 3449 sive
3122 3395 3548 3466 presbyterum,
3580 3395 3693 3449 sive
3720 3395 3842 3449 dia-

2206 3506 2433 3557 conum,
2476 3494 2539 3542 ut
2577 3505 2683 3560 pro
2729 3488 2866 3558 ipsis
2910 3487 3267 3558 respondeat,
3314 3491 3413 3541 aut
3453 3492 3706 3551 sanctam
3760 3488 3842 3542 eis

2207 3581 2669 3636 communionem
2707 3580 2983 3652 deportet,
3019 3579 3479 3651 religiosissimus
3516 3581 3837 3652 episcopus,

2206 3675 2312 3730 sub
2327 3690 2442 3746 quo
2462 3679 2611 3743 sunt,
2636 3674 2795 3745 quasi
2812 3672 2994 3728 ductis
3007 3672 3256 3728 sortibus
3267 3672 3581 3743 attribuito,
3602 3673 3649 3726 si
3672 3677 3840 3729 recta:

2208 3767 2340 3822 fidei
2369 3770 2426 3822 et
2453 3769 2703 3822 honesta:
2728 3766 2858 3821 vitae
2891 3767 3043 3821 hunc
3076 3781 3199 3820 esse
3225 3765 3573 3837 cognoverit.
3605 3766 3767 3830 Quod
3796 3767 3841 3820 si

2208 3860 2502 3932 presbyter
2520 3864 2619 3914 aut
2638 3859 2906 3913 diaconus
2926 3875 3043 3914 non
3056 3859 3127 3913 sit
3146 3858 3246 3929 qui
3270 3857 3487 3929 abipsis
3499 3858 3715 3913 electus
3733 3864 3838 3924 est,

2206 3957 2450 4027 dignum
2483 3956 2676 4008 autem
2705 3952 2803 4006 tali
2835 3952 3152 4007 ministerio
3182 3951 3479 4023 episcopus
3497 3951 3842 4022 judicet,or~

2206 4048 2499 4104 dinatione
2547 4042 2600 4099 ei
2644 4045 2927 4117 imposita,
2964 4056 3077 4116 qua
3117 4045 3324 4115 dignus
3366 4060 3489 4099 esse
3536 4044 3839 4111 videbitur,

2204 4140 2582 4213 respondendi
2602 4139 2686 4210 (ut
2715 4139 2932 4193 dictum
2958 4136 3060 4210 est)
3090 4137 3316 4192 muneri
3346 4153 3482 4191 eum
3509 4154 3614 4209 pro
3636 4154 3839 4192 mona-

2204 4235 2373 4290 sterio
2390 4232 2704 4288 attribuito.
2726 4232 2807 4285 Ita
2824 4236 3034 4301 tamen,
3056 4234 3120 4285 ut
3146 4246 3332 4302 neque
3353 4230 3453 4302 qui
3474 4246 3543 4283 eo
3563 4230 3743 4285 modo
3764 4230 3837 4285 ad

2206 4344 2275 4383 ea
2292 4344 2419 4399 quae
2444 4342 2550 4399 pro
2574 4324 2911 4380 mulieribus
2930 4324 3323 4396 respondenda
3344 4328 3475 4378 sunt
3501 4323 3714 4379 electus
3733 4331 3838 4393 est,

2206 4423 2264 4477 in
2298 4418 2647 4476 monasterio
2662 4421 3041 4473 commaneat.

477 4514 579 4570 sed
598 4514 748 4568 intra
764 4512 1099 4584 praedictum
1121 4516 1346 4582 tempus
1366 4511 1699 4565 monasterii
1725 4512 1936 4583 praesul
1960 4513 2103 4583 peri-
2124 4516 2185 4589 Β
2279 4515 2338 4570 Si
2360 4514 2484 4585 quis
2500 4512 2604 4567 sub
2626 4511 2952 4567 conditione
2972 4511 3303 4582 nuptiarum
3331 4514 3431 4565 aut
3441 4512 3844 4582 susceptorum

475 4607 667 4663 culum
694 4606 879 4675 facito,
911 4605 959 4659 si
984 4604 1190 4676 pedem
1210 4604 1422 4658 referre
1441 4603 1594 4658 velit.
1615 4605 1730 4658 Etsi
1758 4605 1910 4660 intra
1935 4606 2107 4661 trien-

475 4700 640 4756 nium
659 4703 914 4770 emergat
938 4697 1145 4769 aliquis
1174 4698 1272 4769 qui
1297 4698 1450 4752 hunc
1476 4698 1562 4752 vel
1580 4714 1825 4768 servum,
1847 4699 1932 4753 vel
1961 4700 2110 4755 colo-

477 4809 640 4861 num,
667 4793 755 4847 vel
773 4791 1147 4864 ascriptitium
1178 4807 1347 4845 suum
1374 4807 1498 4846 esse
1527 4791 1692 4860 dicat,
1728 4792 1995 4863 quodque
2020 4793 2108 4848 vel

479 4885 906 4959 agricolationis
931 4885 1189 4940 laborem
1219 4884 1467 4955 fugiens,
1496 4884 1582 4939 vel
1612 4884 1824 4955 aliquid
1863 4886 2106 4956 furatus,

476 4981 565 5036 vel
584 4983 816 5052 propter
833 4978 1066 5050 aliquod
1094 4978 1363 5033 delictum
1385 4978 1443 5032 in
1464 4977 1873 5033 monasterium
1893 4978 2109 5050 ingres-

478 5091 573 5130 sus
615 5073 708 5141 sit,
748 5076 805 5127 et
849 5072 973 5127 haec
1018 5071 1388 5142 comprobata
1434 5071 1669 5141 fuerint,
1714 5071 2026 5127 restituitor
2063 5072 2111 5126 is

480 5168 719 5225 domino
736 5182 837 5221 suo
858 5182 991 5220 cum
1006 5164 1174 5220 rebus
1190 5181 1330 5236 quas
1353 5165 1421 5219 in.
1435 5165 1839 5220 monasterium
1854 5165 2110 5221 intulisse

476 5262 749 5336 probatus
778 5259 969 5329 fuerit,
995 5258 1131 5313 data
1154 5257 1313 5329 prius
1338 5262 1396 5313 et
1419 5261 1651 5330 accepta
1668 5258 1780 5313 ﬁde
1796 5259 1949 5330 quod
1965 5258 2111 5314 nihil

478 5376 510 5413 a
538 5355 774 5413 domino
805 5371 910 5410 suo
929 5353 1064 5409 mali
1090 5351 1466 5424 perpetietur.
1494 5352 1550 5409 Si
1571 5368 1739 5407 nemo
1762 5352 1910 5407 intra
1930 5352 2107 5409 trien-

480 5450 642 5506 nium
654 5453 849 5503 contra
867 5447 1113 5519 aliquam
1136 5446 1535 5517 praedictarum
1549 5461 1921 5516 personarum
1935 5446 2108 5502 actio-

480 5561 615 5600 nem
626 5547 684 5597 et
696 5541 1137 5596 controversiam
1152 5538 1751 5607 moverit,monasterii
1768 5539 1976 5610 praesul
1988 5543 2113 5611 post

480 5635 713 5692 triennii
726 5635 1025 5689 decursum
1042 5636 1175 5687 tunc
1193 5633 1276 5687 illi
1294 5632 1551 5687 habitum
1566 5632 1835 5702 praibeto,
1857 5632 1904 5685 si
1916 5632 2109 5685 istius-

481 5728 636 5782 modi
646 5727 939 5781 hominem
951 5726 1004 5780 di
1013 5743 1190 5797 gnum
1195 5727 1217 5797 j
1228 5724 1673 5795 udicaverit,neq
1681 5741 1748 5779 ue
1760 5726 1952 5796 postea
1963 5725 2114 5797 quis-

487 5834 658 5895 quam
672 5817 719 5872 ei
734 5818 1027 5891 negotium
1041 5817 1111 5872 de
1126 5822 1271 5873 statu
1289 5834 1353 5874 ac
1370 5817 1695 5875 conditione
1710 5833 1814 5874 sua
1832 5818 2110 5892 facessite,

2206 4609 2477 4674 ﬁliorum,
2511 4605 2599 4660 vel
2630 4604 2797 4675 dotis,
2831 4609 2930 4659 aut
2972 4604 3245 4676 nuptialis
3274 4603 3596 4659 donationis
3627 4605 3839 4677 gratia,

2206 4702 2293 4755 vel
2324 4699 2637 4766 donaverit,
2666 4698 2754 4753 vel
2774 4698 3067 4768 reliquerit
3086 4696 3218 4751 ﬁliis
3238 4697 3372 4767 suis,
3395 4701 3494 4751 aut
3518 4692 3842 4770 cuicunque

2207 4795 2301 4849 alii
2347 4807 2630 4866 personae,
2661 4792 2751 4846 vel
2788 4790 3201 4859 haereditatem,
3231 4789 3321 4844 vel
3360 4790 3636 4861 legatum,
3668 4797 3770 4845 aut
3798 4792 3847 4845 si

2208 4884 2369 4939 initio
2406 4898 2550 4954 pure
2593 4881 2731 4952 ipsis
2778 4877 3087 4948 relinquat,
3131 4882 3326 4949 postea
3354 4878 3457 4932 sub
3506 4895 3618 4932 una
3648 4879 3845 4950 aliqua

2208 4980 2660 5033 memoratarum
2679 4971 3075 5028 conditionum
3092 4970 3492 5025 substitutione
3502 4976 3600 5026 aut
3610 4972 3843 5027 restitu-

2210 5071 2363 5127 tione
2384 5086 2482 5125 eos
2508 5069 2844 5140 praegravet,
2867 5064 3141 5136 jubemus
3157 5066 3223 5118 ut
3248 5062 3295 5117 si
3327 5079 3516 5118 mares
3544 5068 3645 5119 aut
3673 5065 3843 5119 femi-

2209 5180 2300 5218 nae
2328 5162 2425 5235 qui
2452 5161 2655 5215 talibus
2684 5157 3107 5213 conditionibus
3133 5156 3363 5212 obnoxii
3393 5162 3527 5211 sunt
3553 5162 3841 5212 monaste‘

2209 5257 2359 5313 rium
2392 5254 2811 5326 ingrediantur,
2833 5256 2932 5306 aut
2955 5250 3163 5319 clerici,
3190 5245 3610 5317 diaconisszeve,
3639 5254 3741 5305 aut
3764 5267 3848 5304 as-

2210 5350 2397 5407 cetriie
2419 5349 2578 5417 ﬁant,
2606 5345 2926 5401 istiusmodi
2956 5343 3309 5399 conditiones
3337 5342 3622 5411 invalida,
3647 5348 3707 5397 et
3737 5359 3839 5414 pro

2210 5462 2326 5500 non
2372 5439 2595 5513 scriptis
2641 5439 2772 5494 sint.
2831 5440 2945 5493 Hoc
2988 5439 3183 5493 autem
3226 5435 3438 5492 auxilio
3485 5441 3606 5490 tam
3658 5436 3846 5491 clerici

2211 5555 2383 5611 quam
2411 5534 2738 5591 diaconissm
2766 5531 3131 5587 ecclesiarum
3157 5530 3549 5602 perfruuntor,
3583 5529 3629 5584 si
3664 5545 3843 5601 usque

2210 5632 2282 5686 ad
2308 5631 2481 5684 linem
2508 5627 2639 5682 vitae
2665 5642 2781 5681 sua!
2808 5625 2877 5679 iis
2907 5624 3192 5691 insistant,
3223 5627 3279 5679 et
3308 5640 3396 5679 res
3426 5640 3492 5678 ea
3516 5622 3842 5679 conditione

2213 5724 2454 5778 donatas
2478 5725 2578 5776 aut
2602 5718 2826 5774 relictas
2853 5717 2913 5771 in
2953 5716 3078 5788 pios
3122 5734 3255 5771 usus
3290 5716 3713 5787 insumpserim
3751 5720 3847 5771 aut

2213 5814 2568 5898 reliquerint.
2606 5813 2748 5870 Nam
2775 5810 2836 5870 in
2872 5809 3134 5891 personis
3172 5824 3300 5893 quin
3326 5808 3388 5866 in
3428 5810 3845 5870 monasterium
