4032 6232
189 365 327 419 1037

1020 364 1389 424 JUSTINIANI
1423 366 1752 425 NOVELLE
1788 363 2122 427 SELECTE.
2162 369 2470 427 NOVELLA
2505 369 2731 428 CXXIII.

3417 375 3553 429 l038

182 473 286 524 aut
309 469 655 564 asceterium
684 468 1108 544 ingrediuntur,
1149 478 1207 529 et
1247 474 1576 546 hujusmodi
1606 479 1823 532 castam
1841 490 1901 564 Α
1920 477 2144 544 liberos,
2175 483 2275 534 aut
2299 479 2495 535 liberis
2520 483 2586 534 ut
2612 481 2875 550 parentes
2916 476 3015 550 qui
3053 476 3389 534 saecularem
3419 496 3555 534 con-

181 563 681 618 conversationem
710 565 1067 636 relinquunt,
1093 566 1365 638 jubemus
1394 571 1455 623 ut
1482 586 1575 624 res
1603 586 1730 642 qua:
1756 586 1823 624 ea

180 659 513 715 conditione
533 661 759 716 donatae
788 665 887 717 aut
908 664 1121 719 relictae
1144 671 1296 733 sunt,
1328 682 1459 721 cum
1483 666 1596 722 alia
1622 683 1821 722 eorum

181 756 509 813 substantia
537 756 611 813 ad
640 760 1049 815 monasterium
1082 765 1183 816 aut
1215 763 1557 818 asceterium
1576 806 1590 833 ,
1624 764 1683 819 in
1709 781 1824 836 quo

182 848 348 903 initio
377 854 569 917 erant,
603 867 734 905 cum
764 850 1228 923 ingrederentur,
1268 855 1610 925 pertineant.
1644 857 1702 912 Si
1732 862 1820 913 ta-

180 956 319 997 men
340 942 412 998 ad
432 942 889 1015 redemptionem
911 945 1283 1016 captivorum,
1298 950 1397 1001 aut
1414 948 1821 1005 exhibitionem

180 1049 506 1105 pauperum
550 1035 843 1107 prmdictis
884 1037 1304 1094 conditionibus
1358 1040 1679 1097 substitutio
1726 1047 1826 1098 aut

180 1127 470 1182 restitutio
510 1128 627 1195 ﬁat,
675 1130 834 1185 nullo
876 1131 1287 1202 praedictorum
1328 1133 1635 1190 modorum
1677 1135 1823 1191 hanc

182 1220 412 1275 excludi
439 1221 829 1278 concedimus.

255 1313 313 1368 Si
361 1314 570 1369 mulier
602 1318 703 1370 aut
728 1316 812 1370 vir
849 1317 1225 1373 monasticam
1257 1319 1429 1374 vitam
1480 1319 1739 1391 elegerit,
1768 1327 1826 1379 et

181 1407 608 1461 monasterium
653 1408 1029 1479 ingrediatur,
1085 1411 1214 1465 ﬁliis
1263 1429 1379 1467 non
1426 1412 1820 1485 existentibus,

181 1499 340 1555 bona
360 1499 483 1570 ejus
499 1500 571 1555 ad
592 1501 1025 1570 monasterium,
1056 1505 1207 1574 quod
1240 1505 1533 1576 ingressus
1560 1512 1666 1573 est,
1691 1524 1822 1578 per-

180 1591 369 1647 tinere
387 1593 680 1663 jubemus.
716 1594 772 1648 Si
804 1595 1133 1665 hujusmodi
1164 1614 1412 1668 persona
1430 1598 1574 1654 ﬁlios
1595 1600 1821 1669 habeat,

179 1699 370 1755 neque
400 1685 559 1756 prius
587 1703 759 1757 quam
782 1689 1193 1743 monasterium
1219 1689 1579 1760 ingrediatur
1604 1693 1673 1748 de
1695 1693 1825 1747 ﬁliis

183 1776 299 1831 suis
329 1779 682 1833 voluntatem
726 1796 884 1834 suam
913 1781 1215 1851 exprimat,
1250 1786 1309 1837 et
1338 1784 1660 1854 legitimam
1691 1802 1822 1856 por-

1919 572 2295 627 versationem
2307 572 2944 644 reﬁnquunt,tanquam
2958 572 3213 644 ingratos
3223 570 3558 627 haereditate

1920 681 2025 719 sua
2053 664 2362 720 excludant
2387 680 2491 737 per
2505 681 2733 720 causam
2755 665 3007 736 aliquam
3032 680 3163 736 qua:
3189 665 3560 719 monasticam

1920 757 2097 813 vitam
2126 758 2495 829 praecesserit.
2530 757 2928 813 lnterdicimus
2955 757 3095 814 item
3126 757 3458 829 parentibus
3484 773 3560 812 ne

1921 850 2066 906 filios
2092 867 2239 921 suos,
2269 851 2439 906 simul
2468 854 2637 923 atque
2662 851 3031 906 monasticam
3056 851 3232 906 vitam
3258 849 3558 922 elegerint,

1922 959 1953 998 e
1977 944 2391 1005 venerabilibus
2410 944 2766 1000 monasteriis
2793 944 3143 999 abstrahant.

1994 1036 2055 1092 Si
2066 1037 2377 1092 monachus
2391 1038 2801 1092 monasterium
2818 1053 2988 1093 suum
3009 1035 3322 1108 reliquerit,
3336 1038 3393 1090 et
3405 1035 3560 1091 aliud

1922 1129 2209 1200 ingressus
2236 1130 2430 1199 fuerit,
2457 1135 2556 1185 aut
2579 1146 2671 1185 res
2694 1130 2913 1200 aliquas
2938 1146 3041 1201 per
3067 1129 3122 1184 id
3151 1134 3403 1200 tempus,
3418 1128 3557 1183 dum

1922 1222 2330 1277 monasterium
2362 1222 2622 1294 reliquit,
2663 1223 2872 1277 habere
2899 1222 3175 1291 videatur,
3204 1222 3275 1277 ad
3302 1221 3554 1292 primum

1924 1315 2350 1382 monasterium,
2383 1315 2441 1370 in
2471 1315 2625 1386 quod
2654 1315 2816 1369 initio
2847 1315 3134 1387 ingressus
3163 1314 3290 1384 fuit,
3311 1314 3411 1368 has
3425 1330 3554 1385 per-

1922 1408 2104 1464 tinere.
2116 1408 2405 1479 jubemus.
2421 1410 2592 1463 Porro
2609 1407 3019 1479 religiosissimi
3031 1409 3282 1462 locorum
3304 1407 3557 1479 episcopi

1922 1501 2335 1572 providentiam
2356 1501 2665 1555 adhibento
2684 1517 2756 1555 ne
2774 1501 3039 1555 monachi
3071 1517 3212 1555 neve
3233 1500 3556 1554 monastriee

1923 1615 2027 1671 per
2050 1598 2217 1653 urbes
2242 1599 2536 1666 aberrent;
2568 1598 2664 1653 sed
2703 1598 2749 1651 si
2779 1597 2915 1667 quid
2954 1597 3200 1652 habeant
3228 1597 3297 1650 de
3322 1613 3435 1667 quo
3459 1612 3553 1651 co-

1925 1697 2135 1763 gantur
2181 1692 2549 1763 respondere,
2602 1707 2705 1762 per
2751 1689 3139 1761 apocrisiarios
3167 1689 3225 1744 id
3264 1706 3396 1744 suos
3420 1706 3554 1761 per—

1922 1790 2157 1856 agunto,
2188 1788 2251 1838 ut
2272 1784 2376 1854 ipsi
2400 1783 2458 1838 in
2479 1783 2595 1837 suis
2613 1786 2986 1855 permaneant
3005 1782 3383 1836 monasteriis.
3397 1782 3556 1845 Quod

180 1870 403 1925 tionem
432 1870 542 1924 illis
577 1871 842 1943 deputet,
874 1872 951 1927 sic
980 1890 1209 1945 quoque
1235 1874 1456 1931 licitum
1489 1878 1539 1932 ei
1569 1884 1708 1944 esto,
1735 1879 1818 1932 vel
1842 1880 1897 1950 Β
1921 1878 1966 1931 si
1994 1877 2304 1931 monachus
2335 1877 2747 1930 monasterium
2784 1873 3098 1945 reliquerit,
3128 1879 3186 1929 et
3224 1873 3295 1928 ad
3320 1874 3552 1927 saecula-

182 1969 310 2033 post
328 1964 662 2019 monasterii
684 1964 1024 2035 ingressum,
1049 1972 1111 2021 ut
1137 1968 1553 2037 patrimonium
1574 1987 1739 2025 suum
1761 1971 1818 2025 in

180 2054 330 2109 ﬁlios
355 2072 486 2109 suos
524 2056 755 2111 dividat.
806 2059 887 2111 Ita
918 2062 1108 2113 tamen
1133 2101 1147 2128 ,
1182 2066 1244 2114 ut
1272 2062 1412 2115 nulli
1446 2079 1514 2117 ex
1547 2064 1668 2132 ejus
1692 2063 1820 2117 ﬁliis

181 2147 508 2218 legitimam
544 2149 862 2219 portionem
907 2151 1151 2207 minuat.
1197 2154 1333 2217 Quze.
1364 2171 1496 2208 vero
1525 2172 1655 2226 pars
1691 2156 1820 2210 ﬁliis

185 2241 319 2295 data
340 2258 455 2295 non
478 2242 606 2310 erit,
639 2259 703 2297 ea
728 2242 803 2296 ad
824 2245 1239 2299 monasterium
1260 2247 1563 2317 pertineto.
1586 2248 1747 2311 Quod
1773 2248 1818 2302 si

182 2350 422 2388 omnem
463 2334 840 2389 substantiam
886 2336 1040 2391 inter
1077 2338 1224 2392 ﬁlios
1268 2339 1517 2395 dividere
1555 2340 1815 2406 voluerit,

181 2426 419 2498 propria
446 2428 569 2497 ejus
596 2444 840 2498 persona
870 2428 1001 2483 ﬁliis
1036 2437 1465 2501 connumerata,
1504 2449 1685 2487 unam
1713 2432 1820 2487 sibi

180 2526 405 2589 partem
440 2520 707 2575 omnibus
741 2521 929 2576 modis
963 2529 1269 2592 reservato,
1310 2540 1437 2595 quae
1476 2525 1550 2579 ad
1566 2525 1662 2596 jus
1692 2542 1816 2581 mo-

180 2612 415 2667 nasterii
441 2613 725 2683 pertinere
751 2614 972 2668 debeat.
1003 2615 1058 2670 Si
1089 2632 1219 2670 cum
1253 2616 1310 2671 in
1336 2619 1685 2674 monasterio
1717 2619 1816 2674 de-

182 2707 300 2777 gat,
328 2708 636 2776 antequam
666 2706 814 2760 inter
838 2706 982 2761 ﬁlios
1010 2707 1164 2762 bona
1189 2725 1292 2763 sua
1334 2709 1657 2781 distribuat,
1693 2728 1816 2767 mo-

179 2798 383 2865 riatur,
426 2799 749 2869 legitimam
796 2804 1029 2869 partem
1081 2801 1183 2855 ﬁlii
1231 2802 1479 2874 capient,
1532 2804 1819 2876 reliquum

181 2890 595 2961 patrimonium
626 2892 697 2946 ad
720 2893 1131 2948 monasterium
1166 2895 1471 2965 pertineto.

252 2985 430 3037 Porro
469 2984 740 3054 legitimis
775 2983 925 3039 inter
950 2986 1170 3057 aliquos
1203 2988 1562 3057 sponsalibus
1591 2994 1818 3045 contra-

181 3077 307 3143 ctis,
339 3076 459 3131 sive
481 3092 720 3148 sponsus
748 3077 808 3131 in
837 3079 1241 3134 monasterium
1270 3080 1649 3151 ingrediatur,
1683 3084 1821 3138 reci-

179 3170 300 3241 pito
343 3186 409 3225 ea
456 3186 584 3241 quae
621 3186 726 3241 pro
768 3171 1127 3241 sponsalibus
1177 3173 1366 3228 arrhaa
1414 3176 1648 3231 nomine
1686 3176 1820 3232 data

1919 1987 2041 2024 rem
2072 1970 2242 2023 vitam
2277 1968 2587 2034 transierit,
2619 1968 2713 2022 hic
2735 1967 2941 2021 militia
2966 1966 3220 2037 primum
3248 1972 3303 2020 et
3321 1966 3554 2035 honore,

1919 2063 1965 2116 si
2002 2078 2173 2133 quem
2219 2061 2406 2126 habet,
2440 2060 2761 2115 denudatus
2802 2077 2904 2130 per
2946 2060 3199 2113 locorum
3226 2058 3555 2129 episcopum

1918 2158 1975 2208 et
2003 2153 2306 2225 provinciae
2333 2152 2636 2224 praesidem
2657 2194 2671 2222 ,
2704 2152 2764 2205 in
2793 2151 3200 2205 monasterium
3230 2150 3554 2218 remittitor,

1918 2251 1975 2303 et
1994 2262 2084 2302 res
2100 2262 2241 2319 quas
2267 2254 2458 2317 postea
2491 2245 2704 2299 habere
2736 2247 3080 2298 monstratus
3112 2243 3303 2311 fuerit,
3327 2243 3398 2297 ad
3427 2259 3552 2297 mo-

1917 2339 2231 2394 nasterium
2258 2339 2317 2393 in
2343 2338 2498 2409 quod
2524 2337 2858 2392 immittitur
2892 2336 3238 2408 pertinente.
3271 2335 3332 2390 Si
3364 2336 3554 2390 denuo

1918 2448 2145 2504 quoque
2185 2430 2591 2486 monasterium
2634 2430 2935 2501 relinquat,
2983 2433 3118 2484 tunc
3166 2432 3374 2500 praeses
3420 2445 3553 2483 eum

1918 2525 2222 2598 provincia:
2268 2525 2328 2580 in
2367 2538 2483 2597 qua
2526 2524 2790 2578 inventus
2833 2522 3006 2578 fuerit
3032 2521 3300 2591 detineto,
3336 2526 3393 2577 et
3420 2521 3553 2576 sub-

1912 2619 2079 2690 jectae
2109 2617 2213 2672 sibi
2239 2616 2459 2672 cohorti
2485 2620 2912 2671 connumerato.

1992 2711 2050 2766 Si
2077 2711 2205 2782 quis
2249 2709 2566 2776 ascetriam,
2610 2713 2710 2763 aut
2750 2707 3126 2763 diaconissam
3151 2748 3165 2774 ,
3211 2709 3309 2761 aut
3354 2722 3553 2762 mona-

1918 2803 2133 2869 striam,
2177 2807 2277 2857 aut
2319 2803 2489 2856 aliam
2530 2801 2854 2869 mulierem,
2893 2816 3023 2872 quae
3067 2798 3556 2854 sanctimonialem

1920 2896 2088 2951 vitam
2111 2896 2241 2951 colit
2255 2877 2626 2966 habitumque
2651 2898 2831 2965 gestat
2853 2892 3127 2963 rapuerit,
3159 2896 3260 2947 aut
3289 2891 3552 2947 sollicita-

1917 2989 2080 3057 verit,
2110 2993 2209 3043 aut
2228 2988 2700 3059 constupraverit,
2721 2987 2992 3057 jubemus
3030 2990 3095 3040 ut
3124 2988 3243 3039 tam
3269 2984 3441 3056 hujus
3464 3001 3556 3039 res

1918 3099 2090 3154 quam
2109 3098 2304 3137 eorum
2333 3081 2432 3153 qui
2462 3080 2522 3135 in
2551 3080 2650 3151 huj
2661 3079 2877 3134 usmodi
2914 3095 2973 3133 se
2995 3078 3202 3133 scelere
3224 3076 3356 3132 huic
3377 3077 3553 3132 socia-

1919 3180 2075 3243 runt,
2107 3174 2413 3230 venerabili
2451 3173 2572 3227 loco
2618 3173 2677 3227 in
2717 3190 2831 3244 quo
2876 3171 3002 3227 talis
3030 3170 3239 3225 mulier
3267 3169 3559 3225 habitabat

179 3263 313 3329 sint,
346 3262 464 3316 sive
497 3279 701 3334 sponsa
736 3264 1109 3320 monasticam
1146 3266 1319 3321 vitam
1349 3267 1544 3339 eligat,
1571 3269 1671 3324 illa
1700 3270 1819 3325 sola
1838 3237 1899 3312 Ο
1919 3286 2022 3340 per
2034 3267 2485 3340 religiosissimos
2507 3266 2765 3322 locorum
2787 3265 3082 3336 episc0pos
3104 3267 3381 3318 eteorum
3400 3278 3551 3317 oeco-

179 3356 427 3423 reddito,
460 3371 589 3427 quae
622 3355 886 3411 similiter
910 3358 1096 3412 arrhte
1123 3359 1357 3414 nomine
1382 3361 1620 3433 accepit.
1650 3363 1821 3418 Poena

178 3448 415 3519 utrique
442 3464 703 3519 personae
732 3466 836 3520 per
854 3449 1269 3522 indulgentiam
1299 3452 1556 3509 remissa.
1586 3455 1747 3519 Quod
1773 3455 1818 3511 si

179 3546 476 3596 constante
516 3541 703 3596 adhuc
748 3542 1120 3598 matrimonio
1152 3545 1238 3600 vel
1262 3546 1503 3600 maritus
1529 3548 1698 3615 solus,
1731 3549 1819 3603 vel

182 3650 330 3689 uxor
359 3634 479 3688 sola
505 3635 918 3689 monasterium
939 3635 1320 3708 ingrediatur,
1349 3640 1667 3696 dissolvitur
1693 3658 1816 3697 ma-

178 3726 516 3782 trimonium
545 3729 631 3781 vel
670 3727 794 3781 sine
834 3727 1024 3784 libello
1052 3730 1307 3801 repudii,
1340 3732 1509 3787 simul
1535 3737 1705 3807 atque
1731 3739 1814 3790 ta-

179 3836 317 3874 men
350 3836 593 3891 persona
611 3836 739 3891 qua:
766 3822 1176 3877 monasterium
1202 3822 1526 3895 ingreditur
1554 3827 1819 3883 monasti-

178 3928 314 3968 cum
342 3912 599 3968 habitum
631 3914 963 3985 susceperit.
994 3917 1061 3971 Et
1084 3916 1317 3987 quidem
1347 3917 1393 3970 si
1426 3919 1663 3975 maritus
1689 3938 1813 3975 mo-

178 4006 454 4061 nasticam
482 4005 657 4060 vitam
685 4006 977 4078 delegerit,
1009 4007 1290 4064 restituito
1313 4010 1543 4067 mulieri
1572 4016 1686 4068 tam
1713 4014 1813 4069 do-

175 4103 317 4166 tem,
346 4103 402 4152 et
428 4098 475 4152 si
496 4098 636 4169 quid
674 4098 828 4153 aliud
845 4099 915 4153 ab
937 4115 1005 4154 ea
1025 4100 1276 4173 percepit
1294 4119 1465 4174 quam
1483 4104 1721 4177 insuper
1747 4123 1816 4161 ex

177 4190 426 4263 nuptiali
450 4191 754 4246 donatione
774 4196 889 4246 tam
920 4209 1187 4264 magnam
1204 4198 1426 4266 partem
1452 4201 1667 4269 quanta
1686 4216 1813 4254 mu-

178 4284 311 4339 lieri
341 4283 702 4354 competisset
734 4301 798 4340 ex
827 4288 1011 4340 morte
1040 4287 1232 4343 mariti
1252 4289 1565 4346 secundum
1587 4297 1815 4363 pactum

179 4382 529 4433 conventum
549 4376 703 4448 quod
719 4377 1000 4433 dotalibus
1016 4378 1408 4437 instrumentis
1422 4383 1697 4440 insertum
1709 4389 1812 4441 est.

182 4470 281 4525 Sin
337 4469 542 4523 mulier
589 4470 997 4526 monasterium
1061 4472 1320 4545 ingressa
1384 4475 1475 4547 sit,
1539 4478 1816 4534 consimili

1918 3378 2139 3431 nomos,
2172 3377 2360 3433 neque
2387 3376 2502 3415 non
2540 3362 2599 3414 et
2632 3360 2906 3430 cujusque
2950 3355 3251 3429 provinciae
3289 3355 3557 3426 praesides

1917 3471 1982 3509 ac
2008 3455 2267 3509 cohortes
2302 3469 2500 3509 eorum
2530 3452 2907 3507 vindicentur.
2935 3451 3040 3515 Qui
3085 3467 3216 3505 vero
3245 3450 3374 3503 talia
3406 3449 3550 3504 deli-

1919 3551 2186 3618 querunt,
2228 3551 2328 3601 aut
2369 3545 2592 3600 sceleris
2621 3561 2753 3599 cum
2797 3543 2934 3614 ipsis
2974 3543 3299 3597 societatem
3336 3542 3551 3596 habue-

1917 3644 2070 3706 runt,
2101 3639 2418 3710 periculum
2444 3638 2596 3710 quod
2639 3653 2709 3692 ex
2748 3637 2876 3707 lege
2904 3634 3193 3706 irrogatur
3217 3634 3552 3689 sustineant.

1917 3732 2205 3804 Ejusmodi
2237 3747 2463 3803 quoque
2490 3730 2701 3785 mulier
2733 3728 2939 3799 ubique
2965 3727 3307 3798 requiratur,
3337 3730 3393 3781 et
3422 3742 3554 3781 cum

1915 3826 2085 3882 rebus
2115 3825 2229 3880 suis
2256 3824 2591 3895 conjiciatur
2619 3823 2679 3877 in
2713 3820 3137 3887 monasterium,
3183 3819 3243 3873 in
3270 3834 3384 3890 quo
3413 3834 3551 3874 cau-

1914 3921 2028 3975 tius
2052 3918 2323 3974 asservari
2352 3918 2551 3990 possit,
2594 3933 2665 3972 ne
2692 3931 2888 3970 rursus
2916 3914 2974 3968 in
3008 3912 3211 3969 eodem
3241 3912 3557 3984 deprehen-

1916 4013 2086 4067 datur
2105 4010 2363 4066 crimine.
2398 4011 2565 4065 Plane
2594 4009 2643 4064 si
2668 4006 2978 4063 diaconissa
3018 4006 3109 4073 sit,
3156 4010 3212 4060 et
3252 4004 3401 4059 ﬁlios
3448 4005 3551 4059 ha-

1914 4106 2047 4161 beat
2071 4105 2375 4178 legitimos,
2402 4102 2658 4175 legitima
2687 4118 2817 4173 pars
2846 4101 3008 4155 dator
3030 4099 3183 4154 ﬁliis.
3206 4098 3260 4154 Si
3287 4097 3437 4153 intra
3454 4114 3553 4153 an-

1916 4216 2056 4254 num
2075 4215 2248 4271 quam
2276 4196 2556 4269 ejusmodi
2577 4196 2755 4251 scelus
2775 4192 3041 4261 innotuit,
3062 4190 3382 4247 istiusmodi
3401 4207 3491 4246 res
3519 4209 3554 4246 a

1913 4292 2326 4361 venerabilibus
2350 4289 2613 4346 domibus
2656 4287 2947 4343 vindicata:
2983 4302 3099 4342 non
3141 4290 3339 4350 erunt,
3378 4283 3549 4355 jube-

1913 4402 2043 4440 mus
2070 4388 2133 4440 ut
2153 4384 2418 4440 omnibus
2445 4381 2629 4438 modis
2654 4397 2840 4436 comes
2863 4394 3054 4434 rerum
3086 4377 3433 4448 privatarum
3450 4393 3554 4431 no-

1912 4483 2029 4534 stro
2056 4495 2149 4534 eas
2182 4478 2319 4533 ﬁsco
2364 4476 2627 4543 addicat,
2676 4472 2919 4545 prteside
2957 4471 3210 4526 locorum
3238 4468 3338 4541 qui
3363 4473 3430 4524 ut
3456 4484 3550 4525 eas

180 4562 358 4617 modo
390 4562 630 4617 maritus
662 4564 980 4635 nuptialem
1005 4564 1109 4619 sibi
1136 4567 1501 4625 donationem
1535 4572 1809 4642 retineto,
1833 4599 1894 4672 D
1914 4587 2006 4626 res
2035 4570 2347 4625 vindicaret
2379 4568 2449 4623 ad
2481 4565 2923 4623 sollicitudinem
2966 4579 3126 4618 suam
3172 4577 3286 4616 non
3318 4576 3546 4616 revoca-

181 4661 241 4710 et
261 4671 456 4710 casum
486 4654 630 4710 dotis
651 4656 746 4728 qui
770 4674 839 4712 ex
861 4663 1043 4714 morte
1064 4660 1321 4715 mulieris
1343 4668 1508 4734 pacto
1532 4681 1813 4721 convene-

178 4754 269 4804 rat
297 4748 579 4820 reliquum
610 4747 755 4804 dotis
781 4750 1009 4805 mulieri
1034 4752 1331 4810 restituere
1357 4757 1737 4829 praecipimus,
1761 4762 1818 4814 et

178 4842 227 4895 si
254 4841 390 4913 quid
420 4841 576 4896 aliud
604 4857 673 4896 ex
703 4842 871 4897 rebus
902 4845 1091 4900 uxoris
1122 4846 1273 4917 apud
1302 4847 1489 4919 ipsum
1519 4850 1817 4907 inventum

179 4935 307 4989 erit.
362 4933 423 4988 Si
469 4933 693 5005 utrique
735 4952 866 4991 vero
916 4938 1283 4994 monasticam
1324 4940 1495 4996 vitam
1545 4943 1812 5015 deligant,

170 5026 449 5098 jubemus
468 5031 532 5081 ut
549 5027 826 5083 dotalibus
855 5028 1245 5086 instrumentis
1270 5035 1617 5106 vacantibus,
1644 5038 1813 5091 mari-

178 5127 273 5176 tus
300 5120 614 5190 nuptialem
644 5121 1011 5179 donationem
1055 5126 1320 5194 retineat,
1354 5132 1412 5182 et
1451 5145 1596 5184 uxor
1625 5130 1817 5186 dotem

179 5229 368 5281 suam,
389 5216 446 5267 et
465 5212 510 5267 si
547 5213 684 5284 quid
705 5214 857 5271 aliud
888 5221 1164 5288 praeterea
1192 5220 1402 5275 marito
1431 5221 1651 5277 dedisse
1681 5239 1814 5294 pro-

179 5307 428 5374 babitur,
478 5305 730 5378 recipiat,
792 5314 855 5363 ut
912 5310 1300 5384 unusquisque
1343 5313 1512 5370 rebus
1554 5316 1667 5370 suis
1697 5316 1816 5371 sine

181 5399 395 5454 damno
427 5397 751 5469 perfruatur
780 5418 793 5456 :
829 5400 937 5455 nisi
962 5419 1201 5474 sponsus
1226 5422 1466 5476 sponsa),
1493 5413 1592 5462 aut
1611 5425 1818 5479 sponsa

180 5507 413 5565 sponso,
457 5497 557 5547 aut
593 5492 832 5548 maritus
875 5496 1055 5565 uxori,
1099 5514 1310 5555 uxorve
1358 5499 1565 5555 marito
1606 5501 1818 5573 aliquid

182 5589 406 5645 donare
460 5593 559 5645 aut
606 5590 897 5647 remittere
944 5594 1217 5663 voluerit,
1264 5597 1490 5668 quando
1523 5613 1707 5669 neque
1748 5616 1817 5654 ex

180 5682 364 5756 pactis
393 5681 742 5754 nuptialibus
765 5684 884 5740 viro
905 5691 1004 5741 aut
1028 5687 1255 5743 mulieri
1276 5688 1588 5761 quidquam
1610 5691 1819 5746 lucrari

181 5774 535 5833 conceditur.

256 5868 484 5927 Nullam
512 5872 705 5927 autem
734 5870 1020 5928 licentiam
1046 5871 1248 5929 damus
1277 5881 1376 5932 aut
1404 5876 1733 5949 parentibus
1762 5880 1823 5932 ut

1914 4663 2058 4720 verit
2095 4662 2327 4735 cingulo
2371 4659 2685 4733 spoliandu,
2734 4658 3026 4728 multaque
3067 4655 3137 4709 ab
3185 4671 3251 4710 eo
3294 4654 3550 4727 quinque

1915 4758 2191 4813 librarum
2219 4755 2344 4811 auri
2373 4770 2477 4826 per
2520 4751 2787 4808 comitem
2823 4766 3019 4805 rerum
3043 4747 3402 4820 privatarum
3427 4747 3550 4803 exi-

1918 4850 2122 4923 genda.
2150 4852 2212 4904 1n
2238 4848 2573 4905 universum
2605 4850 2797 4900 autem
2823 4842 3088 4898 omnibus
3102 4842 3200 4914 qui
3216 4841 3276 4897 in
3294 4840 3551 4897 saeculari

1916 4944 2032 5000 vita
2058 4946 2482 5008 conversantur,
2522 4944 2579 4995 et
2622 4938 2870 4993 maxime
2918 4936 3007 4991 bis
3054 4936 3155 5009 qui
3208 4935 3269 4991 in
3321 4951 3551 4991 scenam

1916 5039 2215 5109 prodeunt,
2247 5036 2379 5089 viris
2395 5035 2561 5106 juxta
2586 5037 2642 5088 et
2666 5030 3022 5101 mulieribus,
3038 5046 3224 5102 neque
3240 5046 3358 5084 non
3380 5028 3552 5083 etiam

1915 5130 2232 5203 prostitutis
2280 5126 2699 5195 interdicimus,
2750 5142 2823 5181 ne
2876 5124 3072 5179 habitu
3121 5121 3403 5187 monachi,
3461 5119 3551 5174 vel

1916 5225 2260 5291 monastriae,
2320 5222 2406 5277 vel
2461 5220 2715 5276 ascetriae
2765 5222 3017 5285 utantur,
3066 5220 3165 5270 aut
3211 5228 3550 5285 quocunque

1918 5319 2086 5373 modo
2115 5334 2249 5374 eum
2278 5316 2573 5372 imitentur
2604 5330 2617 5368 :
2648 5312 2868 5368 scituris
2908 5308 3174 5365 omnibus
3206 5306 3303 5378 qui
3339 5306 3427 5361 vel
3454 5304 3553 5361 tali

1918 5411 2118 5467 habitu
2148 5411 2249 5477 uti,
2279 5411 2365 5465 vel
2392 5425 2522 5465 eum
2561 5405 2803 5471 imitari,
2838 5403 2923 5457 vel
2954 5402 3013 5456 in
3039 5415 3440 5472 quemcunque
3468 5414 3551 5454 ec-

1919 5504 2292 5559 clesiasticum
2336 5506 2547 5559 statum
2591 5498 2830 5555 illudere
2872 5491 3359 5567 praasumpserint,
3399 5491 3553 5564 quod

1920 5603 1978 5654 et
2008 5597 2260 5669 corporis
2289 5596 2565 5667 supplicia
2589 5590 2978 5656 sustinebunt,
3010 5589 3069 5642 et
3092 5586 3151 5641 in
3180 5584 3413 5641 exilium
3443 5589 3555 5639 tra-

1921 5692 2150 5757 dentur,
2184 5688 2597 5761 providentiam
2624 5688 2683 5742 in
2725 5681 3052 5756 hujusmodi
3079 5696 3199 5736 rem
3230 5694 3552 5733 accommo-

1921 5784 2190 5840 dantibus
2215 5797 2331 5837 non
2370 5780 2554 5834 solum
2592 5776 3028 5850 religiosissimis
3063 5775 3311 5831 locorum
3344 5771 3556 5844 episco-

1919 5876 2031 5951 pis,
2061 5881 2118 5933 et
2150 5873 2388 5931 subditis
2414 5871 2496 5927 eis
2518 5870 2755 5941 clericis,
2795 5871 2891 5926 sed
2922 5869 3100 5926 etiam
3128 5867 3382 5926 civilibus
3409 5862 3561 5925 mili-
