4032 6232
467 341 601 396 1039

1602 335 1855 396 SASCULI
1894 341 2083 395 SEXTI
2123 336 2676 397 SUPPLEMENTUM.

3697 342 3838 399 1040

461 449 789 519 taribusque
828 448 1287 521 magistratibus,
1328 453 1385 501 et
1420 449 1946 518 obtemperantibus
1982 448 2093 502 illis
2114 447 2578 539 Aperfruuntor.
2607 449 2811 504 Omnia
2838 454 3027 504 autem
3068 446 3361 520 privilegia
3390 455 3444 504 et
3475 449 3672 504 solatia
3702 467 3835 521 quae

461 543 810 610 cohortibus,
852 559 1036 613 neque
1074 558 1186 595 non
1226 542 1485 594 locorum
1526 541 1936 595 defensoribus.
1968 543 2090 596 Pu:-

463 651 566 688 nas
604 635 847 706 denique
877 652 1004 706 quae
1046 633 1311 705 praesenti
1354 634 1465 702 legi
1508 632 1737 688 insertte
1782 639 1932 701 sunt,
1964 651 2093 705 qua:

460 728 693 797 quidem
731 728 1014 798 prioribus
1052 742 1279 797 quoque
1315 726 1537 796 legibus
1572 727 1815 797 cognitae
1839 727 2097 794 fuerunt,

462 836 575 874 non
606 822 784 874 solum
806 821 864 873 in
884 819 1106 885 futuris,
1130 819 1229 872 sed
1260 818 1429 873 etiam
1463 820 1522 873 in
1553 819 1855 890 praeteritis
1879 821 2093 875 casibus

461 914 577 967 sive
603 913 812 967 delictis
840 912 1043 979 valere,
1073 914 1130 966 et
1174 912 1437 966 omnibus
1470 913 1654 966 modis
1689 913 1929 984 irrogari
1967 931 2094 968 san-

462 1006 662 1059 cimus.
704 1006 838 1068 Quae
882 1019 1017 1058 vero
1068 1020 1171 1074 per
1224 1010 1573 1076 praesentem
1598 1007 1787 1076 legem
1836 1010 2093 1062 recenter

459 1114 739 1169 expressa,
779 1102 835 1151 et
871 1098 943 1151 ad
983 1102 1195 1173 certam
1240 1100 1543 1153 formulam
1574 1100 1797 1153 redacta
1826 1105 1977 1169 sunt,
2009 1101 2093 1154 fu-

458 1191 600 1245 turis
636 1191 991 1245 solummodo
1041 1191 1391 1261 temporibus
1439 1192 1759 1246 conservari
1799 1193 2087 1263 jubemus.

458 1286 871 1339 Conﬁrmamus
895 1285 1029 1339 item
1058 1301 1160 1355 per
1193 1290 1533 1355 praesentem
1559 1286 1746 1355 legem
1777 1286 1971 1339 omnia
1998 1303 2089 1340 re-

456 1377 615 1448 liqua
634 1393 763 1449 quae.
783 1394 813 1430 a
833 1378 994 1431 nobis
1015 1377 1072 1431 in
1102 1377 1337 1431 diversis
1365 1378 1857 1432 constitutionibus
1884 1379 2093 1433 sancita

458 1474 611 1539 sunt,
661 1475 779 1525 tam
819 1471 889 1524 de
933 1470 1207 1541 episcopis
1251 1477 1307 1525 et
1350 1472 1695 1541 presbyteris
1744 1488 1807 1524 ac
1859 1470 2090 1542 reliquis

458 1563 696 1631 clericis,
726 1580 900 1634 quam
924 1564 1096 1618 etiam
1123 1563 1192 1617 de
1219 1564 1584 1629 xenodochis,
1618 1564 2047 1635 ptochotrophis
2072 1606 2087 1634 ,

459 1656 958 1727 orphanotrophis,
1007 1662 1063 1710 et
1102 1658 1318 1710 cmteris
1365 1657 1463 1727 qui
1507 1658 1923 1711 venerabilibus
1947 1674 2090 1728 pra:-

458 1753 591 1802 sunt
618 1749 896 1802 domibus.
929 1749 1064 1812 Qua:
1106 1748 1287 1820 igitur
1316 1750 1479 1803 nobis
1517 1751 1870 1820 placuerunt,
1901 1756 1956 1805 et
1988 1766 2090 1820 per

2195 558 2265 596 ex
2290 542 2569 613 imperiali
2598 542 2933 597 liberalitate
2957 584 2971 610 ,
3003 547 3101 597 aut
3146 542 3317 596 etiam
3350 559 3690 614 quocunque
3715 543 3833 597 alio

2192 636 2360 689 modo
2410 635 2616 689 sanctis
2662 635 2912 690 ecclesiis
2957 640 3057 690 aut
3107 636 3232 689 aliis
3281 636 3702 689 venerabilibus
3748 637 3829 690 lo-

2193 728 2270 781 cis
2300 744 2560 782 concessa
2600 732 2753 796 sunt,
2792 729 3035 784 ﬁrmiter
3078 728 3214 800 ipsis
3244 744 3346 800 per
3385 729 3577 782 omnia
3612 745 3835 783 conser-

2191 825 2409 875 vantor.

2264 914 2345 968 Ad
2373 915 2495 968 hazc
2532 914 2814 968 sancimus
2840 930 2911 969 ne
2945 906 3188 969 ullarum
3232 919 3719 969 sacrosanctarum
3747 929 3832 967 ec-

2192 1008 2493 1061 clesiarum
2527 1012 2585 1061 et
2608 1007 2847 1061 aliarum
2876 1007 3286 1062 venerabilium
3313 1007 3589 1062 domuum
3618 1023 3836 1077 posses-

2193 1100 2374 1154 siones
2394 1100 2622 1155 sordida
2642 1116 2888 1154 munera
2914 1104 2971 1154 et
2991 1100 3466 1154 extraordinarias
3493 1098 3831 1169 descriptio-

2191 1209 2291 1248 nes
2310 1193 2643 1247 sustineant.
2662 1193 2717 1248 Si
2732 1197 2920 1247 tamen
2938 1193 3254 1247 sternendas
3271 1192 3394 1261 via},
3416 1196 3516 1247 aut
3535 1197 3836 1246 exstruen—

2193 1286 2396 1339 dorum
2422 1287 2947 1340 renovandorumve
2977 1285 3236 1357 pontium
3274 1286 3573 1339 necessitas
3600 1283 3831 1349 incidat,

2191 1384 2555 1433 sacrosanctae
2583 1378 2835 1433 ecclesiae
2866 1384 3036 1450 atque
3074 1378 3200 1433 aliae
3228 1378 3586 1432 venerabiles
3624 1376 3835 1431 domus

2191 1471 2468 1541 ejusmodi
2519 1488 2662 1541 opus
2706 1472 2776 1525 ad
2826 1472 3004 1526 instar
3053 1474 3390 1526 caeterorum
3441 1485 3830 1542 possessorum

2190 1564 2483 1634 impleant,
2507 1580 2638 1618 cum
2666 1564 2803 1634 quid
2836 1564 2895 1618 in
2920 1582 2984 1619 ea
3011 1562 3238 1618 civitate
3261 1564 3620 1635 possederint
3636 1564 3695 1617 in
3719 1579 3833 1634 qua

2190 1673 2330 1727 opus
2356 1657 2465 1711 tale
2485 1656 2799 1727 perﬁcitur.
2830 1658 2989 1720 Quod
3016 1658 3060 1711 si
3089 1672 3178 1711 res
3198 1658 3401 1728 aliquas
3427 1673 3497 1711 ex
3522 1656 3834 1711 curialibus

2192 1750 2544 1820 patrimoniis
2563 1750 2634 1803 ad
2656 1766 3059 1822 quamcunque
3077 1755 3491 1805 sacrosanctam
3510 1749 3830 1816 ecclesiam,

460 1842 607 1896 hanc
635 1846 890 1896 nostram
929 1842 1291 1905 declarantur
1327 1844 1534 1912 legem,
1567 1860 1633 1897 ea
1659 1860 1761 1914 per
1789 1860 2084 1914 program-
2109 1831 2165 1902 B
2187 1847 2285 1897 aut
2310 1842 2479 1896 aliam
2506 1842 2886 1897 venerabilem
2912 1843 3148 1897 domum
3173 1843 3489 1897 secundum
3515 1842 3671 1912 leges
3695 1856 3830 1912 per-

460 1938 613 1988 mata
639 1935 814 1988 solitis
848 1936 984 1989 locis
1014 1937 1074 1988 in
1110 1934 1268 2005 regia
1298 1936 1437 1989 urbe
1470 1936 1778 2006 proposita,
1807 1935 2085 1991 excellen-

458 2028 537 2082 tia
570 2032 667 2081 tua
704 2028 775 2082 ad
811 2029 1069 2082 omnium
1114 2028 1375 2082 notitiam
1403 2028 1746 2099 perducere,
1776 2032 1833 2084 et
1869 2030 2092 2100 provin-

460 2121 677 2177 ciarum
729 2121 1043 2176 rectoribus
1092 2121 1394 2176 manifesta
1438 2121 1621 2177 facere
1668 2123 1912 2177 studeto.
1966 2123 2087 2179 Dat.

458 2217 523 2269 Κ.
555 2215 699 2283 Maii,
734 2216 951 2285 Const.,
989 2217 1129 2270 Just.
1167 2216 1268 2270 PP.
1297 2217 1469 2286 Aug.,
1504 2215 1705 2269 Basilio
1732 2232 1783 2270 v.
1830 2233 1879 2270 c.
1910 2232 2087 2287 cons.,

461 2308 778 2379 κατεπέμφθη
808 2311 982 2381 Πέτρῳ
1013 2306 1228 2381 ἐπάρχῳ
1258 2312 1603 2382 πραιτωρίων.

991 2423 1309 2477 NOVELLA
1347 2424 1557 2478 CXXXI.

460 2519 533 2573 De
562 2517 930 2572 ecclesiasticis
959 2516 1248 2570 canonibus
1273 2521 1322 2570 et
1345 2494 1650 2586 privilegiis
1673 2533 1792 2586 qua
1815 2532 2094 2573 sacrosan-

926 2592 1040 2641 ctas
1062 2589 1355 2657 respiciunt
1381 2588 1644 2643 ecclesias.

531 2681 843 2751 Imperator
867 2681 1213 2735 Justinianus
1247 2682 1536 2750 Augustus
1560 2682 1724 2735 Petro
1751 2680 2089 2752 gloriosissi-

458 2789 553 2829 mo
584 2774 851 2845 praefecto
879 2789 1169 2828 sacrorum
1196 2774 1617 2843 praetoriorum.

528 2870 869 2922 Praesentem
904 2868 1092 2939 legem
1140 2867 1211 2922 de
1245 2866 1632 2921 ecclesiasticis
1664 2867 1997 2936 canonibus,
2037 2872 2094 2921 et

458 2960 789 3032 privilegiis,
827 2976 1016 3031 neque
1060 2976 1177 3014 non
1215 2960 1338 3013 aliis
1363 2959 1622 3030 capitulis
1652 2976 1780 3030 qua:
1806 2975 2093 3014 sacrosan-

463 3058 579 3109 ctas
610 3054 872 3108 ecclesias
899 3059 956 3108 et
985 3054 1227 3124 reliquas
1263 3052 1607 3107 venerabiles
1641 3052 1835 3106 domos
1865 3068 2093 3108 concer-

457 3153 621 3215 nunt,
658 3148 1017 3217 proferimus.
1045 3146 1335 3201 Sancimus
1354 3146 1533 3217 igitur
1553 3149 1616 3199 ut
1634 3146 1811 3200 sancti
1841 3145 2092 3201 ecclesia-

458 3240 582 3295 stici
608 3256 883 3307 canones,
933 3239 1032 3310 qui
1075 3256 1108 3292 a
1152 3240 1353 3293 sanctis
1392 3242 1637 3310 quatuor
1678 3239 1928 3292 conciliis
1967 3240 2091 3307 (hoc

460 3337 544 3388 est
563 3333 788 3386 Nicazno
808 3333 1003 3386 decem
1030 3335 1414 3386 trecentorum
1445 3336 1502 3385 et
1528 3335 1674 3400 octo,
1696 3332 2093 3387 Constantino-

459 3426 712 3498 politano
744 3431 974 3479 centum
1008 3422 1428 3496 quinquaginta
1461 3428 1790 3478 sanctorum
1824 3427 2053 3495 patrum
2073 3466 2088 3492 ,

457 3519 741 3591 Ephesino
762 3518 970 3590 primo,
1001 3518 1058 3572 in
1088 3534 1200 3590 quo
1224 3518 1512 3572 Nestorius
1548 3519 1959 3573 condemnatus
1986 3523 2088 3587 est,

460 3618 518 3668 et
544 3612 1002 3681 Chalcedonensi,
1033 3612 1091 3666 in
1112 3629 1224 3683 quo
1244 3612 1523 3683 Eutyches
1542 3627 1674 3666 cum
1689 3611 1945 3666 Nestorio
1963 3628 2093 3665 ana-

458 3707 711 3761 themate
758 3723 1060 3778 percussus
1097 3706 1197 3776 est)
1248 3705 1488 3776 expositi
1515 3711 1574 3760 et
1597 3705 1916 3760 confirmati
1958 3708 2094 3759 sunt

460 3800 643 3854 vicem
664 3801 860 3870 legum
883 3799 1193 3854 obtineant.
1216 3798 1619 3853 Prcedictorum
1642 3799 1857 3854 etenim
1880 3803 2093 3853 sancto-

460 3910 591 3948 rum
616 3892 983 3947 conciliorum
1029 3892 1252 3946 decreta
1282 3890 1514 3962 perinde
1546 3895 1608 3946 ut
1634 3908 1822 3946 sacras
1847 3891 2093 3963 Scriptu-

459 4002 551 4041 ras
576 3985 916 4056 suscipimus
935 4026 948 4053 ,
979 3988 1035 4038 et
1072 4000 1311 4038 canones
1341 3990 1401 4039 ut
1438 3985 1591 4056 leges
1617 3985 1985 4040 custodimus.
2012 3987 2092 4039 Ac

459 4083 761 4150 propterea
787 4076 1071 4131 sancimus
1100 4082 1160 4131 ut
1179 4078 1489 4132 secundum
1518 4094 1713 4132 eorum
1735 4077 2093 4132 definitiones

460 4170 843 4226 sanctissimus
884 4171 1087 4224 veteris
1125 4171 1323 4225 Romae
1368 4187 1511 4242 papa
1559 4170 1780 4242 primus
1835 4170 2093 4225 omnium

461 4264 817 4319 sacerdotum
871 4263 963 4330 sit,
1028 4263 1387 4317 beatissimus
1446 4279 1580 4316 vero
1636 4262 2095 4334 archiepiscopus

461 4356 974 4427 Constantinopolis
1002 4373 1163 4411 nova:
1197 4358 1386 4410 Romae
1418 4355 1731 4410 secundum
1753 4356 1943 4411 locum
1969 4359 2096 4428 post

460 4457 710 4506 sanctam
736 4450 1103 4521 apostolicam
1131 4449 1332 4503 veteris
1374 4450 1569 4503 Romae
1596 4449 1787 4503 sedem
1817 4450 2090 4519 obtineat,

2112 3194 2166 3268 C

2190 1936 2467 2006 venerint,
2515 1940 2617 1991 aut
2650 1936 2884 2007 posthac
2930 1935 3287 2007 pervenient,
3322 1935 3527 1990 liberas
3564 1934 3666 1987 has
3708 1949 3833 1987 esse

2190 2020 2473 2084 sancimus
2500 2046 2533 2083 a
2556 2030 2962 2084 lucrativorum
2983 2029 3387 2099 descriptione.

2263 2125 2405 2178 Item
2435 2140 2538 2194 pro
2569 2123 2972 2194 temporalibus
3010 2122 3230 2189 decem,
3279 2127 3337 2176 et
3374 2120 3606 2192 viginti,
3653 2123 3713 2175 et
3736 2120 3833 2175 tri-

2194 2216 2350 2287 ginta
2367 2233 2651 2271 annorum
2671 2214 3187 2287 praescriptionibus
3212 2213 3596 2285 praecipimus,
3619 2219 3685 2268 ut
3708 2230 3833 2267 san-

2192 2308 2294 2363 ctis
2321 2310 2564 2364 ecclesiis
2595 2314 2652 2363 et
2680 2309 2803 2363 aliis
2830 2308 3097 2363 omnibus
3122 2306 3541 2362 venerabilibus
3567 2306 3833 2360 domibus

2194 2403 2571 2474 quadraginta
2598 2403 2875 2457 duntaxat
2896 2417 3181 2455 annorum
3207 2399 3557 2471 praescriptio
3582 2415 3828 2471 oppona.

2190 2499 2306 2564 tur,
2352 2496 2549 2550 eodem
2592 2496 2697 2549 hoc
2727 2494 3095 2549 custodiendo
3136 2497 3194 2547 et
3232 2494 3292 2546 in
3320 2493 3595 2564 petitione
3623 2493 3835 2563 legato-

2193 2604 2322 2643 rum
2351 2592 2409 2642 et
2437 2588 2833 2643 haereditatum
2860 2588 2931 2642 ad
2961 2587 3087 2659 pias
3111 2603 3307 2641 causas
3333 2585 3683 2640 relictarum.

2264 2684 2543 2737 Praeterea
2586 2680 2631 2735 si
2670 2682 2797 2753 quis
2832 2682 3073 2735 voluerit
3110 2679 3437 2734 venerabile
3474 2677 3831 2733 exaediﬁcare

2192 2776 2504 2830 oratorium
2516 2778 2613 2829 aut
2624 2775 3055 2843 monasterium,
3072 2790 3189 2827 non
3209 2772 3373 2827 aliter
3393 2771 3833 2826 aediﬁcationem

2192 2868 2445 2940 incipito,
2474 2868 2584 2922 nisi
2618 2869 2871 2922 locorum
2903 2866 3359 2937 religiosissimus
3381 2865 3675 2936 episcopus
3694 2879 3829 2934 pre-

2193 2978 2284 3017 ces
2320 2962 2433 3016 illic
2486 2961 2821 3032 profuderit,
2877 2966 2934 3014 et
2984 2960 3294 3032 pretiosam
3343 2974 3569 3013 crucem
3616 2958 3828 3011 fixerit.

2193 3056 2357 3110 Certe
2407 3054 2505 3126 qui
2547 3055 2722 3109 semel
2766 3054 2935 3124 coepit
2981 3054 3073 3106 vel
3118 3068 3331 3107 novum
3376 3052 3689 3106 oratorium
3737 3067 3834 3105 ex-

2192 3151 2433 3214 struere,
2462 3148 2547 3202 vel
2568 3151 2728 3202 vetus
2757 3162 3048 3216 renovare,
3070 3146 3337 3201 omnibus
3362 3144 3546 3200 modis
3569 3163 3603 3199 a
3625 3144 3834 3199 beatis-

2192 3241 2338 3296 simo
2366 3242 2619 3295 locorum
2648 3241 2930 3312 episcopo,
2964 3244 3021 3294 et
3045 3237 3357 3295 oeconomis
3383 3240 3508 3310 ejus
3535 3239 3833 3309 magistra-

2190 3340 2365 3406 tuque
2392 3334 2539 3389 civili
2564 3334 2935 3405 compellitor,
2973 3334 3061 3389 vel
3097 3334 3238 3405 ipse,
3271 3334 3317 3387 si
3347 3332 3612 3404 supersit,
3644 3331 3731 3385 vel
3761 3347 3829 3385 eo

2190 3434 2419 3483 mortuo
2439 3429 2694 3483 haeredes
2720 3428 2842 3498 ejus
2868 3432 3115 3499 cceptum
3148 3444 3290 3498 Opus
3316 3426 3606 3498 perficere.

2263 3521 2316 3576 Si
2359 3521 2485 3592 quis
2537 3522 2695 3575 domi
2745 3538 2881 3591 sum,
2929 3526 3027 3575 aut
3077 3521 3137 3574 in
3193 3519 3485 3586 suburbio,
3544 3518 3827 3589 praediove

2190 3614 2631 3669 ecclesiasticum
2654 3614 2939 3670 celebrare
2968 3613 3349 3668 ministerium
3378 3612 3825 3683 praesumpserit,

2191 3712 2291 3763 aut
2307 3708 2432 3763 aliis
2447 3708 2732 3763 celebrare
2747 3708 2867 3762 sine
2888 3707 3100 3762 clericis
3117 3705 3544 3777 religiosissima
3566 3705 3827 3758 locorum

2190 3802 2452 3874 episcopo
2471 3801 2708 3856 subditis
2736 3801 3090 3868 concesserit,
3108 3799 3380 3870 jubemus
3400 3801 3464 3853 ut
3490 3814 3558 3851 ea
3585 3798 3788 3851 domus
3811 3840 3825 3867 ,

2190 3900 2289 3949 aut
2303 3894 2661 3961 suburbium,
2679 3897 2778 3948 aut
2794 3890 3092 3965 praedium,
3114 3892 3213 3946 ubi
3229 3893 3337 3946 tale
3357 3891 3493 3963 quid
3513 3890 3825 3945 admissum

2191 3988 2378 4058 fuerit,
2402 3994 2770 4043 sacrosanctae
2793 3988 2915 4058 ejus
2939 3986 3044 4041 loci
3076 3985 3325 4040 ecclesiae
3365 4002 3468 4056 per
3499 3985 3597 4039 Dei
3638 4002 3830 4040 aman-

2190 4082 2474 4137 tissimum
2502 4081 2832 4152 episcopum
2858 4085 2913 4135 et
2931 4095 3291 4134 (economum
3316 4079 3456 4149 ejus,
3490 4079 3827 4147 civilemque

2193 4175 2613 4245 magistratum,
2640 4173 2973 4228 vindicetur.
2988 4173 3162 4238 ‘Quod
3180 4172 3228 4226 si
3248 4172 3551 4244 ignorante
3572 4171 3827 4225 locorum

2192 4268 2422 4323 domino
2444 4270 2840 4339 procuratores
2857 4268 2996 4337 ejus,
3022 4271 3121 4320 aut
3137 4266 3348 4334 coloni,
3376 4264 3708 4336 inquilinive
3730 4267 3827 4317 aut

2194 4363 2580 4433 emphyteutaa
2595 4359 2730 4415 huic
2749 4359 3093 4415 contrarium
3114 4360 3328 4430 aliquid
3346 4358 3601 4427 fecerint,
3617 4363 3715 4411 aut
3734 4358 3829 4411 tie-

2194 4455 2241 4509 ri
2261 4454 2662 4521 concesserint,
2690 4454 2955 4508 dominus
2974 4453 3204 4525 quidem
3240 4452 3347 4506 loci
3366 4451 3590 4505 nullum
3610 4451 3825 4522 prmju-

461 4546 792 4616 ceterisque
822 4544 1089 4597 omnibus
1116 4542 1477 4614 praeferatur.
1512 4542 1871 4597 Beatissimus
1901 4546 2097 4598 autem
2119 4557 2178 4628 D
2200 4549 2412 4603 dicium
2436 4564 2534 4602 seu
2561 4548 2833 4602 damnum
2865 4546 3157 4601 sustineat.
3188 4545 3295 4609 Qui
3321 4560 3453 4599 vero
3483 4543 3541 4598 id
3572 4544 3657 4599 vel
3686 4544 3830 4598 fece-

461 4654 568 4711 pro
582 4645 842 4710 tempore
864 4636 1658 4708 archiepiscopusJustinianee
1680 4637 1879 4707 primae.
1901 4637 2098 4708 patriae

462 4738 672 4787 nostrae
689 4749 917 4805 semper
934 4731 1038 4786 sub
1051 4730 1445 4801 jurisdictione
1465 4747 1565 4784 sua
1586 4730 1793 4785 habeat
1810 4731 2100 4802 episcopos

461 4831 883 4903 provinciarum
919 4829 1097 4884 Dacia!
1124 4828 1578 4896 mediterraneas,
1609 4834 1664 4882 et
1693 4828 1874 4882 Dacia:
1903 4829 2095 4900 ripen-

464 4924 557 4993 sis,
582 4926 720 4979 item
749 4924 1062 4992 Triballeae,
1092 4939 1157 4977 ac
1194 4922 1519 4992 Dardanias,
1550 4925 1606 4975 et
1629 4921 1817 4992 Mysiae
1848 4922 2100 4993 superio-

462 5020 562 5088 ris,
603 5024 659 5073 et
690 5018 1013 5085 Pannoniae,
1044 5021 1100 5070 et
1124 5016 1193 5070 ab
1225 5016 1345 5087 ipso
1374 5016 1435 5070 hi
1464 5015 1798 5070 ordinentur
1818 5058 1831 5085 ,
1862 5016 1981 5088 ipse
2010 5032 2101 5071 ve-

462 5130 526 5168 ro
557 5130 588 5167 a
615 5112 851 5184 propria
881 5110 1176 5166 ordinetur
1201 5111 1413 5181 synodo
1439 5153 1451 5179 ,
1480 5112 1537 5165 et
1572 5109 1629 5164 in
1657 5109 1960 5181 provinciis
1991 5109 2119 5182 ipsi.

461 5206 727 5278 subjectis
752 5206 938 5259 locum
972 5208 1159 5259 teneat
1181 5203 1502 5275 apostolicze
1529 5202 1674 5258 sedis
1700 5203 1980 5258 Romanae
2007 5218 2094 5257 se-

462 5301 715 5357 cundum
765 5316 832 5353 ea
871 5315 999 5371 quae
1046 5302 1270 5352 sanctus
1316 5314 1463 5369 papa
1508 5297 1746 5367 Vigilius
1790 5295 2094 5353 constituit.

464 5394 756 5451 Consimili
778 5393 947 5448 modo
964 5397 1020 5447 et
1039 5391 1523 5463 archiepiscopale
1540 5407 1773 5459 munus,
1796 5392 1946 5461 quod
1972 5390 2095 5462 epi-

462 5506 630 5561 scopo
672 5486 1033 5542 Justinianeaa
1075 5485 1431 5557 Carthaginis
1471 5483 1746 5537 Africanas
1792 5484 2098 5538 dioeceseos

463 5584 743 5649 dedimus,
780 5598 846 5636 ex
875 5597 988 5652 quo
1018 5581 1163 5635 Deus
1191 5580 1350 5633 nobis
1380 5578 1524 5632 hanc
1558 5577 1835 5645 restituit,
1866 5593 2094 5632 conser-

462 5677 585 5733 vari
630 5675 921 5747 jubemus.
980 5675 1084 5728 Sed
1140 5679 1196 5727 et
1238 5673 1361 5727 alia:
1403 5671 1654 5726 civitates
1680 5675 1849 5741 atque
1893 5672 2097 5724 horum

465 5770 737 5845 episcopi,
765 5767 972 5839 quibus
1008 5766 1216 5836 passim
1249 5767 1309 5820 in
1343 5766 1577 5820 diversis
1613 5764 1747 5819 locis
1769 5765 1864 5834 jus
1889 5769 2098 5818 metro-

464 5863 759 5939 politicum
779 5875 1107 5913 concessum
1121 5864 1222 5926 est,
1238 5860 1295 5913 in
1314 5862 1656 5931 perpetuum
1676 5857 1787 5913 hoc
1798 5857 2098 5933 privilegio

2200 4648 2352 4710 runt,
2378 4643 2465 4696 vel
2497 4642 2617 4697 ﬁeri
2641 4645 3059 4709 concesserunt,
3082 4656 3146 4694 ex
3177 4638 3459 4710 provincia
3489 4638 3586 4692 ubi
3615 4638 3721 4691 hoc
3739 4637 3836 4691 ad-

2198 4737 2433 4791 missum
2463 4736 2570 4790 fuit
2599 4735 2916 4807 ejiciantur,
2959 4734 3128 4788 rebus
3166 4733 3424 4803 ipsorum
3466 4734 3834 4785 sacrosanctae

2198 4830 2319 4901 ejus
2345 4830 2451 4884 loci
2482 4829 2731 4884 ecclesia:
2763 4826 3134 4883 vindicandis.

2271 4924 2329 4978 Si
2361 4923 2486 4994 quis
2516 4923 2575 4976 in
2608 4923 2838 4977 nomine
2874 4919 3071 4992 magni
3096 4918 3194 4975 Dei
3223 4923 3281 4972 et
3313 4917 3626 4972 Servatoris
3657 4914 3835 4971 nostri

2196 5018 2324 5071 Jesu
2377 5016 2585 5073 Christi
2628 5015 3021 5070 hereditatem
3074 5018 3173 5067 aut
3212 5012 3466 5082 legatum
3511 5010 3829 5081 reliquerit,

2191 5111 2460 5181 jubemus
2491 5116 2552 5165 ut
2589 5110 2709 5181 ejus
2737 5109 2844 5163 loci
2871 5107 3135 5176 ecclesia,
3165 5106 3226 5160 in
3257 5122 3371 5178 quo
3401 5108 3632 5159 testator
3659 5103 3835 5157 domi-

2197 5205 2391 5259 cilium
2404 5203 2622 5271 habuit,
2649 5204 2908 5257 relictum
2936 5201 3137 5272 capiat.
3161 5199 3215 5256 Si
3236 5198 3361 5271 quis
3378 5214 3561 5252 unum
3580 5196 3831 5268 aliquem

2197 5315 2227 5353 e
2253 5296 2459 5352 sanctis
2487 5296 2771 5351 lueredem
2799 5294 3088 5366 scripserit
3111 5337 3124 5364 ,
3169 5298 3269 5348 aut
3308 5295 3559 5364 legatum
3600 5290 3682 5343 illi
3709 5289 3832 5343 reli-

2197 5391 2403 5463 querit,
2438 5406 2621 5461 neque
2647 5389 2967 5461 specialiter
2996 5389 3183 5442 locum
3212 5385 3611 5454 nominaverit,
3640 5383 3699 5437 in
3718 5399 3832 5454 quo

2197 5484 2520 5540 veneranda
2550 5483 2752 5538 domus
2788 5482 2878 5548 sit,
2921 5481 3286 5537 inveniantur
3316 5487 3510 5535 autem
3545 5478 3606 5533 in
3632 5478 3829 5533 eodem

2197 5579 2320 5633 loco
2348 5583 2447 5632 aut
2472 5577 2614 5632 urbe
2643 5576 2803 5649 plura
2837 5575 3082 5631 oratoria
3112 5575 3362 5645 ejusdem
3391 5573 3589 5640 sancti,
3619 5571 3698 5626 illi
3725 5587 3828 5642 po‘

2196 5673 2307 5726 tius
2334 5672 2586 5726 cediculzr
2614 5687 2742 5743 quae
2776 5669 3079 5743 pauperior
3123 5668 3197 5721 sit
3234 5668 3492 5722 relictum
3521 5665 3825 5738 praebetur.

2197 5765 2291 5821 Sin
2321 5782 2454 5820 vero
2482 5766 2541 5819 in
2567 5782 2633 5821 ea
2659 5766 2802 5820 urbe
2830 5763 2989 5819 nulla
3016 5761 3166 5817 sedes
3194 5759 3476 5815 nominati
3519 5759 3700 5814 sancti
3727 5759 3828 5827 sit,

2198 5842 2522 5917 inveniatur
2544 5863 2735 5916 autem
2762 5858 2951 5934 aliqua
2983 5855 3045 5912 in
3071 5851 3357 5913 territorio
3390 5854 3439 5927 ej
3450 5870 3534 5923 us,
3563 5853 3647 5908 illi
3673 5852 3832 5909 dator
