4032 6232
196 416 324 476 1041
1019 419 1382 475 JUSTINIANI
1415 421 1742 476 NOVELLJZ
1789 422 1839 474 SI

1943 418 2119 475 ICTE.
2162 420 2463 475 NOVELLA
2505 410 2722 474 CXXXI.
3412 416 3546 477 1042

191 526 249 581 Si
277 543 466 598 neque
484 526 542 581 in
566 526 849 583 territorio
864 528 1140 598 ejusmodi
1155 530 1304 583 mdes
1328 532 1663 601 reperiatur,
1684 536 1820 585 tunc
1844 542 1901 614 Α
1923 529 2181 601 implere.
2205 529 2311 584 Sed
2342 532 2399 582 et
2419 529 2591 583 cuivis
2610 529 2703 583 alii
2728 528 2958 583 licentia
2979 526 3089 583 erit
3111 543 3175 584 ea
3201 526 3270 585 de
3299 545 3358 585 re
3384 545 3540 603 quaa-

193 620 447 675 ecclesiaa
479 620 719 676 civitatis
746 622 805 675 in
836 638 948 693 qua
978 627 1218 678 testator
1242 623 1591 679 domicilium
1625 625 1822 681 habuit
1922 624 2166 677 stionem
2195 639 2441 689 movere,
2463 623 2714 693 dareque
2739 639 2975 692 operam
2998 625 3345 679 utomnibus
3362 624 3547 680 modis

193 713 462 768 relictum
491 715 798 785 przebetor.
1922 716 1979 770 id
2003 732 2186 784 genus
2214 717 2322 787 pias
2349 731 2530 771 cauete
2558 718 2956 787 exsequantur.

268 806 328 861 Si
356 807 484 877 quis
523 808 849 863 venerabile
885 810 1216 876 oratorium,
1249 817 1346 866 aut
1375 828 1685 877 xenonem,
1725 815 1825 867 aut
1994 809 2054 864 Si
2078 825 2212 863 vero
2254 809 2437 863 haeres
2463 826 2532 863 ea
2561 826 2688 880 quze
2716 810 2775 863 in
2799 809 2923 880 pias
2949 826 3144 863 causas
3190 811 3386 866 relicta
3415 814 3548 868 sunt

195 900 517 972 ptochium,
547 906 645 955 aut
672 903 1243 973 orphanotrOphium,
1275 910 1373 959 aut
1407 905 1821 971 nosocomium,
1924 918 2041 957 non
2084 902 2340 973 impleat,
2376 902 2570 956 dicens
2598 920 2711 956 non
2756 903 3018 956 sufficere
3048 903 3118 956 ad
3148 903 3248 957 has
3282 904 3545 961 relictum

198 997 301 1047 aut
324 992 495 1047 aliam
519 995 897 1050 venerabilem
926 996 1158 1050 domum
1186 998 1398 1051 exstrui
1425 998 1481 1051 in
1512 999 1712 1053 ultima
1735 1014 1826 1052 vo-
1925 996 2034 1049 sibi
2074 994 2505 1065 patrimonium,
2528 996 2798 1065 jubemus
2841 999 2903 1049 ut
2932 996 3088 1050 omni
3118 998 3272 1050 lucro
3303 999 3454 1068 quod
3481 1016 3548 1055 ex

197 1086 420 1141 luntate
441 1086 797 1157 disposuerit,
802 1089 1075 1159 jubemus
1093 1092 1153 1143 ut
1169 1091 1482 1145 oratorium
1499 1091 1649 1146 intra
1666 1091 1828 1161 quin-
1926 1088 2169 1143 Falcidia
2195 1089 2459 1159 provenit
2475 1092 2728 1156 vacante,
2750 1089 3103 1159 quidquidin
3128 1091 3251 1160 ejus
3271 1090 3551 1146 facultati-

199 1194 313 1249 que
332 1195 515 1234 annos
545 1180 886 1251 perficiatur,
918 1182 1272 1252 providentia
1298 1184 1556 1237 locorum
1579 1184 1827 1255 episcopi
1925 1181 2032 1243 bus
2047 1182 2341 1235 inventum
2366 1181 2558 1248 fuerit,
2576 1180 2929 1251 providentia
2943 1182 3551 1239 sanctissimilocorum

200 1276 258 1327 et
282 1272 462 1327 civilis
490 1273 874 1343 magistratus.
897 1276 1091 1330 Xenon
1113 1292 1247 1329 vero
1269 1278 1368 1330 aut
1396 1277 1709 1347 ptochium,
1732 1281 1830 1331 aut
1929 1274 2180 1345 episcopi
2208 1277 2395 1328 totum
2422 1274 2481 1327 in
2503 1290 2699 1328 causas
2713 1275 2782 1329 ad
2810 1291 2948 1345 quas
2971 1275 3231 1330 relictum
3249 1280 3335 1330 est
3357 1294 3553 1347 proce-

202 1366 316 1421 alia
345 1366 684 1420 venerabilis
714 1367 922 1421 domus
948 1368 1093 1421 intra
1123 1385 1301 1423 unum
1331 1385 1545 1424 annum
1576 1374 1825 1424 exstrua-
1928 1368 2042 1422 dat.
2074 1367 2239 1432 Quod
2271 1368 2317 1421 si
2344 1369 2598 1438 legatum
2630 1368 2702 1421 ab
2729 1354 2922 1438 aliquo
2951 1369 3023 1422 ad
3051 1370 3173 1439 pias
3199 1386 3392 1424 causas
3418 1371 3554 1424 reli-

201 1463 317 1514 tur.
337 1459 395 1513 Si
416 1459 565 1514 intra
578 1475 791 1514 annum
812 1461 1066 1515 haeredes
1086 1479 1395 1529 xenonem,
1413 1465 1511 1517 aut
1523 1479 1832 1533 quamcun—
1929 1464 2085 1515 ctum
2109 1460 2298 1530 fuerit,
2311 1461 2581 1530 jubemus
2593 1464 2659 1515 ut
2678 1461 2827 1515 intra
2840 1476 2943 1537 sex
2964 1478 3192 1516 menses
3212 1463 3282 1517 ab
3300 1463 3555 1518 insinua-

201 1569 315 1624 que
334 1553 720 1608 venerabilem
740 1553 977 1608 domum
1008 1571 1182 1625 quam
1206 1558 1441 1610 testator
1470 1555 1682 1611 exstrui
1713 1557 1828 1611 dis-
1929 1555 2087 1609 tione
2132 1553 2458 1607 testamenti
2505 1554 2889 1608 numerandos
2930 1555 3194 1609 omnibus
3224 1555 3329 1609 hoc
3374 1556 3557 1610 modis

204 1646 413 1718 posuit,
469 1662 584 1701 non
634 1647 893 1715 fecerint,
940 1648 1212 1717 jubemus
1259 1653 1321 1703 ut
1368 1648 1601 1703 domum
1651 1649 1693 1703 ii
1743 1650 1832 1704 vel
1930 1650 2238 1719 praestetur
2256 1647 2344 1699 his
2365 1646 2571 1716 quibus
2596 1646 2858 1701 relictum
2886 1651 2988 1700 est.
3007 1647 3101 1702 Sin
3127 1651 3318 1702 autem
3337 1649 3556 1720 quihoc

206 1743 423 1808 emant,
442 1740 529 1794 vel
552 1739 894 1805 conducant,
917 1741 1015 1795 ubi
1023 1741 1180 1812 jussa
1201 1746 1415 1813 queant
1439 1743 1692 1813 exsequi,
1707 1748 1830 1797 tan-
1934 1739 2152 1811 gravati
2172 1742 2307 1793 sunt
2318 1738 2641 1809 hujusmodi
2658 1739 2911 1809 legatum
2929 1744 3200 1810 praestare
3215 1740 3557 1809 distulerint,

206 1834 382 1904 tisper
412 1833 550 1887 dum
572 1833 854 1903 ejusmodi
882 1834 1221 1889 venerabilis
1248 1835 1451 1889 domus
1482 1835 1829 1890 absolvatur.
1935 1835 1994 1887 et
2022 1833 2257 1899 fructus,
2291 1835 2350 1885 et
2382 1848 2566 1886 usurae
2598 1835 2655 1885 et
2696 1832 2885 1885 omnis
2912 1831 3165 1901 legitima
3192 1832 3458 1899 accessio,
3487 1834 3558 1888 ab

203 1929 281 1980 Ac
300 1926 586 1997 siquidem
608 1926 729 1997 ipse
744 1928 1469 1999 testatorlinierit,quinam
1489 1929 1830 1995 xeno’dochi,
1853 1904 1910 1976 B
1933 1926 2070 1997 ipsis
2105 1926 2225 1995 jam
2264 1925 2397 1979 inde
2426 1942 2460 1978 a
2496 1928 2757 1995 tempore
2797 1925 2996 1979 mortis
3038 1925 3159 1995 ejus
3202 1926 3302 1996 qui
3334 1926 3565 1997 reliquit

206 2023 305 2073 aut
332 2019 700 2090 ptocotrophi
727 2025 826 2074 aut
854 2020 908 2074 id
941 2036 1121 2091 genus
1146 2021 1241 2075 alii
1263 2021 1682 2093 dispensatores
1708 2022 1832 2077 ﬁeri
1936 2019 2257 2089 exigentur.
2282 2017 2337 2072 Si
2360 2019 2616 2089 legatum
2640 2034 2901 2072 annuum
2925 2019 3241 2089 cuicunque
3255 2019 3563 2074 venerabili

209 2112 478 2180 debeant,
497 2114 595 2166 aut
608 2112 1077 2167 haeredibusvsuis
1094 2114 1265 2182 hujus
1285 2114 1366 2168 rei
1388 2115 1674 2185 cptionem
1697 2131 1837 2187 prae-
1935 2110 2131 2166 domui
2147 2110 2406 2165 relictum
2430 2110 2619 2177 fuerit,
2639 2110 2925 2181 siquidem
2944 2111 3003 2164 hi
3014 2112 3111 2181 qui
3130 2112 3252 2166 hinc
3272 2112 3409 2166 dare
3418 2112 3564 2182 jussi

206 2204 693 2274 buerit,jubemus
714 2209 776 2261 ut
794 2205 1060 2260 omnibus
1076 2206 1261 2261 modis
1277 2206 1835 2279 haeredesipsiushis
1935 2207 2086 2271 sunt,
2126 2205 2225 2256 aut
2273 2203 2429 2257 locus
2470 2220 2536 2257 ex
2577 2218 2691 2273 quo
2728 2203 2784 2256 id
2821 2204 3081 2273 praastari
3126 2204 3351 2274 jussum
3389 2208 3474 2259 est
3500 2204 3562 2259 in

207 2313 333 2367 qua:
362 2297 435 2357 ab
471 2298 593 2369 ipso
631 2297 903 2369 disposita
927 2305 1060 2353 sunt
1101 2299 1467 2368 satisfaciant,
1495 2301 1834 2356 beatissimis
1936 2297 2138 2351 eadem
2158 2300 2256 2350 aut
2284 2295 2468 2350 vicina
2492 2295 2781 2367 provincia
2799 2300 2903 2365 est,
2920 2296 3191 2367 jubemus
3210 2313 3282 2351 ne
3309 2313 3422 2367 quo
3445 2313 3566 2352 mo-

209 2392 464 2445 locorum
496 2391 774 2461 episcopis
803 2391 1159 2462 inspecturis,
1205 2409 1278 2447 an
1317 2393 1661 2463 dispensatio
1706 2394 1834 2464 pul-
1936 2390 2010 2444 do
2035 2390 2144 2444 tale
2173 2389 2432 2459 legatum
2463 2388 2765 2443 alienetur.
2803 2389 2901 2444 Sin
2931 2390 3057 2444 loca
3082 2393 3183 2444 aut
3212 2406 3469 2461 personae
3497 2407 3565 2445 ex

207 2484 342 2537 chre
368 2484 657 2554 procedat.
688 2485 756 2539 Et
780 2484 826 2538 si
852 2485 1333 2555 deprehenderint
1358 2502 1452 2539 eos
1478 2486 1575 2557 qui
1603 2486 1833 2557 dispen-
1935 2483 2142 2554 quibus
2166 2487 2267 2537 aut
2291 2500 2324 2536 a
2350 2481 2557 2554 quibus
2575 2482 2684 2537 hoc
2711 2481 2834 2536 dari
2849 2482 3075 2552 jussum
3105 2486 3190 2537 est
3214 2483 3567 2561 in'remotio-

207 2576 484 2631 sationem
528 2577 740 2632 habent
765 2594 1015 2648 nequam
1059 2579 1318 2633 homines
1343 2584 1400 2633 et
1428 2579 1635 2633 nullius
1671 2579 1836 2634 bonae
1937 2575 2091 2629 ribus
2118 2576 2232 2629 sint
2260 2576 2535 2647 partibus,
2565 2578 2700 2630 tunc
2743 2576 3036 2646 integrum
3070 2575 3181 2630 illis
3210 2581 3329 2630 esto
3358 2577 3565 2647 quibus

206 2669 289 2723 rei
320 2686 466 2735 esse,
484 2662 781 2724 licentiam
805 2672 1082 2726 habituris
1110 2677 1175 2726 ut
1202 2673 1326 2725 sine
1365 2672 1578 2727 damno
1609 2673 1747 2727 alios
1775 2674 1834 2728 in
1936 2667 1993 2722 id
2029 2668 2291 2723 relictum
2315 2673 2417 2735 est,
2441 2672 2507 2722 ut
2532 2668 2578 2722 si
2605 2668 2853 2737 obligata
2883 2668 3062 2723 etiam
3089 2686 3223 2740 pars
3261 2669 3564 2737 consentit,

208 2763 437 2817 illorum
459 2764 647 2818 locum
678 2764 862 2837 magis
899 2764 1140 2819 idoneos
1165 2765 1469 2820 sufficiant.
1936 2761 2193 2832 legatum
2208 2764 2560 2832 permutent,
2592 2764 2650 2815 et
2671 2761 2919 2815 vicinum
2953 2762 3199 2832 aliquem
3220 2778 3324 2832 pro
3344 2763 3453 2816 hoc
3481 2779 3569 2817 re-

277 2856 392 2912 Sed
426 2861 485 2910 et
517 2857 565 2911 si
602 2856 729 2928 quis
761 2874 864 2927 pro
917 2859 1306 2929 redemptione
1352 2859 1701 2930 captivorum
1740 2864 1839 2914 aut
1938 2854 2120 2908 ditum
2148 2854 2379 2924 capiant
2410 2854 2661 2921 uberem,
2684 2857 2741 2907 et
2766 2871 2897 2907 cum
2922 2855 3265 2920 accessione,
3287 2871 3414 2925 qua:
3450 2872 3567 2910 non

205 2949 482 3003 alimonia
513 2965 826 3021 pauperum
849 2950 1244 3005 haareditatem
1264 2952 1351 3005 vel
1381 2953 1634 3021 legatum
1661 2951 1721 3007 in
1743 2969 1835 3007 re-

204 3043 310 3096 bus
333 3042 660 3110 mobilibus,
686 3048 784 3097 aut
813 3043 1220 3112 immobilibus,
1252 3045 1366 3098 sive
1388 3047 1584 3112 semel,
1609 3045 1721 3099 sive
1743 3062 1839 3099 au-

208 3152 390 3190 nuum
429 3136 743 3206 reliquerit,
776 3139 835 3190 et
867 3137 976 3191 hoc
1011 3136 1197 3191 modis
1228 3139 1493 3193 omnibus
1523 3139 1835 3193 secundum

206 3228 493 3283 testatoris
527 3230 877 3283 voluntatem
917 3246 1020 3300 per
1058 3247 1156 3284 eos
1204 3231 1300 3301 qui
1328 3231 1387 3285 id
1429 3231 1661 3302 exsequi
1696 3231 1835 3303 jussi

203 3327 338 3376 sunt
363 3324 680 3391 praestator.
716 3322 774 3377 Si
805 3323 1123 3392 specialiter
1159 3341 1274 3377 non
1302 3325 1509 3379 dixerit
1544 3325 1705 3394 cujus
1730 3326 1839 3381 loci

203 3414 558 3485 pauperibus
589 3415 710 3469 htec
738 3414 1053 3487 reliquerit,
1088 3416 1358 3486 jubemus
1389 3422 1449 3471 ut
1476 3417 1836 3487 religiosissi-

205 3524 333 3561 mus
362 3507 601 3561 civitatis
630 3508 948 3578 episcopus,
985 3508 1043 3561 in
1073 3525 1188 3579 qua
1215 3512 1453 3564 testator
1487 3510 1839 3565 domicilium

132 3625 141 3633 -
208 3599 427 3667 habuit,
452 3616 543 3653 eas
571 3617 663 3653 res
687 3600 757 3654 ad
792 3618 851 3654 se
881 3600 1132 3671 recipiat,
1164 3605 1217 3655 et
1243 3602 1391 3655 inter
1414 3619 1689 3672 pauperes
1715 3603 1839 3672 ejus

207 3692 452 3746 civitatis
477 3692 792 3746 distribuat.
818 3695 958 3746 Item
980 3693 1027 3746 si
1054 3710 1156 3764 pro
1177 3694 1569 3763 redemptione
1599 3695 1840 3765 captivo-

209 3802 337 3839 rum
364 3784 581 3856 aliquid
616 3786 878 3839 relictum
903 3786 990 3850 sit,
1016 3803 1202 3857 neque
1232 3790 1466 3841 testator
1491 3788 1836 3842 nominatim

208 3878 442 3945 dixerit,
470 3894 575 3948 per
604 3895 775 3948 quem
802 3879 1260 3950 redemptionem
1292 3879 1411 3932 fieri
1441 3883 1717 3950 oporteat,
1744 3880 1835 3934 iti-

207 3972 336 4026 dem
350 3970 622 4041 jubemus
640 3976 703 4024 ut
716 3988 807 4025 res
824 3971 878 4025 in
903 3972 1008 4026 hoc
1030 3972 1240 4026 relictas
1263 3972 1513 4027 locorum
1544 3973 1839 4043 episcopus

205 4069 259 4119 et
287 4064 458 4133 hujus
483 4079 816 4118 (economus
843 4065 1047 4135 capiat,
1075 4068 1132 4119 et
1159 4065 1489 4135 hujusmodi
1512 4066 1671 4137 pium
1698 4082 1839 4137 opus

208 4157 458 4227 impleat.
494 4158 555 4211 ln
578 4157 842 4210 omnibus
869 4158 1023 4230 enim
1050 4157 1170 4212 istis
1199 4157 1308 4228 piis
1339 4158 1723 4213 voluntatibus
1744 4176 1837 4213 vo-

206 4252 396 4303 lumus
422 4248 598 4303 etiam
626 4250 779 4319 ipsos
799 4249 1250 4320 religiosissimos
1271 4252 1529 4305 locorum
1549 4251 1838 4322 episcopos

206 4342 621 4414 providentiam
642 4343 1091 4412 accommodare,
1114 4348 1178 4397 ut
1202 4345 1395 4399 omnia
1415 4345 1726 4399 secundum
1746 4349 1835 4398 te-

204 4435 434 4489 statoris
464 4435 813 4489 voluntatem
843 4436 1170 4506 procedant,
1193 4440 1251 4491 et
1277 4438 1320 4490 si
1356 4438 1646 4491 maximea
1672 4441 1839 4491 testa-

205 4529 425 4584 toribus
449 4532 549 4582 aut
576 4528 946 4583 donatoribus
968 4529 1329 4584 interdictum
1352 4531 1485 4601 ipsis
1518 4531 1588 4585 sit
1612 4547 1681 4584 ne
1703 4530 1839 4602 quid

1938 2946 2129 3000 minus
2176 2951 2376 3017 quarta
2418 2947 2628 3001 relictas
2655 2946 2992 3018 quantitatis
3011 2950 3173 3018 parte
3209 2948 3482 3017 continet,
3511 2952 3571 3002 et

1940 3055 2127 3110 neque
2153 3039 2347 3093 multis
2367 3039 2607 3110 publicis
2635 3039 3096 3110 praestationibus
3124 3045 3416 3095 onustum.
3451 3040 3567 3096 Sed

1939 3134 1998 3185 et
2014 3132 2059 3185 si
2073 3132 2320 3186 vendere
2336 3133 2449 3186 tale
2468 3132 2724 3203 legatum
2751 3132 3054 3201 voluerint,
3082 3149 3199 3187 non
3222 3132 3413 3186 minus
3433 3149 3567 3204 pre-

1939 3224 2002 3278 tii
2031 3225 2271 3280 nomine
2296 3225 2527 3296 capiant
2551 3241 2726 3296 quam
2758 3242 2827 3279 ex
2859 3226 2959 3279 tali
2985 3226 3176 3297 legato
3197 3243 3302 3297 per
3330 3225 3571 3297 triginta

1941 3320 2198 3390 quinque
2245 3334 2429 3373 annos
2469 3318 2804 3390 colligatur:
2834 3319 2913 3372 ita
2956 3321 3153 3373 tamen
3182 3322 3248 3373 ut
3285 3319 3568 3390 ejusmodi

1937 3412 2188 3483 pretium
2215 3413 2286 3466 ad
2315 3412 2623 3466 utilitatem
2665 3412 2952 3483 praedicta».
2988 3412 3325 3467 venerabilis
3365 3414 3568 3468 domus

1937 3506 2206 3576 procedat
2231 3505 2320 3559 cui
2348 3506 2608 3559 relictum
2636 3509 2740 3558 est.

2012 3596 2403 3651 lnterdicimus
2428 3597 2567 3651 item
2596 3595 3033 3668 religiosissimis
3062 3597 3345 3668 episcopis
3375 3616 3448 3652 ne
3478 3616 3569 3654 res

1939 3689 2183 3745 mobiles
2220 3694 2319 3743 aut
2347 3689 2693 3756 immobiles,
2721 3693 2820 3743 aut
2844 3689 3059 3759 seipsas
3091 3694 3408 3755 moventes,
3440 3709 3568 3763 quas

1938 3787 2066 3855 post
2077 3783 2344 3852 adeptum
2362 3782 2755 3853 episcopatum
2775 3798 3116 3854 quocunque
3133 3783 3308 3837 modo
3326 3784 3395 3839 ad
3418 3784 3572 3854 ipsos

1940 3878 2341 3947 pervenerunt,
2372 3876 2442 3930 ad
2472 3879 2739 3946 cognatos
2762 3892 2894 3929 suos
2917 3878 3018 3929 aut
3042 3892 3408 3947 quascunque
3432 3878 3571 3932 alias

1938 3985 2212 4041 personas
2241 3969 2362 4022 ullo
2393 3968 2563 4022 modo
2595 3968 2957 4022 transferant.
2991 3969 3074 4022 Ad
3110 3970 3570 4040 redemptionem

1939 4066 2134 4117 tamen
2154 4062 2533 4132 captivorum,
2549 4064 2607 4115 et
2627 4059 2959 4115 alimoniam
2985 4079 3326 4133 pauperum,
3348 4062 3485 4117 item
3510 4064 3568 4118 in

1938 4155 2077 4209 alias
2122 4155 2243 4226 pias
2272 4171 2490 4221 causas,
2519 4171 2708 4225 neque
2735 4170 2853 4209 non
2899 4170 3001 4225 pro
3030 4155 3270 4210 utilitate
3317 4157 3571 4211 ecclesias

1941 4264 2075 4316 sure,
2099 4265 2165 4302 ex
2186 4248 2274 4302 his
2301 4248 2623 4319 expendere
2651 4248 2939 4302 licentiam
2966 4249 3234 4303 habento.
3268 4250 3335 4303 Et
3361 4250 3407 4303 si
3434 4251 3572 4321 quid

1941 4358 2005 4395 ex
2034 4341 2239 4395 talibus
2268 4342 2439 4396 rebus
2468 4345 2594 4412 post
2626 4342 2857 4397 illorum
2884 4342 3099 4396 obitum
3130 4342 3188 4395 in
3217 4342 3567 4411 patrimonio

1939 4433 2169 4489 illorum
2198 4434 2601 4504 permanserit,
2624 4434 2895 4505 jubemus
2923 4439 2985 4488 ut
3010 4435 3118 4487 hoc
3146 4433 3217 4487 ad
3239 4434 3561 4490 dominium

1938 4530 2429 4580 sacrosanctarum
2452 4527 2821 4580 ecclesiarum
2846 4527 2905 4579 in
2927 4526 3133 4597 quibus
3160 4532 3459 4597 gesserunt
3487 4545 3570 4583 sa-

205 4622 263 4676 in
284 4622 356 4676 iis
384 4621 629 4675 habeant
650 4621 996 4675 commercii.
1027 4622 1193 4675 Certe
1222 4622 1265 4675 si
1297 4622 1376 4676 illi
1405 4624 1503 4693 qui
1534 4624 1654 4677 huic
1683 4639 1835 4678 exse-
1857 4626 1917 4698 D
1941 4619 2259 4674 cerdotium
2285 4619 2589 4690 pertineat.
2626 4621 2683 4672 ln
2708 4619 2816 4673 illis
2846 4620 2999 4674 enim
3022 4618 3191 4673 rebus
3219 4623 3570 4677 tantummo-

203 4715 306 4786 qui
324 4714 471 4785 jussi
502 4717 635 4768 sunt
658 4715 832 4769 semel
845 4718 1016 4785 atque
1050 4715 1259 4768 iterum
1287 4732 1320 4769 a
1339 4715 1661 4770 beatissimo
1682 4718 1837 4771 loco-

207 4824 337 4862 rum
361 4806 627 4877 episcopo
649 4810 707 4860 et
721 4807 845 4877 ejus
861 4807 1169 4861 mconomis
1187 4824 1291 4878 per
1307 4808 1555 4878 publicas
1573 4825 1841 4880 personas

205 4900 510 4967 admoniti,
546 4916 611 4953 ea
637 4915 765 4971 qua:
791 4900 1061 4971 disposita
1078 4903 1210 4954 sunt
1235 4900 1474 4971 implere
1496 4900 1838 4969 distulerint,

196 4994 472 5065 jubemus
497 4996 560 5046 ut
587 4992 625 5046 ii
651 5009 821 5047 omne
840 4994 1064 5047 lucrum
1090 4994 1245 5064 quod
1274 4993 1344 5047 ab
1366 5010 1432 5049 eo
1459 4994 1556 5065 qui
1586 4994 1694 5049 ista
1713 4995 1838 5065 jus-

206 5087 280 5141 sit
318 5085 456 5157 ipsis
503 5086 702 5140 relicta
745 5091 895 5150 sunt,
930 5087 1217 5153 amittant,
1249 5087 1660 5158 religiosissimi
1704 5103 1839 5142 vero

205 5182 467 5235 locorum
498 5179 746 5251 episcopi
780 5194 981 5233 omnes
1026 5196 1117 5233 res
1140 5196 1268 5251 qua:
1300 5180 1731 5253 quibuscunque
1761 5180 1844 5251 (ut

206 5274 425 5328 dictum
459 5274 561 5342 est)
584 5272 694 5343 piis
723 5273 905 5327 causis
927 5273 1217 5345 deputatae
1240 5277 1391 5339 sunt,
1414 5290 1543 5328 cum
1571 5274 1842 5329 fructibus

209 5370 267 5421 et
295 5365 473 5420 medii
500 5366 777 5437 temporis
803 5366 1239 5433 accessionibus,
1268 5370 1437 5438 atque
1464 5367 1602 5421 item
1630 5384 1844 5423 memo-

206 5463 332 5514 rato
357 5459 516 5513 lucro
541 5458 852 5526 vindicent,
868 5465 925 5513 et
948 5476 1076 5530 quas
1105 5462 1337 5514 testator
1362 5460 1634 5530 disposuit
1655 5461 1839 5515 adim-

209 5554 439 5624 pleant:
468 5551 659 5606 scituri
688 5552 842 5623 quod
868 5552 914 5606 si
944 5556 1000 5606 et
1031 5552 1135 5624 ipsi
1182 5553 1566 5623 negligentius
1594 5548 1863 5624 egerint,

208 5662 314 5716 pro
342 5644 612 5699 omnibus
640 5644 728 5699 his
758 5645 1038 5699 rationem
1073 5646 1189 5699 Deo
1223 5646 1494 5700 reddituri
1537 5646 1668 5701 sint.
1700 5647 1842 5701 Sane

207 5739 251 5793 si
279 5737 742 5809 religiosissimus
772 5739 1029 5793 locorum
1057 5739 1356 5810 episcopus
1393 5739 1608 5811 aliquid
1640 5756 1843 5794 eorum

208 5847 341 5904 quae
368 5847 402 5885 a
433 5830 596 5885 nobis
635 5831 787 5886 dicta
813 5835 947 5885 sunt
977 5832 1432 5903 praetermiserit,
1474 5832 1690 5887 licitum
1720 5837 1841 5887 esto

208 5923 639 5997 religiosissime
661 5924 784 5996 ejus
808 5924 1252 5996 metropolitano
1273 5925 1394 5983 haec
1421 5927 1648 5999 exigere
1672 5930 1843 6000 atque

1942 4714 2013 4767 do
2033 4712 2337 4779 alienandi,
2353 4715 2451 4765 aut
2467 4712 2673 4783 quibus
2689 4711 2919 4765 tandem
2943 4713 3225 4767 voluerint
3241 4713 3574 4786 relinquen-

1943 4806 1999 4860 di
2014 4804 2443 4877 ipsislicentiam
2458 4805 2851 4871 concedimus,
2868 4809 3120 4876 quasaut
3136 4810 3268 4861 ante
3283 4807 3575 4880 episcopa-

1941 4905 2065 4954 tum
2083 4897 2348 4953 habuisse
2371 4898 2727 4969 comprobati
2752 4898 2984 4967 fuerint,
3011 4904 3110 4954 aut
3130 4905 3258 4971 post
3285 4901 3573 4973 episcopa-

1943 4996 2067 5047 tum
2090 4992 2161 5048 ad
2174 4993 2324 5063 ipsos
2343 4992 2412 5046 ab
2435 4992 2501 5045 iis
2528 4992 2898 5063 pervenerint
2925 4993 3023 5063 qui
3052 4994 3277 5065 generis
3298 4996 3569 5064 proximi-

1944 5090 2058 5141 tate
2090 5103 2186 5141 eos
2213 5085 2639 5157 contingebant,
2668 5085 2874 5157 quibus
2903 5085 2973 5141 ab
2997 5087 3272 5142 intestato
3306 5092 3573 5158 poterant

1945 5196 2123 5250 usque
2152 5179 2224 5234 ad
2247 5183 2515 5251 quartum
2544 5179 2786 5250 gradum
2814 5179 3138 5234 succedere.
3167 5182 3351 5250 Atque
3375 5181 3570 5234 omnia

1944 5272 2067 5326 haec
2092 5290 2219 5343 qum
2253 5273 2323 5326 de
2352 5272 2519 5326 rebus
2539 5277 2667 5343 post
2692 5272 3080 5343 episcOpatum
3109 5272 3181 5325 ad
3208 5272 3568 5342 religiosissi-

1945 5381 2070 5419 mos
2095 5366 2394 5437 episcopos
2418 5364 2887 5439 provenientibus
2919 5364 3185 5427 diximus,
3210 5364 3268 5417 in
3301 5382 3567 5421 reveren-

1946 5458 2197 5512 dissimis
2226 5458 2364 5513 item
2400 5457 2904 5532 orphanotrophis,
2936 5461 2991 5510 et
3029 5457 3482 5528 ptochotrophis,
3517 5464 3572 5515 et

1946 5551 2288 5618 nosocomis,
2305 5555 2361 5604 et
2380 5554 2825 5622 gerontocomis,
2847 5555 2903 5605 et
2923 5550 3288 5617 xenodochis,
3312 5555 3370 5605 et
3391 5553 3574 5606 omni-

1943 5645 2049 5698 bus
2067 5645 2191 5699 aliis
2202 5645 2618 5699 venerabilium
2641 5647 2852 5701 aedium
2874 5643 3367 5716 dispensatoribus
3384 5645 3573 5699 valere

1945 5738 2250 5805 sancimus,
2275 5742 2331 5793 et
2351 5739 2459 5791 hoc
2479 5754 2592 5808 quo
2621 5739 2691 5792 ad
2721 5756 2811 5793 res
2839 5756 2967 5809 qua:
2993 5738 3436 5810 dispensationis
3458 5754 3574 5791 sua:
3640 5724 3645 5729 ⁷

1944 5834 2205 5903 tempore
2232 5831 2508 5905 praedicto
2535 5830 2710 5884 modo
2733 5831 2803 5883 ad
2825 5832 2979 5900 ipsos
2996 5832 3387 5901 pervenerint.
3410 5829 3576 5897 Quod

1944 5924 1992 5978 si
2022 5926 2150 5997 quis
2185 5927 2506 6002 episcopus,
2538 5926 2635 5977 aut
2666 5922 2922 5987 clericus,
2958 5927 3054 5978 aut
3084 5926 3475 6003 cujuscunque
3496 5941 3581 5981 cc-
