4032 6232
466 389 598 443 1043

1612 387 1863 444 SA'ZCULI
1904 388 2093 442 SEXTI
2129 387 2684 444 SUI’PLEMENTUM.

3693 398 3711 450 Ι
3724 394 3831 451 044

464 497 760 553 clesiastici
799 496 1012 569 gradus
1039 496 1318 564 minister,
1349 500 1449 552 aut
1481 498 1733 552 ecclesiae
1770 498 2090 553 diaconissa
2111 507 2169 580 Α
2189 498 2330 551 enim
2350 496 2750 567 providebimus
2776 502 3044 567 quatenus
3068 501 3183 555 sine
3201 501 3520 555 coltatorum
3544 501 3834 573 dispendio

465 591 588 646 sine
618 594 943 649 testamenti
963 592 1169 647 tabulis
1191 595 1248 645 et
1266 590 1538 661 legitimis
1555 590 1793 646 decedat
1809 607 2091 648 successo-

2188 591 2289 659 ﬁat
2343 591 2508 644 etiam
2558 592 2617 644 in
2664 592 2961 660 provinciis
3026 595 3341 661 mnifesto.
3397 593 3525 648 Dat.
3582 610 3651 650 xv
3701 595 3825 650 Kal.

463 689 640 757 ribus,
686 691 893 745 horum
942 689 1218 745 successio
1268 689 1342 745 ad
1396 688 1699 744 ecclesiam
1749 688 2091 747 defertorin
2189 681 2389 752 ΑρΓίῙο,
2420 682 2806 751 Constantina
2837 682 2935 739 dno
2984 684 3246 742 Jusﬁnia.
3278 687 3381 743 PP.
3414 688 3587 759 Aug.,
3620 687 3829 746 Basilio

465 798 641 854 quam
674 783 820 838 forte
845 782 1091 836 ordinati
1121 783 1368 837 fuerant.

535 877 712 930 Porro
748 875 1019 945 jubcmus
1055 891 1127 928 ne
1169 874 1473 945 quisquam
1506 875 1831 941 haereticus,
1871 876 1957 929 vel
1992 892 2093 946 per

465 968 925 1033 conductionem,
972 967 1059 1021 vel
1092 968 1540 1038 emphyteusim,
1580 969 1665 1021 vel
1702 968 2087 1039 emptionem,

465 1063 565 1114 aut
582 1076 921 1130 quocunque
941 1060 1051 1114 alio
1066 1061 1240 1114 modo
1262 1060 1685 1115 resimmobiles
1701 1078 1734 1114 a
1748 1077 2091 1131 quacunque

464 1153 703 1207 ecclesia
740 1156 841 1207 aut
884 1153 1193 1208 venerabili
1234 1153 1407 1208 domo
1439 1153 1646 1224 capiat.
1680 1153 1739 1208 Si
1776 1153 1911 1224 quid
1958 1169 2092 1222 vero

465 1246 748 1314 ejusmodi
769 1245 956 1300 delicti
971 1246 1287 1301 admissum
1306 1246 1497 1314 fuerit,
1518 1246 1817 1301 hmreticus
1835 1246 2091 1317 quidem,

463 1338 514 1392 si
543 1337 679 1409 quid
712 1355 816 1410 per
844 1339 993 1394 hanc
1019 1355 1250 1394 causam
1285 1339 1593 1410 praebuerit
1618 1340 1864 1394 amittat.
1894 1339 2090 1393 Istius-

464 1432 627 1488 modi
646 1447 780 1487 vero
811 1449 902 1487 res
928 1432 1235 1488 venerabili
1264 1432 1467 1487 domui
1498 1449 1533 1487 a
1557 1448 1672 1503 qua
1698 1436 1756 1487 et
1784 1432 1932 1486 datae
1962 1434 2096 1485 sunt

465 1524 843 1580 vindicantor.
866 1526 1235 1596 Dispensator
1253 1529 1445 1579 autem
1459 1525 1668 1579 domus
1684 1525 1780 1595 qui
1798 1524 2092 1594 hujusmo—

463 1618 522 1672 di
536 1635 627 1672 res
643 1618 910 1673 haeretica
930 1618 1156 1672 dederit
1174 1620 1232 1672 in
1261 1618 1587 1672 universum
1611 1634 1645 1672 a
1663 1616 2092 1689 dispensatione

466 1715 810 1775 removetor,
835 1715 894 1765 et
912 1711 970 1765 in
1001 1711 1417 1766 monasterium
1450 1710 1767 1781 conjicitor,
1790 1714 1848 1765 et
1866 1726 1971 1781 per
1990 1726 2093 1764 an-

466 1821 607 1858 num
636 1820 811 1858 unum
831 1821 864 1859 a
888 1807 1085 1859 sancta
1111 1804 1517 1859 communione
1544 1807 1905 1874 segregator,
1920 1807 1981 1857 ut
1996 1802 2094 1874 qui

2191 790 2243 828 V.
2276 791 2324 829 ο.
2354 790 2513 832 CODS.

2719 847 3035 902 NOVELLA
3068 848 3300 904 CXXXII.

2424 940 2675 995 Edictum
2708 941 2775 995 de
2798 941 2925 1010 ﬁde,
2954 939 3587 1013 Constantinopolitanis.

2265 1031 2619 1102 Praecipuum
2640 1048 3049 1103 summumque
3076 1034 3341 1089 omnibus
3370 1036 3704 1092 hominibus
3728 1040 3830 1094 bo-

2194 1140 2333 1178 num
2363 1140 2484 1179 esse
2512 1125 2800 1180 credimus
2820 1129 3038 1179 rectam
3059 1142 3203 1182 verse
3232 1130 3290 1181 et
3310 1127 3831 1200 irreprehensibilis

2192 1216 2531 1272 Christianae
2561 1217 2697 1272 fidei
2719 1217 3167 1285 confessionem,
3194 1219 3254 1273 in
3283 1220 3390 1275 hoc
3411 1225 3476 1276 ut
3498 1239 3602 1293 per
3627 1224 3832 1280 omnia

2194 1308 2319 1380 ipsa
2347 1309 2628 1364 valentior
2657 1310 2955 1380 reddatur,
2986 1316 3045 1368 et
3069 1328 3272 1367 omnes
3291 1313 3533 1369 habitati
3568 1316 3723 1370 orbis
3743 1334 3832 1371 re-

2195 1401 2546 1473 ligiosissimi
2593 1402 2917 1458 sacerdotes
2944 1404 3018 1458 ad
3061 1405 3425 1460 concordiam
3460 1408 3826 1478 copulentur,

2195 1499 2255 1550 et
2302 1511 2416 1549 uno
2456 1511 2555 1549 ore
2595 1499 2813 1550 rectam
2859 1496 3319 1552 Christianorum
3350 1499 3734 1569 profiteantur
3761 1518 3829 1557 ac

2192 1587 2513 1660 praedicent
2536 1587 2731 1658 fidem,
2773 1593 2830 1643 et
2858 1589 3051 1643 omnis
3079 1589 3151 1643 ab
3177 1590 3460 1646 haereticis
3498 1593 3829 1665 excogitata

2195 1680 2485 1735 adimatur
2511 1681 2749 1735 occasio.
2788 1681 2847 1735 Id
2888 1682 3045 1753 quod
3073 1698 3141 1737 ex
3170 1683 3523 1739 orationibus
3562 1685 3737 1741 simul
3766 1689 3829 1741 et

2196 1772 2396 1827 edictis
2417 1790 2451 1827 a
2470 1773 2638 1828 nobis
2664 1773 2889 1829 diverso
2916 1779 3181 1846 tempore
3211 1776 3538 1848 perscriptis
3566 1778 3821 1834 ostendi-

463 1897 817 1952 Christianos
834 1897 1115 1952 haereticis
1133 1897 1544 1951 tradiderit.At
1560 1866 1980 1951 sivortbodoxus
1997 1866 2095 1967 qui
2116 1866 2172 1938 Β
2200 1871 2307 1921 mr'
2340 1866 2467 1967 sed
2513 1866 2654 1967 Qui?
2698 1866 2950 1967 h‘mretid
2970 1909 2984 1935 ’
3024 1868 3162 1967 dun}
3192 1885 3380 1939 neque
3418 1870 3531 1967 Dei_
3554 1871 3832 1967 “11'0"?”

464 1991 884 2060 possessionem
928 1990 1101 2045 habet
1131 1990 1189 2044 in
1221 2007 1335 2060 qua
1374 1993 1574 2045 sancta
1612 1989 1687 2043 sit
1723 1988 1979 2055 ecclesia,
2008 1988 2097 2043 vel

466 2100 571 2154 per
584 2082 1027 2153 emphyteusim,
1041 2083 1127 2136 vel
1154 2082 1623 2149 conductionem,
1641 2082 1730 2137 vel
1752 2098 2096 2153 quocunque

464 2176 980 2230 administrationis
1010 2191 1224 2245 genere
1250 2192 1319 2230 ea
1346 2174 1502 2241 data,
1526 2175 1712 2246 ipsam
1737 2173 2093 2242 alienaverit,

465 2272 563 2323 aut
589 2269 884 2339 reliquerit
905 2267 1129 2334 .ludeeo,
1155 2270 1255 2322 aut
1273 2267 1560 2333 haeretico,
1590 2270 1691 2322 aut
1709 2268 2093 2333 Samaritana,

465 2366 567 2416 aut
595 2362 811 2427 Graaco,
829 2364 927 2415 aut
950 2360 1331 2426 Montanistm,
1359 2364 1459 2415 aut
1482 2360 1716 2426 Ariano,
1739 2365 2098 2415 sacrosancta

466 2454 590 2525 ejus
620 2454 882 2525 oppiduli
909 2453 1151 2508 ecclesia
1181 2453 1388 2507 horum
1425 2452 1748 2508 dominium
1785 2452 2092 2508 vindicato.

466 2547 526 2602 Si
557 2547 683 2618 quis
709 2543 905 2602 autem
935 2546 1359 2613 haereticorum,
1384 2546 1590 2616 quibus
1611 2561 2098 2601 connumeramus

467 2640 643 2695 etiam
665 2640 1050 2705 Nestorianos,
1076 2643 1133 2694 et
1156 2639 1495 2710 Acephalos,
1529 2642 1589 2693 et
1617 2638 2094 2710 Eutychianistas,

466 2734 799 2802 speluncam
847 2732 996 2786 ausit
1021 2731 1157 2786 ﬁdei
1202 2747 1318 2784 sum
1361 2730 1740 2798 exmdiﬁcare,
1774 2734 1876 2786 aut
1913 2731 2097 2787 Judaei

469 2841 677 2879 novam
709 2824 818 2880 sibi
858 2840 1218 2895 synagogam
1246 2827 1557 2891 exstruere,
1598 2827 1798 2879 sancta
1836 2824 2095 2879 locorum

465 2918 703 2971 ecclesia
717 2934 814 2972 eas
832 2916 1076 2972 fabricas
1087 2933 1190 2972 suo
1206 2917 1465 2973 dominio
1483 2917 1792 2972 vindicato.
1811 2919 2097 2973 Caeterum

2196 1962 2390 2013 mente
2416 1959 2765 2030 concipiunt,
2799 1976 2985 2031 neque
3013 1976 3118 2031 per
3139 1962 3335 2032 legum
3355 1963 3722 2018 severitatem
3746 1963 3834 2019 in-

2198 2050 2532 2106 terminatas
2550 2051 2877 2107 istiusmodi
2896 2052 3233 2107 hominibus
3253 2070 3452 2124 pmnas
3470 2058 3749 2126 reputant
3766 2056 3827 2111 in

2194 2142 2483 2212 animo,et
2506 2144 2817 2199 nonnullos
2839 2161 2868 2198 e
2887 2144 3331 2216 simplicioribus
3356 2146 3673 2218 decipiunt,
3690 2165 3835 2219 prm-

2196 2240 2286 2290 ter
2304 2253 2527 2291 morem
2548 2240 2760 2291 sanctas
2788 2237 2889 2292 Dei
2909 2237 3283 2293 catholicaa'et
3310 2239 3636 2310 apostolica:
3654 2242 3831 2296 eccle-

2197 2328 2295 2383 siae
2342 2329 2732 2385 conventicula
2782 2333 2956 2401 atque
3006 2330 3354 2406 baptismata
3396 2334 3543 2387 clam
3571 2334 3829 2389 concele-

2195 2422 2385 2488 brant,
2413 2421 2575 2493 pium
2606 2422 2864 2477 arbitrati
2906 2440 3102 2477 sumus
3144 2441 3247 2494 per
3273 2441 3527 2494 praesens
3566 2429 3830 2481 nostrum

2198 2514 2451 2569 edictum
2491 2515 2637 2570 tales
2683 2515 2996 2582 cohortari,
3025 2519 3089 2571 ut
3115 2519 3173 2570 et
3196 2516 3302 2587 ipsi
3331 2517 3402 2571 ab
3432 2517 3705 2573 haeretica
3733 2518 3831 2572 de-

2198 2606 2409 2662 ciscant
2431 2607 2683 2675 vesania,
2711 2625 2900 2679 neque
2919 2608 3166 2663 aliorum
3193 2608 3417 2664 animas
3438 2626 3541 2681 per
3563 2610 3828 2666 fraudem

2198 2700 2488 2755 deducant
2516 2700 2577 2754 in
2623 2699 2941 2769 interitum,
2975 2700 3074 2756 sed
3111 2701 3305 2773 potius
3330 2702 3403 2757 ad
3446 2706 3701 2759 sanctam
3728 2704 3829 2758 Dei

2193 2796 2497 2848 accurrant
2527 2793 2848 2861 ecclesiam,
2872 2793 2931 2848 in
2957 2810 3070 2866 qua
3091 2793 3232 2848 nihil
3262 2795 3556 2867 antiquius
3583 2795 3832 2852 habetur

2198 2886 2368 2941 rectis
2398 2885 2785 2959 dogmatibus,
2815 2890 2872 2941 et
2902 2903 3105 2942 omnes
3136 2887 3385 2943 haereses
3408 2904 3541 2944 cum
3569 2888 3828 2960 ipsarum

464 3010 511 3064 si
557 3010 685 3081 quis
728 3026 834 3080 per
863 3009 1312 3081 emphyteusim,
1356 3014 1456 3065 aut
1497 3010 1960 3076 conductionem,
1999 3013 2098 3064 aut
2199 2978 2438 3086 ἀφίδω
2473 2979 2864 3051 percelluntur
2891 2980 3281 3086 animiiPa‘e-
3305 2982 3479 3086 10""?
3533 2997 3833 3086 mret?“

2197 3072 2463 3127 volumus
2490 3089 2837 3144 cognoscere
2858 3073 3013 3145 quod
3043 3073 3092 3127 si
3122 3072 3191 3129 de
3217 3077 3428 3129 castero
3456 3074 3826 3131 inveniantur

2198 3165 2374 3238 aliqui
2395 3166 2493 3237 qui
2520 3166 2843 3237 improbato
2864 3182 3026 3222 more
3054 3166 3136 3221 ita
3166 3168 3565 3223 conventicula
3579 3168 3829 3240 agitave-

2200 3258 2334 3328 rint,
2358 3262 2458 3313 aut
2480 3258 2554 3313 ad
2580 3275 2645 3313 ea
2668 3259 3067 3327 convenerint,
3088 3259 3336 3331 amplius
3356 3277 3455 3315 eos
3481 3277 3599 3317 non
3624 3263 3833 3317 tolera-

466 3119 811 3174 quocunque
849 3103 963 3157 alio
992 3102 1507 3158 administrationis
1535 3119 1751 3173 genere
1782 3103 2096 3174 possessio-

465 3212 603 3251 nem
616 3212 783 3249 suam
799 3195 1131 3264 hujusmodi
1150 3212 1409 3266 persona:
1425 3195 1958 3266 dederit,siquidem
1976 3212 2099 3267 pos-
2117 3224 2173 3300 C

466 3287 734 3342 sessionis
752 3287 1020 3341 dominus
1038 3287 1194 3341 novit
1214 3287 1369 3358 quod
1391 3288 1662 3342 haeretica
1686 3288 1836 3342 hanc
1858 3288 2099 3344 commi-
2126 3287 2173 3300 “’
2198 3287 2334 3366 itu"
2358 3287 2458 3313 au”
2480 3287 2554 3366 αξ
2580 3287 2645 3313 ’π’
2668 3287 3067 3366 ⁹υ¹ξ⁷¹⁵¹¹¹⁵τ¹ξ¹δ²
3088 3287 3336 3366 αίξῇνυυδ
3356 3287 3455 3315 δυδ
3628 3287 3827 3317 ιυ¹⁴⁵¹’ί¹“

467 3380 625 3446 serit,
658 3395 863 3433 omnes
888 3378 1107 3434 reditus
1126 3350 1277 3434 illius
1296 3380 1576 3451 temporis
1607 3380 1763 3451 quod
1782 3381 2100 3436 contractui
2198 3350 2410 3451 bimus}
2447 3351 2549 3451 s‘ed
2589 3355 2711 3451 tim]
2740 3350 2953 3451 immo?
2981 3351 3039 3406 in
3068 3351 3280 3451 _q_u_ibus
3304 3353 3418 3408 tale
3444 3353 3583 3451 Qui?
3608 3355 3832 3425 peccati

466 3472 723 3538 accessit,
766 3472 1005 3526 ecclesia
1040 3472 1284 3526 civitatis
1321 3472 1425 3526 sub
1459 3489 1573 3544 qua
1599 3473 1881 3543 possessio
1914 3474 2101 3544 posita
2201 3447 2591 3550 ξξθτρθίξθθζξηη
2605 3443 2998 3499 fuerltsancm
3016 3443 3831 3550 δάὼθθωυδιίῗθθξθδιωνίῖιξδῐξ)

468 3568 556 3619 est
583 3564 924 3619 vindicet.Si
945 3580 1080 3629 vero
1108 3564 1482 3635 possessionis
1502 3566 1776 3620 dominus
1796 3566 2101 3636 ignorabat
2200 3554 2295 3636 ηδ,
2328 3552 2428 3607 qm
2479 3541 2557 3636 {ta
2603 3552 2873 3607 perverso
2921 3552 3084 3636 "1?"?
3132 3539 3551 3636 θοηνῗωῖξδωδθ
3579 3542 3826 3611 θεθτωίν

469 3657 625 3728 quod
658 3656 964 3711 haereticus
995 3660 1145 3711 esset
1174 3657 1334 3727 cujus
1360 3656 1494 3711 fidei
1524 3658 1674 3712 hanc
1709 3659 2096 3727 commiserat,

466 3750 589 3821 ipse
614 3750 848 3820 quidem
875 3750 946 3803 ob
976 3749 1367 3820 ignorantiam
1395 3749 1682 3804 indemnis
1707 3755 2097 3819 conservetur,

467 3843 769 3897 haereticus
783 3859 917 3897 vero
947 3842 1004 3897 in
1023 3846 1264 3913 utroque
1291 3858 1423 3897 casu
1454 3848 1511 3897 et
1534 3843 1984 3913 possessionibus
2003 3845 2101 3915 eji-

470 3936 675 4001 ciatur,
708 3939 769 3990 et
796 3935 1116 3990 substantia
1144 3935 1269 4005 ejus
1296 3935 1594 3991 addicatur
1612 3936 1768 3990 ﬁsco.

540 4029 691 4085 Sane
719 4028 1176 4100 orphanotrOphi
1192 4032 1448 4085 tutorum
1476 4033 1533 4083 et
1547 4033 1877 4084 curatorum
1906 4030 2097 4085 locum

469 4122 799 4177 obtinente:
824 4122 904 4176 ita
926 4125 1149 4187 tamen,
1174 4126 1237 4175 ut
1266 4122 1337 4176 de
1361 4122 1529 4177 rebus
1554 4137 1682 4192 qua:
1714 4121 1788 4175 ad
1811 4123 2097 4194 orphano-

464 4214 692 4286 trophia
720 4216 805 4268 vel
838 4214 1205 4286 proprietatis
1218 4215 1348 4283 jure
1383 4214 1456 4268 ad
1484 4215 1639 4285 ipsos
1663 4214 1954 4285 orphanos
1978 4231 2103 4285 per-

2199 3628 2415 3700 quique
2440 3628 2515 3683 ad
2538 3645 2641 3684 eos
2688 3629 3081 3698 convenerint,
3128 3630 3604 3686 constitutionum
3631 3648 3829 3703 poenas

2201 3721 2469 3777 omnibus
2512 3721 2712 3776 inferri
2739 3722 2927 3777 modis
2951 3722 3303 3793 jubebimus.
3335 3724 3460 3779 Dat.
3497 3724 3647 3781 Prid.
3679 3725 3827 3780 Non.

2198 3814 2399 3885 April.,
2429 3814 2890 3887 Constantinop.,
2918 3814 3016 3870 dn.
3042 3815 3364 3872 Iustiniano
3394 3818 3498 3872 PP.
3531 3818 3701 3889 Aug.,
3730 3818 3830 3873 Ba-

2201 3906 2325 3962 silio
2356 3924 2407 3961 v.
2440 3924 2488 3962 c.
2519 3923 2672 3962 cons.

2708 4021 3024 4078 NOVELLA
3050 4024 3310 4079 CXXXIII.

2281 4116 2356 4169 De
2383 4116 2657 4170 monachis
2682 4120 2733 4170 et
2758 4118 3018 4183 ascetriis,
3051 4122 3102 4172 et
3125 4132 3305 4172 eorum
3334 4120 3755 4174 conversatione.

2273 4208 2591 4277 Imperator
2625 4207 2978 4263 Justinianus
3003 4211 3290 4281 Augustus
3329 4209 3538 4265 Joanni
3567 4210 3828 4267 beatissi-

469 4303 671 4369 tinent,
697 4302 871 4357 etiam
902 4303 1023 4358 siue
1052 4301 1429 4357 satisdatione
1460 4302 1716 4358 actiones
1736 4302 2028 4359 intentent
2045 4307 2105 4358 et
2204 4315 2300 4354 mo
2329 4299 2781 4372 archiepiscopo.

469 4395 773 4467 excipiant.
807 4396 916 4449 Res
947 4413 1080 4451 vero
1113 4411 1242 4465 quae
1262 4395 1335 4449 ad
1357 4395 1688 4466 quempiam
1722 4397 1870 4451 forte
1898 4396 2103 4468 orpha-

470 4504 674 4544 norum
706 4488 996 4558 pertinere
1018 4486 1348 4557 contigerit,
1374 4487 1830 4560 orphanotrophi
1858 4506 2103 4561 praesen-

2272 4392 2535 4448 Solitaria
2563 4394 2677 4448 vita
2702 4397 2873 4465 atque
2902 4394 2963 4449 in
2990 4410 3062 4449 ea
3085 4395 3499 4466 contemplatio
3529 4412 3621 4451 res
3659 4398 3829 4469 plane

2203 4500 2361 4539 sacra
2384 4489 2488 4553 est,
2508 4489 2567 4539 et
2587 4503 2714 4557 quae
2735 4490 2936 4558 suapte
2958 4490 3165 4542 natura
3185 4487 3409 4543 animas
3431 4488 3505 4543 ad
3521 4489 3708 4545 Deum
3736 4491 3832 4546 ad-

468 4582 615 4635 tibus
649 4580 941 4634 tabulariis
970 4580 1231 4651 publicis,
1256 4583 1315 4635 et
1329 4580 1432 4635 sub
1459 4584 1719 4636 actorum
1738 4583 2097 4653 publicorum
2116 4584 2178 4657 D
2200 4577 2385 4644 ducat,
2418 4594 2605 4649 neque
2638 4578 2707 4633 iis
2733 4581 2958 4633 tantum
2997 4579 3095 4651 qui
3124 4596 3256 4634 eam
3292 4579 3553 4636 incolunt
3576 4598 3831 4637 commo-

468 4673 848 4737 confectione,
894 4678 1013 4728 tam
1061 4673 1118 4727 in
1150 4673 1312 4743 regia
1341 4674 1570 4730 civitate
1604 4676 1759 4746 apud
1791 4676 2099 4745 magistros

468 4783 670 4821 census
691 4783 865 4836 quam
900 4766 957 4820 in
987 4766 1293 4837 provinciis
1313 4767 1466 4838 apud
1488 4785 1689 4824 earum
1712 4769 1983 4840 praesides
2002 4773 2101 4824 aut

468 4860 723 4914 locorum
745 4859 1077 4914 defensores
1099 4860 1391 4931 capiuuto,
1415 4866 1471 4916 et
1490 4862 1767 4932 orphanis
1790 4866 2095 4929 reservato,

462 4956 561 5006 aut
587 4951 727 5005 alias
760 4968 851 5006 res
882 4952 937 5007 in
976 4953 1208 5008 illarum
1244 4954 1433 5008 locum
1466 4957 1867 5024 comparauto.
1897 4954 2011 5009 Sed
2042 4958 2099 5008 et

462 5045 796 5100 tutelaribus
825 5062 890 5100 ac
939 5046 1244 5101 curatoriis
1288 5046 1604 5101 rationibus
1644 5051 1813 5101 sunto
1845 5046 2092 5101 obnoxii.

461 5139 793 5194 Conservari
811 5139 1289 5210 autemjubemus
1300 5139 1611 5194 venerabili
1631 5139 2097 5209 ophanotropho-

463 5232 637 5301 regiae
662 5231 836 5296 urbis,
851 5235 909 5286 et
928 5233 1141 5287 xenoni
1158 5235 1368 5286 sancta:
1389 5232 1678 5286 memoriae
1695 5231 2091 5303 Sampsorum,

462 5330 519 5378 et
546 5324 776 5395 hisquae
798 5324 920 5395 ejus
942 5325 1357 5396 dispensationi
1385 5325 1626 5380 subsunt
1643 5326 1907 5380 oratoriis
1923 5334 2095 5398 atque

459 5417 853 5486 xenodochiis,
874 5422 975 5474 aut
1000 5418 1124 5472 aliis
1150 5418 1569 5474 venerabilibus
1596 5419 1866 5474 domibus
1896 5420 2095 5475 omnia

460 5510 779 5581 privilegia,
804 5527 931 5582 quae
952 5511 1185 5583 quidem
1211 5517 1556 5567 sacrosancta
1578 5512 1758 5580 maior
1784 5512 2092 5567 Constanti-

455 5604 779 5673 nopolitana
823 5605 982 5659 habet
1016 5606 1256 5660 ecclesia.
1300 5604 1429 5670 Qua
1455 5607 1624 5672 igitur
1643 5620 1746 5675 per
1778 5610 2095 5675 prmsentem

457 5697 628 5765 legem
648 5698 704 5749 in
726 5703 1045 5766 perpetuum
1068 5699 1365 5753 valituram
1393 5703 1581 5753 nostra
1606 5700 1798 5753 sanmit
1814 5698 2091 5766 tranquil-

455 5790 609 5847 litas.
633 5792 729 5841 tua
744 5789 999 5843 celsitudo
1026 5792 1216 5846 edictis
1242 5791 1551 5848 solemniter
1578 5794 1636 5845 in
1660 5792 1761 5844 hac
1792 5792 1945 5856 regia
1964 5789 2094 5844 urbe

450 5880 770 5946 propositis,
787 5881 862 5933 ad
886 5883 1119 5937 omnium
1141 5883 1355 5939 studeat
1373 5886 1660 5953 pervenire
1686 5884 1956 5938 notitiam.
1981 5883 2091 5937 Nos

2200 4671 2315 4736 det,
2344 4670 2444 4726 sed
2481 4670 2654 4726 etiam
2690 4672 2960 4727 omnibus
2991 4672 3115 4726 aliis
3157 4672 3407 4743 puritate
3449 4690 3553 4729 sua
3592 4680 3651 4730 et
3676 4677 3828 4746 apud

2200 4764 2381 4817 Deum
2400 4763 2869 4835 interpellatione
2889 4768 3319 4837 competentem
3341 4766 3412 4821 de
3436 4782 3497 4822 se
3523 4767 3831 4824 utilitatem

2199 4856 2471 4927 praebeat.
2500 4856 2660 4912 Unde
2687 4861 2747 4912 et
2780 4858 2917 4914 olim
2952 4874 3021 4913 ea
3048 4873 3139 4913 res
3169 4858 3612 4929 imperatoribus
3637 4861 3830 4917 studio

2200 4948 2306 5003 fuit
2316 4950 2526 5015 habita,
2541 4954 2598 5004 et
2615 4967 2720 5005 nos
2740 4967 2857 5006 non
2874 4967 3049 5021 pauca
3063 4951 3134 5005 de
3152 4951 3435 5022 dignitate
3449 4956 3506 5007 et
3523 4953 3829 5009 honestate

2199 5057 2401 5096 eorum
2428 5043 2648 5113 legibus
2667 5043 2948 5115 complexi
2969 5060 3185 5098 sumus.
3216 5044 3529 5115 Sequimur
3552 5046 3712 5101 enim
3739 5064 3826 5102 sa-

2197 5150 2325 5189 cros
2352 5134 2413 5188 in
2436 5135 2543 5190 hoc
2571 5153 2825 5191 canones
2852 5139 2910 5190 et
2938 5141 3164 5193 sanctos
3183 5138 3379 5192 Patres
3406 5138 3505 5209 qui
3528 5139 3653 5193 haec
3677 5155 3831 5195 com-

2198 5227 2632 5298 prehenderunt
2648 5229 2890 5300 legibus,
2909 5230 3381 5301 quandoquidem
3411 5231 3553 5286 nihil
3567 5248 3688 5287 non
3708 5249 3831 5303 per-

2197 5321 2351 5375 vium
2372 5321 2447 5375 ad
2467 5321 2896 5393 inquisitionem
2917 5323 3203 5393 majestati
3214 5322 3827 5394 existitimperatorie,

2198 5431 2324 5485 quas
2348 5431 2724 5470 communem
2762 5416 2822 5471 in
2847 5433 3051 5471 omnes
3079 5416 3342 5473 homines
3366 5415 3827 5473 moderationem

2198 5512 2256 5561 et
2284 5507 2665 5580 principatum
2688 5527 2721 5563 a
2746 5510 2862 5564 Deo
2891 5510 3151 5581 percipit.
3177 5511 3256 5565 Ac
3278 5509 3684 5580 descripsimus
3701 5510 3825 5582 qui-

2197 5603 2327 5658 dem
2343 5605 2464 5674 jam
2495 5606 2967 5661 constitutionem
2998 5622 3127 5677 quae
3154 5608 3273 5662 vult
3296 5613 3360 5662 ut
3379 5606 3675 5675 monachi,
3706 5607 3825 5661 etsi

2193 5712 2403 5767 magno
2423 5698 2797 5753 continentur
2816 5716 3081 5765 numero,
3098 5700 3416 5755 secundum
3441 5701 3696 5756 formam
3720 5716 3824 5755 cce-

2195 5789 2499 5845 nobiorum
2526 5790 2613 5862 (ut
2638 5793 2949 5863 appellant)
2965 5792 3023 5846 in
3044 5808 3357 5847 commune
3377 5792 3555 5847 vitam
3585 5793 3823 5863 degant,

2192 5898 2377 5955 neque
2388 5885 2646 5958 proprias
2657 5886 2908 5943 habeant
2916 5884 3501 5959 possessiones,ueque
3515 5902 3827 5959 opesaccu—
