4032 6232
230 358 368 417 1045

993 360 1353 421 JUSTINIANI
1390 366 1719 421 NOVELLA£
1764 365 2097 421 SELECTzE.
2137 367 2446 423 NOVELLA
2483 362 2752 423 CXXXI".

3458 374 3592 433 1040

221 471 816 542 n1ulent,nequeclam
832 473 1465 544 testibusvivant,sedet
1479 475 1859 530 communiter
1878 473 2163 558 Aversari
2208 473 2427 539 sinant,
2468 475 2565 545 qui
2603 474 2834 546 quidem
2873 492 2945 531 ne
2982 476 3585 539 reverendissimorum

221 563 419 618 cibum
442 565 688 635 capiant,
707 568 763 620 et
780 564 839 619 in
860 567 1286 622 communiloco
1300 568 1525 633 cubent,
1540 572 1596 621 et
1607 567 1859 639 undique

218 655 368 712 bene
380 660 751 731 compositam
782 665 1200 732 persequantur
1222 661 1415 728 vitam,
1442 665 1723 732 testesque
1747 660 1859 716 sint

215 751 462 807 invicem
481 758 698 807 mutuae
717 754 1039 821 honestatis;
1060 758 1116 808 et
1122 753 1379 824 juniores
1395 758 1760 809 revereantur
1770 770 1857 809 ca-

223 844 425 900 nitiem
442 862 641 901 eorum
662 847 764 919 qui
782 847 887 902 ista
907 847 1236 919 inspiciunt,
1254 863 1671 917 nonnunquam
1682 847 1855 903 etiam

218 939 417 995 dedita
429 956 605 1011 opera
619 945 911 1012 capessant
920 940 1162 1011 vigilias,
1179 945 1245 995 ut
1254 956 1326 995 ne
1338 940 1395 994 in
1406 956 1604 994 somno
1624 940 1855 1011 quidem

216 1032 434 1105 aliquid
464 1034 926 1106 intempestivum
970 1038 1069 1088 aut
1113 1037 1280 1104 turpe
1318 1033 1388 1088 de
1432 1051 1490 1088 se
1535 1032 1660 1087 aliis
1686 1033 1857 1089 edant

216 1128 623 1198 spectaculum,
644 1127 741 1182 sed
763 1127 1001 1200 quisque
1020 1144 1124 1199 pro
1142 1143 1201 1183 se
1222 1127 1577 1182 honestatem
1592 1127 1680 1182 vel
1703 1127 1856 1182 inter

218 1219 627 1275 dormiendum
671 1225 983 1276 conservet.
1028 1221 1172 1276 Cum
1209 1235 1344 1275 vero
1377 1219 1664 1291 quaepiam
1691 1219 1854 1274 nobis

216 1313 638 1382 renuntiantur,
665 1330 792 1385 quae
819 1317 875 1369 et
899 1314 1113 1385 majore
1140 1330 1276 1368 cura
1302 1313 1475 1384 digna
1501 1312 1642 1381 sint,
1670 1317 1726 1367 et
1752 1312 1850 1367 ﬂr-

217 1406 402 1459 miore
433 1406 558 1477 lege
588 1406 901 1477 indigeant,
931 1406 1135 1461 merito
1158 1406 1229 1461 ad
1264 1409 1603 1477 praesentem
1631 1405 1850 1476 legisla-

218 1498 435 1553 tionem
467 1500 539 1553 ad
563 1498 713 1554 illius
737 1499 1142 1571 perfectionem
1165 1503 1222 1553 et
1249 1498 1708 1570 supplementum
1729 1515 1855 1569 per-

216 1591 498 1660 venimus,
540 1608 643 1663 per
698 1608 871 1663 quam
925 1592 1211 1646 sancimus
1265 1596 1331 1647 ut
1379 1592 1569 1647 nullus
1615 1592 1849 1647 omnino

212 1685 515 1757 propriam
568 1685 977 1740 habitationem
1035 1685 1256 1754 habeat,
1295 1700 1481 1755 neque
1536 1684 1723 1755 aliqua
1769 1685 1852 1755 (ut

214 1779 551 1850 appellatur)
584 1777 783 1833 cellula
805 1778 878 1833 sit
903 1778 962 1832 in
991 1777 1335 1832 monasterio
1354 1777 1573 1848 his,qui
1592 1777 1663 1831 ad
1678 1777 1849 1833 vitam

212 1873 276 1926 in
304 1871 783 1942 contemplatione
814 1873 871 1926 et
894 1871 1084 1943 quiete
1132 1871 1538 1926 traducendam
1575 1887 1692 1925 uno
1732 1871 1846 1925 for-

212 1969 270 2019 te
298 1969 399 2019 aut
428 1964 645 2019 duobus
672 1967 909 2019 utantur
942 1963 1246 2030 ministris;
1277 1964 1373 2019 sed
1402 1963 1633 2018 tametsi
1656 1963 1851 2034 plures

213 2058 319 2112 viri
347 2058 483 2125 sint,
502 2057 874 2112 nihilominus
907 2057 1109 2112 unicus
1138 2058 1394 2128 ipsorum
1421 2056 1494 2111 sit
1519 2062 1849 2127 conventus,

213 2152 329 2205 sive
348 2156 675 2223 precentur,
707 2151 822 2206 sive
852 2155 1073 2206 naturas
1098 2167 1270 2222 opera
1292 2150 1517 2218 faciant,
1551 2166 1679 2222 qua:
1711 2149 1852 2205 citra

213 2244 715 2315 reprehensionem
726 2247 917 2299 tamen
934 2245 991 2299 et
1001 2243 1211 2315 absque
1223 2242 1507 2298 calumnia
1516 2243 1847 2297 consistunt:

211 2342 266 2391 et
292 2342 413 2391 tam
444 2336 824 2391 communiter
858 2336 943 2406 (ut
981 2336 1195 2391 dictum
1238 2335 1342 2406 est)
1381 2335 1571 2390 cibum
1603 2335 1846 2405 capiant,

211 2447 385 2502 quam
399 2429 784 2484 communiter
798 2429 1105 2495 dormiant,
1125 2429 1173 2483 si
1188 2429 1357 2484 modo
1368 2416 1525 2483 tanta
1543 2428 1850 2483 multitudo

211 2525 283 2578 sit
309 2539 488 2595 quam
513 2539 630 2577 una
655 2522 856 2577 domus
883 2522 1058 2593 possit
1074 2539 1296 2594 capere,
1313 2521 1536 2592 alioque
1558 2521 1686 2576 duas
1703 2522 1848 2576 forte

209 2622 309 2672 aut
334 2622 452 2671 tres
483 2616 688 2670 domus
714 2616 961 2670 existant
983 2632 1112 2687 quae
1139 2615 1293 2687 ipsos
1320 2614 1615 2685 recipiant.
1648 2614 1849 2669 Nullus

208 2714 404 2764 autem
422 2708 656 2763 omnino
671 2707 984 2780 quidquam
1008 2707 1214 2763 habeat
1238 2706 1472 2778 proprii,
1499 2706 1597 2761 sed
1627 2706 1727 2762 diu
1750 2723 1849 2761 no-

209 2808 420 2874 ctuque
446 2802 508 2855 in
542 2817 845 2857 commune
884 2801 1060 2868 vivat,
1097 2805 1154 2855 et
1180 2803 1377 2855 noctes
1407 2799 1668 2853 eamdem
1697 2799 1847 2854 inter

206 2896 358 2966 ipsos
417 2911 547 2949 cum
600 2895 799 2950 diebus
835 2894 1084 2948 habeant
1129 2892 1597 2947 observationem.
1652 2892 1845 2962 Neque

207 2988 362 3043 enim
384 3004 612 3059 semper
630 2990 830 3043 omnes
850 2986 1161 3053 dormiunt,
1182 2986 1281 3040 sed
1293 2985 1741 3040 manifestarium
1760 2988 1846 3039 est

205 3081 358 3153 quod
388 3081 527 3135 dum
552 3081 615 3135 hi
639 3079 972 3136 dormiendo
1002 3078 1259 3149 occupati
1284 3082 1446 3146 sunt,
1476 3077 1555 3132 illi
1582 3077 1840 3149 vigilant,

1958 566 2367 621 monachorum
2387 567 2608 622 sincera
2627 584 2691 623 ac
2702 573 2854 622 recta
2871 573 3098 626 maneat
3115 573 3305 643 opinio
3321 575 3588 634 alliciant.

1957 660 2087 714 Esto
2112 662 2305 713 autem
2334 660 2744 715 monasterium
2774 661 2904 716 forti
2932 679 3098 718 muro
3126 665 3588 740 circumseptum,

1955 766 2030 805 ne
2060 751 2188 822 quis
2218 751 2331 805 alia
2350 756 2510 823 parte
2534 752 2720 807 exitus
2738 753 2999 825 sitquam
3020 773 3123 827 per
3139 764 3348 828 portas.
3370 761 3587 817 Deinde

1957 846 2016 899 et
2040 844 2087 898 si
2108 844 2345 899 ecclesia
2368 844 2427 899 in
2454 846 2796 901 monasterio
2824 864 2940 902 non
2966 848 3057 918 sit,
3087 866 3274 922 neque
3291 853 3369 908 sic
3394 858 3587 911 tamen

1952 935 2191 991 licenter
2207 939 2488 1007 praetextu
2509 938 2875 994 ecclesiarum
2895 942 3283 1013 egrediantur,
3297 950 3396 1001 aut
3414 947 3589 1004 etiam

1954 1028 2433 1085 deambulationes
2462 1030 2577 1084 illic
2613 1031 2836 1099 faciant,
2861 1038 2919 1088 et
2944 1050 3075 1089 cum
3100 1036 3386 1107 aliquibus
3406 1040 3584 1095 collo-

1952 1127 2201 1192 quantur
2225 1122 2432 1193 quibus
2461 1139 2591 1178 cum
2616 1139 2731 1179 non
2756 1125 2935 1195 decet,
2958 1128 3056 1182 sed
3081 1133 3336 1201 tempore
3355 1132 3587 1203 quidem

1954 1215 2096 1269 sacri
2121 1214 2420 1271 ministerii
2449 1232 2564 1271 una
2586 1233 2717 1271 cum
2743 1220 3001 1289 praesule,
3025 1226 3081 1276 et
3102 1223 3442 1292 primoribus
3463 1226 3587 1297 ejus

1953 1324 2017 1362 ac
2048 1310 2212 1362 aetate
2240 1307 2514 1378 provectis
2548 1308 2646 1364 illo
2683 1311 3011 1368 accedunto.
3050 1314 3354 1371 Ministerio
3396 1322 3587 1374 autem

1952 1400 2204 1471 impleto,
2237 1400 2515 1473 quidquid
2562 1404 2972 1460 monachorum
3014 1411 3118 1476 est,
3157 1425 3353 1464 omnes
3380 1410 3441 1465 in
3469 1428 3584 1468 coe-

1951 1492 2187 1548 nobium
2216 1492 2406 1549 denuo
2432 1495 2768 1565 concedant,
2798 1498 2856 1551 et
2884 1497 2964 1552 ibi
2982 1499 3284 1570 resideant,
3303 1502 3588 1575 simulque

1950 1602 2227 1657 magnum
2258 1587 2433 1640 Deum
2458 1588 2717 1657 precibus
2741 1590 3001 1661 fatigent,
3022 1598 3080 1647 et
3116 1610 3406 1649 sacrarum
3434 1597 3582 1652 Scri-

1947 1683 2250 1751 pturarum
2277 1679 2503 1735 lectioni
2527 1680 2880 1737 incumbant.
2903 1685 3109 1755 Ingens
3126 1687 3280 1740 enim
3297 1704 3585 1745 sacrorum

1947 1772 2267 1827 istiusmodi
2286 1772 2562 1828 librorum
2585 1774 2775 1829 existit
2796 1776 3023 1846 chorus,
3046 1782 3104 1831 et
3130 1779 3277 1848 potis
3298 1784 3381 1835 est
3398 1781 3587 1851 cujus-

1950 1880 2062 1936 que
2087 1864 2345 1920 animum
2370 1866 2696 1934 emendare,
2738 1883 2805 1921 ac
2843 1869 3014 1923 sacris
3036 1870 3279 1941 irrigore
3304 1872 3540 1944 eloquiis
3569 1891 3584 1930 :

1951 1974 2079 2029 quae
2107 1958 2152 2012 si
2178 1957 2445 2013 continue
2474 1958 2687 2030 legant,
2714 1976 2830 2014 non
2860 1977 3112 2032 unquam
3135 1965 3463 2035 erraverint,
3481 1983 3584 2023 ne-

1950 2066 2061 2122 que
2089 2050 2161 2105 ad
2188 2051 2471 2106 humanas
2498 2051 2837 2107 delabentur
2861 2054 3290 2112 sollicitudines.
3323 2059 3496 2114 Porro
3521 2060 3585 2115 in

1950 2146 2303 2198 sacrosancta
2355 2144 2607 2213 ecclesia,
2641 2162 2769 2216 quae
2814 2146 2875 2200 in
2921 2149 3268 2203 monasterio
3313 2152 3586 2224 consistit,

1950 2242 2196 2307 quatuor
2218 2241 2317 2292 aut
2340 2236 2593 2308 quinque
2619 2254 2689 2292 ex
2717 2238 2917 2294 eadem
2949 2241 3242 2297 mansione
3268 2259 3432 2298 senes
3450 2245 3583 2314 sint,

1949 2330 2153 2401 quibus
2180 2330 2366 2385 omnis
2386 2330 2512 2400 jam
2539 2330 2836 2386 difﬁcultas
2879 2333 2938 2386 in
2982 2339 3175 2389 sancta
3207 2335 3304 2389 illa
3349 2336 3477 2392 vitae
3520 2355 3585 2394 ac

1948 2421 2081 2478 ﬁdei
2112 2422 2467 2477 institutione
2507 2429 2774 2494 superata
2799 2428 2885 2480 est
2906 2466 2921 2493 ,
2954 2432 3011 2481 et
3040 2427 3141 2498 qui
3169 2428 3587 2487 ordinationem

1947 2515 2009 2570 in
2038 2515 2190 2571 clero
2211 2521 2567 2583 meruerunt,
2601 2517 3063 2588 presbyterorum
3088 2520 3252 2590 forte,
3278 2522 3367 2577 vel
3394 2523 3582 2578 diaco-

1945 2624 2172 2677 norum,
2200 2609 2289 2663 vel
2318 2608 2562 2664 aliorum
2593 2609 2857 2681 deinceps
2884 2612 3128 2683 gradum
3164 2618 3421 2671 tenentes
3451 2634 3465 2671 :
3495 2622 3583 2671 at-

1945 2718 2057 2773 que
2085 2702 2145 2756 hi
2163 2701 2504 2757 adeuntibus
2531 2702 2621 2757 sui
2641 2703 2862 2773 copiam
2886 2703 3119 2771 faciant,
3149 2710 3206 2761 et
3233 2707 3306 2761 de
3330 2708 3584 2779 Scriptu-

1944 2795 2021 2849 ris
2050 2795 2253 2849 sanctis
2282 2794 2615 2866 exquisitius
2643 2796 3199 2867 sermocinabuntur,
3224 2800 3587 2872 efﬁcientque

1945 2893 2007 2942 ut
2030 2887 2124 2942 alii
2152 2903 2351 2942 omnes
2388 2888 2526 2942 tales
2552 2891 2912 2959 reputentur,
2953 2889 3123 2945 simul
3152 2908 3370 2947 sacram
3396 2910 3580 2950 asser-

1943 2983 2140 3035 vantes
2177 2980 2379 3048 aedem,
2420 2980 2593 3034 simul
2640 2981 3005 3050 juventutem
3042 2983 3471 3041 insolescentem
3524 2991 3584 3044 et

1942 3072 2215 3127 terminos
2241 3088 2369 3126 suos
2395 3072 2595 3143 egredi
2619 3073 2905 3128 volentem
2929 3075 2989 3130 in
3017 3076 3311 3132 tolerantia
3333 3078 3585 3134 retinen-

205 3179 264 3227 et
293 3189 529 3244 prorsus
555 3171 782 3243 quidam
806 3171 1157 3227 dormientes
1182 3168 1510 3241 inspiciunt.
1535 3169 1839 3236 Ceterum,
1862 3196 1918 3269 Ο
1940 3169 2046 3221 tes.
2074 3166 2198 3220 Non
2226 3164 2580 3235 ingredietur
2607 3170 2799 3221 autem
2828 3168 3061 3224 omnino
3083 3185 3271 3240 neque
3293 3171 3500 3226 mulier
3520 3172 3582 3227 in

203 3266 249 3319 si
281 3282 412 3336 quas
433 3264 921 3331 habitatiunculee,
952 3279 1054 3318 seu
1083 3262 1300 3317 cellulas
1328 3262 1388 3316 in
1414 3262 1533 3316 ullo
1562 3267 1842 3317 monaste-

203 3359 421 3413 riorum
448 3357 681 3423 fuerint,
714 3357 818 3411 sub
850 3356 1103 3427 generali
1129 3356 1302 3426 hujus
1332 3355 1539 3425 amplae
1558 3354 1715 3409 urbis
1739 3371 1840 3425 pa-

200 3451 474 3518 triarcha,
502 3450 617 3503 sive
648 3450 706 3504 in
736 3449 858 3519 ejus
884 3449 1161 3516 conﬁniis,
1192 3453 1292 3502 aut
1310 3448 1414 3501 sub
1434 3447 1724 3503 sanctitate
1744 3451 1843 3505 tua

201 3542 659 3611 constitutorum,
688 3541 804 3595 sive
836 3558 871 3595 a
909 3541 1071 3596 nobis
1101 3540 1235 3611 ipsis
1260 3540 1697 3607 aedificatorum,
1726 3539 1841 3595 sive

201 3636 269 3691 ab
287 3635 435 3702 aliis,
454 3636 621 3689 hasce
639 3650 835 3689 omnes
855 3634 1125 3689 omnibus
1146 3633 1329 3687 modis
1351 3632 1695 3698 demolieris,
1711 3648 1840 3703 ape-

200 3730 431 3799 riesque
451 3727 586 3798 ipsis
606 3730 874 3782 mutuum
906 3727 1056 3781 inter
1078 3743 1137 3780 se
1158 3728 1473 3795 aspectum,
1501 3729 1567 3779 ut
1594 3741 1724 3795 qua:
1753 3725 1836 3778 vi-

198 3822 389 3876 cissim
416 3820 565 3875 inter
592 3820 744 3890 ipsos
775 3823 1072 3891 geruntur,
1114 3835 1311 3872 omnes
1344 3818 1693 3873 intueantur.
1725 3818 1840 3873 Cur

197 3913 355 3968 enim
387 3912 618 3967 tandem
646 3912 754 3966 hoc
783 3927 953 3983 agere
990 3914 1377 3979 revereantur,
1419 3909 1518 3981 qui
1560 3910 1735 3964 semel
1777 3925 1836 3964 se

197 4008 309 4062 Deo
336 4005 689 4072 dedicarunt,
732 4009 789 4059 et
823 4020 1053 4059 omnem
1078 4003 1411 4074 popularem
1452 4002 1834 4057 conversatio-

196 4115 330 4152 nem
374 4096 561 4151 valere
603 4096 935 4167 jusserunt?
976 4099 1157 4166 Atque
1200 4095 1309 4149 hoc
1349 4093 1584 4165 quidem
1631 4110 1694 4147 ea
1734 4094 1834 4148 fini

195 4191 474 4255 obtinere,
506 4193 625 4243 tam
656 4188 763 4243 hoc
788 4192 1049 4259 tempore
1075 4204 1245 4259 quam
1282 4186 1342 4241 in
1368 4202 1537 4241 omne
1567 4186 1834 4256 deinceps

195 4299 385 4337 aevum
413 4281 690 4348 volumus,
717 4280 874 4335 nullo
907 4280 991 4350 (ut
1034 4280 1247 4335 dictum
1275 4281 1375 4348 est)
1410 4278 1700 4350 propriam
1726 4280 1830 4333 ha-

194 4375 530 4429 bitationem
556 4373 819 4440 habente,
849 4372 947 4427 sed
971 4372 1255 4431 omnibus.
1274 4372 1331 4426 in
1370 4388 1552 4426 unum
1590 4387 1830 4443 congre-

195 4466 420 4537 gandis,
447 4471 503 4521 et
530 4481 658 4536 quae
684 4463 925 4519 vicissim
965 4465 1116 4519 inter
1140 4464 1286 4533 ipsos
1313 4468 1586 4535 gerantur
1611 4469 1828 4534 specta-

1944 3259 2359 3313 monasterium
2387 3258 2663 3328 virorum,
2708 3276 2894 3331 neque
2933 3261 3019 3315 vir
3060 3262 3121 3316 in
3166 3263 3463 3330 muliebre,
3492 3266 3585 3320 vel

1942 3350 2176 3406 obtentu
2220 3351 2512 3405 memoriae
2566 3351 2818 3407 defuncti
2867 3352 2980 3407 illic
3028 3355 3326 3423 reconditi,
3370 3358 3457 3411 vel
3504 3358 3576 3411 ob

1940 3443 2113 3497 aliam
2136 3460 2384 3497 causam.
2418 3446 2483 3498 Et
2510 3445 2758 3500 maxime
2788 3445 2834 3500 si
2865 3440 2992 3516 quis
3019 3446 3256 3503 fratrem
3281 3448 3446 3515 forte,
3479 3453 3581 3505 aut

1940 3552 2215 3604 sororem,
2247 3539 2345 3589 aut
2374 3536 2709 3607 quempiam
2739 3554 2809 3591 ex
2849 3553 3055 3608 genere
3087 3540 3401 3608 conjunctis
3430 3558 3487 3596 se
3517 3543 3577 3597 in

1938 3627 2281 3683 monasterio
2306 3628 2517 3682 habere
2555 3628 2722 3683 dicat.
2763 3630 3043 3684 Monachis
3078 3632 3289 3686 etenim
3318 3635 3578 3705 cognatio

1938 3719 1998 3774 in
2023 3724 2178 3775 terra
2197 3736 2311 3774 non
2336 3725 2439 3787 est,
2461 3725 2658 3792 utpote
2680 3721 2778 3792 qui
2798 3721 3078 3777 caelestem
3098 3723 3271 3778 vitam
3290 3725 3570 3782 ati‘ectent.

1936 3812 2079 3878 Quid
2108 3812 2261 3868 enim
2291 3812 2524 3867 omnino
2550 3814 2781 3868 tandem
2806 3814 3060 3869 volentes
3088 3816 3421 3886 hujusmodi
3450 3819 3572 3873 adi-

1936 3906 2117 3972 tiones
2140 3905 2373 3972 faciunt,
2402 3905 2510 3959 nisi
2540 3905 2586 3959 si
2629 3906 2766 3977 quid
2808 3910 3135 3978 perpetrare
3175 3908 3350 3963 velint
3374 3926 3571 3966 rerum

1934 3997 2384 4067 interdictarum,
2417 4015 2547 4052 cum
2579 4003 2637 4053 et
2667 4015 2732 4054 ea
2772 4017 2902 4072 quas
2929 4001 3077 4055 viros
3101 4001 3323 4071 decent,
3351 4002 3486 4057 viris
3510 4004 3570 4058 in

1933 4092 2192 4146 virorum
2228 4090 2588 4146 monasteriis
2626 4092 2877 4160 efficere,
2927 4096 2985 4148 et
3021 4094 3392 4150 consimiliter
3441 4113 3571 4168 quae

1933 4184 2266 4239 mulieribus
2292 4185 2563 4240 attributa
2587 4190 2721 4240 sunt
2747 4186 3078 4242 mulieribus
3101 4188 3266 4243 liceat
3291 4188 3349 4243 in
3373 4190 3573 4246 mulie-

1931 4278 2130 4333 bribus
2166 4278 2527 4333 monasteriis
2566 4281 2885 4351 peragere?
2926 4281 3082 4335 nullo
3116 4281 3277 4335 alteri
3300 4283 3564 4353 admisto,

1930 4386 2120 4441 neque
2139 4371 2188 4425 si
2205 4371 2399 4438 frater,
2422 4375 2522 4425 aut
2540 4388 2717 4441 soror,
2749 4377 2847 4427 aut
2879 4372 3022 4428 alius
3041 4378 3317 4444 cognatus
3336 4392 3455 4429 esse
3476 4376 3564 4431 di-

1931 4467 2108 4518 catur.
2132 4463 2321 4533 Neque
2343 4463 2497 4517 enim
2518 4481 2623 4533 per
2640 4465 2789 4519 hanc
2808 4464 3266 4519 causam‘aditum
3293 4467 3430 4537 ipsis
3458 4486 3563 4538 pa-

192 4559 358 4615 turis.
392 4559 534 4613 lllud
564 4557 718 4613 enim
760 4562 1000 4625 constat,
1040 4557 1190 4629 quod
1235 4557 1510 4627 ejusmodi
1555 4572 1827 4627 peragere
1846 4553 1909 4627 D
1928 4559 2047 4610 tere
2060 4555 2590 4610 concedimus.Nam
2610 4557 2657 4609 si
2678 4556 2795 4627 ipsa
2815 4557 3242 4629 praeciderimus
3260 4559 3559 4631 principia,

189 4652 501 4707 studebunt
517 4667 645 4722 quae
662 4651 917 4721 undique
938 4650 1380 4721 reprehensione
1399 4654 1645 4704 careant.
1668 4649 1828 4713 Quod

188 4744 235 4799 si
260 4744 392 4815 quis
420 4760 599 4815 usque
630 4743 770 4798 adeo
806 4742 1118 4813 impudens
1156 4742 1309 4796 visus
1352 4741 1478 4810 erit,
1528 4747 1589 4795 ut
1632 4741 1827 4797 conari

186 4838 396 4892 audeat
420 4836 738 4907 transgredi
757 4852 824 4890 ea
842 4852 971 4906 quae
989 4836 1115 4907 lege
1139 4835 1496 4907 promulgata
1525 4839 1676 4903 sunt,
1702 4835 1825 4889 hinc

185 4930 455 4984 solitaria:
518 4928 828 4983 mansionis
894 4929 1098 4999 praesul
1159 4928 1501 4983 examinato.
1555 4927 1826 4981 Volumus

185 5022 342 5077 enim
357 5027 419 5076 ut
437 5022 538 5076 ista
562 5029 753 5077 nostra
771 5021 1087 5076 observatio
1107 5021 1436 5092 diligentius
1456 5020 1821 5076 custodiatur.

184 5116 256 5170 Et
278 5114 534 5185 primum
564 5114 815 5185 quidem,
847 5130 919 5169 ne
944 5113 1352 5168 monasterium
1378 5114 1589 5168 multos
1618 5113 1825 5168 habeat

181 5207 392 5276 aditus,
421 5208 517 5262 sed
547 5224 725 5262 unum
754 5210 999 5276 tantum,
1023 5210 1123 5261 aut
1147 5206 1287 5261 duos
1312 5206 1479 5262 forte.
1514 5209 1581 5261 Et
1606 5210 1672 5261 ut
1698 5222 1825 5277 por-

182 5305 259 5355 tas
288 5299 552 5354 assistant
591 5300 695 5355 viri
726 5304 894 5355 aztate
924 5315 1141 5371 graves,
1176 5308 1234 5353 et
1274 5299 1439 5367 casti,
1485 5316 1671 5370 neque
1708 5316 1822 5354 non

182 5393 446 5448 omnium
468 5393 788 5448 testimonio
809 5392 1182 5464 comprobati,
1205 5392 1304 5463 qui
1336 5408 1521 5464 neque
1554 5392 1700 5463 ipsos
1728 5409 1820 5447 re-

181 5486 622 5541 verendissimos
636 5487 942 5541 monachos
962 5485 1295 5556 permittant
1310 5484 1428 5539 sine
1443 5485 1702 5556 praesulis
1721 5502 1819 5539 vo-

181 5579 401 5635 luntate
426 5581 770 5634 monasterio
798 5578 992 5649 egredi
1018 5619 1031 5646 ,
1065 5578 1162 5648 sed
1193 5578 1346 5632 intus
1374 5594 1469 5633 eos
1496 5577 1822 5632 contineant

184 5676 249 5727 ut
275 5688 340 5727 ea
367 5688 496 5743 quae
521 5673 702 5728 Deum
721 5675 1072 5727 concernunt
1088 5671 1558 5742 perquirant,nec
1585 5670 1817 5742 seipsos,

181 5764 546 5836 actionesque
576 5781 639 5820 ac
677 5764 862 5820 studia
910 5781 1013 5819 sua
1054 5780 1088 5818 a
1130 5764 1243 5819 Deo
1280 5763 1548 5819 divellaut
1566 5781 1583 5833 ;
1636 5779 1821 5835 neque

185 5858 328 5918 alios
352 5858 672 5933 quospiam,
689 5857 780 5913 vel
796 5856 1066 5923 interdiu,
1085 5857 1172 5912 vel
1191 5862 1364 5915 noctu
1398 5856 1456 5914 in
1482 5856 1820 5914 monasterio

1929 4652 1984 4703 et
2000 4663 2271 4715 errorem,
2295 4647 2396 4718 qui
2416 4664 2516 4718 per
2534 4654 2824 4718 aspectum
2846 4666 2904 4705 se
2930 4649 3135 4704 animis
3151 4651 3451 4707 hominum
3471 4653 3561 4708 in-

1926 4740 2137 4807 sinuat,
2151 4744 2208 4795 et
2222 4756 2286 4795 ex
2296 4740 2428 4794 inde
2443 4741 2512 4795 ad
2525 4741 2677 4795 mala
2687 4741 3065 4797 lubricitatem
3080 4744 3558 4817 prohibuerimus,

1926 4834 2108 4889 multo
2131 4834 2469 4889 clementior
2487 4839 2543 4889 et
2567 4834 2784 4889 facilior
2818 4835 3020 4891 existet
3048 4837 3217 4892 sacris
3245 4839 3558 4895 decertato-

1922 4926 2080 4982 ribus
2110 4927 2237 4982 vita:
2264 4927 2323 4981 in
2362 4927 2564 4983 melius
2589 4928 2930 4984 emendatio.
2965 4929 3176 4984 Omnes
3205 4932 3397 5005 itaque
3427 4934 3561 4989 huic

1921 5019 2037 5091 legi
2066 5020 2515 5091 obtemperanto,
2563 5026 2620 5076 et
2653 5038 2837 5093 neque
2879 5022 3067 5078 virum
3106 5026 3456 5081 recondunto
3500 5027 3558 5081 in

1923 5112 2291 5167 muliebrium
2305 5116 2777 5170 monasteriorum
2794 5117 3279 5189 sepulcris,neque
3296 5119 3558 5173 mulieres

1921 5205 1982 5260 in
2006 5205 2257 5260 virorum
2288 5208 2666 5278 monasteriis,
2713 5226 2812 5263 seu
2852 5211 3133 5265 asceteriis
3176 5210 3551 5266 defodiuntor.

1922 5299 2114 5370 Neque
2145 5299 2298 5354 enim
2325 5300 2456 5354 viris
2480 5300 2786 5355 mulierum
2814 5302 3119 5369 domicilia,
3144 5320 3331 5375 neque
3357 5320 3554 5358 rursus

1920 5392 2173 5447 virorum
2194 5392 2513 5449 habitacula
2532 5393 2880 5448 conveniunt
2904 5394 3213 5450 mulierum
3238 5397 3551 5452 consortiis.

1920 5487 2032 5540 Nec
2050 5502 2150 5557 per
2169 5503 2262 5541 eos
2278 5487 2378 5558 qui
2397 5491 2628 5559 propter
2647 5486 2939 5541 defunctos
2966 5487 3368 5558 ingrediuntur
3391 5490 3550 5544 volu-

1921 5594 2050 5633 mus
2073 5579 2278 5635 exinde
2305 5580 2631 5635 inhonestas
2656 5578 2822 5632 hasce
2854 5579 3280 5635 commistiones
3304 5581 3449 5651 ﬁeri,
3471 5599 3545 5637 ne

1919 5688 2025 5743 per
2052 5672 2197 5728 hanc
2241 5689 2464 5728 causam
2501 5675 2718 5727 naturae
2752 5672 2997 5727 fenestra
3045 5673 3350 5743 aperiatur,
3392 5680 3456 5729 ut
3485 5693 3551 5729 ea

1920 5781 2049 5836 qua:
2078 5765 2235 5821 nefas
2260 5770 2347 5822 est
2373 5765 2664 5822 delicatius
2694 5765 2753 5819 in
2794 5782 2853 5821 se
2880 5766 3160 5835 admittat,
3194 5771 3250 5820 et
3274 5767 3435 5822 ludos
3462 5768 3547 5823 fa-

1920 5856 2049 5928 ciat,
2077 5875 2378 5936 sacrasque
2401 5877 2487 5918 res
2506 5859 2767 5930 defoedet,
2795 5877 2858 5916 ac
2884 5860 3196 5918 velamento
3222 5860 3466 5933 pietatis,
3495 5864 3555 5917 et
