4032 6232
491 385 623 437 lOi-i

1623 382 1875 437 SAECULI
1916 380 2106 435 SEXTI
2145 379 2701 436 SUPPLEMENTUM.

3728 381 3865 437 1048

495 492 603 545 sub
628 488 815 559 specie
834 489 1252 561 exsequiarum,
1272 504 1338 543 ea
1357 492 1648 559 perpetrat
1677 505 1806 559 quae
1828 506 2012 560 neque
2038 490 2124 544 di-
2149 499 2208 571 Α
2228 488 2399 542 steria
2426 487 2530 542 sub
2559 486 2751 557 aliquo
2777 485 2993 541 censeri
3020 489 3243 557 oportet
3266 484 3539 552 antistite,
3572 489 3630 540 et
3653 485 3868 541 habere

493 599 619 637 cere
632 598 817 653 neque
830 582 887 636 in
902 582 1092 636 animo
1104 581 1352 652 cogitare
1364 580 1673 636 solitariam
1684 582 1856 636 vitam
1870 599 1935 636 ex
1943 598 2131 638 ercen-

491 675 647 730 tibus
664 675 970 746 pulchrum
983 675 1228 729 est.Cum
1243 690 1376 728 vero
1396 674 1534 729 illud
1553 691 1612 729 re
1628 675 1746 745 ipsa
1762 676 2127 731 manifestum

490 769 710 837 existat,
730 769 881 839 quod
896 784 1119 822 necesse
1135 766 1205 821 sit
1227 784 1324 822 eos
1344 767 1445 838 qui
1465 769 1770 839 sepulturis
1785 770 2126 839 peragendis

492 861 877 917 ministerium
904 860 1184 931 prmbent,
1215 865 1269 914 et
1294 860 1543 914 maxime
1573 861 1673 932 qui
1700 862 1910 916 feretra
1927 862 2128 933 depor-

492 954 847 1026 tant,quique
867 954 1183 1019 defodiunt,
1200 954 1423 1024 ingredi
1444 954 1503 1007 in
1527 955 1982 1024 monasteria,res
1992 972 2125 1011 sane

493 1048 735 1102 difﬁcilis
764 1047 1015 1101 consistit
1044 1048 1103 1101 in
1123 1046 1516 1114 muliebribus,
1538 1064 1667 1101 cum
1689 1048 1759 1101 ob
1789 1048 1894 1102 alia
1922 1049 2122 1117 multa,

490 1145 613 1195 tum
642 1144 875 1212 propter
899 1140 1196 1211 praefatam
1223 1141 1688 1212 prohibitionem.
1723 1140 2017 1195 Sancimus
2050 1147 2127 1195 ta-

494 1251 629 1289 men
658 1237 720 1287 ut
749 1234 796 1287 si
822 1234 1048 1305 quando
1081 1236 1190 1289 tale
1210 1234 1421 1306 aliquid
1443 1235 1700 1290 futurum
1717 1238 1820 1300 est,
1845 1239 1901 1289 et
1919 1235 2128 1289 mulier

491 1328 681 1399 aliqua
696 1328 754 1381 in
767 1328 1024 1382 muliebri
1042 1328 1349 1399 sepeliatur
1372 1328 1712 1383 monasterio
1741 1328 1943 1396 (virum
1968 1329 2124 1383 enim

492 1420 572 1476 ibi
604 1421 825 1492 sepeliri
860 1438 977 1475 non
1008 1422 1431 1492 permittimus),
1459 1420 1948 1476 reverendissimas
1992 1422 2123 1492 qui-

492 1515 624 1569 dem
649 1514 919 1569 mulieres
966 1515 1025 1569 in
1069 1532 1171 1569 suo
1222 1519 1596 1586 permaneant
1631 1514 1973 1582 habitaculo,
2005 1515 2126 1569 sola

492 1610 683 1661 autem
716 1607 973 1675 ostiaria,
1009 1607 1121 1662 sive
1154 1608 1431 1675 ostiarias,
1462 1612 1517 1662 et
1554 1608 1677 1679 ipsa
1704 1607 1850 1662 forte
1880 1607 1946 1678 (si
1973 1608 2123 1678 velit)

491 1700 723 1754 antistes
749 1699 837 1753 his
869 1716 999 1771 quae
1020 1699 1166 1755 ﬁunt
1194 1701 1433 1755 intersit.
1469 1700 1652 1756 Simul
1683 1705 1853 1772 atque
1881 1717 2016 1755 vero
2044 1701 2125 1754 illi

492 1809 620 1863 quae
649 1792 794 1845 circa
823 1792 1116 1863 exsequias
1157 1792 1281 1847 ﬁeri
1322 1793 1534 1861 solent,
1577 1797 1694 1847 tam
1732 1793 1991 1863 sepulcro
2038 1793 2121 1848 ef-

491 1884 639 1939 fosso
659 1902 830 1955 quam
853 1901 1090 1955 corpore
1108 1886 1417 1953 recondito,
1447 1885 1754 1954 effecerint,
1790 1886 1981 1940 statim
2007 1887 2122 1941 dis-
2143 1858 2201 1931 B

494 1974 719 2039 cedant,
746 1990 934 2044 neque
961 1974 1178 2044 aliquas
1206 1974 1312 2043 ipsi
1340 1973 1791 2028 reverendissimi
1810 1978 2126 2046 spectantes

493 2066 823 2135 mulierum,
860 2083 1047 2137 neque
1076 2067 1148 2120 ab
1187 2066 1468 2138 aliquibus
1491 2082 1688 2121 earum
1727 2068 1979 2138 spectati.
2015 2068 2126 2123 Sed

493 2176 679 2231 neque
700 2159 867 2214 aliam
892 2160 947 2213 in
955 2176 1253 2230 gressuum
1271 2160 1619 2215 occasionem
1640 2160 2020 2231 excogitanto,
2037 2162 2127 2216 vel

491 2253 597 2308 viri
618 2252 677 2307 in
698 2252 999 2307 muliebria
1026 2254 1390 2324 monasteria,
1410 2253 1497 2308 vel
1524 2253 1791 2309 mulieres
1820 2254 1879 2309 in
1906 2270 1971 2309 ea
1997 2270 2128 2325 quas

497 2345 629 2400 viris
649 2347 918 2417 deputata
936 2350 1087 2414 sunt,
1112 2362 1215 2417 per
1230 2363 1458 2402 causam
1488 2363 1685 2401 eorum
1705 2363 1834 2417 quae
1848 2364 2130 2419 peragun-

493 2445 589 2494 tur
613 2438 760 2492 circa
790 2439 1105 2510 exsequias,
1146 2456 1289 2510 quas
1323 2440 1531 2494 scilicet
1559 2440 1862 2494 memorias
1891 2440 2126 2511 appelli-

495 2536 634 2597 tant,
662 2532 722 2586 in
748 2532 980 2587 tertium
1006 2548 1335 2604 nonumque
1359 2532 1510 2587 diem
1541 2533 1960 2600 convenientes,
1990 2533 2131 2589 item

494 2641 623 2679 cum
651 2625 1030 2697 quadraginta
1056 2625 1428 2692 excesserint,
1454 2630 1553 2681 aut
1578 2626 1749 2681 etiam
1777 2642 1976 2694 annus,
1999 2643 2132 2682 cum

493 2717 676 2787 liceat,
697 2718 974 2789 siquidem
1008 2718 1283 2774 muliebre
1307 2720 1717 2775 monasterium
1751 2719 1842 2790 sit,
1864 2720 2131 2776 mulieres

493 2811 683 2865 omnia
734 2827 1042 2882 peragere;
1073 2811 1117 2865 si
1160 2812 1337 2880 virile,
1382 2812 1558 2880 viros,
1588 2829 1771 2884 neque
1802 2830 1905 2884 per
1933 2814 2129 2884 hujus-

497 2904 651 2958 modi
679 2904 1033 2959 occasionem
1064 2904 1481 2959 venerabilibus
1506 2906 1859 2960 monasteriis
1882 2906 2133 2977 aliquam

492 2998 721 3051 inurere
738 2997 1060 3053 infamiam.
1078 2998 1218 3062 Quia
1242 3014 1375 3052 vero
1394 2998 1537 3052 nihil
1552 3015 1749 3053 eorum
1769 3015 1896 3070 qua:
1921 2999 2136 3054 inclusa

494 3096 623 3145 sunt
645 3090 886 3162 legibus,
903 3091 986 3144 uti
1008 3107 1238 3161 (equum
1261 3095 1363 3157 est,
1384 3091 1593 3145 servari
1614 3095 1822 3163 potest,
1864 3092 1970 3147 nisi
1998 3109 2132 3147 con-

494 3183 815 3238 venientem
839 3184 1045 3238 habeat
1065 3184 1399 3253 custodiam,
1424 3185 1707 3239 sancimus
1724 3190 1789 3240 ut
1812 3185 1910 3257 qui
1937 3186 2129 3256 cujus-
2151 3218 2207 3292 Ο

492 3294 603 3348 que
634 3277 958 3330 monasterii
985 3294 1088 3347 pro
1115 3281 1225 3332 tem
1235 3294 1372 3347 pore
1405 3278 1611 3348 praesul
1639 3277 1830 3347 fuerit,
1863 3278 2131 3334 continue

497 3370 567 3423 ad
584 3370 771 3440 ipsum
790 3370 1221 3437 animadvertat,
1242 3375 1297 3424 et
1316 3371 1371 3424 in
1386 3387 1731 3442 unoquoque
1745 3372 1816 3425 ad
1834 3372 2014 3427 instar
2028 3372 2129 3440 rei,

495 3468 552 3517 et
580 3462 890 3534 disciplinae
920 3463 1162 3535 publicae
1194 3480 1425 3535 operam
1466 3468 1657 3519 navet.
1712 3455 1779 3518 Et
1826 3464 2001 3519 sicubi
2045 3466 2132 3521 vel

494 3556 794 3627 paululum
815 3555 1085 3628 quiddam
1102 3560 1300 3612 contra
1327 3558 1596 3612 decorum
1616 3556 1730 3626 fiat,
1751 3558 2009 3629 protinus
2026 3558 2133 3613 hoc

496 3650 783 3717 emendet,
817 3666 1000 3721 neque
1026 3651 1342 3704 committat
1386 3654 1450 3704 ut
1494 3650 1675 3721 major
1705 3651 1907 3706 exinde
1944 3651 2135 3723 lapsus

496 3743 730 3810 oriatur,
764 3746 820 3797 et
861 3743 1049 3797 anima
1094 3761 1224 3815 quae
1255 3743 1326 3798 ad
1372 3744 1617 3799 salutem
1661 3761 1729 3799 ex
1784 3749 1977 3799 sancta
2005 3745 2134 3799 vitae

493 3840 665 3907 atque
692 3836 824 3891 fidei
852 3836 1203 3891 institutione
1247 3836 1675 3908 provenientem
1723 3837 1996 3910 confugit,
2040 3854 2135 3909 pe-

498 3936 637 3985 reat.
1712 3924 1721 3931 ’

568 4026 689 4094 Ipse
722 4039 945 4094 quoque
971 4024 1447 4078 monasteriorum
1475 4041 1731 4079 summus
1765 4026 1995 4096 praesul,
2017 4025 2134 4079 sive

496 4116 698 4171 inloco
718 4116 807 4182 sit,
831 4117 1312 4186 quemadmodum
1344 4117 1402 4171 in
1431 4118 1535 4172 hac
1569 4123 1653 4172 est
1675 4118 1835 4181 urbe,
1855 4118 1969 4172 sive
1993 4134 2131 4187 non,

497 4208 663 4263 enixe
687 4208 744 4262 in
766 4224 888 4262 eam
924 4225 1044 4263 rem
1074 4226 1306 4280 operam
1331 4210 1481 4278 dato,
1507 4214 1563 4264 et
1589 4209 1977 4281 apocrisiarios
2006 4226 2136 4265 suos

496 4302 581 4371 (ut
610 4303 1030 4372 nuncupantur)
1066 4320 1168 4373 per
1190 4302 1540 4357 monasteria
1569 4303 1865 4372 dimittito;
1890 4320 1920 4358 e
1939 4304 2136 4358 vicinis

497 4395 666 4449 etiam
697 4396 1030 4467 interroget,
1061 4395 1315 4466 nunquid
1348 4395 1483 4450 mali
1510 4396 1565 4451 in
1597 4396 1788 4467 aliquo
1818 4396 2135 4451 vicinorum

494 4493 857 4560 perpetretur
878 4489 1380 4556 monasteriorum;
1412 4494 1581 4560 atque
1607 4490 1729 4545 haec
1757 4490 1949 4545 omnia
1974 4506 2133 4545 coer-

2228 579 2732 651 (quemadmodum
2750 578 3016 649 diximus)
3043 595 3184 649 quos
3218 578 3414 633 dicunt
3441 576 3865 648 apocrisiarios,

2224 674 2377 727 viros
2397 676 2559 728 aetate
2584 688 2802 743 graves,
2818 672 2918 743 qui
2937 675 2995 725 et
3024 672 3083 726 in
3107 671 3423 726 monastica
3432 670 3553 742 jam
3569 670 3871 742 disciplina

2224 766 2515 837 impendio
2533 766 2564 820 d
2573 764 2898 831 ecertarint,
2913 780 3097 835 neque
3110 764 3273 819 facile
3285 764 3535 836 corporis
3546 762 3872 819 sustineant

2224 859 2493 930 impetus,
2523 862 2580 913 et
2611 858 2780 913 rebus
2826 857 3093 929 gerendis
3117 899 3131 924 ,
3174 840 3352 928 atque
3381 857 3639 928 ipsorum
3672 856 3872 911 usibus

2224 952 2496 1007 vacarint.
2514 953 2705 1023 Neque
2718 950 2825 1006 hoc
2840 954 3084 1017 tantum,
3103 951 3149 1004 si
3172 950 3425 1004 virorum
3448 948 3869 1004 monasterium

2226 1045 2315 1112 sit,
2347 1046 2446 1100 sed
2471 1045 2644 1099 etiam
2678 1045 2725 1098 si
2752 1043 3064 1097 mulierum
3098 1043 3242 1097 forte
3272 1042 3363 1111 sit,
3392 1043 3506 1097 duo
3532 1042 3710 1113 aliqui
3736 1042 3868 1110 viri,

2225 1138 2312 1192 vel
2361 1139 2425 1207 (si
2464 1138 2661 1193 haberi
2700 1137 2955 1208 possunt)
2999 1136 3248 1190 eunuchi
3296 1135 3733 1203 constituantur,
3767 1135 3872 1206 qui

2225 1231 2573 1302 amplissimo
2605 1229 2929 1285 testimonio
2958 1228 3325 1300 comprobati,
3352 1228 3585 1299 negotia
3607 1228 3869 1299 ipsarum

2228 1330 2447 1395 gerant,
2482 1329 2539 1379 et
2568 1323 2908 1378 ineffabilem
2925 1323 3060 1393 ipsis
3087 1320 3721 1389 communionem,cum
3746 1321 3871 1391 ejus

2226 1417 2308 1471 rei
2334 1416 2730 1488 opportunitas
2749 1416 2875 1483 erit,
2906 1415 3269 1470 distribuant.
3307 1413 3468 1478 Quod
3489 1413 3537 1467 si
3564 1412 3648 1466 illi
3673 1413 3743 1467 de
3775 1429 3873 1467 ne-

2225 1510 2480 1565 cessitate
2504 1509 2698 1581 aliqua
2741 1509 3089 1574 monasterii,
3118 1512 3218 1562 aut
3241 1523 3370 1578 quae
3401 1522 3574 1560 uuam
3609 1506 3871 1577 aliquam

2223 1602 2818 1657 reverendissimarum
2838 1602 3202 1656 ascetriarum
3223 1600 3531 1671 pertingat,
3554 1598 3873 1653 necessarii

2224 1695 2439 1766 aliquid
2471 1695 2660 1750 dicere
2693 1694 2996 1759 voluerint,
3028 1694 3426 1764 colloquantur
3450 1707 3517 1746 ea
3543 1691 3613 1744 de
3643 1707 3705 1745 re
3734 1707 3870 1745 cum

2225 1788 2339 1843 sola
2359 1787 2630 1856 antistite,
2648 1803 2833 1859 neque
2850 1792 3131 1859 praeterea
3146 1802 3275 1840 cum
3292 1785 3410 1839 ulla
3428 1784 3539 1838 alia
3556 1783 3872 1838 mulierum

2224 1904 2351 1958 quae
2372 1886 2430 1940 in
2450 1903 2518 1940 eo
2532 1886 2841 1940 consistant
2860 1884 3227 1951 monasterio,
3248 1899 3351 1954 per
3368 1881 3872 1937 reverendissimas

2223 1986 2415 2035 tamen
2445 1980 2638 2034 omnia
2669 1978 3027 2034 conﬁcientes
3062 1977 3337 2031 ostiarias.
3367 1977 3603 2046 Oportet
3625 1975 3780 2029 enim
3813 1978 3874 2030 et

2226 2073 2558 2144 hujusmodi
2582 2072 2801 2143 aliquas
2826 2072 2898 2125 ad
2917 2071 3070 2125 fores
3099 2069 3378 2135 collocari,
3413 2084 3540 2138 qua:
3564 2066 3873 2122 consimili-

2225 2171 2316 2221 ter
2334 2169 2392 2220 et
2406 2165 2701 2236 ingressus
2719 2169 2774 2219 et
2797 2164 2979 2219 exitus
2997 2162 3380 2234 respicientes,
3394 2165 3509 2215 tam
3532 2160 3719 2215 exitus
3737 2175 3868 2213 mu-

2226 2259 2427 2313 lierum
2458 2258 2803 2330 prohibeant
2836 2273 3011 2328 quam
3043 2256 3354 2310 inaccessos
3378 2253 3512 2307 viris
3539 2252 3746 2320 aditus,
3776 2268 3874 2307 ex-

2228 2352 2403 2422 ceptis
2429 2350 2804 2423 apocrisariis,
2832 2350 3093 2404 reddant.
3125 2349 3189 2402 Hi
3223 2352 3418 2402 autem
3437 2345 3691 2400 ostiarias
3716 2362 3872 2399 acce-

2229 2445 2385 2511 dent,
2408 2447 2465 2498 et
2488 2445 2763 2499 adventus
2783 2442 2872 2497 sui
2888 2458 3114 2497 causam
3133 2445 3436 2512 exponent.
3460 2440 3709 2494 Antistes
3733 2455 3872 2494 vero

2230 2554 2291 2592 re
2309 2538 2551 2609 cognita,
2578 2541 2634 2591 et
2652 2552 2974 2609 progressa,
2998 2551 3127 2590 cum
3152 2535 3242 2590 his
3253 2534 3623 2605 colloquetur,
3643 2532 3871 2604 ipsique

2229 2631 2300 2686 ad
2351 2631 2509 2685 illam
2560 2629 2808 2685 referent
2860 2645 2924 2684 ea
2972 2644 3101 2700 quae
3144 2626 3625 2699 dispensationem
3667 2641 3873 2681 eorum

2231 2727 2578 2778 concernunt
2592 2727 2648 2778 et
2662 2722 3077 2790 necessitatem,
3113 2720 3484 2792 quamobrem
3509 2719 3870 2773 accesserint.

2232 2818 2415 2888 Atque
2442 2817 2519 2871 ita
2558 2820 2617 2871 et
2658 2816 2909 2871 humana
2945 2814 3183 2886 pulchre
3206 2811 3778 2880 administrabuntur,
3812 2814 3874 2866 et

2233 2926 2301 2965 ex
2325 2909 2483 2965 omni
2510 2913 2671 2981 parte
2698 2908 2855 2963 nullo
2879 2912 3093 2963 tentata
3121 2908 3271 2963 malo
3296 2905 3524 2961 durabit
3545 2905 3793 2960 castitas.

2305 3005 2469 3059 Certe
2500 3003 2545 3056 si
2578 3002 2705 3073 quis
2733 3001 3028 3072 delinquat
3071 3000 3155 3070 (ut
3195 3000 3376 3054 multa
3420 3001 3551 3053 sunt
3588 2997 3868 3065 humana,

2235 3112 2421 3167 neque
2439 3095 2740 3167 quisquam
2766 3095 2844 3149 ita
2879 3094 3170 3149 continere
3201 3097 3464 3147 naturam
3493 3094 3677 3163 potest
3699 3090 3760 3146 in
3789 3091 3872 3147 of-

2235 3188 2379 3257 ﬁcio,
2404 3188 2544 3259 quin
2559 3187 2865 3259 aliquando
2881 3192 3090 3258 peccet,
3119 3186 3231 3241 hoc
3251 3185 3406 3241 enim
3423 3184 3595 3239 solius
3615 3189 3701 3239 est
3726 3186 3867 3253 Dei),

2232 3283 2382 3336 hunc
2397 3282 2652 3352 quidem,
2677 3281 2723 3335 si
2742 3280 3027 3335 mediocre
3044 3280 3321 3335 delictum
3340 3279 3435 3344 sit,
3466 3283 3523 3334 et
3537 3278 3866 3347 admoneto,

2233 3379 2290 3429 et
2314 3374 2548 3429 seorsim
2576 3373 2868 3442 includito,
2897 3377 3236 3445 tempusque
3263 3372 3346 3427 illi
3372 3372 3654 3444 assignato
3691 3371 3872 3441 poeni-

2232 3468 2447 3535 tentiae,
2475 3472 2538 3521 ut
2562 3467 2797 3522 meliore
2828 3467 3043 3521 ratione
3078 3470 3365 3538 percepta,
3404 3466 3475 3520 ad
3499 3465 3745 3535 seipsum
3770 3480 3864 3518 re-

2232 3562 2379 3630 deat,
2402 3576 2584 3632 neque
2604 3560 2883 3631 depensos
2901 3560 3023 3629 jam
3048 3563 3106 3614 et
3124 3560 3432 3615 exhaustos
3450 3557 3672 3612 labores
3696 3555 3861 3611 amit-

2232 3658 2333 3710 tat.
2368 3654 2466 3709 Sin
2482 3662 2627 3708 'vero
2658 3654 2839 3724 major
2863 3654 3053 3724 lapsus
3094 3653 3288 3720 fuerit,
3324 3668 3428 3723 pro
3458 3651 3627 3706 modo
3653 3650 3868 3721 peccati

2233 3747 2533 3803 adhibetor
2561 3746 2731 3801 etiam
2764 3745 3176 3801 emendationis
3205 3744 3516 3817 diligentia,
3536 3747 3595 3798 et
3614 3744 3755 3798 item
3769 3759 3865 3797 ve-

2235 3841 2650 3895 hementiorem
2679 3839 3150 3908 admonitionem,
3179 3842 3238 3894 et
3261 3838 3555 3893 fortiorem
3582 3837 3867 3908 poeniten-

2235 3934 2371 3988 tiam
2391 3933 2660 4005 expetito.
2685 3934 2752 3987 Et
2772 3933 3053 4004 siquidem
3085 3932 3239 3987 hisce
3272 3932 3458 3987 modis
3486 3946 3708 3986 servare
3734 3946 3870 3984 eum

2234 4027 2494 4095 valuerit,
2515 4027 2611 4097 qui
2635 4026 2748 4081 labi
2768 4032 3018 4096 coeperat
3054 4025 3226 4097 (idem
3264 4027 3453 4079 autem
3481 4029 3537 4079 et
3573 4024 3632 4078 in
3659 4023 3867 4077 mulie-

2235 4120 2391 4175 ribus
2410 4119 2825 4174 sanctimoniali
2849 4120 2978 4174 vitae
2998 4118 3222 4185 deditis,
3255 4124 3312 4173 et
3336 4118 3395 4171 in
3420 4116 3557 4171 viris
3585 4116 3867 4185 dicimus),

2237 4230 2446 4284 magno
2467 4213 2576 4267 Deo
2600 4212 2808 4283 gratias
2834 4217 2990 4283 agat,
3015 4211 3114 4283 qui
3140 4215 3197 4266 et
3220 4209 3495 4282 angelicis
3520 4210 3580 4264 in
3605 4210 3748 4263 caelo
3774 4226 3871 4280 po—

2237 4305 2529 4361 testatibus
2567 4304 2841 4376 gaudium
2870 4304 3079 4359 oboriri
3112 4304 3255 4359 dixit
3277 4303 3326 4357 si
3348 4302 3474 4374 quis
3500 4306 3868 4373 peccatorum

2235 4403 2506 4454 servetur.
2536 4399 2607 4451 At
2635 4397 2682 4451 si
2709 4397 2977 4452 delictum
3002 4396 3246 4451 atrocius
3271 4395 3343 4449 sit
3365 4410 3537 4465 quam
3563 4395 3716 4466 quod
3745 4410 3866 4449 me-

2236 4492 2364 4546 dela
2390 4490 2640 4562 reparari
2666 4490 2857 4562 possit,
2890 4494 3026 4545 tunc
3059 4505 3287 4560 prorsus
3314 4488 3655 4542 monasterio
3680 4487 3868 4557 ipsum

497 4587 642 4650 ceto,
678 4587 733 4637 et
771 4586 1189 4652 competentem
1216 4598 1320 4652 pro
1365 4581 1643 4653 dignitate
1671 4583 1987 4654 impendito
2010 4600 2136 4654 pro-
2153 4582 2213 4655 D
2236 4583 2522 4656 expellito,
2553 4586 2615 4637 ut
2640 4600 2773 4638 cum
2800 4582 3048 4655 seipsum
3073 4599 3106 4636 a
3132 4580 3467 4637 melioribus
3489 4580 3561 4635 ad
3586 4580 3871 4635 deteriora

498 4676 829 4730 videnliam.
860 4676 965 4729 Sed
990 4679 1045 4729 et
1070 4675 1343 4746 cujusque
1373 4676 1612 4731 civitatis
1638 4676 1930 4747 episcopus
1949 4676 2008 4730 in
2028 4677 2135 4731 hoc

498 4769 907 4839 providentiam
944 4768 1228 4837 adhibeto,
1263 4769 1379 4823 sive
1410 4769 1747 4841 patriarcha,
1781 4769 1894 4824 sive
1920 4775 2132 4825 metro-

500 4862 803 4933 politanus,
851 4862 965 4916 sive
1024 4862 1505 4933 quicunquesit;
1538 4868 1594 4917 et
1640 4862 2135 4918 reverendissimos

499 4955 823 5010 defensores
843 4956 1092 5009 ecclesite
1115 4972 1231 5009 suae
1254 4956 1484 5024 mittito,
1514 4956 1611 5027 qui
1639 4956 1759 5010 haec
1779 4956 2130 5027 perquirant,

498 5054 555 5103 et
581 5050 897 5113 observent,
932 5065 1116 5119 neque
1148 5050 1516 5105 committant
1541 5053 1607 5104 ut
1626 5054 1834 5121 praeter
1863 5050 2133 5104 decorum

497 5143 813 5215 quidquam
832 5141 946 5195 fiat.
966 5142 1068 5197 Sed
1093 5147 1148 5196 et
1169 5142 1217 5196 si
1233 5143 1370 5213 quid
1402 5143 1515 5198 tale
1535 5146 1910 5214 perpetretur,
1930 5146 1994 5196 ut
2023 5143 2135 5213 pri-

498 5254 591 5291 mo
612 5252 843 5309 quoque
856 5240 967 5290 tem
977 5251 1111 5306 pore
1123 5236 1231 5290 hoc
1246 5236 1388 5291 corri
1397 5237 1933 5307 gant.Consimiliter
1943 5240 2133 5290 autem

497 5335 554 5385 et
581 5329 965 5386 sanctissimus
990 5329 1161 5399 hujus
1190 5330 1354 5383 alma:
1379 5329 1534 5383 urbis
1564 5330 1887 5399 patriarcha
1912 5346 1979 5383 ea
2004 5345 2133 5400 quae

496 5424 851 5485 monasteria
878 5423 972 5477 hic
1010 5426 1363 5478 concernunt
1403 5423 1755 5494 perquirite;
1801 5428 1857 5477 et
1887 5423 2007 5493 ejus
2050 5422 2131 5476 rei

497 5517 756 5570 custodes
799 5516 894 5570 Dei
944 5516 1357 5571 amantissimos
1404 5516 1728 5571 defensores
1768 5520 2132 5571 sacrosanctae

498 5609 729 5679 majoris
749 5609 1018 5678 ecclesize,
1046 5614 1102 5664 et
1127 5625 1491 5681 quoscunque
1510 5609 1992 5681 diligentissimos,
2021 5608 2130 5662 ho-

498 5701 955 5772 nestissimosque
985 5718 1105 5755 esse
1132 5702 1419 5773 putaverit
1443 5702 1786 5770 constituito,
1818 5706 1883 5757 ut
1913 5700 2132 5771 majore

498 5792 751 5844 adhibita
782 5793 1028 5847 custodia
1049 5834 1062 5859 ,
1112 5795 1354 5865 amplior
1394 5795 1530 5850 item
1563 5795 1875 5849 observatio
1898 5836 1911 5863 ,
1946 5798 2003 5848 et
2028 5808 2132 5864 pro

494 5878 710 5933 delictis
738 5882 983 5936 vindicta
1016 5887 1298 5954 procedat.
1335 5887 1637 5943 Enimvero
1669 5888 1891 5960 singula
1919 5903 2123 5943 mona-

2237 4678 2560 4745 contulerit,
2575 4676 2696 4747 ipse
2712 4677 2864 4731 solus
2878 4675 3256 4747 improbitatis
3272 4691 3388 4729 suae
3401 4675 3650 4730 fructum
3661 4674 3865 4745 capiat,

2236 4787 2421 4843 neque
2448 4770 2715 4825 vitiorum
2762 4785 2993 4824 suorum
3032 4768 3243 4839 aliquid
3277 4768 3493 4823 caeteris
3529 4767 3871 4838 contagione

2237 4864 2473 4932 ati‘ricet,
2502 4862 2984 4935 quemadmodum
3021 4866 3176 4933 peste
3207 4861 3521 4916 laborantia
3559 4864 3618 4914 et
3641 4860 3871 4914 incura-

2235 4957 2420 5011 biliter
2445 4955 2783 5027 aegrotantia
2816 4956 2997 5009 solent
3024 4971 3248 5026 pecora.
3278 4955 3416 5008 Nam
3444 4959 3505 5007 ut
3534 4953 3786 5007 maxime
3813 4953 3872 5007 bi

2235 5050 2738 5121 neglexerint,non
2765 5054 2955 5104 tamen
2986 5048 3245 5118 majestas
3260 5046 3366 5102 ista
3393 5046 3667 5117 despiciet
3693 5046 3874 5117 impe-

2234 5143 2658 5213 ratoria,neque
2672 5141 3066 5212 indignatione
3080 5145 3278 5195 contra
3288 5140 3346 5193 id
3358 5140 3587 5206 factum,
3604 5142 3871 5194 contrave
3886 5122 3896 5137 ’

2233 5237 2490 5292 locorum
2511 5236 2843 5307 episc0pum
2863 5240 2919 5289 et
2938 5234 3339 5289 ecclesiasticos
3352 5233 3449 5304 qui
3476 5233 3578 5287 sub
3596 5232 3722 5304 ipso
3742 5249 3874 5288 con-

2233 5330 2415 5385 stituti
2444 5333 2595 5395 sunt,
2623 5328 2967 5396 abstinebit,
2999 5327 3108 5382 nisi
3156 5328 3262 5381 hoc
3289 5326 3735 5393 observaverint,
3780 5326 3870 5381 ni-

2236 5423 2448 5477 mirum
2489 5438 2619 5476 cum
2659 5422 2781 5493 ejus
2814 5421 3031 5492 negotii
3072 5419 3369 5490 diligentia
3406 5419 3723 5474 necessario
3764 5420 3868 5491 ipsi

2234 5517 2401 5571 etiam
2421 5514 3101 5587 majestatiimperatoriaa
3117 5513 3425 5569 incumbat.
3450 5512 3508 5567 Si
3529 5512 3688 5566 enim
3712 5514 3869 5584 puris

2233 5610 2314 5664 illi
2332 5610 2613 5681 nudisque
2632 5608 2898 5663 manibus
2920 5623 3022 5679 pro
3042 5606 3330 5677 republica
3350 5621 3543 5677 preces
3570 5606 3691 5659 Deo
3704 5606 3865 5660 obtu-

2233 5702 2425 5769 lerint,
2449 5703 2811 5758 manifestum
2835 5717 2967 5755 sane
2996 5701 3145 5772 quod
3165 5704 3221 5755 et
3238 5717 3326 5755 res
3350 5699 3607 5753 militaris
3631 5700 3865 5771 pulchre

2234 5809 2292 5846 se
2316 5791 2567 5857 habebit,
2604 5796 2660 5846 et
2679 5790 2927 5845 civitates
2949 5791 3006 5844 in
3036 5790 3187 5844 bono
3207 5792 3355 5844 statu
3376 5793 3563 5844 erunt.
3585 5789 3704 5843 Deo
3732 5789 3866 5843 item

2232 5884 2481 5958 propitio
2506 5900 2570 5940 ac
2592 5884 2867 5944 benevolo
2884 5883 3211 5953 constituto,
3240 5881 3522 5956 quomodo
3537 5897 3658 5940 non
3677 5881 3873 5939 omnia
