  <div class='ocr_page' id='page_1' title='image "/cluster/home/n/w/nwhite01/storage/ocr_20150623/72/uva.x000827084/748.png"; bbox 0 0 4032 6232; ppageno 0'>
   <div class='ocr_carea' id='block_1_1' title="bbox 166 370 303 425">
    <p class='ocr_par' dir='ltr' id='par_1_1' title="bbox 166 370 303 425">
     <span class='ocr_line' id='line_1_1' title="bbox 166 370 303 425; baseline -0.015 0"><span class='ocrx_word' id='word_1_1' title='bbox 166 370 303 425; x_wconf 70' lang='grc'>1049</span> 
     </span>
    </p>
   </div>
   <div class='ocr_carea' id='block_1_2' title="bbox 156 475 1880 559">
    <p class='ocr_par' dir='ltr' id='par_1_2' title="bbox 156 475 1880 559">
     <span class='ocr_line' id='line_1_2' title="bbox 156 475 1880 559; baseline 0.001 -30"><span class='ocrx_word' id='word_1_2' title='bbox 156 475 214 529; x_wconf 90' lang='lat' dir='ltr'>in</span> <span class='ocrx_word' id='word_1_3' title='bbox 238 491 469 530; x_wconf 90' lang='lat' dir='ltr'>summa</span> <span class='ocrx_word' id='word_1_4' title='bbox 485 493 623 547; x_wconf 88' lang='lat' dir='ltr'>pace</span> <span class='ocrx_word' id='word_1_5' title='bbox 635 478 861 531; x_wconf 89' lang='lat' dir='ltr'>etrecta</span> <span class='ocrx_word' id='word_1_6' title='bbox 873 476 1066 547; x_wconf 88' lang='lat' dir='ltr'>legum</span> <span class='ocrx_word' id='word_1_7' title='bbox 1080 476 1477 531; x_wconf 81' lang='lat' dir='ltr'>moderatione</span> <span class='ocrx_word' id='word_1_8' title='bbox 1497 476 1801 548; x_wconf 81' lang='lat' dir='ltr'>vigebunt?</span> <span class='ocrx_word' id='word_1_9' title='bbox 1821 487 1880 559; x_wconf 71' lang='grc' dir='ltr'><strong>Α</strong></span> 
     </span>
    </p>
   </div>
   <div class='ocr_carea' id='block_1_3' title="bbox 154 568 1794 640">
    <p class='ocr_par' dir='ltr' id='par_1_3' title="bbox 154 568 1794 640">
     <span class='ocr_line' id='line_1_3' title="bbox 154 568 1794 640; baseline 0.001 -18"><span class='ocrx_word' id='word_1_10' title='bbox 154 570 332 623; x_wconf 88' lang='lat' dir='ltr'>Terra</span> <span class='ocrx_word' id='word_1_11' title='bbox 377 585 609 640; x_wconf 90' lang='lat' dir='ltr'>quoque</span> <span class='ocrx_word' id='word_1_12' title='bbox 637 568 803 624; x_wconf 91' lang='lat' dir='ltr'>nobis</span> <span class='ocrx_word' id='word_1_13' title='bbox 825 568 1072 623; x_wconf 83' lang='lat' dir='ltr'>fructum</span> <span class='ocrx_word' id='word_1_14' title='bbox 1098 570 1263 636; x_wconf 87' lang='lat' dir='ltr'>feret,</span> <span class='ocrx_word' id='word_1_15' title='bbox 1293 572 1352 623; x_wconf 91' lang='lat' dir='ltr'>et</span> <span class='ocrx_word' id='word_1_16' title='bbox 1379 571 1621 624; x_wconf 87' lang='lat' dir='ltr'>celerius</span> <span class='ocrx_word' id='word_1_17' title='bbox 1641 569 1794 624; x_wconf 89' lang='lat' dir='ltr'>bona</span> 
     </span>
    </p>
   </div>
   <div class='ocr_carea' id='block_1_4' title="bbox 154 661 1793 733">
    <p class='ocr_par' dir='ltr' id='par_1_4' title="bbox 154 661 1793 733">
     <span class='ocr_line' id='line_1_4' title="bbox 154 661 1793 733; baseline 0.002 -19"><span class='ocrx_word' id='word_1_18' title='bbox 154 678 256 715; x_wconf 89' lang='lat' dir='ltr'>sua</span> <span class='ocrx_word' id='word_1_19' title='bbox 282 661 442 727; x_wconf 89' lang='lat' dir='ltr'>edet,</span> <span class='ocrx_word' id='word_1_20' title='bbox 464 679 570 733; x_wconf 90' lang='lat' dir='ltr'>per</span> <span class='ocrx_word' id='word_1_21' title='bbox 604 662 704 717; x_wconf 89' lang='lat' dir='ltr'>Dei</span> <span class='ocrx_word' id='word_1_22' title='bbox 746 662 1213 717; x_wconf 80' lang='lat' dir='ltr'>benevolentiam</span> <span class='ocrx_word' id='word_1_23' title='bbox 1258 662 1524 733; x_wconf 81' lang='lat' dir='ltr'>precibus</span> <span class='ocrx_word' id='word_1_24' title='bbox 1557 663 1793 717; x_wconf 91' lang='lat' dir='ltr'>illorum</span> 
     </span>
    </p>
   </div>
   <div class='ocr_carea' id='block_1_5' title="bbox 152 754 1794 825">
    <p class='ocr_par' dir='ltr' id='par_1_5' title="bbox 152 754 1794 825">
     <span class='ocr_line' id='line_1_5' title="bbox 152 754 1794 825; baseline 0.001 -18"><span class='ocrx_word' id='word_1_25' title='bbox 152 754 487 808; x_wconf 81' lang='lat' dir='ltr'>universam</span> <span class='ocrx_word' id='word_1_26' title='bbox 517 754 931 824; x_wconf 81' lang='lat' dir='ltr'>rempublicam</span> <span class='ocrx_word' id='word_1_27' title='bbox 958 755 1016 808; x_wconf 90' lang='lat' dir='ltr'>in</span> <span class='ocrx_word' id='word_1_28' title='bbox 1040 772 1217 809; x_wconf 92' lang='lat' dir='ltr'>unum</span> <span class='ocrx_word' id='word_1_29' title='bbox 1239 755 1655 825; x_wconf 74' lang='lat' dir='ltr'>colligentibus.</span> <span class='ocrx_word' id='word_1_30' title='bbox 1685 754 1794 810; x_wconf 89' lang='lat' dir='ltr'>Sed</span> 
     </span>
    </p>
   </div>
   <div class='ocr_carea' id='block_1_6' title="bbox 152 847 1794 919">
    <p class='ocr_par' dir='ltr' id='par_1_6' title="bbox 152 847 1794 919">
     <span class='ocr_line' id='line_1_6' title="bbox 152 847 1794 919; baseline 0.001 -18"><span class='ocrx_word' id='word_1_31' title='bbox 152 853 209 901; x_wconf 87' lang='lat' dir='ltr'>et</span> <span class='ocrx_word' id='word_1_32' title='bbox 229 847 559 901; x_wconf 85' lang='lat' dir='ltr'>communis</span> <span class='ocrx_word' id='word_1_33' title='bbox 572 848 874 901; x_wconf 86' lang='lat' dir='ltr'>hominum</span> <span class='ocrx_word' id='word_1_34' title='bbox 898 848 1084 918; x_wconf 80' lang='lat' dir='ltr'>ﬁgura</span> <span class='ocrx_word' id='word_1_35' title='bbox 1100 848 1484 902; x_wconf 90' lang='lat' dir='ltr'>venerabilior</span> <span class='ocrx_word' id='word_1_36' title='bbox 1504 848 1629 913; x_wconf 91' lang='lat' dir='ltr'>erit,</span> <span class='ocrx_word' id='word_1_37' title='bbox 1645 864 1794 919; x_wconf 76' lang='lat' dir='ltr'>quae-</span> 
     </span>
    </p>
   </div>
   <div class='ocr_carea' id='block_1_7' title="bbox 150 940 1796 1011">
    <p class='ocr_par' dir='ltr' id='par_1_7' title="bbox 150 940 1796 1011">
     <span class='ocr_line' id='line_1_7' title="bbox 150 940 1796 1011; baseline 0.001 -18"><span class='ocrx_word' id='word_1_38' title='bbox 150 944 405 1010; x_wconf 85' lang='lat' dir='ltr'>rentque</span> <span class='ocrx_word' id='word_1_39' title='bbox 438 940 593 1011; x_wconf 90' lang='lat' dir='ltr'>quod</span> <span class='ocrx_word' id='word_1_40' title='bbox 618 941 982 1011; x_wconf 61' lang='lat' dir='ltr'>prmstantius</span> <span class='ocrx_word' id='word_1_41' title='bbox 1002 944 1106 1009; x_wconf 90' lang='lat' dir='ltr'>est,</span> <span class='ocrx_word' id='word_1_42' title='bbox 1139 940 1367 995; x_wconf 88' lang='lat' dir='ltr'>illorum</span> <span class='ocrx_word' id='word_1_43' title='bbox 1382 941 1692 1011; x_wconf 80' lang='lat' dir='ltr'>puritatem</span> <span class='ocrx_word' id='word_1_44' title='bbox 1711 957 1796 995; x_wconf 87' lang='lat' dir='ltr'>re-</span> 
     </span>
    </p>
   </div>
   <div class='ocr_carea' id='block_1_8' title="bbox 150 1032 1794 1104">
    <p class='ocr_par' dir='ltr' id='par_1_8' title="bbox 150 1032 1794 1104">
     <span class='ocr_line' id='line_1_8' title="bbox 150 1032 1794 1104; baseline 0.002 -20"><span class='ocrx_word' id='word_1_45' title='bbox 150 1032 341 1087; x_wconf 88' lang='lat' dir='ltr'>veriti.</span> <span class='ocrx_word' id='word_1_46' title='bbox 372 1033 535 1087; x_wconf 89' lang='lat' dir='ltr'>Unde</span> <span class='ocrx_word' id='word_1_47' title='bbox 559 1049 675 1087; x_wconf 90' lang='lat' dir='ltr'>una</span> <span class='ocrx_word' id='word_1_48' title='bbox 701 1034 801 1087; x_wconf 78' lang='lat' dir='ltr'>fiet</span> <span class='ocrx_word' id='word_1_49' title='bbox 827 1033 1195 1104; x_wconf 84' lang='lat' dir='ltr'>conspiratio,</span> <span class='ocrx_word' id='word_1_50' title='bbox 1225 1034 1493 1088; x_wconf 87' lang='lat' dir='ltr'>omnibus</span> <span class='ocrx_word' id='word_1_51' title='bbox 1524 1032 1693 1087; x_wconf 90' lang='lat' dir='ltr'>simul</span> <span class='ocrx_word' id='word_1_52' title='bbox 1720 1032 1794 1088; x_wconf 93' lang='lat' dir='ltr'>ad</span> 
     </span>
    </p>
   </div>
   <div class='ocr_carea' id='block_1_9' title="bbox 149 1126 1790 1197">
    <p class='ocr_par' dir='ltr' id='par_1_9' title="bbox 149 1126 1790 1197">
     <span class='ocr_line' id='line_1_9' title="bbox 149 1126 1790 1197; baseline 0.001 -18"><span class='ocrx_word' id='word_1_53' title='bbox 149 1126 261 1180; x_wconf 89' lang='lat' dir='ltr'>hoc</span> <span class='ocrx_word' id='word_1_54' title='bbox 292 1126 789 1191; x_wconf 85' lang='lat' dir='ltr'>concurrentibus,</span> <span class='ocrx_word' id='word_1_55' title='bbox 814 1130 873 1180; x_wconf 87' lang='lat' dir='ltr'>et</span> <span class='ocrx_word' id='word_1_56' title='bbox 897 1126 1105 1197; x_wconf 88' lang='lat' dir='ltr'>(quoad</span> <span class='ocrx_word' id='word_1_57' title='bbox 1136 1126 1259 1180; x_wconf 85' lang='lat' dir='ltr'>ﬁeri</span> <span class='ocrx_word' id='word_1_58' title='bbox 1286 1126 1495 1197; x_wconf 82' lang='lat' dir='ltr'>potest)</span> <span class='ocrx_word' id='word_1_59' title='bbox 1518 1126 1790 1180; x_wconf 85' lang='lat' dir='ltr'>extermi-</span> 
     </span>
    </p>
   </div>
   <div class='ocr_carea' id='block_1_10' title="bbox 149 1218 1795 1291">
    <p class='ocr_par' dir='ltr' id='par_1_10' title="bbox 149 1218 1795 1291">
     <span class='ocr_line' id='line_1_10' title="bbox 149 1218 1795 1291; baseline 0.001 -19"><span class='ocrx_word' id='word_1_60' title='bbox 149 1221 291 1273; x_wconf 88' lang='lat' dir='ltr'>nata</span> <span class='ocrx_word' id='word_1_61' title='bbox 314 1219 480 1273; x_wconf 89' lang='lat' dir='ltr'>omni</span> <span class='ocrx_word' id='word_1_62' title='bbox 495 1219 712 1273; x_wconf 88' lang='lat' dir='ltr'>malitia</span> <span class='ocrx_word' id='word_1_63' title='bbox 728 1220 1064 1274; x_wconf 87' lang='lat' dir='ltr'>melioribus</span> <span class='ocrx_word' id='word_1_64' title='bbox 1082 1218 1575 1291; x_wconf 89' lang='lat' dir='ltr'>sanctioribusque</span> <span class='ocrx_word' id='word_1_65' title='bbox 1590 1220 1795 1274; x_wconf 61' lang='lat' dir='ltr'>&#39;studiis</span> 
     </span>
    </p>
   </div>
   <div class='ocr_carea' id='block_1_11' title="bbox 150 1311 1793 1383">
    <p class='ocr_par' dir='ltr' id='par_1_11' title="bbox 150 1311 1793 1383">
     <span class='ocr_line' id='line_1_11' title="bbox 150 1311 1793 1383; baseline 0.002 -19"><span class='ocrx_word' id='word_1_66' title='bbox 150 1311 521 1377; x_wconf 82' lang='lat' dir='ltr'>introductis,</span> <span class='ocrx_word' id='word_1_67' title='bbox 544 1315 601 1365; x_wconf 90' lang='lat' dir='ltr'>et</span> <span class='ocrx_word' id='word_1_68' title='bbox 618 1311 957 1382; x_wconf 87' lang='lat' dir='ltr'>dignitatem</span> <span class='ocrx_word' id='word_1_69' title='bbox 981 1313 1345 1367; x_wconf 87' lang='lat' dir='ltr'>habentibus.</span> <span class='ocrx_word' id='word_1_70' title='bbox 1368 1312 1533 1375; x_wconf 86' lang='lat' dir='ltr'>Quod</span> <span class='ocrx_word' id='word_1_71' title='bbox 1558 1313 1793 1383; x_wconf 87' lang='lat' dir='ltr'>quidem</span> 
     </span>
    </p>
   </div>
   <div class='ocr_carea' id='block_1_12' title="bbox 148 1404 1795 1476">
    <p class='ocr_par' dir='ltr' id='par_1_12' title="bbox 148 1404 1795 1476">
     <span class='ocr_line' id='line_1_12' title="bbox 148 1404 1795 1476; baseline 0.001 -18"><span class='ocrx_word' id='word_1_72' title='bbox 148 1420 283 1459; x_wconf 87' lang='lat' dir='ltr'>cum</span> <span class='ocrx_word' id='word_1_73' title='bbox 307 1404 723 1470; x_wconf 88' lang='lat' dir='ltr'>desideremus,</span> <span class='ocrx_word' id='word_1_74' title='bbox 741 1405 957 1459; x_wconf 91' lang='lat' dir='ltr'>bonum</span> <span class='ocrx_word' id='word_1_75' title='bbox 981 1404 1135 1459; x_wconf 83' lang='lat' dir='ltr'>haud</span> <span class='ocrx_word' id='word_1_76' title='bbox 1154 1404 1323 1459; x_wconf 89' lang='lat' dir='ltr'>dubie</span> <span class='ocrx_word' id='word_1_77' title='bbox 1339 1422 1502 1476; x_wconf 90' lang='lat' dir='ltr'>opus,</span> <span class='ocrx_word' id='word_1_78' title='bbox 1522 1406 1795 1475; x_wconf 89' lang='lat' dir='ltr'>quemad-</span> 
     </span>
    </p>
   </div>
   <div class='ocr_carea' id='block_1_13' title="bbox 148 1495 1789 1569">
    <p class='ocr_par' dir='ltr' id='par_1_13' title="bbox 148 1495 1789 1569">
     <span class='ocr_line' id='line_1_13' title="bbox 148 1495 1789 1569; baseline 0.001 -18"><span class='ocrx_word' id='word_1_79' title='bbox 148 1495 403 1551; x_wconf 90' lang='lat' dir='ltr'>modum</span> <span class='ocrx_word' id='word_1_80' title='bbox 434 1514 771 1567; x_wconf 85' lang='lat' dir='ltr'>persuasum</span> <span class='ocrx_word' id='word_1_81' title='bbox 800 1499 1101 1564; x_wconf 90' lang='lat' dir='ltr'>habemus,</span> <span class='ocrx_word' id='word_1_82' title='bbox 1127 1498 1471 1568; x_wconf 85' lang='lat' dir='ltr'>perﬁcimus.</span> <span class='ocrx_word' id='word_1_83' title='bbox 1496 1498 1789 1569; x_wconf 87' lang='lat' dir='ltr'>llludquo-</span> 
     </span>
    </p>
   </div>
   <div class='ocr_carea' id='block_1_14' title="bbox 149 1589 1793 1661">
    <p class='ocr_par' dir='ltr' id='par_1_14' title="bbox 149 1589 1793 1661">
     <span class='ocr_line' id='line_1_14' title="bbox 149 1589 1793 1661; baseline 0.001 -18"><span class='ocrx_word' id='word_1_84' title='bbox 149 1606 264 1660; x_wconf 90' lang='lat' dir='ltr'>que</span> <span class='ocrx_word' id='word_1_85' title='bbox 288 1589 562 1643; x_wconf 90' lang='lat' dir='ltr'>omnibus</span> <span class='ocrx_word' id='word_1_86' title='bbox 583 1590 869 1644; x_wconf 82' lang='lat' dir='ltr'>observari</span> <span class='ocrx_word' id='word_1_87' title='bbox 896 1590 1081 1645; x_wconf 90' lang='lat' dir='ltr'>modis</span> <span class='ocrx_word' id='word_1_88' title='bbox 1098 1592 1378 1657; x_wconf 87' lang='lat' dir='ltr'>volumus,</span> <span class='ocrx_word' id='word_1_89' title='bbox 1404 1594 1463 1644; x_wconf 90' lang='lat' dir='ltr'>ut</span> <span class='ocrx_word' id='word_1_90' title='bbox 1481 1592 1527 1644; x_wconf 90' lang='lat' dir='ltr'>si</span> <span class='ocrx_word' id='word_1_91' title='bbox 1558 1591 1685 1661; x_wconf 85' lang='lat' dir='ltr'>quis</span> <span class='ocrx_word' id='word_1_92' title='bbox 1710 1608 1793 1645; x_wconf 82' lang='lat' dir='ltr'>re-</span> 
     </span>
    </p>
   </div>
   <div class='ocr_carea' id='block_1_15' title="bbox 148 1682 1793 1755">
    <p class='ocr_par' dir='ltr' id='par_1_15' title="bbox 148 1682 1793 1755">
     <span class='ocr_line' id='line_1_15' title="bbox 148 1682 1793 1755; baseline 0.002 -21"><span class='ocrx_word' id='word_1_93' title='bbox 148 1682 704 1737; x_wconf 78' lang='lat' dir='ltr'>verendissimorum</span> <span class='ocrx_word' id='word_1_94' title='bbox 734 1684 1153 1737; x_wconf 88' lang='lat' dir='ltr'>monachorum</span> <span class='ocrx_word' id='word_1_95' title='bbox 1200 1683 1258 1736; x_wconf 89' lang='lat' dir='ltr'>in</span> <span class='ocrx_word' id='word_1_96' title='bbox 1300 1700 1561 1754; x_wconf 88' lang='lat' dir='ltr'>caupona</span> <span class='ocrx_word' id='word_1_97' title='bbox 1601 1684 1793 1755; x_wconf 88' lang='lat' dir='ltr'>aliqua</span> 
     </span>
    </p>
   </div>
   <div class='ocr_carea' id='block_1_16' title="bbox 150 1775 1793 1841">
    <p class='ocr_par' dir='ltr' id='par_1_16' title="bbox 150 1775 1793 1841">
     <span class='ocr_line' id='line_1_16' title="bbox 150 1775 1793 1841; baseline 0.002 -14"><span class='ocrx_word' id='word_1_98' title='bbox 150 1775 433 1829; x_wconf 89' lang='lat' dir='ltr'>diversari</span> <span class='ocrx_word' id='word_1_99' title='bbox 456 1775 736 1841; x_wconf 86' lang='lat' dir='ltr'>videatur,</span> <span class='ocrx_word' id='word_1_100' title='bbox 767 1776 917 1830; x_wconf 90' lang='lat' dir='ltr'>illico</span> <span class='ocrx_word' id='word_1_101' title='bbox 942 1776 987 1829; x_wconf 90' lang='lat' dir='ltr'>is</span> <span class='ocrx_word' id='word_1_102' title='bbox 1006 1776 1267 1830; x_wconf 87' lang='lat' dir='ltr'>tradatur</span> <span class='ocrx_word' id='word_1_103' title='bbox 1283 1776 1575 1830; x_wconf 83' lang='lat' dir='ltr'>civitatum</span> <span class='ocrx_word' id='word_1_104' title='bbox 1599 1778 1793 1831; x_wconf 80' lang='lat' dir='ltr'>defen-</span> 
     </span>
    </p>
   </div>
   <div class='ocr_carea' id='block_1_17' title="bbox 1017 364 2715 426">
    <p class='ocr_par' dir='ltr' id='par_1_17' title="bbox 1017 364 2715 426">
     <span class='ocr_line' id='line_1_17' title="bbox 1017 364 2715 426; baseline -0.002 -2"><span class='ocrx_word' id='word_1_105' title='bbox 1017 369 1379 425; x_wconf 79' lang='lat' dir='ltr'>JUSTlNlANI</span> <span class='ocrx_word' id='word_1_106' title='bbox 1417 368 1743 426; x_wconf 67' lang='lat' dir='ltr'>NOVELLrE</span> <span class='ocrx_word' id='word_1_107' title='bbox 1782 368 2114 426; x_wconf 74' lang='lat' dir='ltr'>SELECT/E.</span> <span class='ocrx_word' id='word_1_108' title='bbox 2155 369 2461 426; x_wconf 74' lang='lat' dir='ltr'>NOVELLA</span> <span class='ocrx_word' id='word_1_109' title='bbox 2499 364 2715 424; x_wconf 75' lang='lat' dir='ltr'>CXLIV.</span> 
     </span>
    </p>
   </div>
   <div class='ocr_carea' id='block_1_18' title="bbox 3392 357 3530 421">
    <p class='ocr_par' dir='ltr' id='par_1_18' title="bbox 3392 357 3530 421">
     <span class='ocr_line' id='line_1_18' title="bbox 3392 357 3530 421; baseline -0.058 0"><span class='ocrx_word' id='word_1_110' title='bbox 3392 357 3530 421; x_wconf 70' lang='grc'>1050</span> 
     </span>
    </p>
   </div>
   <div class='ocr_carea' id='block_1_19' title="bbox 2426 473 2990 530">
    <p class='ocr_par' dir='ltr' id='par_1_19' title="bbox 2426 473 2990 530">
     <span class='ocr_line' id='line_1_19' title="bbox 2426 473 2990 530; baseline -0.005 0"><span class='ocrx_word' id='word_1_111' title='bbox 2426 474 2745 530; x_wconf 79' lang='lat' dir='ltr'>NOVELLA</span> <span class='ocrx_word' id='word_1_112' title='bbox 2780 473 2990 528; x_wconf 80' lang='lat' dir='ltr'>CXLIV.</span> 
     </span>
    </p>
   </div>
   <div class='ocr_carea' id='block_1_20' title="bbox 2471 569 2946 623">
    <p class='ocr_par' dir='ltr' id='par_1_20' title="bbox 2471 569 2946 623">
     <span class='ocr_line' id='line_1_20' title="bbox 2471 569 2946 623; baseline -0.002 0"><span class='ocrx_word' id='word_1_113' title='bbox 2471 572 2547 623; x_wconf 77' lang='lat' dir='ltr'>De</span> <span class='ocrx_word' id='word_1_114' title='bbox 2571 569 2946 622; x_wconf 78' lang='lat' dir='ltr'>samaritanis.</span> 
     </span>
    </p>
   </div>
   <div class='ocr_carea' id='block_1_21' title="bbox 1964 658 3529 733">
    <p class='ocr_par' dir='ltr' id='par_1_21' title="bbox 1964 658 3529 733">
     <span class='ocr_line' id='line_1_21' title="bbox 1964 658 3529 733; baseline -0.002 -16"><span class='ocrx_word' id='word_1_115' title='bbox 1964 664 2035 718; x_wconf 87' lang='lat' dir='ltr'>Ut</span> <span class='ocrx_word' id='word_1_116' title='bbox 2053 662 2290 733; x_wconf 89' lang='lat' dir='ltr'>impiam</span> <span class='ocrx_word' id='word_1_117' title='bbox 2312 661 2813 716; x_wconf 87' lang='lat' dir='ltr'>Samaritanorum</span> <span class='ocrx_word' id='word_1_118' title='bbox 2829 659 3096 715; x_wconf 69' lang='lat' dir='ltr'>hazresim</span> <span class='ocrx_word' id='word_1_119' title='bbox 3115 663 3173 714; x_wconf 92' lang='lat' dir='ltr'>et</span> <span class='ocrx_word' id='word_1_120' title='bbox 3184 659 3341 715; x_wconf 89' lang='lat' dir='ltr'>omni</span> <span class='ocrx_word' id='word_1_121' title='bbox 3358 658 3529 715; x_wconf 84' lang='lat' dir='ltr'>ratio-</span> 
     </span>
    </p>
   </div>
   <div class='ocr_carea' id='block_1_22' title="bbox 1895 752 3526 825">
    <p class='ocr_par' dir='ltr' id='par_1_22' title="bbox 1895 752 3526 825">
     <span class='ocr_line' id='line_1_22' title="bbox 1895 752 3526 825; baseline -0.002 -15"><span class='ocrx_word' id='word_1_122' title='bbox 1895 773 1969 810; x_wconf 87' lang='lat' dir='ltr'>ne</span> <span class='ocrx_word' id='word_1_123' title='bbox 1999 759 2291 810; x_wconf 85' lang='lat' dir='ltr'>carentem</span> <span class='ocrx_word' id='word_1_124' title='bbox 2312 755 2523 808; x_wconf 89' lang='lat' dir='ltr'>horum</span> <span class='ocrx_word' id='word_1_125' title='bbox 2544 752 2838 807; x_wconf 87' lang='lat' dir='ltr'>vesaniam</span> <span class='ocrx_word' id='word_1_126' title='bbox 2871 752 2945 806; x_wconf 90' lang='lat' dir='ltr'>ad</span> <span class='ocrx_word' id='word_1_127' title='bbox 2966 753 3269 807; x_wconf 87' lang='lat' dir='ltr'>meliorem</span> <span class='ocrx_word' id='word_1_128' title='bbox 3300 754 3526 825; x_wconf 80' lang='lat' dir='ltr'>frugem</span> 
     </span>
    </p>
   </div>
   <div class='ocr_carea' id='block_1_23' title="bbox 1892 844 3533 919">
    <p class='ocr_par' dir='ltr' id='par_1_23' title="bbox 1892 844 3533 919">
     <span class='ocr_line' id='line_1_23' title="bbox 1892 844 3533 919; baseline -0.002 -17"><span class='ocrx_word' id='word_1_129' title='bbox 1892 847 2356 919; x_wconf 88' lang='lat' dir='ltr'>perduceremus,</span> <span class='ocrx_word' id='word_1_130' title='bbox 2382 862 2570 915; x_wconf 88' lang='lat' dir='ltr'>neque</span> <span class='ocrx_word' id='word_1_131' title='bbox 2591 861 2706 899; x_wconf 93' lang='lat' dir='ltr'>non</span> <span class='ocrx_word' id='word_1_132' title='bbox 2730 845 2980 916; x_wconf 88' lang='lat' dir='ltr'>ipsorum</span> <span class='ocrx_word' id='word_1_133' title='bbox 3001 845 3222 898; x_wconf 88' lang='lat' dir='ltr'>animas</span> <span class='ocrx_word' id='word_1_134' title='bbox 3239 861 3353 915; x_wconf 90' lang='lat' dir='ltr'>quo</span> <span class='ocrx_word' id='word_1_135' title='bbox 3388 844 3533 900; x_wconf 90' lang='lat' dir='ltr'>deti-</span> 
     </span>
    </p>
   </div>
   <div class='ocr_carea' id='block_1_24' title="bbox 1895 937 3535 1008">
    <p class='ocr_par' dir='ltr' id='par_1_24' title="bbox 1895 937 3535 1008">
     <span class='ocr_line' id='line_1_24' title="bbox 1895 937 3535 1008; baseline -0.002 -14"><span class='ocrx_word' id='word_1_136' title='bbox 1895 943 2106 995; x_wconf 90' lang='lat' dir='ltr'>nentur</span> <span class='ocrx_word' id='word_1_137' title='bbox 2116 939 2321 993; x_wconf 89' lang='lat' dir='ltr'>morbo</span> <span class='ocrx_word' id='word_1_138' title='bbox 2338 938 2730 1005; x_wconf 88' lang='lat' dir='ltr'>liberaremus,</span> <span class='ocrx_word' id='word_1_139' title='bbox 2745 953 3142 1008; x_wconf 64' lang='lat' dir='ltr'>sazpenumero</span> <span class='ocrx_word' id='word_1_140' title='bbox 3159 941 3277 990; x_wconf 89' lang='lat' dir='ltr'>tam</span> <span class='ocrx_word' id='word_1_141' title='bbox 3296 937 3535 1007; x_wconf 88' lang='lat' dir='ltr'>pientis-</span> 
     </span>
    </p>
   </div>
   <div class='ocr_carea' id='block_1_25' title="bbox 1894 1029 3526 1103">
    <p class='ocr_par' dir='ltr' id='par_1_25' title="bbox 1894 1029 3526 1103">
     <span class='ocr_line' id='line_1_25' title="bbox 1894 1029 3526 1103; baseline -0.001 -17"><span class='ocrx_word' id='word_1_142' title='bbox 1894 1033 2072 1087; x_wconf 84' lang='lat' dir='ltr'>simus</span> <span class='ocrx_word' id='word_1_143' title='bbox 2092 1031 2355 1103; x_wconf 88' lang='lat' dir='ltr'>princeps</span> <span class='ocrx_word' id='word_1_144' title='bbox 2367 1033 2529 1101; x_wconf 89' lang='lat' dir='ltr'>pater</span> <span class='ocrx_word' id='word_1_145' title='bbox 2549 1034 2743 1085; x_wconf 86' lang='lat' dir='ltr'>noster</span> <span class='ocrx_word' id='word_1_146' title='bbox 2761 1046 2937 1101; x_wconf 89' lang='lat' dir='ltr'>quam</span> <span class='ocrx_word' id='word_1_147' title='bbox 2967 1029 3141 1083; x_wconf 89' lang='lat' dir='ltr'>etiam</span> <span class='ocrx_word' id='word_1_148' title='bbox 3154 1046 3260 1084; x_wconf 92' lang='lat' dir='ltr'>nos</span> <span class='ocrx_word' id='word_1_149' title='bbox 3280 1029 3389 1100; x_wconf 89' lang='lat' dir='ltr'>ipsi</span> <span class='ocrx_word' id='word_1_150' title='bbox 3409 1033 3526 1084; x_wconf 90' lang='lat' dir='ltr'>stu-</span> 
     </span>
    </p>
   </div>
   <div class='ocr_carea' id='block_1_26' title="bbox 1894 1122 3527 1193">
    <p class='ocr_par' dir='ltr' id='par_1_26' title="bbox 1894 1122 3527 1193">
     <span class='ocr_line' id='line_1_26' title="bbox 1894 1122 3527 1193; baseline -0.002 -14"><span class='ocrx_word' id='word_1_151' title='bbox 1894 1125 1989 1180; x_wconf 91' lang='lat' dir='ltr'>dio</span> <span class='ocrx_word' id='word_1_152' title='bbox 2004 1124 2329 1179; x_wconf 89' lang='lat' dir='ltr'>habuimus.</span> <span class='ocrx_word' id='word_1_153' title='bbox 2346 1123 2459 1177; x_wconf 90' lang='lat' dir='ltr'>Sed</span> <span class='ocrx_word' id='word_1_154' title='bbox 2475 1123 2533 1176; x_wconf 90' lang='lat' dir='ltr'>in</span> <span class='ocrx_word' id='word_1_155' title='bbox 2556 1123 2845 1193; x_wconf 88' lang='lat' dir='ltr'>plerisque</span> <span class='ocrx_word' id='word_1_156' title='bbox 2867 1123 3075 1177; x_wconf 89' lang='lat' dir='ltr'>horum</span> <span class='ocrx_word' id='word_1_157' title='bbox 3096 1139 3209 1176; x_wconf 91' lang='lat' dir='ltr'>non</span> <span class='ocrx_word' id='word_1_158' title='bbox 3232 1122 3527 1193; x_wconf 87' lang='lat' dir='ltr'>potuimus</span> 
     </span>
    </p>
   </div>
   <div class='ocr_carea' id='block_1_27' title="bbox 1893 1215 3523 1288">
    <p class='ocr_par' dir='ltr' id='par_1_27' title="bbox 1893 1215 3523 1288">
     <span class='ocr_line' id='line_1_27' title="bbox 1893 1215 3523 1288; baseline -0.002 -17"><span class='ocrx_word' id='word_1_159' title='bbox 1893 1218 1952 1272; x_wconf 90' lang='lat' dir='ltr'>id</span> <span class='ocrx_word' id='word_1_160' title='bbox 1972 1218 2032 1271; x_wconf 91' lang='lat' dir='ltr'>in</span> <span class='ocrx_word' id='word_1_161' title='bbox 2054 1217 2205 1288; x_wconf 89' lang='lat' dir='ltr'>quod</span> <span class='ocrx_word' id='word_1_162' title='bbox 2224 1217 2399 1287; x_wconf 89' lang='lat' dir='ltr'>longo</span> <span class='ocrx_word' id='word_1_163' title='bbox 2411 1216 2601 1270; x_wconf 90' lang='lat' dir='ltr'>studio</span> <span class='ocrx_word' id='word_1_164' title='bbox 2631 1216 2996 1270; x_wconf 88' lang='lat' dir='ltr'>incubuimus</span> <span class='ocrx_word' id='word_1_165' title='bbox 3022 1215 3247 1269; x_wconf 81' lang='lat' dir='ltr'>effectui</span> <span class='ocrx_word' id='word_1_166' title='bbox 3272 1215 3523 1269; x_wconf 90' lang='lat' dir='ltr'>tradere.</span> 
     </span>
    </p>
   </div>
   <div class='ocr_carea' id='block_1_28' title="bbox 1894 1308 3525 1376">
    <p class='ocr_par' dir='ltr' id='par_1_28' title="bbox 1894 1308 3525 1376">
     <span class='ocr_line' id='line_1_28' title="bbox 1894 1308 3525 1376; baseline -0.001 -11"><span class='ocrx_word' id='word_1_167' title='bbox 1894 1313 2207 1365; x_wconf 85' lang='lat' dir='ltr'>Evaserunt</span> <span class='ocrx_word' id='word_1_168' title='bbox 2222 1310 2377 1363; x_wconf 89' lang='lat' dir='ltr'>enim</span> <span class='ocrx_word' id='word_1_169' title='bbox 2394 1309 2451 1363; x_wconf 90' lang='lat' dir='ltr'>in</span> <span class='ocrx_word' id='word_1_170' title='bbox 2465 1312 2687 1363; x_wconf 87' lang='lat' dir='ltr'>tantam</span> <span class='ocrx_word' id='word_1_171' title='bbox 2709 1309 2970 1364; x_wconf 89' lang='lat' dir='ltr'>nonnulli</span> <span class='ocrx_word' id='word_1_172' title='bbox 2984 1324 3186 1362; x_wconf 91' lang='lat' dir='ltr'>eorum</span> <span class='ocrx_word' id='word_1_173' title='bbox 3211 1308 3525 1376; x_wconf 87' lang='lat' dir='ltr'>vesaniam,</span> 
     </span>
    </p>
   </div>
   <div class='ocr_carea' id='block_1_29' title="bbox 1892 1400 3529 1472">
    <p class='ocr_par' dir='ltr' id='par_1_29' title="bbox 1892 1400 3529 1472">
     <span class='ocr_line' id='line_1_29' title="bbox 1892 1400 3529 1472; baseline -0.002 -13"><span class='ocrx_word' id='word_1_174' title='bbox 1892 1410 1957 1459; x_wconf 89' lang='lat' dir='ltr'>ut</span> <span class='ocrx_word' id='word_1_175' title='bbox 1987 1404 2075 1457; x_wconf 86' lang='lat' dir='ltr'>vel</span> <span class='ocrx_word' id='word_1_176' title='bbox 2107 1404 2342 1457; x_wconf 89' lang='lat' dir='ltr'>salutari</span> <span class='ocrx_word' id='word_1_177' title='bbox 2368 1403 2654 1472; x_wconf 85' lang='lat' dir='ltr'>baptismo</span> <span class='ocrx_word' id='word_1_178' title='bbox 2691 1400 2928 1471; x_wconf 84' lang='lat' dir='ltr'>dignati,</span> <span class='ocrx_word' id='word_1_179' title='bbox 2971 1401 3160 1455; x_wconf 89' lang='lat' dir='ltr'>denuo</span> <span class='ocrx_word' id='word_1_180' title='bbox 3205 1401 3279 1455; x_wconf 89' lang='lat' dir='ltr'>ad</span> <span class='ocrx_word' id='word_1_181' title='bbox 3308 1401 3366 1456; x_wconf 92' lang='lat' dir='ltr'>id</span> <span class='ocrx_word' id='word_1_182' title='bbox 3390 1401 3529 1456; x_wconf 86' lang='lat' dir='ltr'>mali</span> 
     </span>
    </p>
   </div>
   <div class='ocr_carea' id='block_1_30' title="bbox 1893 1493 3528 1560">
    <p class='ocr_par' dir='ltr' id='par_1_30' title="bbox 1893 1493 3528 1560">
     <span class='ocr_line' id='line_1_30' title="bbox 1893 1493 3528 1560; baseline -0.002 -9"><span class='ocrx_word' id='word_1_183' title='bbox 1893 1496 2047 1551; x_wconf 92' lang='lat' dir='ltr'>unde</span> <span class='ocrx_word' id='word_1_184' title='bbox 2069 1494 2753 1560; x_wconf 87' lang='lat' dir='ltr'>discesserantredierint,</span> <span class='ocrx_word' id='word_1_185' title='bbox 2779 1499 2836 1548; x_wconf 93' lang='lat' dir='ltr'>et</span> <span class='ocrx_word' id='word_1_186' title='bbox 2855 1493 3060 1547; x_wconf 89' lang='lat' dir='ltr'>eadem</span> <span class='ocrx_word' id='word_1_187' title='bbox 3071 1510 3203 1547; x_wconf 89' lang='lat' dir='ltr'>cum</span> <span class='ocrx_word' id='word_1_188' title='bbox 3223 1494 3528 1549; x_wconf 88' lang='lat' dir='ltr'>Samarita-</span> 
     </span>
    </p>
   </div>
   <div class='ocr_carea' id='block_1_31' title="bbox 1894 1585 3527 1659">
    <p class='ocr_par' dir='ltr' id='par_1_31' title="bbox 1894 1585 3527 1659">
     <span class='ocr_line' id='line_1_31' title="bbox 1894 1585 3527 1659; baseline -0.001 -15"><span class='ocrx_word' id='word_1_189' title='bbox 1894 1590 1981 1644; x_wconf 90' lang='lat' dir='ltr'>nis</span> <span class='ocrx_word' id='word_1_190' title='bbox 2001 1589 2212 1644; x_wconf 87' lang='lat' dir='ltr'>habere</span> <span class='ocrx_word' id='word_1_191' title='bbox 2242 1588 2301 1642; x_wconf 90' lang='lat' dir='ltr'>in</span> <span class='ocrx_word' id='word_1_192' title='bbox 2326 1587 2529 1659; x_wconf 87' lang='lat' dir='ltr'>pretio,</span> <span class='ocrx_word' id='word_1_193' title='bbox 2561 1587 2763 1641; x_wconf 89' lang='lat' dir='ltr'>eodem</span> <span class='ocrx_word' id='word_1_194' title='bbox 2785 1603 2915 1641; x_wconf 91' lang='lat' dir='ltr'>cum</span> <span class='ocrx_word' id='word_1_195' title='bbox 2943 1586 3079 1656; x_wconf 87' lang='lat' dir='ltr'>ipsis</span> <span class='ocrx_word' id='word_1_196' title='bbox 3100 1585 3304 1655; x_wconf 82' lang='lat' dir='ltr'>agitari</span> <span class='ocrx_word' id='word_1_197' title='bbox 3330 1587 3527 1642; x_wconf 88' lang='lat' dir='ltr'>furore</span> 
     </span>
    </p>
   </div>
   <div class='ocr_carea' id='block_1_32' title="bbox 1893 1678 3528 1753">
    <p class='ocr_par' dir='ltr' id='par_1_32' title="bbox 1893 1678 3528 1753">
     <span class='ocr_line' id='line_1_32' title="bbox 1893 1678 3528 1753; baseline -0.004 -16"><span class='ocrx_word' id='word_1_198' title='bbox 1893 1683 2323 1753; x_wconf 76' lang='lat' dir='ltr'>dignoscantur.</span> <span class='ocrx_word' id='word_1_199' title='bbox 2358 1681 2704 1735; x_wconf 73' lang='lat' dir='ltr'>Praeclarum</span> <span class='ocrx_word' id='word_1_200' title='bbox 2724 1680 2899 1749; x_wconf 82' lang='lat' dir='ltr'>igitur</span> <span class='ocrx_word' id='word_1_201' title='bbox 2919 1678 3084 1732; x_wconf 90' lang='lat' dir='ltr'>nobis</span> <span class='ocrx_word' id='word_1_202' title='bbox 3114 1678 3296 1732; x_wconf 91' lang='lat' dir='ltr'>visum</span> <span class='ocrx_word' id='word_1_203' title='bbox 3324 1683 3410 1732; x_wconf 85' lang='lat' dir='ltr'>est</span> <span class='ocrx_word' id='word_1_204' title='bbox 3439 1696 3528 1732; x_wconf 90' lang='lat' dir='ltr'>ve-</span> 
     </span>
    </p>
   </div>
   <div class='ocr_carea' id='block_1_33' title="bbox 1892 1771 3527 1843">
    <p class='ocr_par' dir='ltr' id='par_1_33' title="bbox 1892 1771 3527 1843">
     <span class='ocr_line' id='line_1_33' title="bbox 1892 1771 3527 1843; baseline -0.002 -13"><span class='ocrx_word' id='word_1_205' title='bbox 1892 1781 2074 1830; x_wconf 91' lang='lat' dir='ltr'>terem</span> <span class='ocrx_word' id='word_1_206' title='bbox 2105 1775 2261 1829; x_wconf 86' lang='lat' dir='ltr'>illam</span> <span class='ocrx_word' id='word_1_207' title='bbox 2281 1778 2338 1827; x_wconf 89' lang='lat' dir='ltr'>et</span> <span class='ocrx_word' id='word_1_208' title='bbox 2359 1773 2516 1843; x_wconf 90' lang='lat' dir='ltr'>prius</span> <span class='ocrx_word' id='word_1_209' title='bbox 2552 1776 2749 1826; x_wconf 89' lang='lat' dir='ltr'>contra</span> <span class='ocrx_word' id='word_1_210' title='bbox 2787 1772 2939 1841; x_wconf 90' lang='lat' dir='ltr'>ipsos</span> <span class='ocrx_word' id='word_1_211' title='bbox 2970 1771 3323 1842; x_wconf 89' lang='lat' dir='ltr'>propositam</span> <span class='ocrx_word' id='word_1_212' title='bbox 3354 1772 3527 1841; x_wconf 85' lang='lat' dir='ltr'>patris</span> 
     </span>
    </p>
   </div>
   <div class='ocr_carea' id='block_1_34' title="bbox 149 1849 3529 1940">
    <p class='ocr_par' dir='ltr' id='par_1_34' title="bbox 149 1849 3529 1940">
     <span class='ocr_line' id='line_1_34' title="bbox 149 1849 3529 1940; baseline -0.001 -19"><span class='ocrx_word' id='word_1_213' title='bbox 149 1868 399 1935; x_wconf 88' lang='lat' dir='ltr'>soribus,</span> <span class='ocrx_word' id='word_1_214' title='bbox 432 1873 533 1922; x_wconf 89' lang='lat' dir='ltr'>aut</span> <span class='ocrx_word' id='word_1_215' title='bbox 552 1869 645 1922; x_wconf 91' lang='lat' dir='ltr'>hic</span> <span class='ocrx_word' id='word_1_216' title='bbox 667 1869 883 1939; x_wconf 89' lang='lat' dir='ltr'>judicio</span> <span class='ocrx_word' id='word_1_217' title='bbox 914 1869 1259 1923; x_wconf 76' lang='lat' dir='ltr'>excellentiae</span> <span class='ocrx_word' id='word_1_218' title='bbox 1288 1873 1421 1937; x_wconf 65' lang='lat' dir='ltr'>tuae,</span> <span class='ocrx_word' id='word_1_219' title='bbox 1453 1870 1787 1940; x_wconf 85' lang='lat' dir='ltr'>castigetur-</span> <span class='ocrx_word' id='word_1_220' title='bbox 1812 1849 1868 1920; x_wconf 84' lang='lat' dir='ltr'><strong>B</strong></span> <span class='ocrx_word' id='word_1_221' title='bbox 1896 1868 2073 1923; x_wconf 90' lang='lat' dir='ltr'>nostri</span> <span class='ocrx_word' id='word_1_222' title='bbox 2096 1868 2284 1937; x_wconf 85' lang='lat' dir='ltr'>legem</span> <span class='ocrx_word' id='word_1_223' title='bbox 2304 1882 2601 1920; x_wconf 90' lang='lat' dir='ltr'>renovare.</span> <span class='ocrx_word' id='word_1_224' title='bbox 2622 1869 2697 1919; x_wconf 84' lang='lat' dir='ltr'>Ac</span> <span class='ocrx_word' id='word_1_225' title='bbox 2718 1868 3026 1935; x_wconf 85' lang='lat' dir='ltr'>propterea</span> <span class='ocrx_word' id='word_1_226' title='bbox 3038 1864 3322 1919; x_wconf 87' lang='lat' dir='ltr'>sancimus</span> <span class='ocrx_word' id='word_1_227' title='bbox 3340 1870 3403 1918; x_wconf 94' lang='lat' dir='ltr'>ut</span> <span class='ocrx_word' id='word_1_228' title='bbox 3421 1864 3529 1934; x_wconf 89' lang='lat' dir='ltr'>ipsi</span> 
     </span>
    </p>
   </div>
   <div class='ocr_carea' id='block_1_35' title="bbox 150 1961 1787 2032">
    <p class='ocr_par' dir='ltr' id='par_1_35' title="bbox 150 1961 1787 2032">
     <span class='ocr_line' id='line_1_35' title="bbox 150 1961 1787 2032; baseline 0.001 -17"><span class='ocrx_word' id='word_1_229' title='bbox 150 1978 266 2032; x_wconf 87' lang='lat' dir='ltr'>que</span> <span class='ocrx_word' id='word_1_230' title='bbox 288 1961 605 2027; x_wconf 89' lang='lat' dir='ltr'>convictus,</span> <span class='ocrx_word' id='word_1_231' title='bbox 622 1962 948 2031; x_wconf 86' lang='lat' dir='ltr'>certiorque</span> <span class='ocrx_word' id='word_1_232' title='bbox 969 1979 1037 2015; x_wconf 93' lang='lat' dir='ltr'>ea</span> <span class='ocrx_word' id='word_1_233' title='bbox 1058 1962 1130 2015; x_wconf 90' lang='lat' dir='ltr'>de</span> <span class='ocrx_word' id='word_1_234' title='bbox 1156 1978 1215 2015; x_wconf 90' lang='lat' dir='ltr'>re</span> <span class='ocrx_word' id='word_1_235' title='bbox 1240 1962 1514 2016; x_wconf 89' lang='lat' dir='ltr'>reddatur</span> <span class='ocrx_word' id='word_1_236' title='bbox 1532 1962 1787 2029; x_wconf 88' lang='lat' dir='ltr'>antistes,</span> 
     </span>
    </p>
   </div>
   <div class='ocr_carea' id='block_1_36' title="bbox 150 2054 1791 2125">
    <p class='ocr_par' dir='ltr' id='par_1_36' title="bbox 150 2054 1791 2125">
     <span class='ocr_line' id='line_1_36' title="bbox 150 2054 1791 2125; baseline 0.001 -17"><span class='ocrx_word' id='word_1_237' title='bbox 150 2058 218 2108; x_wconf 88' lang='lat' dir='ltr'>ut</span> <span class='ocrx_word' id='word_1_238' title='bbox 255 2070 393 2108; x_wconf 90' lang='lat' dir='ltr'>eum</span> <span class='ocrx_word' id='word_1_239' title='bbox 427 2054 526 2124; x_wconf 90' lang='lat' dir='ltr'>qui</span> <span class='ocrx_word' id='word_1_240' title='bbox 559 2054 680 2107; x_wconf 64' lang='lat' dir='ltr'>haec</span> <span class='ocrx_word' id='word_1_241' title='bbox 711 2054 970 2125; x_wconf 87' lang='lat' dir='ltr'>deliquit,</span> <span class='ocrx_word' id='word_1_242' title='bbox 1000 2059 1057 2108; x_wconf 92' lang='lat' dir='ltr'>et</span> <span class='ocrx_word' id='word_1_243' title='bbox 1084 2058 1309 2124; x_wconf 91' lang='lat' dir='ltr'>turpem</span> <span class='ocrx_word' id='word_1_244' title='bbox 1337 2055 1509 2108; x_wconf 89' lang='lat' dir='ltr'>vitam</span> <span class='ocrx_word' id='word_1_245' title='bbox 1542 2071 1672 2108; x_wconf 91' lang='lat' dir='ltr'>cum</span> <span class='ocrx_word' id='word_1_246' title='bbox 1693 2072 1791 2109; x_wconf 88' lang='lat' dir='ltr'>an-</span> 
     </span>
    </p>
   </div>
   <div class='ocr_carea' id='block_1_37' title="bbox 152 2147 1786 2217">
    <p class='ocr_par' dir='ltr' id='par_1_37' title="bbox 152 2147 1786 2217">
     <span class='ocr_line' id='line_1_37' title="bbox 152 2147 1786 2217; baseline 0 -16"><span class='ocrx_word' id='word_1_247' title='bbox 152 2147 342 2216; x_wconf 88' lang='lat' dir='ltr'>gelico</span> <span class='ocrx_word' id='word_1_248' title='bbox 382 2147 492 2201; x_wconf 91' lang='lat' dir='ltr'>hoc</span> <span class='ocrx_word' id='word_1_249' title='bbox 537 2150 686 2201; x_wconf 89' lang='lat' dir='ltr'>statu</span> <span class='ocrx_word' id='word_1_250' title='bbox 722 2147 1088 2217; x_wconf 87' lang='lat' dir='ltr'>permutavit,</span> <span class='ocrx_word' id='word_1_251' title='bbox 1131 2147 1377 2217; x_wconf 89' lang='lat' dir='ltr'>expellat</span> <span class='ocrx_word' id='word_1_252' title='bbox 1412 2147 1786 2201; x_wconf 89' lang='lat' dir='ltr'>monasterio.</span> 
     </span>
    </p>
   </div>
   <div class='ocr_carea' id='block_1_38' title="bbox 150 2239 1786 2310">
    <p class='ocr_par' dir='ltr' id='par_1_38' title="bbox 150 2239 1786 2310">
     <span class='ocr_line' id='line_1_38' title="bbox 150 2239 1786 2310; baseline 0 -16"><span class='ocrx_word' id='word_1_253' title='bbox 150 2241 386 2294; x_wconf 89' lang='lat' dir='ltr'>Duabus</span> <span class='ocrx_word' id='word_1_254' title='bbox 415 2239 570 2294; x_wconf 92' lang='lat' dir='ltr'>enim</span> <span class='ocrx_word' id='word_1_255' title='bbox 592 2239 953 2310; x_wconf 89' lang='lat' dir='ltr'>potissimum</span> <span class='ocrx_word' id='word_1_256' title='bbox 984 2239 1041 2293; x_wconf 91' lang='lat' dir='ltr'>in</span> <span class='ocrx_word' id='word_1_257' title='bbox 1064 2239 1236 2293; x_wconf 90' lang='lat' dir='ltr'>rebus</span> <span class='ocrx_word' id='word_1_258' title='bbox 1273 2256 1507 2310; x_wconf 87' lang='lat' dir='ltr'>operam</span> <span class='ocrx_word' id='word_1_259' title='bbox 1561 2244 1620 2294; x_wconf 88' lang='lat' dir='ltr'>et</span> <span class='ocrx_word' id='word_1_260' title='bbox 1656 2240 1786 2294; x_wconf 85' lang='lat' dir='ltr'>dili-</span> 
     </span>
    </p>
   </div>
   <div class='ocr_carea' id='block_1_39' title="bbox 150 2332 1792 2403">
    <p class='ocr_par' dir='ltr' id='par_1_39' title="bbox 150 2332 1792 2403">
     <span class='ocr_line' id='line_1_39' title="bbox 150 2332 1792 2403; baseline 0 -17"><span class='ocrx_word' id='word_1_261' title='bbox 150 2332 414 2403; x_wconf 75' lang='lat' dir='ltr'>gentiam</span> <span class='ocrx_word' id='word_1_262' title='bbox 446 2348 729 2402; x_wconf 87' lang='lat' dir='ltr'>reponere</span> <span class='ocrx_word' id='word_1_263' title='bbox 748 2335 979 2402; x_wconf 91' lang='lat' dir='ltr'>oportet</span> <span class='ocrx_word' id='word_1_264' title='bbox 1008 2333 1343 2399; x_wconf 83' lang='lat' dir='ltr'>monachos,</span> <span class='ocrx_word' id='word_1_265' title='bbox 1374 2338 1434 2386; x_wconf 94' lang='lat' dir='ltr'>ut</span> <span class='ocrx_word' id='word_1_266' title='bbox 1483 2336 1582 2387; x_wconf 91' lang='lat' dir='ltr'>aut</span> <span class='ocrx_word' id='word_1_267' title='bbox 1620 2333 1792 2387; x_wconf 88' lang='lat' dir='ltr'>sacris</span> 
     </span>
    </p>
   </div>
   <div class='ocr_carea' id='block_1_40' title="bbox 148 2425 1793 2496">
    <p class='ocr_par' dir='ltr' id='par_1_40' title="bbox 148 2425 1793 2496">
     <span class='ocr_line' id='line_1_40' title="bbox 148 2425 1793 2496; baseline 0.001 -18"><span class='ocrx_word' id='word_1_268' title='bbox 148 2429 356 2480; x_wconf 85' lang='lat' dir='ltr'>vacent</span> <span class='ocrx_word' id='word_1_269' title='bbox 384 2425 709 2496; x_wconf 83' lang='lat' dir='ltr'>Scripturis,</span> <span class='ocrx_word' id='word_1_270' title='bbox 729 2431 827 2480; x_wconf 89' lang='lat' dir='ltr'>aut</span> <span class='ocrx_word' id='word_1_271' title='bbox 849 2442 992 2496; x_wconf 87' lang='lat' dir='ltr'>quas</span> <span class='ocrx_word' id='word_1_272' title='bbox 1016 2425 1348 2480; x_wconf 87' lang='lat' dir='ltr'>manuarias</span> <span class='ocrx_word' id='word_1_273' title='bbox 1367 2441 1571 2480; x_wconf 89' lang='lat' dir='ltr'>vocare</span> <span class='ocrx_word' id='word_1_274' title='bbox 1606 2427 1793 2481; x_wconf 88' lang='lat' dir='ltr'>solent</span> 
     </span>
    </p>
   </div>
   <div class='ocr_carea' id='block_1_41' title="bbox 149 2518 1787 2589">
    <p class='ocr_par' dir='ltr' id='par_1_41' title="bbox 149 2518 1787 2589">
     <span class='ocr_line' id='line_1_41' title="bbox 149 2518 1787 2589; baseline 0.001 -18"><span class='ocrx_word' id='word_1_275' title='bbox 149 2524 307 2573; x_wconf 84' lang='lat' dir='ltr'>artes</span> <span class='ocrx_word' id='word_1_276' title='bbox 326 2519 642 2573; x_wconf 89' lang='lat' dir='ltr'>monachos</span> <span class='ocrx_word' id='word_1_277' title='bbox 673 2518 941 2572; x_wconf 90' lang='lat' dir='ltr'>decentes</span> <span class='ocrx_word' id='word_1_278' title='bbox 979 2518 1331 2573; x_wconf 90' lang='lat' dir='ltr'>meditentur</span> <span class='ocrx_word' id='word_1_279' title='bbox 1353 2523 1787 2589; x_wconf 87' lang='lat' dir='ltr'>exerceantque.</span> 
     </span>
    </p>
   </div>
   <div class='ocr_carea' id='block_1_42' title="bbox 150 2610 1789 2682">
    <p class='ocr_par' dir='ltr' id='par_1_42' title="bbox 150 2610 1789 2682">
     <span class='ocr_line' id='line_1_42' title="bbox 150 2610 1789 2682; baseline -0.001 -16"><span class='ocrx_word' id='word_1_280' title='bbox 150 2610 458 2682; x_wconf 89' lang='lat' dir='ltr'>Siquidem</span> <span class='ocrx_word' id='word_1_281' title='bbox 471 2628 634 2665; x_wconf 92' lang='lat' dir='ltr'>mens</span> <span class='ocrx_word' id='word_1_282' title='bbox 649 2611 817 2666; x_wconf 88' lang='lat' dir='ltr'>inerti</span> <span class='ocrx_word' id='word_1_283' title='bbox 833 2611 950 2665; x_wconf 92' lang='lat' dir='ltr'>otio</span> <span class='ocrx_word' id='word_1_284' title='bbox 962 2611 1157 2665; x_wconf 90' lang='lat' dir='ltr'>dedita</span> <span class='ocrx_word' id='word_1_285' title='bbox 1168 2611 1321 2665; x_wconf 90' lang='lat' dir='ltr'>haud</span> <span class='ocrx_word' id='word_1_286' title='bbox 1334 2629 1471 2666; x_wconf 90' lang='lat' dir='ltr'>sane</span> <span class='ocrx_word' id='word_1_287' title='bbox 1489 2611 1789 2682; x_wconf 90' lang='lat' dir='ltr'>quidquim</span> 
     </span>
    </p>
   </div>
   <div class='ocr_carea' id='block_1_43' title="bbox 148 2704 1788 2776">
    <p class='ocr_par' dir='ltr' id='par_1_43' title="bbox 148 2704 1788 2776">
     <span class='ocr_line' id='line_1_43' title="bbox 148 2704 1788 2776; baseline 0 -17"><span class='ocrx_word' id='word_1_288' title='bbox 148 2706 438 2759; x_wconf 89' lang='lat' dir='ltr'>bonorum</span> <span class='ocrx_word' id='word_1_289' title='bbox 462 2704 770 2774; x_wconf 90' lang='lat' dir='ltr'>pepererit.</span> <span class='ocrx_word' id='word_1_290' title='bbox 788 2706 972 2774; x_wconf 87' lang='lat' dir='ltr'>Atque</span> <span class='ocrx_word' id='word_1_291' title='bbox 994 2704 1141 2757; x_wconf 90' lang='lat' dir='ltr'>hanc</span> <span class='ocrx_word' id='word_1_292' title='bbox 1164 2704 1352 2774; x_wconf 87' lang='lat' dir='ltr'>legem</span> <span class='ocrx_word' id='word_1_293' title='bbox 1372 2704 1443 2757; x_wconf 93' lang='lat' dir='ltr'>de</span> <span class='ocrx_word' id='word_1_294' title='bbox 1461 2704 1548 2758; x_wconf 90' lang='lat' dir='ltr'>his</span> <span class='ocrx_word' id='word_1_295' title='bbox 1577 2721 1788 2776; x_wconf 88' lang='lat' dir='ltr'>propo-</span> 
     </span>
    </p>
   </div>
   <div class='ocr_carea' id='block_1_44' title="bbox 148 2794 1792 2867">
    <p class='ocr_par' dir='ltr' id='par_1_44' title="bbox 148 2794 1792 2867">
     <span class='ocr_line' id='line_1_44' title="bbox 148 2794 1792 2867; baseline -0.001 -16"><span class='ocrx_word' id='word_1_296' title='bbox 148 2798 368 2863; x_wconf 89' lang='lat' dir='ltr'>nimus,</span> <span class='ocrx_word' id='word_1_297' title='bbox 401 2800 515 2851; x_wconf 83' lang='lat' dir='ltr'>tam</span> <span class='ocrx_word' id='word_1_298' title='bbox 545 2796 604 2852; x_wconf 88' lang='lat' dir='ltr'>in</span> <span class='ocrx_word' id='word_1_299' title='bbox 619 2797 721 2850; x_wconf 74' lang='lat' dir='ltr'>hac</span> <span class='ocrx_word' id='word_1_300' title='bbox 737 2796 890 2867; x_wconf 88' lang='lat' dir='ltr'>regia</span> <span class='ocrx_word' id='word_1_301' title='bbox 915 2794 1223 2851; x_wconf 76' lang='lat' dir='ltr'>valituram</span> <span class='ocrx_word' id='word_1_302' title='bbox 1243 2797 1382 2851; x_wconf 87' lang='lat' dir='ltr'>urbe</span> <span class='ocrx_word' id='word_1_303' title='bbox 1399 2813 1569 2867; x_wconf 90' lang='lat' dir='ltr'>quam</span> <span class='ocrx_word' id='word_1_304' title='bbox 1592 2797 1649 2851; x_wconf 92' lang='lat' dir='ltr'>in</span> <span class='ocrx_word' id='word_1_305' title='bbox 1672 2813 1792 2852; x_wconf 85' lang='lat' dir='ltr'>om-</span> 
     </span>
    </p>
   </div>
   <div class='ocr_carea' id='block_1_45' title="bbox 151 2889 1793 2961">
    <p class='ocr_par' dir='ltr' id='par_1_45' title="bbox 151 2889 1793 2961">
     <span class='ocr_line' id='line_1_45' title="bbox 151 2889 1793 2961; baseline 0 -17"><span class='ocrx_word' id='word_1_306' title='bbox 151 2891 326 2944; x_wconf 89' lang='lat' dir='ltr'>nibus</span> <span class='ocrx_word' id='word_1_307' title='bbox 341 2890 631 2960; x_wconf 86' lang='lat' dir='ltr'>gentibus.</span> <span class='ocrx_word' id='word_1_308' title='bbox 653 2890 796 2943; x_wconf 88' lang='lat' dir='ltr'>Nam</span> <span class='ocrx_word' id='word_1_309' title='bbox 821 2893 878 2943; x_wconf 93' lang='lat' dir='ltr'>et</span> <span class='ocrx_word' id='word_1_310' title='bbox 898 2889 972 2944; x_wconf 90' lang='lat' dir='ltr'>ad</span> <span class='ocrx_word' id='word_1_311' title='bbox 996 2906 1467 2961; x_wconf 89' lang='lat' dir='ltr'>unumquemque</span> <span class='ocrx_word' id='word_1_312' title='bbox 1490 2890 1793 2960; x_wconf 79' lang='lat' dir='ltr'>religiosis—</span> 
     </span>
    </p>
   </div>
   <div class='ocr_carea' id='block_1_46' title="bbox 152 2982 1793 3055">
    <p class='ocr_par' dir='ltr' id='par_1_46' title="bbox 152 2982 1793 3055">
     <span class='ocr_line' id='line_1_46' title="bbox 152 2982 1793 3055; baseline 0 -18"><span class='ocrx_word' id='word_1_313' title='bbox 152 2984 366 3037; x_wconf 88' lang='lat' dir='ltr'>simum</span> <span class='ocrx_word' id='word_1_314' title='bbox 404 2982 789 3053; x_wconf 88' lang='lat' dir='ltr'>patriarcham</span> <span class='ocrx_word' id='word_1_315' title='bbox 819 3000 924 3054; x_wconf 92' lang='lat' dir='ltr'>pro</span> <span class='ocrx_word' id='word_1_316' title='bbox 974 2983 1193 3053; x_wconf 89' lang='lat' dir='ltr'>majore</span> <span class='ocrx_word' id='word_1_317' title='bbox 1233 2983 1455 3036; x_wconf 90' lang='lat' dir='ltr'>cautela</span> <span class='ocrx_word' id='word_1_318' title='bbox 1490 2986 1547 3035; x_wconf 87' lang='lat' dir='ltr'>et</span> <span class='ocrx_word' id='word_1_319' title='bbox 1567 3000 1793 3055; x_wconf 90' lang='lat' dir='ltr'>compe-</span> 
     </span>
    </p>
   </div>
   <div class='ocr_carea' id='block_1_47' title="bbox 151 3075 1793 3157">
    <p class='ocr_par' dir='ltr' id='par_1_47' title="bbox 151 3075 1793 3157">
     <span class='ocr_line' id='line_1_47' title="bbox 151 3075 1793 3157; baseline -0.001 -26"><span class='ocrx_word' id='word_1_320' title='bbox 151 3080 314 3131; x_wconf 92' lang='lat' dir='ltr'>tente</span> <span class='ocrx_word' id='word_1_321' title='bbox 339 3076 596 3157; x_wconf 38' lang='lat' dir='ltr'>custo’dia</span> <span class='ocrx_word' id='word_1_322' title='bbox 615 3092 743 3130; x_wconf 89' lang='lat' dir='ltr'>eam</span> <span class='ocrx_word' id='word_1_323' title='bbox 766 3076 1239 3130; x_wconf 88' lang='lat' dir='ltr'>transmittemus.</span> <span class='ocrx_word' id='word_1_324' title='bbox 1260 3075 1473 3130; x_wconf 89' lang='lat' dir='ltr'>Hivero</span> <span class='ocrx_word' id='word_1_325' title='bbox 1490 3075 1564 3129; x_wconf 94' lang='lat' dir='ltr'>ad</span> <span class='ocrx_word' id='word_1_326' title='bbox 1590 3079 1793 3131; x_wconf 85' lang='lat' dir='ltr'>metro-</span> 
     </span>
    </p>
   </div>
   <div class='ocr_carea' id='block_1_48' title="bbox 150 3168 1792 3241">
    <p class='ocr_par' dir='ltr' id='par_1_48' title="bbox 150 3168 1792 3241">
     <span class='ocr_line' id='line_1_48' title="bbox 150 3168 1792 3241; baseline 0.001 -19"><span class='ocrx_word' id='word_1_327' title='bbox 150 3170 441 3241; x_wconf 89' lang='lat' dir='ltr'>politanos</span> <span class='ocrx_word' id='word_1_328' title='bbox 456 3169 559 3222; x_wconf 89' lang='lat' dir='ltr'>sub</span> <span class='ocrx_word' id='word_1_329' title='bbox 572 3169 710 3239; x_wconf 89' lang='lat' dir='ltr'>ipsis</span> <span class='ocrx_word' id='word_1_330' title='bbox 723 3168 1058 3223; x_wconf 89' lang='lat' dir='ltr'>constitutos</span> <span class='ocrx_word' id='word_1_331' title='bbox 1070 3185 1200 3222; x_wconf 90' lang='lat' dir='ltr'>eam</span> <span class='ocrx_word' id='word_1_332' title='bbox 1214 3168 1792 3223; x_wconf 90' lang='lat' dir='ltr'>emittent.llliautem</span> 
     </span>
    </p>
   </div>
   <div class='ocr_carea' id='block_1_49' title="bbox 152 3261 1792 3332">
    <p class='ocr_par' dir='ltr' id='par_1_49' title="bbox 152 3261 1792 3332">
     <span class='ocr_line' id='line_1_49' title="bbox 152 3261 1792 3332; baseline -0.001 -15"><span class='ocrx_word' id='word_1_333' title='bbox 152 3262 431 3317; x_wconf 89' lang='lat' dir='ltr'>omnibus</span> <span class='ocrx_word' id='word_1_334' title='bbox 443 3261 569 3315; x_wconf 90' lang='lat' dir='ltr'>aliis</span> <span class='ocrx_word' id='word_1_335' title='bbox 583 3262 987 3332; x_wconf 91' lang='lat' dir='ltr'>impertientur</span> <span class='ocrx_word' id='word_1_336' title='bbox 1007 3262 1372 3332; x_wconf 84' lang='lat' dir='ltr'>episcOpis,et</span> <span class='ocrx_word' id='word_1_337' title='bbox 1386 3278 1488 3331; x_wconf 91' lang='lat' dir='ltr'>per</span> <span class='ocrx_word' id='word_1_338' title='bbox 1498 3262 1792 3332; x_wconf 87' lang='lat' dir='ltr'>episcopos</span> 
     </span>
    </p>
   </div>
   <div class='ocr_carea' id='block_1_50' title="bbox 150 3354 1793 3423">
    <p class='ocr_par' dir='ltr' id='par_1_50' title="bbox 150 3354 1793 3423">
     <span class='ocr_line' id='line_1_50' title="bbox 150 3354 1793 3423; baseline 0 -14"><span class='ocrx_word' id='word_1_339' title='bbox 150 3356 278 3409; x_wconf 69' lang='lat' dir='ltr'>haec</span> <span class='ocrx_word' id='word_1_340' title='bbox 293 3354 785 3409; x_wconf 88' lang='lat' dir='ltr'>reverendissimis</span> <span class='ocrx_word' id='word_1_341' title='bbox 801 3354 1097 3409; x_wconf 87' lang='lat' dir='ltr'>monachis</span> <span class='ocrx_word' id='word_1_342' title='bbox 1110 3370 1429 3423; x_wconf 88' lang='lat' dir='ltr'>eorumque</span> <span class='ocrx_word' id='word_1_343' title='bbox 1444 3354 1793 3409; x_wconf 88' lang='lat' dir='ltr'>antistitibus</span> 
     </span>
    </p>
   </div>
   <div class='ocr_carea' id='block_1_51' title="bbox 151 3446 1788 3516">
    <p class='ocr_par' dir='ltr' id='par_1_51' title="bbox 151 3446 1788 3516">
     <span class='ocr_line' id='line_1_51' title="bbox 151 3446 1788 3516; baseline -0.001 -15"><span class='ocrx_word' id='word_1_344' title='bbox 151 3447 465 3502; x_wconf 85' lang='lat' dir='ltr'>manifesta</span> <span class='ocrx_word' id='word_1_345' title='bbox 494 3448 614 3502; x_wconf 81' lang='lat' dir='ltr'>fiet.</span> <span class='ocrx_word' id='word_1_346' title='bbox 641 3448 817 3501; x_wconf 90' lang='lat' dir='ltr'>Porro</span> <span class='ocrx_word' id='word_1_347' title='bbox 846 3448 1017 3516; x_wconf 88' lang='lat' dir='ltr'>hujus</span> <span class='ocrx_word' id='word_1_348' title='bbox 1035 3447 1117 3501; x_wconf 88' lang='lat' dir='ltr'>rei</span> <span class='ocrx_word' id='word_1_349' title='bbox 1152 3446 1603 3501; x_wconf 88' lang='lat' dir='ltr'>observationem</span> <span class='ocrx_word' id='word_1_350' title='bbox 1631 3463 1788 3500; x_wconf 87' lang='lat' dir='ltr'>com-</span> 
     </span>
    </p>
   </div>
   <div class='ocr_carea' id='block_1_52' title="bbox 153 3539 1792 3610">
    <p class='ocr_par' dir='ltr' id='par_1_52' title="bbox 153 3539 1792 3610">
     <span class='ocr_line' id='line_1_52' title="bbox 153 3539 1792 3610; baseline -0.001 -16"><span class='ocrx_word' id='word_1_351' title='bbox 153 3540 440 3594; x_wconf 86' lang='lat' dir='ltr'>mittimus</span> <span class='ocrx_word' id='word_1_352' title='bbox 465 3556 581 3595; x_wconf 92' lang='lat' dir='ltr'>non</span> <span class='ocrx_word' id='word_1_353' title='bbox 602 3543 828 3594; x_wconf 90' lang='lat' dir='ltr'>tantum</span> <span class='ocrx_word' id='word_1_354' title='bbox 871 3540 1145 3610; x_wconf 87' lang='lat' dir='ltr'>cujusque</span> <span class='ocrx_word' id='word_1_355' title='bbox 1182 3540 1501 3594; x_wconf 89' lang='lat' dir='ltr'>mansionis</span> <span class='ocrx_word' id='word_1_356' title='bbox 1530 3539 1792 3593; x_wconf 61' lang='lat' dir='ltr'>solitarius</span> 
     </span>
    </p>
   </div>
   <div class='ocr_carea' id='block_1_53' title="bbox 156 3632 1793 3703">
    <p class='ocr_par' dir='ltr' id='par_1_53' title="bbox 156 3632 1793 3703">
     <span class='ocr_line' id='line_1_53' title="bbox 156 3632 1793 3703; baseline -0.002 -16"><span class='ocrx_word' id='word_1_357' title='bbox 156 3633 404 3703; x_wconf 66' lang='lat' dir='ltr'>praesuli,</span> <span class='ocrx_word' id='word_1_358' title='bbox 433 3649 621 3703; x_wconf 91' lang='lat' dir='ltr'>neque</span> <span class='ocrx_word' id='word_1_359' title='bbox 644 3633 829 3686; x_wconf 89' lang='lat' dir='ltr'>solum</span> <span class='ocrx_word' id='word_1_360' title='bbox 856 3633 955 3686; x_wconf 83' lang='lat' dir='ltr'>Dei</span> <span class='ocrx_word' id='word_1_361' title='bbox 975 3632 1386 3686; x_wconf 89' lang='lat' dir='ltr'>amantissimis</span> <span class='ocrx_word' id='word_1_362' title='bbox 1401 3633 1658 3687; x_wconf 87' lang='lat' dir='ltr'>locorum</span> <span class='ocrx_word' id='word_1_363' title='bbox 1680 3632 1793 3703; x_wconf 89' lang='lat' dir='ltr'>epi-</span> 
     </span>
    </p>
   </div>
   <div class='ocr_carea' id='block_1_54' title="bbox 154 3725 1795 3797">
    <p class='ocr_par' dir='ltr' id='par_1_54' title="bbox 154 3725 1795 3797">
     <span class='ocr_line' id='line_1_54' title="bbox 154 3725 1795 3797; baseline -0.001 -18"><span class='ocrx_word' id='word_1_364' title='bbox 154 3727 361 3797; x_wconf 89' lang='lat' dir='ltr'>scopis,</span> <span class='ocrx_word' id='word_1_365' title='bbox 376 3729 477 3779; x_wconf 87' lang='lat' dir='ltr'>aut</span> <span class='ocrx_word' id='word_1_366' title='bbox 490 3726 935 3795; x_wconf 81' lang='lat' dir='ltr'>religiosissimis</span> <span class='ocrx_word' id='word_1_367' title='bbox 952 3725 1425 3795; x_wconf 85' lang='lat' dir='ltr'>metropolitanis,</span> <span class='ocrx_word' id='word_1_368' title='bbox 1448 3729 1549 3779; x_wconf 92' lang='lat' dir='ltr'>aut</span> <span class='ocrx_word' id='word_1_369' title='bbox 1563 3725 1795 3779; x_wconf 84' lang='lat' dir='ltr'>sanctis-</span> 
     </span>
    </p>
   </div>
   <div class='ocr_carea' id='block_1_55' title="bbox 154 3817 1792 3890">
    <p class='ocr_par' dir='ltr' id='par_1_55' title="bbox 154 3817 1792 3890">
     <span class='ocr_line' id='line_1_55' title="bbox 154 3817 1792 3890; baseline -0.001 -18"><span class='ocrx_word' id='word_1_370' title='bbox 154 3818 313 3873; x_wconf 89' lang='lat' dir='ltr'>simis</span> <span class='ocrx_word' id='word_1_371' title='bbox 335 3818 695 3890; x_wconf 87' lang='lat' dir='ltr'>patriarchis,</span> <span class='ocrx_word' id='word_1_372' title='bbox 720 3819 818 3872; x_wconf 92' lang='lat' dir='ltr'>sed</span> <span class='ocrx_word' id='word_1_373' title='bbox 841 3822 898 3872; x_wconf 89' lang='lat' dir='ltr'>et</span> <span class='ocrx_word' id='word_1_374' title='bbox 937 3818 1026 3872; x_wconf 90' lang='lat' dir='ltr'>hic</span> <span class='ocrx_word' id='word_1_375' title='bbox 1055 3817 1288 3888; x_wconf 91' lang='lat' dir='ltr'>quidem</span> <span class='ocrx_word' id='word_1_376' title='bbox 1326 3819 1629 3888; x_wconf 61' lang='lat' dir='ltr'>praefectis,</span> <span class='ocrx_word' id='word_1_377' title='bbox 1658 3823 1723 3872; x_wconf 90' lang='lat' dir='ltr'>ut</span> <span class='ocrx_word' id='word_1_378' title='bbox 1748 3817 1792 3871; x_wconf 89' lang='lat' dir='ltr'>si</span> 
     </span>
    </p>
   </div>
   <div class='ocr_carea' id='block_1_56' title="bbox 152 3910 1789 3982">
    <p class='ocr_par' dir='ltr' id='par_1_56' title="bbox 152 3910 1789 3982">
     <span class='ocr_line' id='line_1_56' title="bbox 152 3910 1789 3982; baseline -0.001 -17"><span class='ocrx_word' id='word_1_379' title='bbox 152 3928 247 3966; x_wconf 88' lang='lat' dir='ltr'>res</span> <span class='ocrx_word' id='word_1_380' title='bbox 277 3911 714 3966; x_wconf 89' lang='lat' dir='ltr'>vehementiore</span> <span class='ocrx_word' id='word_1_381' title='bbox 762 3910 954 3982; x_wconf 90' lang='lat' dir='ltr'>aliqua</span> <span class='ocrx_word' id='word_1_382' title='bbox 984 3910 1480 3965; x_wconf 88' lang='lat' dir='ltr'>animadversione</span> <span class='ocrx_word' id='word_1_383' title='bbox 1514 3910 1789 3980; x_wconf 88' lang='lat' dir='ltr'>indigeat,</span> 
     </span>
    </p>
   </div>
   <div class='ocr_carea' id='block_1_57' title="bbox 153 4002 1790 4073">
    <p class='ocr_par' dir='ltr' id='par_1_57' title="bbox 153 4002 1790 4073">
     <span class='ocr_line' id='line_1_57' title="bbox 153 4002 1790 4073; baseline -0.001 -14"><span class='ocrx_word' id='word_1_384' title='bbox 153 4005 225 4059; x_wconf 88' lang='lat' dir='ltr'>de</span> <span class='ocrx_word' id='word_1_385' title='bbox 255 4005 367 4059; x_wconf 90' lang='lat' dir='ltr'>hoc</span> <span class='ocrx_word' id='word_1_386' title='bbox 390 4021 424 4057; x_wconf 90' lang='lat' dir='ltr'>a</span> <span class='ocrx_word' id='word_1_387' title='bbox 446 4004 545 4058; x_wconf 90' lang='lat' dir='ltr'>Dei</span> <span class='ocrx_word' id='word_1_388' title='bbox 568 4003 977 4058; x_wconf 86' lang='lat' dir='ltr'>amantissimis</span> <span class='ocrx_word' id='word_1_389' title='bbox 1006 4003 1142 4058; x_wconf 90' lang='lat' dir='ltr'>viris</span> <span class='ocrx_word' id='word_1_390' title='bbox 1166 4002 1372 4069; x_wconf 91' lang='lat' dir='ltr'>edocti,</span> <span class='ocrx_word' id='word_1_391' title='bbox 1401 4003 1457 4056; x_wconf 93' lang='lat' dir='ltr'>id</span> <span class='ocrx_word' id='word_1_392' title='bbox 1478 4019 1790 4073; x_wconf 87' lang='lat' dir='ltr'>exsequan-</span> 
     </span>
    </p>
   </div>
   <div class='ocr_carea' id='block_1_58' title="bbox 162 4095 1793 4168">
    <p class='ocr_par' dir='ltr' id='par_1_58' title="bbox 162 4095 1793 4168">
     <span class='ocr_line' id='line_1_58' title="bbox 162 4095 1793 4168; baseline -0.001 -17"><span class='ocrx_word' id='word_1_393' title='bbox 162 4102 290 4152; x_wconf 90' lang='lat' dir='ltr'>tur:</span> <span class='ocrx_word' id='word_1_394' title='bbox 318 4098 378 4151; x_wconf 91' lang='lat' dir='ltr'>in</span> <span class='ocrx_word' id='word_1_395' title='bbox 399 4097 708 4168; x_wconf 90' lang='lat' dir='ltr'>provinciis</span> <span class='ocrx_word' id='word_1_396' title='bbox 734 4114 868 4151; x_wconf 88' lang='lat' dir='ltr'>vero</span> <span class='ocrx_word' id='word_1_397' title='bbox 889 4097 1120 4151; x_wconf 89' lang='lat' dir='ltr'>illarum</span> <span class='ocrx_word' id='word_1_398' title='bbox 1141 4095 1498 4167; x_wconf 63' lang='lat' dir='ltr'>praesidibus,</span> <span class='ocrx_word' id='word_1_399' title='bbox 1524 4099 1793 4150; x_wconf 89' lang='lat' dir='ltr'>uttamen</span> 
     </span>
    </p>
   </div>
   <div class='ocr_carea' id='block_1_59' title="bbox 158 4187 1789 4261">
    <p class='ocr_par' dir='ltr' id='par_1_59' title="bbox 158 4187 1789 4261">
     <span class='ocr_line' id='line_1_59' title="bbox 158 4187 1789 4261; baseline -0.002 -17"><span class='ocrx_word' id='word_1_400' title='bbox 158 4190 296 4261; x_wconf 89' lang='lat' dir='ltr'>quid</span> <span class='ocrx_word' id='word_1_401' title='bbox 328 4191 478 4244; x_wconf 85' lang='lat' dir='ltr'>facto</span> <span class='ocrx_word' id='word_1_402' title='bbox 508 4206 652 4260; x_wconf 89' lang='lat' dir='ltr'>opus</span> <span class='ocrx_word' id='word_1_403' title='bbox 678 4190 766 4253; x_wconf 89' lang='lat' dir='ltr'>sit,</span> <span class='ocrx_word' id='word_1_404' title='bbox 796 4189 954 4260; x_wconf 90' lang='lat' dir='ltr'>prius</span> <span class='ocrx_word' id='word_1_405' title='bbox 989 4205 1024 4242; x_wconf 91' lang='lat' dir='ltr'>a</span> <span class='ocrx_word' id='word_1_406' title='bbox 1049 4189 1149 4243; x_wconf 89' lang='lat' dir='ltr'>Dei</span> <span class='ocrx_word' id='word_1_407' title='bbox 1172 4187 1581 4243; x_wconf 89' lang='lat' dir='ltr'>amantissimis</span> <span class='ocrx_word' id='word_1_408' title='bbox 1601 4187 1789 4258; x_wconf 90' lang='lat' dir='ltr'>perdi-</span> 
     </span>
    </p>
   </div>
   <div class='ocr_carea' id='block_1_60' title="bbox 156 4283 1795 4353">
    <p class='ocr_par' dir='ltr' id='par_1_60' title="bbox 156 4283 1795 4353">
     <span class='ocr_line' id='line_1_60' title="bbox 156 4283 1795 4353; baseline -0.002 -15"><span class='ocrx_word' id='word_1_409' title='bbox 156 4288 318 4338; x_wconf 86' lang='lat' dir='ltr'>scant</span> <span class='ocrx_word' id='word_1_410' title='bbox 338 4283 638 4353; x_wconf 89' lang='lat' dir='ltr'>episcopis.</span> <span class='ocrx_word' id='word_1_411' title='bbox 662 4284 728 4337; x_wconf 86' lang='lat' dir='ltr'>Et</span> <span class='ocrx_word' id='word_1_412' title='bbox 749 4299 981 4353; x_wconf 89' lang='lat' dir='ltr'>prorsus</span> <span class='ocrx_word' id='word_1_413' title='bbox 1000 4285 1121 4336; x_wconf 89' lang='lat' dir='ltr'>tam</span> <span class='ocrx_word' id='word_1_414' title='bbox 1140 4298 1244 4352; x_wconf 92' lang='lat' dir='ltr'>per</span> <span class='ocrx_word' id='word_1_415' title='bbox 1259 4284 1509 4335; x_wconf 89' lang='lat' dir='ltr'>sacratas</span> <span class='ocrx_word' id='word_1_416' title='bbox 1520 4297 1795 4351; x_wconf 88' lang='lat' dir='ltr'>personas</span> 
     </span>
    </p>
   </div>
   <div class='ocr_carea' id='block_1_61' title="bbox 158 4373 1793 4448">
    <p class='ocr_par' dir='ltr' id='par_1_61' title="bbox 158 4373 1793 4448">
     <span class='ocr_line' id='line_1_61' title="bbox 158 4373 1793 4448; baseline -0.003 -17"><span class='ocrx_word' id='word_1_417' title='bbox 158 4392 332 4448; x_wconf 87' lang='lat' dir='ltr'>quam</span> <span class='ocrx_word' id='word_1_418' title='bbox 360 4376 726 4446; x_wconf 87' lang='lat' dir='ltr'>magistratus</span> <span class='ocrx_word' id='word_1_419' title='bbox 763 4392 832 4429; x_wconf 90' lang='lat' dir='ltr'>ea</span> <span class='ocrx_word' id='word_1_420' title='bbox 858 4391 985 4446; x_wconf 77' lang='lat' dir='ltr'>quae</span> <span class='ocrx_word' id='word_1_421' title='bbox 1016 4376 1194 4428; x_wconf 92' lang='lat' dir='ltr'>Deum</span> <span class='ocrx_word' id='word_1_422' title='bbox 1224 4377 1580 4428; x_wconf 90' lang='lat' dir='ltr'>concernunt</span> <span class='ocrx_word' id='word_1_423' title='bbox 1602 4373 1793 4427; x_wconf 90' lang='lat' dir='ltr'>incor-</span> 
     </span>
    </p>
   </div>
   <div class='ocr_carea' id='block_1_62' title="bbox 156 4466 1798 4541">
    <p class='ocr_par' dir='ltr' id='par_1_62' title="bbox 156 4466 1798 4541">
     <span class='ocr_line' id='line_1_62' title="bbox 156 4466 1798 4541; baseline -0.004 -17"><span class='ocrx_word' id='word_1_424' title='bbox 156 4473 329 4541; x_wconf 90' lang='lat' dir='ltr'>rupta</span> <span class='ocrx_word' id='word_1_425' title='bbox 354 4468 625 4535; x_wconf 83' lang='lat' dir='ltr'>existant;</span> <span class='ocrx_word' id='word_1_426' title='bbox 656 4471 713 4521; x_wconf 90' lang='lat' dir='ltr'>et</span> <span class='ocrx_word' id='word_1_427' title='bbox 731 4484 851 4539; x_wconf 61' lang='lat' dir='ltr'>pra:</span> <span class='ocrx_word' id='word_1_428' title='bbox 878 4467 1099 4522; x_wconf 75' lang='lat' dir='ltr'>caeteris</span> <span class='ocrx_word' id='word_1_429' title='bbox 1123 4466 1389 4521; x_wconf 89' lang='lat' dir='ltr'>omnibus</span> <span class='ocrx_word' id='word_1_430' title='bbox 1416 4482 1519 4537; x_wconf 88' lang='lat' dir='ltr'>per</span> <span class='ocrx_word' id='word_1_431' title='bbox 1538 4466 1798 4536; x_wconf 89' lang='lat' dir='ltr'>majesta-</span> 
     </span>
    </p>
   </div>
   <div class='ocr_carea' id='block_1_63' title="bbox 1892 1957 3528 2031">
    <p class='ocr_par' dir='ltr' id='par_1_63' title="bbox 1892 1957 3528 2031">
     <span class='ocr_line' id='line_1_63' title="bbox 1892 1957 3528 2031; baseline -0.002 -16"><span class='ocrx_word' id='word_1_432' title='bbox 1892 1977 2079 2031; x_wconf 89' lang='lat' dir='ltr'>neque</span> <span class='ocrx_word' id='word_1_433' title='bbox 2103 1978 2169 2014; x_wconf 84' lang='lat' dir='ltr'>ex</span> <span class='ocrx_word' id='word_1_434' title='bbox 2188 1959 2521 2013; x_wconf 86' lang='lat' dir='ltr'>testamenti</span> <span class='ocrx_word' id='word_1_435' title='bbox 2550 1957 2777 2023; x_wconf 89' lang='lat' dir='ltr'>tabulis,</span> <span class='ocrx_word' id='word_1_436' title='bbox 2812 1973 3002 2027; x_wconf 87' lang='lat' dir='ltr'>neque</span> <span class='ocrx_word' id='word_1_437' title='bbox 3026 1957 3243 2028; x_wconf 88' lang='lat' dir='ltr'>absque</span> <span class='ocrx_word' id='word_1_438' title='bbox 3262 1957 3331 2011; x_wconf 90' lang='lat' dir='ltr'>iis</span> <span class='ocrx_word' id='word_1_439' title='bbox 3344 1957 3528 2012; x_wconf 68' lang='lat' dir='ltr'>haere-</span> 
     </span>
    </p>
   </div>
   <div class='ocr_carea' id='block_1_64' title="bbox 1891 2049 3527 2121">
    <p class='ocr_par' dir='ltr' id='par_1_64' title="bbox 1891 2049 3527 2121">
     <span class='ocr_line' id='line_1_64' title="bbox 1891 2049 3527 2121; baseline -0.001 -14"><span class='ocrx_word' id='word_1_440' title='bbox 1891 2054 1992 2108; x_wconf 91' lang='lat' dir='ltr'>des</span> <span class='ocrx_word' id='word_1_441' title='bbox 2012 2054 2171 2118; x_wconf 83' lang='lat' dir='ltr'>tiant,</span> <span class='ocrx_word' id='word_1_442' title='bbox 2196 2053 2452 2121; x_wconf 87' lang='lat' dir='ltr'>legatave</span> <span class='ocrx_word' id='word_1_443' title='bbox 2473 2050 2720 2121; x_wconf 86' lang='lat' dir='ltr'>capiant,</span> <span class='ocrx_word' id='word_1_444' title='bbox 2743 2054 2842 2104; x_wconf 91' lang='lat' dir='ltr'>aut</span> <span class='ocrx_word' id='word_1_445' title='bbox 2862 2049 3189 2104; x_wconf 88' lang='lat' dir='ltr'>donationis</span> <span class='ocrx_word' id='word_1_446' title='bbox 3209 2050 3374 2104; x_wconf 91' lang='lat' dir='ltr'>titulo</span> <span class='ocrx_word' id='word_1_447' title='bbox 3401 2066 3527 2105; x_wconf 90' lang='lat' dir='ltr'>rem</span> 
     </span>
    </p>
   </div>
   <div class='ocr_carea' id='block_1_65' title="bbox 1892 2142 3529 2216">
    <p class='ocr_par' dir='ltr' id='par_1_65' title="bbox 1892 2142 3529 2216">
     <span class='ocr_line' id='line_1_65' title="bbox 1892 2142 3529 2216; baseline -0.001 -17"><span class='ocrx_word' id='word_1_448' title='bbox 1892 2146 2145 2216; x_wconf 89' lang='lat' dir='ltr'>aliquam</span> <span class='ocrx_word' id='word_1_449' title='bbox 2166 2144 2591 2198; x_wconf 88' lang='lat' dir='ltr'>nanciscantur.</span> <span class='ocrx_word' id='word_1_450' title='bbox 2613 2143 2725 2199; x_wconf 89' lang='lat' dir='ltr'>Sed</span> <span class='ocrx_word' id='word_1_451' title='bbox 2754 2159 2939 2213; x_wconf 89' lang='lat' dir='ltr'>neque</span> <span class='ocrx_word' id='word_1_452' title='bbox 2968 2142 3338 2209; x_wconf 81' lang='lat' dir='ltr'>Samaritani,</span> <span class='ocrx_word' id='word_1_453' title='bbox 3356 2143 3529 2198; x_wconf 88' lang='lat' dir='ltr'>autin</span> 
     </span>
    </p>
   </div>
   <div class='ocr_carea' id='block_1_66' title="bbox 1892 2235 3527 2307">
    <p class='ocr_par' dir='ltr' id='par_1_66' title="bbox 1892 2235 3527 2307">
     <span class='ocr_line' id='line_1_66' title="bbox 1892 2235 3527 2307; baseline -0.002 -14"><span class='ocrx_word' id='word_1_454' title='bbox 1892 2238 2215 2293; x_wconf 90' lang='lat' dir='ltr'>universum</span> <span class='ocrx_word' id='word_1_455' title='bbox 2244 2237 2517 2303; x_wconf 72' lang='lat' dir='ltr'>haeretici,</span> <span class='ocrx_word' id='word_1_456' title='bbox 2542 2236 2708 2307; x_wconf 90' lang='lat' dir='ltr'>quive</span> <span class='ocrx_word' id='word_1_457' title='bbox 2738 2238 2955 2290; x_wconf 89' lang='lat' dir='ltr'>rectam</span> <span class='ocrx_word' id='word_1_458' title='bbox 2984 2252 3041 2289; x_wconf 88' lang='lat' dir='ltr'>se</span> <span class='ocrx_word' id='word_1_459' title='bbox 3069 2235 3527 2290; x_wconf 89' lang='lat' dir='ltr'>Christianorum</span> 
     </span>
    </p>
   </div>
   <div class='ocr_carea' id='block_1_67' title="bbox 1890 2329 3528 2401">
    <p class='ocr_par' dir='ltr' id='par_1_67' title="bbox 1890 2329 3528 2401">
     <span class='ocr_line' id='line_1_67' title="bbox 1890 2329 3528 2401; baseline -0.002 -15"><span class='ocrx_word' id='word_1_460' title='bbox 1890 2333 2065 2386; x_wconf 85' lang='lat' dir='ltr'>ﬁdem</span> <span class='ocrx_word' id='word_1_461' title='bbox 2087 2330 2357 2401; x_wconf 88' lang='lat' dir='ltr'>amplecti</span> <span class='ocrx_word' id='word_1_462' title='bbox 2385 2329 2681 2397; x_wconf 89' lang='lat' dir='ltr'>simulant,</span> <span class='ocrx_word' id='word_1_463' title='bbox 2710 2345 2840 2384; x_wconf 91' lang='lat' dir='ltr'>cum</span> <span class='ocrx_word' id='word_1_464' title='bbox 2859 2344 3056 2383; x_wconf 88' lang='lat' dir='ltr'>revera</span> <span class='ocrx_word' id='word_1_465' title='bbox 3082 2344 3271 2399; x_wconf 89' lang='lat' dir='ltr'>neque</span> <span class='ocrx_word' id='word_1_466' title='bbox 3296 2329 3378 2383; x_wconf 86' lang='lat' dir='ltr'>ita</span> <span class='ocrx_word' id='word_1_467' title='bbox 3400 2345 3528 2383; x_wconf 88' lang='lat' dir='ltr'>sen-</span> 
     </span>
    </p>
   </div>
   <div class='ocr_carea' id='block_1_68' title="bbox 1892 2421 3529 2495">
    <p class='ocr_par' dir='ltr' id='par_1_68' title="bbox 1892 2421 3529 2495">
     <span class='ocr_line' id='line_1_68' title="bbox 1892 2421 3529 2495; baseline -0.002 -16"><span class='ocrx_word' id='word_1_468' title='bbox 1892 2426 2058 2491; x_wconf 90' lang='lat' dir='ltr'>tiant,</span> <span class='ocrx_word' id='word_1_469' title='bbox 2087 2440 2273 2495; x_wconf 91' lang='lat' dir='ltr'>neque</span> <span class='ocrx_word' id='word_1_470' title='bbox 2302 2423 2435 2477; x_wconf 92' lang='lat' dir='ltr'>huic</span> <span class='ocrx_word' id='word_1_471' title='bbox 2452 2426 2840 2477; x_wconf 90' lang='lat' dir='ltr'>consentanea</span> <span class='ocrx_word' id='word_1_472' title='bbox 2870 2422 3099 2488; x_wconf 86' lang='lat' dir='ltr'>faciant,</span> <span class='ocrx_word' id='word_1_473' title='bbox 3129 2421 3201 2475; x_wconf 91' lang='lat' dir='ltr'>ad</span> <span class='ocrx_word' id='word_1_474' title='bbox 3233 2421 3529 2476; x_wconf 63' lang='lat' dir='ltr'>hieredita-</span> 
     </span>
    </p>
   </div>
   <div class='ocr_carea' id='block_1_69' title="bbox 1891 2513 3527 2580">
    <p class='ocr_par' dir='ltr' id='par_1_69' title="bbox 1891 2513 3527 2580">
     <span class='ocr_line' id='line_1_69' title="bbox 1891 2513 3527 2580; baseline -0.001 -10"><span class='ocrx_word' id='word_1_475' title='bbox 1891 2521 2008 2571; x_wconf 91' lang='lat' dir='ltr'>tem</span> <span class='ocrx_word' id='word_1_476' title='bbox 2028 2517 2099 2570; x_wconf 88' lang='lat' dir='ltr'>ab</span> <span class='ocrx_word' id='word_1_477' title='bbox 2123 2517 2391 2570; x_wconf 89' lang='lat' dir='ltr'>intestato</span> <span class='ocrx_word' id='word_1_478' title='bbox 2414 2515 2617 2580; x_wconf 89' lang='lat' dir='ltr'>vocati,</span> <span class='ocrx_word' id='word_1_479' title='bbox 2648 2514 3068 2568; x_wconf 89' lang='lat' dir='ltr'>successionem</span> <span class='ocrx_word' id='word_1_480' title='bbox 3092 2513 3359 2568; x_wconf 87' lang='lat' dir='ltr'>habeant.</span> <span class='ocrx_word' id='word_1_481' title='bbox 3388 2515 3527 2568; x_wconf 83' lang='lat' dir='ltr'>Item</span> 
     </span>
    </p>
   </div>
   <div class='ocr_carea' id='block_1_70' title="bbox 1891 2606 3530 2680">
    <p class='ocr_par' dir='ltr' id='par_1_70' title="bbox 1891 2606 3530 2680">
     <span class='ocr_line' id='line_1_70' title="bbox 1891 2606 3530 2680; baseline -0.002 -17"><span class='ocrx_word' id='word_1_482' title='bbox 1891 2626 2078 2680; x_wconf 87' lang='lat' dir='ltr'>neque</span> <span class='ocrx_word' id='word_1_483' title='bbox 2117 2610 2460 2662; x_wconf 88' lang='lat' dir='ltr'>testamenta</span> <span class='ocrx_word' id='word_1_484' title='bbox 2499 2607 2881 2671; x_wconf 87' lang='lat' dir='ltr'>conscribant,</span> <span class='ocrx_word' id='word_1_485' title='bbox 2916 2622 3106 2677; x_wconf 88' lang='lat' dir='ltr'>neque</span> <span class='ocrx_word' id='word_1_486' title='bbox 3134 2606 3326 2677; x_wconf 88' lang='lat' dir='ltr'>legata</span> <span class='ocrx_word' id='word_1_487' title='bbox 3358 2607 3530 2660; x_wconf 88' lang='lat' dir='ltr'>relin-</span> 
     </span>
    </p>
   </div>
   <div class='ocr_carea' id='block_1_71' title="bbox 1892 2698 3534 2773">
    <p class='ocr_par' dir='ltr' id='par_1_71' title="bbox 1892 2698 3534 2773">
     <span class='ocr_line' id='line_1_71' title="bbox 1892 2698 3534 2773; baseline -0.004 -17"><span class='ocrx_word' id='word_1_488' title='bbox 1892 2706 2092 2773; x_wconf 87' lang='lat' dir='ltr'>quant,</span> <span class='ocrx_word' id='word_1_489' title='bbox 2116 2704 2216 2755; x_wconf 87' lang='lat' dir='ltr'>aut</span> <span class='ocrx_word' id='word_1_490' title='bbox 2235 2701 2474 2766; x_wconf 90' lang='lat' dir='ltr'>donent,</span> <span class='ocrx_word' id='word_1_491' title='bbox 2500 2699 2607 2753; x_wconf 89' lang='lat' dir='ltr'>nisi</span> <span class='ocrx_word' id='word_1_492' title='bbox 2635 2699 2735 2769; x_wconf 91' lang='lat' dir='ltr'>qui</span> <span class='ocrx_word' id='word_1_493' title='bbox 2757 2716 2826 2753; x_wconf 91' lang='lat' dir='ltr'>ea</span> <span class='ocrx_word' id='word_1_494' title='bbox 2845 2698 3169 2769; x_wconf 89' lang='lat' dir='ltr'>percepturi</span> <span class='ocrx_word' id='word_1_495' title='bbox 3196 2701 3347 2763; x_wconf 86' lang='lat' dir='ltr'>sunt,</span> <span class='ocrx_word' id='word_1_496' title='bbox 3372 2701 3431 2751; x_wconf 91' lang='lat' dir='ltr'>et</span> <span class='ocrx_word' id='word_1_497' title='bbox 3444 2714 3534 2751; x_wconf 87' lang='lat' dir='ltr'>re-</span> 
     </span>
    </p>
   </div>
   <div class='ocr_carea' id='block_1_72' title="bbox 1892 2789 3532 2861">
    <p class='ocr_par' dir='ltr' id='par_1_72' title="bbox 1892 2789 3532 2861">
     <span class='ocr_line' id='line_1_72' title="bbox 1892 2789 3532 2861; baseline -0.004 -12"><span class='ocrx_word' id='word_1_498' title='bbox 1892 2798 1979 2849; x_wconf 90' lang='lat' dir='ltr'>cte</span> <span class='ocrx_word' id='word_1_499' title='bbox 2011 2794 2082 2849; x_wconf 93' lang='lat' dir='ltr'>de</span> <span class='ocrx_word' id='word_1_500' title='bbox 2114 2794 2229 2848; x_wconf 85' lang='lat' dir='ltr'>ﬁde</span> <span class='ocrx_word' id='word_1_501' title='bbox 2261 2792 2532 2860; x_wconf 88' lang='lat' dir='ltr'>sentiant,</span> <span class='ocrx_word' id='word_1_502' title='bbox 2566 2795 2623 2845; x_wconf 90' lang='lat' dir='ltr'>et</span> <span class='ocrx_word' id='word_1_503' title='bbox 2642 2791 2845 2845; x_wconf 84' lang='lat' dir='ltr'>ﬁdeles</span> <span class='ocrx_word' id='word_1_504' title='bbox 2875 2791 2990 2845; x_wconf 75' lang='lat' dir='ltr'>sint</span> <span class='ocrx_word' id='word_1_505' title='bbox 3003 2790 3289 2861; x_wconf 90' lang='lat' dir='ltr'>operibus.</span> <span class='ocrx_word' id='word_1_506' title='bbox 3319 2791 3463 2844; x_wconf 88' lang='lat' dir='ltr'>Nam</span> <span class='ocrx_word' id='word_1_507' title='bbox 3483 2789 3532 2843; x_wconf 92' lang='lat' dir='ltr'>si</span> 
     </span>
    </p>
   </div>
   <div class='ocr_carea' id='block_1_73' title="bbox 1891 2884 3531 2954">
    <p class='ocr_par' dir='ltr' id='par_1_73' title="bbox 1891 2884 3531 2954">
     <span class='ocr_line' id='line_1_73' title="bbox 1891 2884 3531 2954; baseline -0.004 -11"><span class='ocrx_word' id='word_1_508' title='bbox 1891 2904 2066 2942; x_wconf 84' lang='lat' dir='ltr'>nemo</span> <span class='ocrx_word' id='word_1_509' title='bbox 2106 2885 2428 2951; x_wconf 88' lang='lat' dir='ltr'>horum-sit,</span> <span class='ocrx_word' id='word_1_510' title='bbox 2449 2885 2727 2954; x_wconf 90' lang='lat' dir='ltr'>jubemns</span> <span class='ocrx_word' id='word_1_511' title='bbox 2755 2887 2816 2938; x_wconf 91' lang='lat' dir='ltr'>ut</span> <span class='ocrx_word' id='word_1_512' title='bbox 2840 2888 2968 2953; x_wconf 89' lang='lat' dir='ltr'>post</span> <span class='ocrx_word' id='word_1_513' title='bbox 2995 2884 3251 2953; x_wconf 90' lang='lat' dir='ltr'>ipsorum</span> <span class='ocrx_word' id='word_1_514' title='bbox 3281 2886 3531 2937; x_wconf 88' lang='lat' dir='ltr'>mortem</span> 
     </span>
    </p>
   </div>
   <div class='ocr_carea' id='block_1_74' title="bbox 1894 2974 3527 3046">
    <p class='ocr_par' dir='ltr' id='par_1_74' title="bbox 1894 2974 3527 3046">
     <span class='ocr_line' id='line_1_74' title="bbox 1894 2974 3527 3046; baseline -0.002 -13"><span class='ocrx_word' id='word_1_515' title='bbox 1894 2981 2097 3033; x_wconf 90' lang='lat' dir='ltr'>horum</span> <span class='ocrx_word' id='word_1_516' title='bbox 2120 2980 2273 3034; x_wconf 90' lang='lat' dir='ltr'>bona</span> <span class='ocrx_word' id='word_1_517' title='bbox 2303 2979 2376 3033; x_wconf 91' lang='lat' dir='ltr'>ad</span> <span class='ocrx_word' id='word_1_518' title='bbox 2408 2976 2855 3032; x_wconf 90' lang='lat' dir='ltr'>sacratissimum</span> <span class='ocrx_word' id='word_1_519' title='bbox 2878 2975 3204 3046; x_wconf 88' lang='lat' dir='ltr'>pertineant</span> <span class='ocrx_word' id='word_1_520' title='bbox 3236 2974 3527 3029; x_wconf 58' lang='lat' dir='ltr'>aerarium.</span> 
     </span>
    </p>
   </div>
   <div class='ocr_carea' id='block_1_75' title="bbox 1894 3067 3531 3139">
    <p class='ocr_par' dir='ltr' id='par_1_75' title="bbox 1894 3067 3531 3139">
     <span class='ocr_line' id='line_1_75' title="bbox 1894 3067 3531 3139; baseline -0.004 -12"><span class='ocrx_word' id='word_1_521' title='bbox 1894 3073 2053 3127; x_wconf 91' lang='lat' dir='ltr'>Unde</span> <span class='ocrx_word' id='word_1_522' title='bbox 2097 3076 2156 3126; x_wconf 91' lang='lat' dir='ltr'>et</span> <span class='ocrx_word' id='word_1_523' title='bbox 2192 3088 2349 3126; x_wconf 88' lang='lat' dir='ltr'>sacra</span> <span class='ocrx_word' id='word_1_524' title='bbox 2388 3071 2485 3125; x_wconf 90' lang='lat' dir='ltr'>illa</span> <span class='ocrx_word' id='word_1_525' title='bbox 2513 3071 2725 3135; x_wconf 85' lang='lat' dir='ltr'>forma,</span> <span class='ocrx_word' id='word_1_526' title='bbox 2756 3084 2862 3139; x_wconf 90' lang='lat' dir='ltr'>per</span> <span class='ocrx_word' id='word_1_527' title='bbox 2883 3067 3306 3138; x_wconf 87' lang='lat' dir='ltr'>indulgentiam</span> <span class='ocrx_word' id='word_1_528' title='bbox 3330 3067 3469 3137; x_wconf 89' lang='lat' dir='ltr'>ipsis</span> <span class='ocrx_word' id='word_1_529' title='bbox 3496 3083 3531 3121; x_wconf 85' lang='lat' dir='ltr'>a</span> 
     </span>
    </p>
   </div>
   <div class='ocr_carea' id='block_1_76' title="bbox 1894 3160 3528 3236">
    <p class='ocr_par' dir='ltr' id='par_1_76' title="bbox 1894 3160 3528 3236">
     <span class='ocr_line' id='line_1_76' title="bbox 1894 3160 3528 3236; baseline -0.004 -16"><span class='ocrx_word' id='word_1_530' title='bbox 1894 3169 2056 3236; x_wconf 89' lang='lat' dir='ltr'>patre</span> <span class='ocrx_word' id='word_1_531' title='bbox 2090 3168 2286 3219; x_wconf 89' lang='lat' dir='ltr'>nostro</span> <span class='ocrx_word' id='word_1_532' title='bbox 2324 3179 2610 3228; x_wconf 88' lang='lat' dir='ltr'>concessa,</span> <span class='ocrx_word' id='word_1_533' title='bbox 2662 3177 2810 3232; x_wconf 74' lang='lat' dir='ltr'>quae,</span> <span class='ocrx_word' id='word_1_534' title='bbox 2850 3161 2994 3232; x_wconf 90' lang='lat' dir='ltr'>legis</span> <span class='ocrx_word' id='word_1_535' title='bbox 3032 3162 3215 3215; x_wconf 89' lang='lat' dir='ltr'>vicem</span> <span class='ocrx_word' id='word_1_536' title='bbox 3245 3160 3528 3227; x_wconf 87' lang='lat' dir='ltr'>obtinens,</span> 
     </span>
    </p>
   </div>
   <div class='ocr_carea' id='block_1_77' title="bbox 1894 3253 3534 3327">
    <p class='ocr_par' dir='ltr' id='par_1_77' title="bbox 1894 3253 3534 3327">
     <span class='ocr_line' id='line_1_77' title="bbox 1894 3253 3534 3327; baseline -0.002 -16"><span class='ocrx_word' id='word_1_537' title='bbox 1894 3257 2134 3327; x_wconf 88' lang='lat' dir='ltr'>largitur</span> <span class='ocrx_word' id='word_1_538' title='bbox 2159 3256 2315 3327; x_wconf 91' lang='lat' dir='ltr'>ipsis,</span> <span class='ocrx_word' id='word_1_539' title='bbox 2338 3260 2400 3310; x_wconf 92' lang='lat' dir='ltr'>ut</span> <span class='ocrx_word' id='word_1_540' title='bbox 2427 3254 2826 3309; x_wconf 61' lang='lat' dir='ltr'>hazreditatem</span> <span class='ocrx_word' id='word_1_541' title='bbox 2853 3254 3069 3325; x_wconf 87' lang='lat' dir='ltr'>pariter</span> <span class='ocrx_word' id='word_1_542' title='bbox 3090 3253 3246 3308; x_wconf 89' lang='lat' dir='ltr'>adire</span> <span class='ocrx_word' id='word_1_543' title='bbox 3275 3258 3333 3307; x_wconf 90' lang='lat' dir='ltr'>et</span> <span class='ocrx_word' id='word_1_544' title='bbox 3350 3257 3534 3308; x_wconf 89' lang='lat' dir='ltr'>trans-</span> 
     </span>
    </p>
   </div>
   <div class='ocr_carea' id='block_1_78' title="bbox 1893 3346 3531 3417">
    <p class='ocr_par' dir='ltr' id='par_1_78' title="bbox 1893 3346 3531 3417">
     <span class='ocr_line' id='line_1_78' title="bbox 1893 3346 3531 3417; baseline -0.002 -13"><span class='ocrx_word' id='word_1_545' title='bbox 1893 3350 2141 3416; x_wconf 86' lang='lat' dir='ltr'>mittere,</span> <span class='ocrx_word' id='word_1_546' title='bbox 2184 3350 2323 3403; x_wconf 89' lang='lat' dir='ltr'>item</span> <span class='ocrx_word' id='word_1_547' title='bbox 2362 3347 2565 3417; x_wconf 88' lang='lat' dir='ltr'>legatis</span> <span class='ocrx_word' id='word_1_548' title='bbox 2596 3347 2872 3401; x_wconf 89' lang='lat' dir='ltr'>honorari</span> <span class='ocrx_word' id='word_1_549' title='bbox 2900 3350 2960 3400; x_wconf 91' lang='lat' dir='ltr'>et</span> <span class='ocrx_word' id='word_1_550' title='bbox 2981 3347 3175 3415; x_wconf 88' lang='lat' dir='ltr'>legata</span> <span class='ocrx_word' id='word_1_551' title='bbox 3205 3346 3531 3416; x_wconf 89' lang='lat' dir='ltr'>relinquere</span> 
     </span>
    </p>
   </div>
   <div class='ocr_carea' id='block_1_79' title="bbox 1894 3438 3533 3512">
    <p class='ocr_par' dir='ltr' id='par_1_79' title="bbox 1894 3438 3533 3512">
     <span class='ocr_line' id='line_1_79' title="bbox 1894 3438 3533 3512; baseline -0.001 -17"><span class='ocrx_word' id='word_1_552' title='bbox 1894 3442 2130 3512; x_wconf 89' lang='lat' dir='ltr'>possint,</span> <span class='ocrx_word' id='word_1_553' title='bbox 2164 3444 2222 3495; x_wconf 88' lang='lat' dir='ltr'>in</span> <span class='ocrx_word' id='word_1_554' title='bbox 2258 3443 2551 3511; x_wconf 89' lang='lat' dir='ltr'>posterum</span> <span class='ocrx_word' id='word_1_555' title='bbox 2587 3440 2829 3503; x_wconf 90' lang='lat' dir='ltr'>vacabit,</span> <span class='ocrx_word' id='word_1_556' title='bbox 2853 3455 3041 3509; x_wconf 88' lang='lat' dir='ltr'>neque</span> <span class='ocrx_word' id='word_1_557' title='bbox 3079 3455 3314 3509; x_wconf 87' lang='lat' dir='ltr'>prorsus</span> <span class='ocrx_word' id='word_1_558' title='bbox 3357 3438 3533 3493; x_wconf 89' lang='lat' dir='ltr'>ullam</span> 
     </span>
    </p>
   </div>
   <div class='ocr_carea' id='block_1_80' title="bbox 1892 3529 3529 3600">
    <p class='ocr_par' dir='ltr' id='par_1_80' title="bbox 1892 3529 3529 3600">
     <span class='ocr_line' id='line_1_80' title="bbox 1892 3529 3529 3600; baseline -0.003 -13"><span class='ocrx_word' id='word_1_559' title='bbox 1892 3534 2227 3587; x_wconf 75' lang='lat' dir='ltr'>ﬁrmitatem</span> <span class='ocrx_word' id='word_1_560' title='bbox 2252 3533 2503 3586; x_wconf 90' lang='lat' dir='ltr'>habebit.</span> <span class='ocrx_word' id='word_1_561' title='bbox 2528 3534 2666 3586; x_wconf 86' lang='lat' dir='ltr'>Nam</span> <span class='ocrx_word' id='word_1_562' title='bbox 2698 3532 2743 3584; x_wconf 89' lang='lat' dir='ltr'>si</span> <span class='ocrx_word' id='word_1_563' title='bbox 2770 3531 2940 3600; x_wconf 90' lang='lat' dir='ltr'>hujus</span> <span class='ocrx_word' id='word_1_564' title='bbox 2966 3548 3025 3583; x_wconf 92' lang='lat' dir='ltr'>se</span> <span class='ocrx_word' id='word_1_565' title='bbox 3056 3530 3360 3584; x_wconf 87' lang='lat' dir='ltr'>clementia</span> <span class='ocrx_word' id='word_1_566' title='bbox 3379 3529 3529 3583; x_wconf 89' lang='lat' dir='ltr'>indi-</span> 
     </span>
    </p>
   </div>
   <div class='ocr_carea' id='block_1_81' title="bbox 1894 3622 3533 3696">
    <p class='ocr_par' dir='ltr' id='par_1_81' title="bbox 1894 3622 3533 3696">
     <span class='ocr_line' id='line_1_81' title="bbox 1894 3622 3533 3696; baseline -0.004 -16"><span class='ocrx_word' id='word_1_567' title='bbox 1894 3642 2038 3696; x_wconf 89' lang='lat' dir='ltr'>gnos</span> <span class='ocrx_word' id='word_1_568' title='bbox 2059 3642 2181 3679; x_wconf 89' lang='lat' dir='ltr'>esse</span> <span class='ocrx_word' id='word_1_569' title='bbox 2205 3623 2603 3695; x_wconf 89' lang='lat' dir='ltr'>perhibuerint</span> <span class='ocrx_word' id='word_1_570' title='bbox 2623 3623 2719 3693; x_wconf 89' lang='lat' dir='ltr'>qui</span> <span class='ocrx_word' id='word_1_571' title='bbox 2738 3623 3225 3678; x_wconf 86' lang='lat' dir='ltr'>Samaritanorum</span> <span class='ocrx_word' id='word_1_572' title='bbox 3241 3622 3533 3691; x_wconf 86' lang='lat' dir='ltr'>agitantur</span> 
     </span>
    </p>
   </div>
   <div class='ocr_carea' id='block_1_82' title="bbox 1890 3714 3528 3784">
    <p class='ocr_par' dir='ltr' id='par_1_82' title="bbox 1890 3714 3528 3784">
     <span class='ocr_line' id='line_1_82' title="bbox 1890 3714 3528 3784; baseline -0.004 -12"><span class='ocrx_word' id='word_1_573' title='bbox 1890 3719 2141 3784; x_wconf 82' lang='lat' dir='ltr'>vesania,</span> <span class='ocrx_word' id='word_1_574' title='bbox 2170 3717 2467 3771; x_wconf 90' lang='lat' dir='ltr'>neminem</span> <span class='ocrx_word' id='word_1_575' title='bbox 2497 3716 2675 3770; x_wconf 89' lang='lat' dir='ltr'>alium</span> <span class='ocrx_word' id='word_1_576' title='bbox 2708 3731 2879 3784; x_wconf 88' lang='lat' dir='ltr'>quam</span> <span class='ocrx_word' id='word_1_577' title='bbox 2904 3715 3120 3784; x_wconf 89' lang='lat' dir='ltr'>seipsos</span> <span class='ocrx_word' id='word_1_578' title='bbox 3158 3714 3528 3780; x_wconf 85' lang='lat' dir='ltr'>accusabunt,</span> 
     </span>
    </p>
   </div>
   <div class='ocr_carea' id='block_1_83' title="bbox 1892 3805 3533 3881">
    <p class='ocr_par' dir='ltr' id='par_1_83' title="bbox 1892 3805 3533 3881">
     <span class='ocr_line' id='line_1_83' title="bbox 1892 3805 3533 3881; baseline -0.004 -16"><span class='ocrx_word' id='word_1_579' title='bbox 1892 3828 2021 3866; x_wconf 91' lang='lat' dir='ltr'>cum</span> <span class='ocrx_word' id='word_1_580' title='bbox 2040 3828 2074 3865; x_wconf 91' lang='lat' dir='ltr'>a</span> <span class='ocrx_word' id='word_1_581' title='bbox 2092 3809 2449 3881; x_wconf 85' lang='lat' dir='ltr'>benignitate</span> <span class='ocrx_word' id='word_1_582' title='bbox 2466 3808 2564 3863; x_wconf 90' lang='lat' dir='ltr'>Dei</span> <span class='ocrx_word' id='word_1_583' title='bbox 2584 3812 2641 3862; x_wconf 91' lang='lat' dir='ltr'>et</span> <span class='ocrx_word' id='word_1_584' title='bbox 2654 3807 2972 3863; x_wconf 87' lang='lat' dir='ltr'>Servatoris</span> <span class='ocrx_word' id='word_1_585' title='bbox 2986 3806 3201 3860; x_wconf 88' lang='lat' dir='ltr'>nostriJ</span> <span class='ocrx_word' id='word_1_586' title='bbox 3209 3822 3308 3859; x_wconf 90' lang='lat' dir='ltr'>esu</span> <span class='ocrx_word' id='word_1_587' title='bbox 3324 3805 3533 3861; x_wconf 81' lang='lat' dir='ltr'>Christi</span> 
     </span>
    </p>
   </div>
   <div class='ocr_carea' id='block_1_84' title="bbox 1894 3898 3533 3969">
    <p class='ocr_par' dir='ltr' id='par_1_84' title="bbox 1894 3898 3533 3969">
     <span class='ocr_line' id='line_1_84' title="bbox 1894 3898 3533 3969; baseline -0.002 -11"><span class='ocrx_word' id='word_1_588' title='bbox 1894 3904 2066 3958; x_wconf 90' lang='lat' dir='ltr'>alieni</span> <span class='ocrx_word' id='word_1_589' title='bbox 2095 3903 2226 3957; x_wconf 88' lang='lat' dir='ltr'>sint.</span> <span class='ocrx_word' id='word_1_590' title='bbox 2257 3899 2647 3955; x_wconf 84' lang='lat' dir='ltr'>Liberalitates</span> <span class='ocrx_word' id='word_1_591' title='bbox 2670 3903 2864 3953; x_wconf 90' lang='lat' dir='ltr'>autem</span> <span class='ocrx_word' id='word_1_592' title='bbox 2894 3899 2966 3953; x_wconf 88' lang='lat' dir='ltr'>ab</span> <span class='ocrx_word' id='word_1_593' title='bbox 2992 3898 3369 3969; x_wconf 88' lang='lat' dir='ltr'>imperatoria</span> <span class='ocrx_word' id='word_1_594' title='bbox 3394 3898 3533 3954; x_wconf 90' lang='lat' dir='ltr'>olim</span> 
     </span>
    </p>
   </div>
   <div class='ocr_carea' id='block_1_85' title="bbox 1894 3990 3533 4067">
    <p class='ocr_par' dir='ltr' id='par_1_85' title="bbox 1894 3990 3533 4067">
     <span class='ocr_line' id='line_1_85' title="bbox 1894 3990 3533 4067; baseline -0.004 -16"><span class='ocrx_word' id='word_1_595' title='bbox 1894 3997 2193 4067; x_wconf 81' lang='lat' dir='ltr'>majestate</span> <span class='ocrx_word' id='word_1_596' title='bbox 2213 3993 2348 4065; x_wconf 90' lang='lat' dir='ltr'>ipsis</span> <span class='ocrx_word' id='word_1_597' title='bbox 2361 4009 2665 4048; x_wconf 88' lang='lat' dir='ltr'>concessas</span> <span class='ocrx_word' id='word_1_598' title='bbox 2682 3992 2957 4046; x_wconf 91' lang='lat' dir='ltr'>amittunt</span> <span class='ocrx_word' id='word_1_599' title='bbox 2986 3991 3045 4045; x_wconf 92' lang='lat' dir='ltr'>in</span> <span class='ocrx_word' id='word_1_600' title='bbox 3075 3992 3204 4058; x_wconf 86' lang='lat' dir='ltr'>hoc,</span> <span class='ocrx_word' id='word_1_601' title='bbox 3230 3995 3290 4045; x_wconf 91' lang='lat' dir='ltr'>ut</span> <span class='ocrx_word' id='word_1_602' title='bbox 3318 3990 3392 4045; x_wconf 91' lang='lat' dir='ltr'>ad</span> <span class='ocrx_word' id='word_1_603' title='bbox 3414 4007 3533 4045; x_wconf 90' lang='lat' dir='ltr'>me-</span> 
     </span>
    </p>
   </div>
   <div class='ocr_carea' id='block_1_86' title="bbox 1893 4084 3534 4155">
    <p class='ocr_par' dir='ltr' id='par_1_86' title="bbox 1893 4084 3534 4155">
     <span class='ocr_line' id='line_1_86' title="bbox 1893 4084 3534 4155; baseline -0.003 -11"><span class='ocrx_word' id='word_1_604' title='bbox 1893 4090 2096 4144; x_wconf 90' lang='lat' dir='ltr'>liorem</span> <span class='ocrx_word' id='word_1_605' title='bbox 2110 4093 2361 4143; x_wconf 89' lang='lat' dir='ltr'>mentem</span> <span class='ocrx_word' id='word_1_606' title='bbox 2385 4086 2781 4152; x_wconf 89' lang='lat' dir='ltr'>redeant,non</span> <span class='ocrx_word' id='word_1_607' title='bbox 2804 4090 2866 4139; x_wconf 94' lang='lat' dir='ltr'>ut</span> <span class='ocrx_word' id='word_1_608' title='bbox 2880 4087 3160 4155; x_wconf 91' lang='lat' dir='ltr'>perpetuo</span> <span class='ocrx_word' id='word_1_609' title='bbox 3181 4084 3241 4137; x_wconf 94' lang='lat' dir='ltr'>in</span> <span class='ocrx_word' id='word_1_610' title='bbox 3264 4100 3534 4154; x_wconf 86' lang='lat' dir='ltr'>perversa</span> 
     </span>
    </p>
   </div>
   <div class='ocr_carea' id='block_1_87' title="bbox 1893 4176 3533 4252">
    <p class='ocr_par' dir='ltr' id='par_1_87' title="bbox 1893 4176 3533 4252">
     <span class='ocr_line' id='line_1_87' title="bbox 1893 4176 3533 4252; baseline -0.004 -15"><span class='ocrx_word' id='word_1_611' title='bbox 1893 4183 2001 4237; x_wconf 89' lang='lat' dir='ltr'>hac</span> <span class='ocrx_word' id='word_1_612' title='bbox 2044 4180 2314 4252; x_wconf 89' lang='lat' dir='ltr'>opinione</span> <span class='ocrx_word' id='word_1_613' title='bbox 2359 4196 2460 4233; x_wconf 88' lang='lat' dir='ltr'>sua</span> <span class='ocrx_word' id='word_1_614' title='bbox 2498 4182 2901 4248; x_wconf 90' lang='lat' dir='ltr'>permaneant.</span> <span class='ocrx_word' id='word_1_615' title='bbox 2925 4176 3247 4247; x_wconf 85' lang='lat' dir='ltr'>Excipimus</span> <span class='ocrx_word' id='word_1_616' title='bbox 3274 4179 3467 4231; x_wconf 89' lang='lat' dir='ltr'>autem</span> <span class='ocrx_word' id='word_1_617' title='bbox 3496 4192 3533 4230; x_wconf 90' lang='lat' dir='ltr'>a</span> 
     </span>
    </p>
   </div>
   <div class='ocr_carea' id='block_1_88' title="bbox 1892 4267 3534 4347">
    <p class='ocr_par' dir='ltr' id='par_1_88' title="bbox 1892 4267 3534 4347">
     <span class='ocr_line' id='line_1_88' title="bbox 1892 4267 3534 4347; baseline -0.005 -18"><span class='ocrx_word' id='word_1_618' title='bbox 1892 4274 2317 4347; x_wconf 69' lang='lat' dir='ltr'>praesentelege</span> <span class='ocrx_word' id='word_1_619' title='bbox 2340 4271 2597 4337; x_wconf 89' lang='lat' dir='ltr'>rusticos,</span> <span class='ocrx_word' id='word_1_620' title='bbox 2624 4270 2721 4341; x_wconf 90' lang='lat' dir='ltr'>qui</span> <span class='ocrx_word' id='word_1_621' title='bbox 2740 4269 3237 4325; x_wconf 87' lang='lat' dir='ltr'>Samaritanorum</span> <span class='ocrx_word' id='word_1_622' title='bbox 3253 4267 3534 4339; x_wconf 89' lang='lat' dir='ltr'>opinioni-</span> 
     </span>
    </p>
   </div>
   <div class='ocr_carea' id='block_1_89' title="bbox 1894 4360 3532 4434">
    <p class='ocr_par' dir='ltr' id='par_1_89' title="bbox 1894 4360 3532 4434">
     <span class='ocr_line' id='line_1_89' title="bbox 1894 4360 3532 4434; baseline -0.005 -12"><span class='ocrx_word' id='word_1_623' title='bbox 1894 4368 2000 4422; x_wconf 91' lang='lat' dir='ltr'>bus</span> <span class='ocrx_word' id='word_1_624' title='bbox 2019 4369 2302 4423; x_wconf 89' lang='lat' dir='ltr'>honorem</span> <span class='ocrx_word' id='word_1_625' title='bbox 2318 4365 2564 4431; x_wconf 89' lang='lat' dir='ltr'>habent;</span> <span class='ocrx_word' id='word_1_626' title='bbox 2590 4363 2764 4434; x_wconf 88' lang='lat' dir='ltr'>idque</span> <span class='ocrx_word' id='word_1_627' title='bbox 2785 4379 2901 4417; x_wconf 91' lang='lat' dir='ltr'>non</span> <span class='ocrx_word' id='word_1_628' title='bbox 2921 4363 3178 4431; x_wconf 87' lang='lat' dir='ltr'>ipsorum</span> <span class='ocrx_word' id='word_1_629' title='bbox 3200 4361 3402 4431; x_wconf 88' lang='lat' dir='ltr'>gratia,</span> <span class='ocrx_word' id='word_1_630' title='bbox 3428 4360 3532 4414; x_wconf 93' lang='lat' dir='ltr'>sed</span> 
     </span>
    </p>
   </div>
   <div class='ocr_carea' id='block_1_90' title="bbox 1895 4451 3533 4530">
    <p class='ocr_par' dir='ltr' id='par_1_90' title="bbox 1895 4451 3533 4530">
     <span class='ocr_line' id='line_1_90' title="bbox 1895 4451 3533 4530; baseline -0.006 -15"><span class='ocrx_word' id='word_1_631' title='bbox 1895 4464 2131 4530; x_wconf 86' lang='lat' dir='ltr'>propter</span> <span class='ocrx_word' id='word_1_632' title='bbox 2166 4459 2633 4514; x_wconf 87' lang='lat' dir='ltr'>constitutionem</span> <span class='ocrx_word' id='word_1_633' title='bbox 2662 4453 3015 4525; x_wconf 74' lang='lat' dir='ltr'>praediorum</span> <span class='ocrx_word' id='word_1_634' title='bbox 3036 4469 3163 4523; x_wconf 69' lang='lat' dir='ltr'>qua:</span> <span class='ocrx_word' id='word_1_635' title='bbox 3190 4452 3261 4506; x_wconf 91' lang='lat' dir='ltr'>ab</span> <span class='ocrx_word' id='word_1_636' title='bbox 3288 4451 3423 4520; x_wconf 88' lang='lat' dir='ltr'>ipsis</span> <span class='ocrx_word' id='word_1_637' title='bbox 3442 4467 3533 4505; x_wconf 87' lang='lat' dir='ltr'>co-</span> 
     </span>
    </p>
   </div>
   <div class='ocr_carea' id='block_1_91' title="bbox 154 4543 3535 4635">
    <p class='ocr_par' dir='ltr' id='par_1_91' title="bbox 154 4543 3535 4635">
     <span class='ocr_line' id='line_1_91' title="bbox 154 4543 3535 4635; baseline -0.006 -18"><span class='ocrx_word' id='word_1_638' title='bbox 154 4567 274 4617; x_wconf 87' lang='lat' dir='ltr'>tem</span> <span class='ocrx_word' id='word_1_639' title='bbox 333 4560 797 4632; x_wconf 90' lang='lat' dir='ltr'>imperatoriam,</span> <span class='ocrx_word' id='word_1_640' title='bbox 868 4563 1068 4631; x_wconf 91' lang='lat' dir='ltr'>utpote</span> <span class='ocrx_word' id='word_1_641' title='bbox 1111 4576 1240 4614; x_wconf 90' lang='lat' dir='ltr'>cum</span> <span class='ocrx_word' id='word_1_642' title='bbox 1287 4560 1428 4614; x_wconf 91' lang='lat' dir='ltr'>nihil</span> <span class='ocrx_word' id='word_1_643' title='bbox 1472 4559 1791 4613; x_wconf 89' lang='lat' dir='ltr'>divinarum</span> <span class='ocrx_word' id='word_1_644' title='bbox 1811 4563 1872 4635; x_wconf 85' lang='lat' dir='ltr'><strong>D</strong></span> <span class='ocrx_word' id='word_1_645' title='bbox 1892 4553 2107 4618; x_wconf 91' lang='lat' dir='ltr'>luntur,</span> <span class='ocrx_word' id='word_1_646' title='bbox 2132 4558 2483 4623; x_wconf 87' lang='lat' dir='ltr'>propterque</span> <span class='ocrx_word' id='word_1_647' title='bbox 2502 4549 2720 4603; x_wconf 89' lang='lat' dir='ltr'>reditus</span> <span class='ocrx_word' id='word_1_648' title='bbox 2745 4551 2803 4601; x_wconf 92' lang='lat' dir='ltr'>et</span> <span class='ocrx_word' id='word_1_649' title='bbox 2824 4546 3032 4600; x_wconf 88' lang='lat' dir='ltr'>tributa</span> <span class='ocrx_word' id='word_1_650' title='bbox 3056 4560 3186 4616; x_wconf 61' lang='lat' dir='ltr'>quae</span> <span class='ocrx_word' id='word_1_651' title='bbox 3213 4544 3421 4598; x_wconf 81' lang='lat' dir='ltr'>exinde</span> <span class='ocrx_word' id='word_1_652' title='bbox 3447 4543 3535 4597; x_wconf 92' lang='lat' dir='ltr'>in-</span> 
     </span>
    </p>
   </div>
   <div class='ocr_carea' id='block_1_92' title="bbox 156 4651 1797 4725">
    <p class='ocr_par' dir='ltr' id='par_1_92' title="bbox 156 4651 1797 4725">
     <span class='ocr_line' id='line_1_92' title="bbox 156 4651 1797 4725; baseline -0.003 -16"><span class='ocrx_word' id='word_1_653' title='bbox 156 4671 373 4720; x_wconf 89' lang='lat' dir='ltr'>rerum,</span> <span class='ocrx_word' id='word_1_654' title='bbox 406 4658 464 4708; x_wconf 90' lang='lat' dir='ltr'>et</span> <span class='ocrx_word' id='word_1_655' title='bbox 500 4670 629 4725; x_wconf 77' lang='lat' dir='ltr'>quae</span> <span class='ocrx_word' id='word_1_656' title='bbox 659 4653 943 4708; x_wconf 88' lang='lat' dir='ltr'>costodire</span> <span class='ocrx_word' id='word_1_657' title='bbox 973 4654 1193 4723; x_wconf 89' lang='lat' dir='ltr'>justum</span> <span class='ocrx_word' id='word_1_658' title='bbox 1223 4656 1325 4719; x_wconf 86' lang='lat' dir='ltr'>est,</span> <span class='ocrx_word' id='word_1_659' title='bbox 1360 4670 1393 4707; x_wconf 90' lang='lat' dir='ltr'>a</span> <span class='ocrx_word' id='word_1_660' title='bbox 1422 4652 1587 4706; x_wconf 91' lang='lat' dir='ltr'>nobis</span> <span class='ocrx_word' id='word_1_661' title='bbox 1618 4651 1797 4723; x_wconf 87' lang='lat' dir='ltr'>negli-</span> 
     </span>
    </p>
   </div>
   <div class='ocr_carea' id='block_1_93' title="bbox 156 4744 1792 4819">
    <p class='ocr_par' dir='ltr' id='par_1_93' title="bbox 156 4744 1792 4819">
     <span class='ocr_line' id='line_1_93' title="bbox 156 4744 1792 4819; baseline -0.002 -17"><span class='ocrx_word' id='word_1_662' title='bbox 156 4752 348 4819; x_wconf 88' lang='lat' dir='ltr'>gatur,</span> <span class='ocrx_word' id='word_1_663' title='bbox 396 4746 498 4801; x_wconf 87' lang='lat' dir='ltr'>sed</span> <span class='ocrx_word' id='word_1_664' title='bbox 523 4763 628 4818; x_wconf 90' lang='lat' dir='ltr'>per</span> <span class='ocrx_word' id='word_1_665' title='bbox 657 4747 857 4801; x_wconf 91' lang='lat' dir='ltr'>omnia</span> <span class='ocrx_word' id='word_1_666' title='bbox 888 4746 1217 4800; x_wconf 90' lang='lat' dir='ltr'>studeamus</span> <span class='ocrx_word' id='word_1_667' title='bbox 1244 4750 1306 4799; x_wconf 92' lang='lat' dir='ltr'>ut</span> <span class='ocrx_word' id='word_1_668' title='bbox 1332 4745 1659 4799; x_wconf 91' lang='lat' dir='ltr'>communis</span> <span class='ocrx_word' id='word_1_669' title='bbox 1682 4744 1792 4798; x_wconf 84' lang='lat' dir='ltr'>rei-</span> 
     </span>
    </p>
   </div>
   <div class='ocr_carea' id='block_1_94' title="bbox 155 4837 1795 4910">
    <p class='ocr_par' dir='ltr' id='par_1_94' title="bbox 155 4837 1795 4910">
     <span class='ocr_line' id='line_1_94' title="bbox 155 4837 1795 4910; baseline -0.003 -16"><span class='ocrx_word' id='word_1_670' title='bbox 155 4840 398 4910; x_wconf 66' lang='lat' dir='ltr'>publicae</span> <span class='ocrx_word' id='word_1_671' title='bbox 431 4842 612 4894; x_wconf 90' lang='lat' dir='ltr'>status</span> <span class='ocrx_word' id='word_1_672' title='bbox 628 4856 693 4893; x_wconf 86' lang='lat' dir='ltr'>ex</span> <span class='ocrx_word' id='word_1_673' title='bbox 716 4839 909 4910; x_wconf 89' lang='lat' dir='ltr'>magni</span> <span class='ocrx_word' id='word_1_674' title='bbox 930 4840 1030 4893; x_wconf 90' lang='lat' dir='ltr'>Dei</span> <span class='ocrx_word' id='word_1_675' title='bbox 1052 4842 1110 4892; x_wconf 90' lang='lat' dir='ltr'>et</span> <span class='ocrx_word' id='word_1_676' title='bbox 1130 4838 1446 4894; x_wconf 88' lang='lat' dir='ltr'>Servatoris</span> <span class='ocrx_word' id='word_1_677' title='bbox 1469 4837 1647 4891; x_wconf 90' lang='lat' dir='ltr'>nostri</span> <span class='ocrx_word' id='word_1_678' title='bbox 1662 4838 1688 4892; x_wconf 81' lang='lat' dir='ltr'><strong>J</strong></span> <span class='ocrx_word' id='word_1_679' title='bbox 1695 4852 1795 4890; x_wconf 91' lang='lat' dir='ltr'>esu</span> 
     </span>
    </p>
   </div>
   <div class='ocr_carea' id='block_1_95' title="bbox 155 4931 1797 5002">
    <p class='ocr_par' dir='ltr' id='par_1_95' title="bbox 155 4931 1797 5002">
     <span class='ocr_line' id='line_1_95' title="bbox 155 4931 1797 5002; baseline -0.004 -12"><span class='ocrx_word' id='word_1_680' title='bbox 155 4932 364 4990; x_wconf 86' lang='lat' dir='ltr'>Christi</span> <span class='ocrx_word' id='word_1_681' title='bbox 390 4948 531 5002; x_wconf 91' lang='lat' dir='ltr'>erga</span> <span class='ocrx_word' id='word_1_682' title='bbox 549 4932 818 4987; x_wconf 91' lang='lat' dir='ltr'>homines</span> <span class='ocrx_word' id='word_1_683' title='bbox 839 4948 1036 4987; x_wconf 88' lang='lat' dir='ltr'>amore</span> <span class='ocrx_word' id='word_1_684' title='bbox 1056 4932 1305 4985; x_wconf 86' lang='lat' dir='ltr'>fructum</span> <span class='ocrx_word' id='word_1_685' title='bbox 1332 4931 1558 4984; x_wconf 88' lang='lat' dir='ltr'>auferat</span> <span class='ocrx_word' id='word_1_686' title='bbox 1590 4946 1692 5001; x_wconf 89' lang='lat' dir='ltr'>per</span> <span class='ocrx_word' id='word_1_687' title='bbox 1710 4946 1797 4983; x_wconf 90' lang='lat' dir='ltr'>re-</span> 
     </span>
    </p>
   </div>
   <div class='ocr_carea' id='block_1_96' title="bbox 154 5023 1790 5095">
    <p class='ocr_par' dir='ltr' id='par_1_96' title="bbox 154 5023 1790 5095">
     <span class='ocr_line' id='line_1_96' title="bbox 154 5023 1790 5095; baseline -0.002 -16"><span class='ocrx_word' id='word_1_688' title='bbox 154 5024 702 5080; x_wconf 89' lang='lat' dir='ltr'>verendissimorum</span> <span class='ocrx_word' id='word_1_689' title='bbox 733 5025 983 5079; x_wconf 88' lang='lat' dir='ltr'>virorum</span> <span class='ocrx_word' id='word_1_690' title='bbox 1016 5023 1326 5095; x_wconf 89' lang='lat' dir='ltr'>puritatem</span> <span class='ocrx_word' id='word_1_691' title='bbox 1351 5040 1363 5077; x_wconf 90' lang='lat'><strong>:</strong></span> <span class='ocrx_word' id='word_1_692' title='bbox 1408 5039 1581 5093; x_wconf 91' lang='lat' dir='ltr'>quam</span> <span class='ocrx_word' id='word_1_693' title='bbox 1603 5026 1790 5077; x_wconf 88' lang='lat' dir='ltr'>custo-</span> 
     </span>
    </p>
   </div>
   <div class='ocr_carea' id='block_1_97' title="bbox 157 5116 1791 5187">
    <p class='ocr_par' dir='ltr' id='par_1_97' title="bbox 157 5116 1791 5187">
     <span class='ocr_line' id='line_1_97' title="bbox 157 5116 1791 5187; baseline -0.002 -14"><span class='ocrx_word' id='word_1_694' title='bbox 157 5119 315 5173; x_wconf 89' lang='lat' dir='ltr'>dicnt</span> <span class='ocrx_word' id='word_1_695' title='bbox 343 5122 402 5173; x_wconf 89' lang='lat' dir='ltr'>et</span> <span class='ocrx_word' id='word_1_696' title='bbox 426 5118 637 5183; x_wconf 88' lang='lat' dir='ltr'>clerici,</span> <span class='ocrx_word' id='word_1_697' title='bbox 670 5121 730 5172; x_wconf 90' lang='lat' dir='ltr'>et</span> <span class='ocrx_word' id='word_1_698' title='bbox 754 5118 1041 5181; x_wconf 90' lang='lat' dir='ltr'>monachi,</span> <span class='ocrx_word' id='word_1_699' title='bbox 1071 5120 1128 5171; x_wconf 94' lang='lat' dir='ltr'>et</span> <span class='ocrx_word' id='word_1_700' title='bbox 1158 5116 1432 5187; x_wconf 88' lang='lat' dir='ltr'>episcopi,</span> <span class='ocrx_word' id='word_1_701' title='bbox 1458 5121 1575 5170; x_wconf 91' lang='lat' dir='ltr'>tam</span> <span class='ocrx_word' id='word_1_702' title='bbox 1607 5116 1791 5186; x_wconf 87' lang='lat' dir='ltr'>majo-</span> 
     </span>
    </p>
   </div>
   <div class='ocr_carea' id='block_1_98' title="bbox 158 5211 1792 5281">
    <p class='ocr_par' dir='ltr' id='par_1_98' title="bbox 158 5211 1792 5281">
     <span class='ocr_line' id='line_1_98' title="bbox 158 5211 1792 5281; baseline -0.002 -16"><span class='ocrx_word' id='word_1_703' title='bbox 158 5228 246 5265; x_wconf 87' lang='lat' dir='ltr'>res</span> <span class='ocrx_word' id='word_1_704' title='bbox 256 5227 435 5281; x_wconf 88' lang='lat' dir='ltr'>quam</span> <span class='ocrx_word' id='word_1_705' title='bbox 449 5211 728 5279; x_wconf 87' lang='lat' dir='ltr'>minores,</span> <span class='ocrx_word' id='word_1_706' title='bbox 747 5216 873 5266; x_wconf 90' lang='lat' dir='ltr'>tum</span> <span class='ocrx_word' id='word_1_707' title='bbox 893 5226 1185 5265; x_wconf 91' lang='lat' dir='ltr'>sacrorum</span> <span class='ocrx_word' id='word_1_708' title='bbox 1204 5225 1495 5264; x_wconf 90' lang='lat' dir='ltr'>memores</span> <span class='ocrx_word' id='word_1_709' title='bbox 1507 5225 1792 5263; x_wconf 89' lang='lat' dir='ltr'>canonum</span> 
     </span>
    </p>
   </div>
   <div class='ocr_carea' id='block_1_99' title="bbox 159 5302 1796 5373">
    <p class='ocr_par' dir='ltr' id='par_1_99' title="bbox 159 5302 1796 5373">
     <span class='ocr_line' id='line_1_99' title="bbox 159 5302 1796 5373; baseline -0.001 -17"><span class='ocrx_word' id='word_1_710' title='bbox 159 5307 280 5357; x_wconf 91' lang='lat' dir='ltr'>tum</span> <span class='ocrx_word' id='word_1_711' title='bbox 302 5309 630 5358; x_wconf 86' lang='lat' dir='ltr'>nostrarum</span> <span class='ocrx_word' id='word_1_712' title='bbox 654 5304 847 5373; x_wconf 90' lang='lat' dir='ltr'>legum</span> <span class='ocrx_word' id='word_1_713' title='bbox 869 5308 929 5357; x_wconf 90' lang='lat' dir='ltr'>et</span> <span class='ocrx_word' id='word_1_714' title='bbox 952 5302 1426 5358; x_wconf 87' lang='lat' dir='ltr'>constitutionum</span> <span class='ocrx_word' id='word_1_715' title='bbox 1448 5302 1519 5355; x_wconf 91' lang='lat' dir='ltr'>de</span> <span class='ocrx_word' id='word_1_716' title='bbox 1540 5302 1650 5356; x_wconf 91' lang='lat' dir='ltr'>hoc</span> <span class='ocrx_word' id='word_1_717' title='bbox 1666 5317 1796 5355; x_wconf 91' lang='lat' dir='ltr'>con-</span> 
     </span>
    </p>
   </div>
   <div class='ocr_carea' id='block_1_100' title="bbox 157 5397 1789 5467">
    <p class='ocr_par' dir='ltr' id='par_1_100' title="bbox 157 5397 1789 5467">
     <span class='ocr_line' id='line_1_100' title="bbox 157 5397 1789 5467; baseline -0.003 -16"><span class='ocrx_word' id='word_1_718' title='bbox 157 5397 520 5467; x_wconf 83' lang='lat' dir='ltr'>scriptamm,</span> <span class='ocrx_word' id='word_1_719' title='bbox 555 5412 698 5467; x_wconf 91' lang='lat' dir='ltr'>quas</span> <span class='ocrx_word' id='word_1_720' title='bbox 718 5402 775 5451; x_wconf 93' lang='lat' dir='ltr'>et</span> <span class='ocrx_word' id='word_1_721' title='bbox 793 5398 979 5451; x_wconf 85' lang='lat' dir='ltr'>valere</span> <span class='ocrx_word' id='word_1_722' title='bbox 1011 5402 1070 5451; x_wconf 91' lang='lat' dir='ltr'>et</span> <span class='ocrx_word' id='word_1_723' title='bbox 1098 5400 1251 5450; x_wconf 87' lang='lat' dir='ltr'>ratas</span> <span class='ocrx_word' id='word_1_724' title='bbox 1272 5411 1395 5449; x_wconf 86' lang='lat' dir='ltr'>esse</span> <span class='ocrx_word' id='word_1_725' title='bbox 1425 5411 1526 5465; x_wconf 88' lang='lat' dir='ltr'>per</span> <span class='ocrx_word' id='word_1_726' title='bbox 1544 5410 1789 5464; x_wconf 66' lang='lat' dir='ltr'>prmsen-</span> 
     </span>
    </p>
   </div>
   <div class='ocr_carea' id='block_1_101' title="bbox 155 5486 1787 5561">
    <p class='ocr_par' dir='ltr' id='par_1_101' title="bbox 155 5486 1787 5561">
     <span class='ocr_line' id='line_1_101' title="bbox 155 5486 1787 5561; baseline -0.002 -18"><span class='ocrx_word' id='word_1_727' title='bbox 155 5494 273 5543; x_wconf 92' lang='lat' dir='ltr'>tem</span> <span class='ocrx_word' id='word_1_728' title='bbox 299 5506 527 5561; x_wconf 91' lang='lat' dir='ltr'>quoque</span> <span class='ocrx_word' id='word_1_729' title='bbox 554 5490 746 5559; x_wconf 90' lang='lat' dir='ltr'>legem</span> <span class='ocrx_word' id='word_1_730' title='bbox 777 5490 1083 5544; x_wconf 88' lang='lat' dir='ltr'>sancimus.</span> <span class='ocrx_word' id='word_1_731' title='bbox 1118 5489 1258 5552; x_wconf 45' lang='lat' dir='ltr'>Quae,</span> <span class='ocrx_word' id='word_1_732' title='bbox 1279 5487 1454 5557; x_wconf 86' lang='lat' dir='ltr'>igitur</span> <span class='ocrx_word' id='word_1_733' title='bbox 1483 5487 1648 5541; x_wconf 89' lang='lat' dir='ltr'>nobis</span> <span class='ocrx_word' id='word_1_734' title='bbox 1667 5486 1787 5557; x_wconf 90' lang='lat' dir='ltr'>pla-</span> 
     </span>
    </p>
   </div>
   <div class='ocr_carea' id='block_1_102' title="bbox 154 5579 1791 5654">
    <p class='ocr_par' dir='ltr' id='par_1_102' title="bbox 154 5579 1791 5654">
     <span class='ocr_line' id='line_1_102' title="bbox 154 5579 1791 5654; baseline -0.004 -17"><span class='ocrx_word' id='word_1_735' title='bbox 154 5586 417 5650; x_wconf 90' lang='lat' dir='ltr'>cuerunt,</span> <span class='ocrx_word' id='word_1_736' title='bbox 446 5586 505 5638; x_wconf 88' lang='lat' dir='ltr'>et</span> <span class='ocrx_word' id='word_1_737' title='bbox 532 5599 640 5654; x_wconf 89' lang='lat' dir='ltr'>per</span> <span class='ocrx_word' id='word_1_738' title='bbox 667 5583 814 5637; x_wconf 90' lang='lat' dir='ltr'>hanc</span> <span class='ocrx_word' id='word_1_739' title='bbox 842 5598 1064 5637; x_wconf 91' lang='lat' dir='ltr'>sacram</span> <span class='ocrx_word' id='word_1_740' title='bbox 1089 5582 1454 5637; x_wconf 88' lang='lat' dir='ltr'>declarantur</span> <span class='ocrx_word' id='word_1_741' title='bbox 1480 5579 1693 5649; x_wconf 87' lang='lat' dir='ltr'>legem,</span> <span class='ocrx_word' id='word_1_742' title='bbox 1726 5594 1791 5631; x_wconf 89' lang='lat' dir='ltr'>ea</span> 
     </span>
    </p>
   </div>
   <div class='ocr_carea' id='block_1_103' title="bbox 154 5670 1787 5746">
    <p class='ocr_par' dir='ltr' id='par_1_103' title="bbox 154 5670 1787 5746">
     <span class='ocr_line' id='line_1_103' title="bbox 154 5670 1787 5746; baseline -0.004 -17"><span class='ocrx_word' id='word_1_743' title='bbox 154 5692 506 5745; x_wconf 87' lang='lat' dir='ltr'>cognoscens</span> <span class='ocrx_word' id='word_1_744' title='bbox 522 5674 835 5746; x_wconf 87' lang='lat' dir='ltr'>gloriatua,</span> <span class='ocrx_word' id='word_1_745' title='bbox 852 5674 1081 5729; x_wconf 75' lang='lat' dir='ltr'>effectui</span> <span class='ocrx_word' id='word_1_746' title='bbox 1094 5679 1152 5729; x_wconf 89' lang='lat' dir='ltr'>et</span> <span class='ocrx_word' id='word_1_747' title='bbox 1172 5673 1271 5728; x_wconf 85' lang='lat' dir='ltr'>ﬁni</span> <span class='ocrx_word' id='word_1_748' title='bbox 1300 5672 1525 5726; x_wconf 90' lang='lat' dir='ltr'>tradere</span> <span class='ocrx_word' id='word_1_749' title='bbox 1542 5670 1787 5725; x_wconf 89' lang='lat' dir='ltr'>studeto.</span> 
     </span>
    </p>
   </div>
   <div class='ocr_carea' id='block_1_104' title="bbox 153 5765 1785 5840">
    <p class='ocr_par' dir='ltr' id='par_1_104' title="bbox 153 5765 1785 5840">
     <span class='ocr_line' id='line_1_104' title="bbox 153 5765 1785 5840; baseline -0.006 -15"><span class='ocrx_word' id='word_1_750' title='bbox 153 5771 394 5826; x_wconf 81' lang='lat' dir='ltr'>Dat.xvu</span> <span class='ocrx_word' id='word_1_751' title='bbox 418 5768 651 5823; x_wconf 82' lang='lat' dir='ltr'>Krlend.</span> <span class='ocrx_word' id='word_1_752' title='bbox 683 5766 879 5840; x_wconf 85' lang='lat' dir='ltr'>April.,</span> <span class='ocrx_word' id='word_1_753' title='bbox 907 5768 1224 5832; x_wconf 67' lang='lat' dir='ltr'>Constant,</span> <span class='ocrx_word' id='word_1_754' title='bbox 1253 5765 1465 5820; x_wconf 86' lang='lat' dir='ltr'>Arione</span> <span class='ocrx_word' id='word_1_755' title='bbox 1490 5780 1602 5818; x_wconf 92' lang='lat' dir='ltr'>v.c.</span> <span class='ocrx_word' id='word_1_756' title='bbox 1628 5779 1785 5817; x_wconf 89' lang='lat' dir='ltr'>cons.</span> 
     </span>
    </p>
   </div>
   <div class='ocr_carea' id='block_1_105' title="bbox 1900 4636 3532 4717">
    <p class='ocr_par' dir='ltr' id='par_1_105' title="bbox 1900 4636 3532 4717">
     <span class='ocr_line' id='line_1_105' title="bbox 1900 4636 3532 4717; baseline -0.006 -18"><span class='ocrx_word' id='word_1_757' title='bbox 1900 4647 2168 4699; x_wconf 82' lang='lat' dir='ltr'>feruntur</span> <span class='ocrx_word' id='word_1_758' title='bbox 2198 4645 2448 4715; x_wconf 89' lang='lat' dir='ltr'>publico,</span> <span class='ocrx_word' id='word_1_759' title='bbox 2480 4646 2545 4698; x_wconf 90' lang='lat' dir='ltr'>ut</span> <span class='ocrx_word' id='word_1_760' title='bbox 2569 4641 2669 4717; x_wconf 87' lang='lat' dir='ltr'>qui</span> <span class='ocrx_word' id='word_1_761' title='bbox 2694 4639 3013 4694; x_wconf 87' lang='lat' dir='ltr'>rusticitate</span> <span class='ocrx_word' id='word_1_762' title='bbox 3039 4637 3402 4692; x_wconf 89' lang='lat' dir='ltr'>seducantur.</span> <span class='ocrx_word' id='word_1_763' title='bbox 3435 4636 3532 4691; x_wconf 86' lang='lat' dir='ltr'>His</span> 
     </span>
    </p>
   </div>
   <div class='ocr_carea' id='block_1_106' title="bbox 1896 4730 3534 4808">
    <p class='ocr_par' dir='ltr' id='par_1_106' title="bbox 1896 4730 3534 4808">
     <span class='ocr_line' id='line_1_106' title="bbox 1896 4730 3534 4808; baseline -0.006 -15"><span class='ocrx_word' id='word_1_764' title='bbox 1896 4738 2109 4794; x_wconf 76' lang='lat' dir='ltr'>etenim</span> <span class='ocrx_word' id='word_1_765' title='bbox 2121 4737 2504 4808; x_wconf 88' lang='lat' dir='ltr'>permittimus</span> <span class='ocrx_word' id='word_1_766' title='bbox 2519 4739 2579 4790; x_wconf 90' lang='lat' dir='ltr'>ut</span> <span class='ocrx_word' id='word_1_767' title='bbox 2591 4739 2710 4789; x_wconf 89' lang='lat' dir='ltr'>tam</span> <span class='ocrx_word' id='word_1_768' title='bbox 2730 4732 3107 4788; x_wconf 90' lang='lat' dir='ltr'>ascendentes</span> <span class='ocrx_word' id='word_1_769' title='bbox 3120 4730 3534 4801; x_wconf 84' lang='lat' dir='ltr'>quamdescen-</span> 
     </span>
    </p>
   </div>
   <div class='ocr_carea' id='block_1_107' title="bbox 1896 4823 3530 4898">
    <p class='ocr_par' dir='ltr' id='par_1_107' title="bbox 1896 4823 3530 4898">
     <span class='ocr_line' id='line_1_107' title="bbox 1896 4823 3530 4898; baseline -0.006 -13"><span class='ocrx_word' id='word_1_770' title='bbox 1896 4831 2116 4897; x_wconf 88' lang='lat' dir='ltr'>dentes,</span> <span class='ocrx_word' id='word_1_771' title='bbox 2150 4834 2209 4883; x_wconf 89' lang='lat' dir='ltr'>et</span> <span class='ocrx_word' id='word_1_772' title='bbox 2235 4847 2300 4883; x_wconf 84' lang='lat' dir='ltr'>ex</span> <span class='ocrx_word' id='word_1_773' title='bbox 2326 4834 2651 4884; x_wconf 88' lang='lat' dir='ltr'>transverso</span> <span class='ocrx_word' id='word_1_774' title='bbox 2684 4829 2959 4898; x_wconf 90' lang='lat' dir='ltr'>cognatos</span> <span class='ocrx_word' id='word_1_775' title='bbox 2998 4841 3129 4880; x_wconf 90' lang='lat' dir='ltr'>suos</span> <span class='ocrx_word' id='word_1_776' title='bbox 3160 4823 3421 4877; x_wconf 71' lang='lat' dir='ltr'>hteredes</span> <span class='ocrx_word' id='word_1_777' title='bbox 3447 4823 3530 4877; x_wconf 87' lang='lat' dir='ltr'>le-</span> 
     </span>
    </p>
   </div>
   <div class='ocr_carea' id='block_1_108' title="bbox 1894 4918 3530 4994">
    <p class='ocr_par' dir='ltr' id='par_1_108' title="bbox 1894 4918 3530 4994">
     <span class='ocr_line' id='line_1_108' title="bbox 1894 4918 3530 4994; baseline -0.006 -16"><span class='ocrx_word' id='word_1_778' title='bbox 1894 4923 2215 4994; x_wconf 79' lang='lat' dir='ltr'>gatariosve</span> <span class='ocrx_word' id='word_1_779' title='bbox 2246 4921 2514 4986; x_wconf 86' lang='lat' dir='ltr'>scribant,</span> <span class='ocrx_word' id='word_1_780' title='bbox 2547 4920 2781 4975; x_wconf 90' lang='lat' dir='ltr'>tametsi</span> <span class='ocrx_word' id='word_1_781' title='bbox 2815 4918 3310 4975; x_wconf 87' lang='lat' dir='ltr'>Samaritanorum</span> <span class='ocrx_word' id='word_1_782' title='bbox 3335 4932 3530 4970; x_wconf 88' lang='lat' dir='ltr'>errore</span> 
     </span>
    </p>
   </div>
   <div class='ocr_carea' id='block_1_109' title="bbox 1894 5010 3536 5079">
    <p class='ocr_par' dir='ltr' id='par_1_109' title="bbox 1894 5010 3536 5079">
     <span class='ocr_line' id='line_1_109' title="bbox 1894 5010 3536 5079; baseline -0.006 -7"><span class='ocrx_word' id='word_1_783' title='bbox 1894 5016 2279 5077; x_wconf 89' lang='lat' dir='ltr'>detineantur,</span> <span class='ocrx_word' id='word_1_784' title='bbox 2312 5019 2371 5066; x_wconf 91' lang='lat' dir='ltr'>ut</span> <span class='ocrx_word' id='word_1_785' title='bbox 2398 5017 2593 5066; x_wconf 88' lang='lat' dir='ltr'>tamen</span> <span class='ocrx_word' id='word_1_786' title='bbox 2620 5013 2832 5067; x_wconf 89' lang='lat' dir='ltr'>fundos</span> <span class='ocrx_word' id='word_1_787' title='bbox 2859 5016 3008 5067; x_wconf 78' lang='lat' dir='ltr'>recte</span> <span class='ocrx_word' id='word_1_788' title='bbox 3025 5010 3235 5075; x_wconf 88' lang='lat' dir='ltr'>colant,</span> <span class='ocrx_word' id='word_1_789' title='bbox 3270 5025 3385 5079; x_wconf 89' lang='lat' dir='ltr'>quo</span> <span class='ocrx_word' id='word_1_790' title='bbox 3410 5025 3536 5062; x_wconf 89' lang='lat' dir='ltr'>ma-</span> 
     </span>
    </p>
   </div>
   <div class='ocr_carea' id='block_1_110' title="bbox 1897 5100 3533 5181">
    <p class='ocr_par' dir='ltr' id='par_1_110' title="bbox 1897 5100 3533 5181">
     <span class='ocr_line' id='line_1_110' title="bbox 1897 5100 3533 5181; baseline -0.006 -18"><span class='ocrx_word' id='word_1_791' title='bbox 1897 5110 1985 5181; x_wconf 91' lang='lat' dir='ltr'>gis</span> <span class='ocrx_word' id='word_1_792' title='bbox 2015 5112 2074 5162; x_wconf 91' lang='lat' dir='ltr'>et</span> <span class='ocrx_word' id='word_1_793' title='bbox 2095 5105 2319 5161; x_wconf 83' lang='lat' dir='ltr'>uberior</span> <span class='ocrx_word' id='word_1_794' title='bbox 2343 5104 2548 5159; x_wconf 85' lang='lat' dir='ltr'>exinde</span> <span class='ocrx_word' id='word_1_795' title='bbox 2568 5109 2877 5173; x_wconf 86' lang='lat' dir='ltr'>proventus</span> <span class='ocrx_word' id='word_1_796' title='bbox 2895 5105 2967 5159; x_wconf 90' lang='lat' dir='ltr'>ad</span> <span class='ocrx_word' id='word_1_797' title='bbox 2984 5103 3333 5176; x_wconf 69' lang='lat' dir='ltr'>praediorum</span> <span class='ocrx_word' id='word_1_798' title='bbox 3347 5100 3533 5155; x_wconf 83' lang='lat' dir='ltr'>domi-</span> 
     </span>
    </p>
   </div>
   <div class='ocr_carea' id='block_1_111' title="bbox 1897 5193 3534 5268">
    <p class='ocr_par' dir='ltr' id='par_1_111' title="bbox 1897 5193 3534 5268">
     <span class='ocr_line' id='line_1_111' title="bbox 1897 5193 3534 5268; baseline -0.005 -11"><span class='ocrx_word' id='word_1_799' title='bbox 1897 5220 1997 5257; x_wconf 90' lang='lat' dir='ltr'>nos</span> <span class='ocrx_word' id='word_1_800' title='bbox 2028 5201 2341 5268; x_wconf 80' lang='lat' dir='ltr'>deferatur,</span> <span class='ocrx_word' id='word_1_801' title='bbox 2372 5201 2427 5252; x_wconf 89' lang='lat' dir='ltr'>et</span> <span class='ocrx_word' id='word_1_802' title='bbox 2463 5212 2566 5266; x_wconf 89' lang='lat' dir='ltr'>per</span> <span class='ocrx_word' id='word_1_803' title='bbox 2597 5196 2747 5266; x_wconf 90' lang='lat' dir='ltr'>ipsos</span> <span class='ocrx_word' id='word_1_804' title='bbox 2778 5197 2853 5249; x_wconf 89' lang='lat' dir='ltr'>ad</span> <span class='ocrx_word' id='word_1_805' title='bbox 2886 5198 3103 5252; x_wconf 81' lang='lat' dir='ltr'>fiscum.</span> <span class='ocrx_word' id='word_1_806' title='bbox 3145 5195 3257 5252; x_wconf 90' lang='lat' dir='ltr'>Sed</span> <span class='ocrx_word' id='word_1_807' title='bbox 3310 5197 3368 5247; x_wconf 91' lang='lat' dir='ltr'>et</span> <span class='ocrx_word' id='word_1_808' title='bbox 3411 5193 3534 5248; x_wconf 90' lang='lat' dir='ltr'>sine</span> 
     </span>
    </p>
   </div>
   <div class='ocr_carea' id='block_1_112' title="bbox 1894 5287 3535 5363">
    <p class='ocr_par' dir='ltr' id='par_1_112' title="bbox 1894 5287 3535 5363">
     <span class='ocr_line' id='line_1_112' title="bbox 1894 5287 3535 5363; baseline -0.006 -13"><span class='ocrx_word' id='word_1_809' title='bbox 1894 5292 2254 5350; x_wconf 90' lang='lat' dir='ltr'>testamentis</span> <span class='ocrx_word' id='word_1_810' title='bbox 2285 5289 2541 5363; x_wconf 68' lang='lat' dir='ltr'>prtedicti</span> <span class='ocrx_word' id='word_1_811' title='bbox 2566 5289 2711 5344; x_wconf 89' lang='lat' dir='ltr'>alter</span> <span class='ocrx_word' id='word_1_812' title='bbox 2754 5288 2826 5343; x_wconf 90' lang='lat' dir='ltr'>ad</span> <span class='ocrx_word' id='word_1_813' title='bbox 2875 5289 3109 5344; x_wconf 88' lang='lat' dir='ltr'>alterius</span> <span class='ocrx_word' id='word_1_814' title='bbox 3134 5287 3535 5343; x_wconf 81' lang='lat' dir='ltr'>haereditatem</span> 
     </span>
    </p>
   </div>
   <div class='ocr_carea' id='block_1_113' title="bbox 1892 5378 3532 5460">
    <p class='ocr_par' dir='ltr' id='par_1_113' title="bbox 1892 5378 3532 5460">
     <span class='ocr_line' id='line_1_113' title="bbox 1892 5378 3532 5460; baseline -0.006 -18"><span class='ocrx_word' id='word_1_815' title='bbox 1892 5386 2234 5460; x_wconf 86' lang='lat' dir='ltr'>pervenient</span> <span class='ocrx_word' id='word_1_816' title='bbox 2249 5391 2482 5457; x_wconf 89' lang='lat' dir='ltr'>propter</span> <span class='ocrx_word' id='word_1_817' title='bbox 2501 5382 2768 5437; x_wconf 89' lang='lat' dir='ltr'>eamdem</span> <span class='ocrx_word' id='word_1_818' title='bbox 2787 5396 3035 5434; x_wconf 88' lang='lat' dir='ltr'>causam.</span> <span class='ocrx_word' id='word_1_819' title='bbox 3056 5378 3532 5451; x_wconf 83' lang='lat' dir='ltr'>Quandoquidem</span> 
     </span>
    </p>
   </div>
   <div class='ocr_carea' id='block_1_114' title="bbox 1894 5471 3532 5538">
    <p class='ocr_par' dir='ltr' id='par_1_114' title="bbox 1894 5471 3532 5538">
     <span class='ocr_line' id='line_1_114' title="bbox 1894 5471 3532 5538; baseline -0.006 -3"><span class='ocrx_word' id='word_1_820' title='bbox 1894 5486 1951 5535; x_wconf 87' lang='lat' dir='ltr'>et</span> <span class='ocrx_word' id='word_1_821' title='bbox 1971 5482 2017 5534; x_wconf 89' lang='lat' dir='ltr'>si</span> <span class='ocrx_word' id='word_1_822' title='bbox 2045 5494 2219 5533; x_wconf 92' lang='lat' dir='ltr'>nemo</span> <span class='ocrx_word' id='word_1_823' title='bbox 2236 5479 2443 5533; x_wconf 92' lang='lat' dir='ltr'>horum</span> <span class='ocrx_word' id='word_1_824' title='bbox 2460 5475 2806 5538; x_wconf 89' lang='lat' dir='ltr'>inveniatur,</span> <span class='ocrx_word' id='word_1_825' title='bbox 2829 5471 3204 5526; x_wconf 89' lang='lat' dir='ltr'>nihilominus</span> <span class='ocrx_word' id='word_1_826' title='bbox 3221 5478 3414 5527; x_wconf 88' lang='lat' dir='ltr'>tamen</span> <span class='ocrx_word' id='word_1_827' title='bbox 3433 5488 3532 5526; x_wconf 87' lang='lat' dir='ltr'>vo-</span> 
     </span>
    </p>
   </div>
   <div class='ocr_carea' id='block_1_115' title="bbox 1891 5563 3535 5643">
    <p class='ocr_par' dir='ltr' id='par_1_115' title="bbox 1891 5563 3535 5643">
     <span class='ocr_line' id='line_1_115' title="bbox 1891 5563 3535 5643; baseline -0.007 -14"><span class='ocrx_word' id='word_1_828' title='bbox 1891 5575 2083 5629; x_wconf 90' lang='lat' dir='ltr'>lumus</span> <span class='ocrx_word' id='word_1_829' title='bbox 2112 5576 2174 5626; x_wconf 89' lang='lat' dir='ltr'>ut</span> <span class='ocrx_word' id='word_1_830' title='bbox 2203 5570 2406 5643; x_wconf 67' lang='lat' dir='ltr'>prmdii</span> <span class='ocrx_word' id='word_1_831' title='bbox 2433 5568 2700 5623; x_wconf 89' lang='lat' dir='ltr'>dominus</span> <span class='ocrx_word' id='word_1_832' title='bbox 2744 5566 2803 5619; x_wconf 91' lang='lat' dir='ltr'>in</span> <span class='ocrx_word' id='word_1_833' title='bbox 2830 5579 2942 5634; x_wconf 88' lang='lat' dir='ltr'>quo</span> <span class='ocrx_word' id='word_1_834' title='bbox 2962 5563 3206 5617; x_wconf 88' lang='lat' dir='ltr'>rusticus</span> <span class='ocrx_word' id='word_1_835' title='bbox 3233 5565 3535 5620; x_wconf 84' lang='lat' dir='ltr'>defunctus</span> 
     </span>
    </p>
   </div>
   <div class='ocr_carea' id='block_1_116' title="bbox 1893 5655 3533 5730">
    <p class='ocr_par' dir='ltr' id='par_1_116' title="bbox 1893 5655 3533 5730">
     <span class='ocr_line' id='line_1_116' title="bbox 1893 5655 3533 5730; baseline -0.007 -8"><span class='ocrx_word' id='word_1_836' title='bbox 1893 5672 1979 5721; x_wconf 91' lang='lat' dir='ltr'>est</span> <span class='ocrx_word' id='word_1_837' title='bbox 2008 5667 2080 5721; x_wconf 87' lang='lat' dir='ltr'>ab</span> <span class='ocrx_word' id='word_1_838' title='bbox 2107 5666 2204 5720; x_wconf 90' lang='lat' dir='ltr'>illo</span> <span class='ocrx_word' id='word_1_839' title='bbox 2228 5665 2425 5718; x_wconf 86' lang='lat' dir='ltr'>relicta</span> <span class='ocrx_word' id='word_1_840' title='bbox 2450 5660 2657 5730; x_wconf 87' lang='lat' dir='ltr'>capiat,</span> <span class='ocrx_word' id='word_1_841' title='bbox 2677 5663 2733 5713; x_wconf 87' lang='lat' dir='ltr'>et</span> <span class='ocrx_word' id='word_1_842' title='bbox 2758 5655 2876 5711; x_wconf 84' lang='lat' dir='ltr'>ﬁsci</span> <span class='ocrx_word' id='word_1_843' title='bbox 2900 5657 3085 5709; x_wconf 90' lang='lat' dir='ltr'>locum</span> <span class='ocrx_word' id='word_1_844' title='bbox 3109 5659 3316 5722; x_wconf 86' lang='lat' dir='ltr'>teneat,</span> <span class='ocrx_word' id='word_1_845' title='bbox 3332 5660 3533 5727; x_wconf 87' lang='lat' dir='ltr'>utpote</span> 
     </span>
    </p>
   </div>
   <div class='ocr_carea' id='block_1_117' title="bbox 1893 5747 3533 5831">
    <p class='ocr_par' dir='ltr' id='par_1_117' title="bbox 1893 5747 3533 5831">
     <span class='ocr_line' id='line_1_117' title="bbox 1893 5747 3533 5831; baseline -0.009 -16"><span class='ocrx_word' id='word_1_846' title='bbox 1893 5760 2075 5831; x_wconf 78' lang='lat' dir='ltr'>quiet</span> <span class='ocrx_word' id='word_1_847' title='bbox 2109 5775 2210 5830; x_wconf 89' lang='lat' dir='ltr'>pro</span> <span class='ocrx_word' id='word_1_848' title='bbox 2238 5758 2333 5811; x_wconf 91' lang='lat' dir='ltr'>illo</span> <span class='ocrx_word' id='word_1_849' title='bbox 2371 5753 2609 5825; x_wconf 89' lang='lat' dir='ltr'>publicis</span> <span class='ocrx_word' id='word_1_850' title='bbox 2658 5749 2926 5806; x_wconf 78' lang='lat' dir='ltr'>satisfecit</span> <span class='ocrx_word' id='word_1_851' title='bbox 2964 5747 3208 5803; x_wconf 86' lang='lat' dir='ltr'>tributis.</span> <span class='ocrx_word' id='word_1_852' title='bbox 3249 5749 3533 5802; x_wconf 69' lang='lat' dir='ltr'>Praeterea</span> 
     </span>
    </p>
   </div>
   <div class='ocr_carea' id='block_1_118' title="bbox 1890 5842 3530 5917">
    <p class='ocr_par' dir='ltr' id='par_1_118' title="bbox 1890 5842 3530 5917">
     <span class='ocr_line' id='line_1_118' title="bbox 1890 5842 3530 5917; baseline -0.01 -7"><span class='ocrx_word' id='word_1_853' title='bbox 1890 5852 2315 5909; x_wconf 83' lang='lat' dir='ltr'>Samaritanum</span> <span class='ocrx_word' id='word_1_854' title='bbox 2331 5846 2569 5905; x_wconf 89' lang='lat' dir='ltr'>omnino</span> <span class='ocrx_word' id='word_1_855' title='bbox 2590 5861 2779 5917; x_wconf 90' lang='lat' dir='ltr'>neque</span> <span class='ocrx_word' id='word_1_856' title='bbox 2809 5842 3072 5900; x_wconf 89' lang='lat' dir='ltr'>militiam</span> <span class='ocrx_word' id='word_1_857' title='bbox 3092 5854 3383 5913; x_wconf 86' lang='lat' dir='ltr'>capessere</span> <span class='ocrx_word' id='word_1_858' title='bbox 3398 5853 3530 5895; x_wconf 77' lang='lat' dir='ltr'>con-</span> 
     </span>
    </p>
   </div>
  </div>
