  <div class='ocr_page' id='page_1' title='image "/cluster/home/n/w/nwhite01/storage/ocr_20150623/72/uva.x000827084/749.png"; bbox 0 0 4032 6232; ppageno 0'>
   <div class='ocr_carea' id='block_1_1' title="bbox 532 334 658 390">
    <p class='ocr_par' dir='ltr' id='par_1_1' title="bbox 532 334 658 390">
     <span class='ocr_line' id='line_1_1' title="bbox 532 334 658 390; baseline 0.008 -1"><span class='ocrx_word' id='word_1_1' title='bbox 532 334 658 390; x_wconf 71' lang='grc'><strong>1031</strong></span> 
     </span>
    </p>
   </div>
   <div class='ocr_carea' id='block_1_2' title="bbox 1674 337 2749 396">
    <p class='ocr_par' dir='ltr' id='par_1_2' title="bbox 1674 337 2749 396">
     <span class='ocr_line' id='line_1_2' title="bbox 1674 337 2749 396; baseline 0.003 -5"><span class='ocrx_word' id='word_1_2' title='bbox 1674 337 1925 394; x_wconf 64' lang='lat' dir='ltr'><strong>S.+LClILl</strong></span> <span class='ocrx_word' id='word_1_3' title='bbox 1965 337 2153 393; x_wconf 76' lang='lat' dir='ltr'><strong>SEXTI</strong></span> <span class='ocrx_word' id='word_1_4' title='bbox 2194 337 2749 396; x_wconf 77' lang='lat' dir='ltr'><strong>SUI’PLEMENTUM.</strong></span> 
     </span>
    </p>
   </div>
   <div class='ocr_carea' id='block_1_3' title="bbox 3748 340 3889 397">
    <p class='ocr_par' dir='ltr' id='par_1_3' title="bbox 3748 340 3889 397">
     <span class='ocr_line' id='line_1_3' title="bbox 3748 340 3889 397; baseline -0.007 0"><span class='ocrx_word' id='word_1_5' title='bbox 3748 340 3889 397; x_wconf 67' lang='grc'><strong>1052</strong></span> 
     </span>
    </p>
   </div>
   <div class='ocr_carea' id='block_1_4' title="bbox 529 442 3890 529">
    <p class='ocr_par' dir='ltr' id='par_1_4' title="bbox 529 442 3890 529">
     <span class='ocr_line' id='line_1_4' title="bbox 529 442 3890 529; baseline 0.002 -34"><span class='ocrx_word' id='word_1_6' title='bbox 529 442 809 512; x_wconf 85' lang='lat' dir='ltr'><strong>cedimus,</strong></span> <span class='ocrx_word' id='word_1_7' title='bbox 846 461 1031 517; x_wconf 90' lang='lat' dir='ltr'><strong>neque</strong></span> <span class='ocrx_word' id='word_1_8' title='bbox 1075 445 1149 502; x_wconf 88' lang='lat' dir='ltr'><strong>ad</strong></span> <span class='ocrx_word' id='word_1_9' title='bbox 1173 446 1398 502; x_wconf 83' lang='lat' dir='ltr'><strong>civilem</strong></span> <span class='ocrx_word' id='word_1_10' title='bbox 1423 446 1974 502; x_wconf 83' lang='lat' dir='ltr'><strong>administrationem</strong></span> <span class='ocrx_word' id='word_1_11' title='bbox 2000 463 2155 501; x_wconf 89' lang='lat' dir='ltr'><strong>acce-</strong></span> <span class='ocrx_word' id='word_1_12' title='bbox 2173 456 2234 529; x_wconf 75' lang='grc' dir='ltr'><strong>Α</strong></span> <span class='ocrx_word' id='word_1_13' title='bbox 2255 446 2484 501; x_wconf 80' lang='lat' dir='ltr'><strong>licentia</strong></span> <span class='ocrx_word' id='word_1_14' title='bbox 2508 447 2582 501; x_wconf 88' lang='lat' dir='ltr'><strong>sit</strong></span> <span class='ocrx_word' id='word_1_15' title='bbox 2609 447 2669 502; x_wconf 89' lang='lat' dir='ltr'><strong>in</strong></span> <span class='ocrx_word' id='word_1_16' title='bbox 2689 463 2892 504; x_wconf 91' lang='lat' dir='ltr'><strong>eorum</strong></span> <span class='ocrx_word' id='word_1_17' title='bbox 2917 449 3229 520; x_wconf 77' lang='lat' dir='ltr'><strong>synagogis</strong></span> <span class='ocrx_word' id='word_1_18' title='bbox 3248 450 3444 505; x_wconf 70' lang='lat' dir='ltr'><strong>Graeca</strong></span> <span class='ocrx_word' id='word_1_19' title='bbox 3468 446 3647 503; x_wconf 90' lang='lat' dir='ltr'><strong>etiam</strong></span> <span class='ocrx_word' id='word_1_20' title='bbox 3663 447 3890 519; x_wconf 79' lang='lat' dir='ltr'><strong>lingua,</strong></span> 
     </span>
    </p>
   </div>
   <div class='ocr_carea' id='block_1_5' title="bbox 529 534 2151 612">
    <p class='ocr_par' dir='ltr' id='par_1_5' title="bbox 529 534 2151 612">
     <span class='ocr_line' id='line_1_5' title="bbox 529 534 2151 612; baseline 0.004 -24"><span class='ocrx_word' id='word_1_21' title='bbox 529 534 687 602; x_wconf 91' lang='lat' dir='ltr'><strong>dere,</strong></span> <span class='ocrx_word' id='word_1_22' title='bbox 720 553 907 608; x_wconf 89' lang='lat' dir='ltr'><strong>neque</strong></span> <span class='ocrx_word' id='word_1_23' title='bbox 933 542 1220 610; x_wconf 87' lang='lat' dir='ltr'><strong>postulare</strong></span> <span class='ocrx_word' id='word_1_24' title='bbox 1240 540 1297 594; x_wconf 89' lang='lat' dir='ltr'><strong>in</strong></span> <span class='ocrx_word' id='word_1_25' title='bbox 1315 539 1550 610; x_wconf 85' lang='lat' dir='ltr'><strong>judicio,</strong></span> <span class='ocrx_word' id='word_1_26' title='bbox 1584 557 1769 612; x_wconf 90' lang='lat' dir='ltr'><strong>neque</strong></span> <span class='ocrx_word' id='word_1_27' title='bbox 1782 545 2073 612; x_wconf 89' lang='lat' dir='ltr'><strong>postremo</strong></span> <span class='ocrx_word' id='word_1_28' title='bbox 2093 540 2151 595; x_wconf 90' lang='lat' dir='ltr'><strong>in</strong></span> 
     </span>
    </p>
   </div>
   <div class='ocr_carea' id='block_1_6' title="bbox 524 631 2152 705">
    <p class='ocr_par' dir='ltr' id='par_1_6' title="bbox 524 631 2152 705">
     <span class='ocr_line' id='line_1_6' title="bbox 524 631 2152 705; baseline 0.003 -22"><span class='ocrx_word' id='word_1_29' title='bbox 524 631 877 687; x_wconf 81' lang='lat' dir='ltr'><strong>consortium</strong></span> <span class='ocrx_word' id='word_1_30' title='bbox 896 632 1398 688; x_wconf 82' lang='lat' dir='ltr'><strong>disertissimorum</strong></span> <span class='ocrx_word' id='word_1_31' title='bbox 1415 634 1630 688; x_wconf 87' lang='lat' dir='ltr'><strong>assumi</strong></span> <span class='ocrx_word' id='word_1_32' title='bbox 1642 635 2152 705; x_wconf 88' lang='lat' dir='ltr'><strong>rhetorum,neque</strong></span> 
     </span>
    </p>
   </div>
   <div class='ocr_carea' id='block_1_7' title="bbox 525 722 2151 799">
    <p class='ocr_par' dir='ltr' id='par_1_7' title="bbox 525 722 2151 799">
     <span class='ocr_line' id='line_1_7' title="bbox 525 722 2151 799; baseline 0.004 -23"><span class='ocrx_word' id='word_1_33' title='bbox 525 722 922 780; x_wconf 84' lang='lat' dir='ltr'><strong>adolescentes</strong></span> <span class='ocrx_word' id='word_1_34' title='bbox 948 726 1267 781; x_wconf 82' lang='lat' dir='ltr'><strong>instituere.</strong></span> <span class='ocrx_word' id='word_1_35' title='bbox 1303 726 1414 781; x_wconf 91' lang='lat' dir='ltr'><strong>Sed</strong></span> <span class='ocrx_word' id='word_1_36' title='bbox 1444 730 1501 781; x_wconf 89' lang='lat' dir='ltr'><strong>et</strong></span> <span class='ocrx_word' id='word_1_37' title='bbox 1519 728 1563 781; x_wconf 89' lang='lat' dir='ltr'><strong>si</strong></span> <span class='ocrx_word' id='word_1_38' title='bbox 1594 728 1692 799; x_wconf 92' lang='lat' dir='ltr'><strong>qui</strong></span> <span class='ocrx_word' id='word_1_39' title='bbox 1716 745 1783 782; x_wconf 90' lang='lat' dir='ltr'><strong>ex</strong></span> <span class='ocrx_word' id='word_1_40' title='bbox 1814 730 1881 783; x_wconf 93' lang='lat' dir='ltr'><strong>iis</strong></span> <span class='ocrx_word' id='word_1_41' title='bbox 1916 727 2151 784; x_wconf 85' lang='lat' dir='ltr'><strong>salutari</strong></span> 
     </span>
    </p>
   </div>
   <div class='ocr_carea' id='block_1_8' title="bbox 525 814 2148 889">
    <p class='ocr_par' dir='ltr' id='par_1_8' title="bbox 525 814 2148 889">
     <span class='ocr_line' id='line_1_8' title="bbox 525 814 2148 889; baseline 0.004 -19"><span class='ocrx_word' id='word_1_42' title='bbox 525 814 749 885; x_wconf 84' lang='lat' dir='ltr'><strong>dignati</strong></span> <span class='ocrx_word' id='word_1_43' title='bbox 774 818 1077 888; x_wconf 88' lang='lat' dir='ltr'><strong>baptismo,</strong></span> <span class='ocrx_word' id='word_1_44' title='bbox 1104 818 1177 873; x_wconf 88' lang='lat' dir='ltr'><strong>ad</strong></span> <span class='ocrx_word' id='word_1_45' title='bbox 1213 820 1511 889; x_wconf 87' lang='lat' dir='ltr'><strong>pristinum</strong></span> <span class='ocrx_word' id='word_1_46' title='bbox 1544 820 1734 877; x_wconf 92' lang='lat' dir='ltr'><strong>denuo</strong></span> <span class='ocrx_word' id='word_1_47' title='bbox 1766 839 2020 879; x_wconf 90' lang='lat' dir='ltr'><strong>errorem</strong></span> <span class='ocrx_word' id='word_1_48' title='bbox 2056 840 2148 877; x_wconf 89' lang='lat' dir='ltr'><strong>re-</strong></span> 
     </span>
    </p>
   </div>
   <div class='ocr_carea' id='block_1_9' title="bbox 523 909 2149 988">
    <p class='ocr_par' dir='ltr' id='par_1_9' title="bbox 523 909 2149 988">
     <span class='ocr_line' id='line_1_9' title="bbox 523 909 2149 988; baseline 0.008 -29"><span class='ocrx_word' id='word_1_49' title='bbox 523 909 690 975; x_wconf 86' lang='lat' dir='ltr'><strong>versi,</strong></span> <span class='ocrx_word' id='word_1_50' title='bbox 707 909 1007 965; x_wconf 88' lang='lat' dir='ltr'><strong>observare</strong></span> <span class='ocrx_word' id='word_1_51' title='bbox 1020 911 1253 966; x_wconf 90' lang='lat' dir='ltr'><strong>sabbata</strong></span> <span class='ocrx_word' id='word_1_52' title='bbox 1266 916 1367 967; x_wconf 91' lang='lat' dir='ltr'><strong>aut</strong></span> <span class='ocrx_word' id='word_1_53' title='bbox 1379 914 1549 968; x_wconf 88' lang='lat' dir='ltr'><strong>etiam</strong></span> <span class='ocrx_word' id='word_1_54' title='bbox 1571 916 1679 969; x_wconf 88' lang='lat' dir='ltr'><strong>alia</strong></span> <span class='ocrx_word' id='word_1_55' title='bbox 1695 916 1960 986; x_wconf 75' lang='lat' dir='ltr'><strong>quaedam</strong></span> <span class='ocrx_word' id='word_1_56' title='bbox 1977 934 2149 988; x_wconf 90' lang='lat' dir='ltr'><strong>agere</strong></span> 
     </span>
    </p>
   </div>
   <div class='ocr_carea' id='block_1_10' title="bbox 523 1000 2151 1080">
    <p class='ocr_par' dir='ltr' id='par_1_10' title="bbox 523 1000 2151 1080">
     <span class='ocr_line' id='line_1_10' title="bbox 523 1000 2151 1080; baseline 0.007 -28"><span class='ocrx_word' id='word_1_57' title='bbox 523 1000 844 1068; x_wconf 83' lang='lat' dir='ltr'><strong>videantur,</strong></span> <span class='ocrx_word' id='word_1_58' title='bbox 886 1019 1014 1072; x_wconf 59' lang='lat' dir='ltr'><strong>quas</strong></span> <span class='ocrx_word' id='word_1_59' title='bbox 1044 1009 1361 1075; x_wconf 83' lang='lat' dir='ltr'><strong>coarguant</strong></span> <span class='ocrx_word' id='word_1_60' title='bbox 1385 1022 1488 1077; x_wconf 89' lang='lat' dir='ltr'><strong>per</strong></span> <span class='ocrx_word' id='word_1_61' title='bbox 1524 1007 1947 1063; x_wconf 85' lang='lat' dir='ltr'><strong>simulationem</strong></span> <span class='ocrx_word' id='word_1_62' title='bbox 2002 1010 2151 1080; x_wconf 89' lang='lat' dir='ltr'><strong>ipsos</strong></span> 
     </span>
    </p>
   </div>
   <div class='ocr_carea' id='block_1_11' title="bbox 518 1095 2150 1174">
    <p class='ocr_par' dir='ltr' id='par_1_11' title="bbox 518 1095 2150 1174">
     <span class='ocr_line' id='line_1_11' title="bbox 518 1095 2150 1174; baseline 0.007 -28"><span class='ocrx_word' id='word_1_63' title='bbox 518 1097 779 1149; x_wconf 89' lang='lat' dir='ltr'><strong>sanctum</strong></span> <span class='ocrx_word' id='word_1_64' title='bbox 816 1095 1103 1165; x_wconf 90' lang='lat' dir='ltr'><strong>baptisma</strong></span> <span class='ocrx_word' id='word_1_65' title='bbox 1137 1100 1527 1169; x_wconf 86' lang='lat' dir='ltr'><strong>assumpsisse,</strong></span> <span class='ocrx_word' id='word_1_66' title='bbox 1559 1116 1657 1155; x_wconf 87' lang='lat' dir='ltr'><strong>eos</strong></span> <span class='ocrx_word' id='word_1_67' title='bbox 1690 1102 1963 1171; x_wconf 84' lang='lat' dir='ltr'><strong>proscribi</strong></span> <span class='ocrx_word' id='word_1_68' title='bbox 1988 1103 2150 1174; x_wconf 87' lang='lat' dir='ltr'><strong>jube-</strong></span> 
     </span>
    </p>
   </div>
   <div class='ocr_carea' id='block_1_12' title="bbox 520 1187 2149 1267">
    <p class='ocr_par' dir='ltr' id='par_1_12' title="bbox 520 1187 2149 1267">
     <span class='ocr_line' id='line_1_12' title="bbox 520 1187 2149 1267; baseline 0.008 -29"><span class='ocrx_word' id='word_1_69' title='bbox 520 1201 670 1251; x_wconf 91' lang='lat' dir='ltr'><strong>mus,</strong></span> <span class='ocrx_word' id='word_1_70' title='bbox 704 1187 835 1241; x_wconf 87' lang='lat' dir='ltr'><strong>etin</strong></span> <span class='ocrx_word' id='word_1_71' title='bbox 855 1194 1197 1260; x_wconf 88' lang='lat' dir='ltr'><strong>perpetuum</strong></span> <span class='ocrx_word' id='word_1_72' title='bbox 1214 1193 1365 1247; x_wconf 91' lang='lat' dir='ltr'><strong>tradi</strong></span> <span class='ocrx_word' id='word_1_73' title='bbox 1388 1194 1665 1250; x_wconf 82' lang='lat' dir='ltr'><strong>exsilium.</strong></span> <span class='ocrx_word' id='word_1_74' title='bbox 1693 1195 1898 1250; x_wconf 85' lang='lat' dir='ltr'><strong>Iisdem</strong></span> <span class='ocrx_word' id='word_1_75' title='bbox 1921 1213 2149 1267; x_wconf 90' lang='lat' dir='ltr'><strong>quoque</strong></span> 
     </span>
    </p>
   </div>
   <div class='ocr_carea' id='block_1_13' title="bbox 523 1279 2147 1356">
    <p class='ocr_par' dir='ltr' id='par_1_13' title="bbox 523 1279 2147 1356">
     <span class='ocr_line' id='line_1_13' title="bbox 523 1279 2147 1356; baseline 0.008 -24"><span class='ocrx_word' id='word_1_76' title='bbox 523 1279 707 1348; x_wconf 87' lang='lat' dir='ltr'><strong>poenis</strong></span> <span class='ocrx_word' id='word_1_77' title='bbox 723 1297 820 1335; x_wconf 92' lang='lat' dir='ltr'><strong>eos</strong></span> <span class='ocrx_word' id='word_1_78' title='bbox 851 1283 1165 1352; x_wconf 87' lang='lat' dir='ltr'><strong>subdimus,</strong></span> <span class='ocrx_word' id='word_1_79' title='bbox 1191 1286 1287 1356; x_wconf 88' lang='lat' dir='ltr'><strong>qui</strong></span> <span class='ocrx_word' id='word_1_80' title='bbox 1320 1290 1521 1341; x_wconf 91' lang='lat' dir='ltr'><strong>contra</strong></span> <span class='ocrx_word' id='word_1_81' title='bbox 1547 1291 1765 1342; x_wconf 90' lang='lat' dir='ltr'><strong>rectam</strong></span> <span class='ocrx_word' id='word_1_82' title='bbox 1794 1289 2147 1345; x_wconf 90' lang='lat' dir='ltr'><strong>Christiano-</strong></span> 
     </span>
    </p>
   </div>
   <div class='ocr_carea' id='block_1_14' title="bbox 521 1373 2146 1452">
    <p class='ocr_par' dir='ltr' id='par_1_14' title="bbox 521 1373 2146 1452">
     <span class='ocr_line' id='line_1_14' title="bbox 521 1373 2146 1452; baseline 0.007 -27"><span class='ocrx_word' id='word_1_83' title='bbox 521 1386 652 1425; x_wconf 88' lang='lat' dir='ltr'><strong>rum</strong></span> <span class='ocrx_word' id='word_1_84' title='bbox 690 1373 865 1429; x_wconf 82' lang='lat' dir='ltr'><strong>ﬁdem</strong></span> <span class='ocrx_word' id='word_1_85' title='bbox 902 1375 1149 1447; x_wconf 90' lang='lat' dir='ltr'><strong>impium</strong></span> <span class='ocrx_word' id='word_1_86' title='bbox 1179 1378 1301 1433; x_wconf 88' lang='lat' dir='ltr'><strong>istis</strong></span> <span class='ocrx_word' id='word_1_87' title='bbox 1342 1380 1724 1450; x_wconf 86' lang='lat' dir='ltr'><strong>patrocinium</strong></span> <span class='ocrx_word' id='word_1_88' title='bbox 1754 1382 2146 1452; x_wconf 66' lang='lat' dir='ltr'><strong>praestiterint.</strong></span> 
     </span>
    </p>
   </div>
   <div class='ocr_carea' id='block_1_15' title="bbox 517 1465 2151 1536">
    <p class='ocr_par' dir='ltr' id='par_1_15' title="bbox 517 1465 2151 1536">
     <span class='ocr_line' id='line_1_15' title="bbox 517 1465 2151 1536; baseline 0.008 -18"><span class='ocrx_word' id='word_1_89' title='bbox 517 1465 932 1536; x_wconf 90' lang='lat' dir='ltr'><strong>Perpulchrum</strong></span> <span class='ocrx_word' id='word_1_90' title='bbox 956 1486 1088 1525; x_wconf 90' lang='lat' dir='ltr'><strong>vero</strong></span> <span class='ocrx_word' id='word_1_91' title='bbox 1114 1471 1280 1526; x_wconf 89' lang='lat' dir='ltr'><strong>nobis</strong></span> <span class='ocrx_word' id='word_1_92' title='bbox 1306 1472 1530 1527; x_wconf 88' lang='lat' dir='ltr'><strong>videtur</strong></span> <span class='ocrx_word' id='word_1_93' title='bbox 1549 1477 1612 1528; x_wconf 91' lang='lat' dir='ltr'><strong>ut</strong></span> <span class='ocrx_word' id='word_1_94' title='bbox 1631 1474 1703 1528; x_wconf 92' lang='lat' dir='ltr'><strong>ad</strong></span> <span class='ocrx_word' id='word_1_95' title='bbox 1732 1474 2151 1531; x_wconf 89' lang='lat' dir='ltr'><strong>incontamina-</strong></span> 
     </span>
    </p>
   </div>
   <div class='ocr_carea' id='block_1_16' title="bbox 518 1562 2146 1639">
    <p class='ocr_par' dir='ltr' id='par_1_16' title="bbox 518 1562 2146 1639">
     <span class='ocr_line' id='line_1_16' title="bbox 518 1562 2146 1639; baseline 0.008 -28"><span class='ocrx_word' id='word_1_96' title='bbox 518 1562 645 1612; x_wconf 89' lang='lat' dir='ltr'><strong>tum</strong></span> <span class='ocrx_word' id='word_1_97' title='bbox 664 1566 1026 1616; x_wconf 88' lang='lat' dir='ltr'><strong>accurrentes</strong></span> <span class='ocrx_word' id='word_1_98' title='bbox 1044 1564 1333 1635; x_wconf 90' lang='lat' dir='ltr'><strong>baptisma</strong></span> <span class='ocrx_word' id='word_1_99' title='bbox 1365 1583 1481 1620; x_wconf 91' lang='lat' dir='ltr'><strong>non</strong></span> <span class='ocrx_word' id='word_1_100' title='bbox 1507 1570 1725 1622; x_wconf 88' lang='lat' dir='ltr'><strong>temere</strong></span> <span class='ocrx_word' id='word_1_101' title='bbox 1746 1568 2146 1639; x_wconf 82' lang='lat' dir='ltr'><strong>suscipiantur,</strong></span> 
     </span>
    </p>
   </div>
   <div class='ocr_carea' id='block_1_17' title="bbox 519 1651 2148 1733">
    <p class='ocr_par' dir='ltr' id='par_1_17' title="bbox 519 1651 2148 1733">
     <span class='ocr_line' id='line_1_17' title="bbox 519 1651 2148 1733; baseline 0.009 -30"><span class='ocrx_word' id='word_1_102' title='bbox 519 1651 617 1705; x_wconf 87' lang='lat' dir='ltr'><strong>sed</strong></span> <span class='ocrx_word' id='word_1_103' title='bbox 647 1669 777 1706; x_wconf 92' lang='lat' dir='ltr'><strong>cum</strong></span> <span class='ocrx_word' id='word_1_104' title='bbox 811 1656 1061 1725; x_wconf 91' lang='lat' dir='ltr'><strong>quadam</strong></span> <span class='ocrx_word' id='word_1_105' title='bbox 1087 1658 1481 1713; x_wconf 86' lang='lat' dir='ltr'><strong>observatione</strong></span> <span class='ocrx_word' id='word_1_106' title='bbox 1509 1663 1566 1713; x_wconf 93' lang='lat' dir='ltr'><strong>et</strong></span> <span class='ocrx_word' id='word_1_107' title='bbox 1595 1660 1990 1730; x_wconf 89' lang='lat' dir='ltr'><strong>instructione,</strong></span> <span class='ocrx_word' id='word_1_108' title='bbox 2019 1679 2148 1733; x_wconf 61' lang='lat' dir='ltr'><strong>quas</strong></span> 
     </span>
    </p>
   </div>
   <div class='ocr_carea' id='block_1_18' title="bbox 520 1743 2146 1825">
    <p class='ocr_par' dir='ltr' id='par_1_18' title="bbox 520 1743 2146 1825">
     <span class='ocr_line' id='line_1_18' title="bbox 520 1743 2146 1825; baseline 0.008 -28"><span class='ocrx_word' id='word_1_109' title='bbox 520 1743 856 1800; x_wconf 85' lang='lat' dir='ltr'><strong>initiationis</strong></span> <span class='ocrx_word' id='word_1_110' title='bbox 872 1753 1132 1819; x_wconf 90' lang='lat' dir='ltr'><strong>tempore</strong></span> <span class='ocrx_word' id='word_1_111' title='bbox 1153 1750 1277 1805; x_wconf 81' lang='lat' dir='ltr'><strong>fieri</strong></span> <span class='ocrx_word' id='word_1_112' title='bbox 1305 1752 1467 1806; x_wconf 86' lang='lat' dir='ltr'><strong>solet.</strong></span> <span class='ocrx_word' id='word_1_113' title='bbox 1484 1752 1732 1807; x_wconf 91' lang='lat' dir='ltr'><strong>Dicimus</strong></span> <span class='ocrx_word' id='word_1_114' title='bbox 1756 1757 1953 1809; x_wconf 90' lang='lat' dir='ltr'><strong>autem</strong></span> <span class='ocrx_word' id='word_1_115' title='bbox 1975 1758 2037 1809; x_wconf 94' lang='lat' dir='ltr'><strong>ut</strong></span> <span class='ocrx_word' id='word_1_116' title='bbox 2048 1755 2146 1825; x_wconf 89' lang='lat' dir='ltr'><strong>qui</strong></span> 
     </span>
    </p>
   </div>
   <div class='ocr_carea' id='block_1_19' title="bbox 520 1837 2143 1918">
    <p class='ocr_par' dir='ltr' id='par_1_19' title="bbox 520 1837 2143 1918">
     <span class='ocr_line' id='line_1_19' title="bbox 520 1837 2143 1918; baseline 0.007 -28"><span class='ocrx_word' id='word_1_117' title='bbox 520 1837 760 1893; x_wconf 89' lang='lat' dir='ltr'><strong>omnino</strong></span> <span class='ocrx_word' id='word_1_118' title='bbox 792 1856 961 1894; x_wconf 89' lang='lat' dir='ltr'><strong>sensu</strong></span> <span class='ocrx_word' id='word_1_119' title='bbox 986 1842 1180 1913; x_wconf 90' lang='lat' dir='ltr'><strong>aliquo</strong></span> <span class='ocrx_word' id='word_1_120' title='bbox 1200 1843 1368 1897; x_wconf 65' lang='lat' dir='ltr'><strong>bona:</strong></span> <span class='ocrx_word' id='word_1_121' title='bbox 1396 1844 1673 1899; x_wconf 62' lang='lat' dir='ltr'><strong>doctrinae</strong></span> <span class='ocrx_word' id='word_1_122' title='bbox 1699 1846 1864 1916; x_wconf 82' lang='lat' dir='ltr'><strong>tangi</strong></span> <span class='ocrx_word' id='word_1_123' title='bbox 1884 1853 2143 1918; x_wconf 89' lang='lat' dir='ltr'><strong>possunt,</strong></span> 
     </span>
    </p>
   </div>
   <div class='ocr_carea' id='block_1_20' title="bbox 520 1930 2147 2010">
    <p class='ocr_par' dir='ltr' id='par_1_20' title="bbox 520 1930 2147 2010">
     <span class='ocr_line' id='line_1_20' title="bbox 520 1930 2147 2010; baseline 0.007 -27"><span class='ocrx_word' id='word_1_124' title='bbox 520 1947 625 2001; x_wconf 87' lang='lat' dir='ltr'><strong>per</strong></span> <span class='ocrx_word' id='word_1_125' title='bbox 653 1930 796 1986; x_wconf 89' lang='lat' dir='ltr'><strong>duos</strong></span> <span class='ocrx_word' id='word_1_126' title='bbox 814 1933 1064 2002; x_wconf 90' lang='lat' dir='ltr'><strong>primum</strong></span> <span class='ocrx_word' id='word_1_127' title='bbox 1092 1951 1276 1990; x_wconf 90' lang='lat' dir='ltr'><strong>annos</strong></span> <span class='ocrx_word' id='word_1_128' title='bbox 1308 1937 1365 1990; x_wconf 91' lang='lat' dir='ltr'><strong>in</strong></span> <span class='ocrx_word' id='word_1_129' title='bbox 1395 1937 1510 1991; x_wconf 82' lang='lat' dir='ltr'><strong>ﬁde</strong></span> <span class='ocrx_word' id='word_1_130' title='bbox 1544 1938 1934 2006; x_wconf 90' lang='lat' dir='ltr'><strong>instituantur,</strong></span> <span class='ocrx_word' id='word_1_131' title='bbox 1958 1943 2018 1994; x_wconf 91' lang='lat' dir='ltr'><strong>et</strong></span> <span class='ocrx_word' id='word_1_132' title='bbox 2040 1956 2147 2010; x_wconf 91' lang='lat' dir='ltr'><strong>pro</strong></span> 
     </span>
    </p>
   </div>
   <div class='ocr_carea' id='block_1_21' title="bbox 518 2022 2148 2101">
    <p class='ocr_par' dir='ltr' id='par_1_21' title="bbox 518 2022 2148 2101">
     <span class='ocr_line' id='line_1_21' title="bbox 518 2022 2148 2101; baseline 0.007 -26"><span class='ocrx_word' id='word_1_133' title='bbox 518 2022 730 2077; x_wconf 87' lang='lat' dir='ltr'><strong>viribus</strong></span> <span class='ocrx_word' id='word_1_134' title='bbox 761 2024 1077 2096; x_wconf 90' lang='lat' dir='ltr'><strong>Scripturas</strong></span> <span class='ocrx_word' id='word_1_135' title='bbox 1107 2027 1399 2097; x_wconf 87' lang='lat' dir='ltr'><strong>ediscant;</strong></span> <span class='ocrx_word' id='word_1_136' title='bbox 1437 2034 1687 2101; x_wconf 88' lang='lat' dir='ltr'><strong>tuncque</strong></span> <span class='ocrx_word' id='word_1_137' title='bbox 1725 2031 1959 2086; x_wconf 92' lang='lat' dir='ltr'><strong>demum</strong></span> <span class='ocrx_word' id='word_1_138' title='bbox 1986 2049 2148 2088; x_wconf 90' lang='lat' dir='ltr'><strong>sacro</strong></span> 
     </span>
    </p>
   </div>
   <div class='ocr_carea' id='block_1_22' title="bbox 518 2115 2149 2196">
    <p class='ocr_par' dir='ltr' id='par_1_22' title="bbox 518 2115 2149 2196">
     <span class='ocr_line' id='line_1_22' title="bbox 518 2115 2149 2196; baseline 0.007 -27"><span class='ocrx_word' id='word_1_139' title='bbox 518 2115 935 2188; x_wconf 85' lang='lat' dir='ltr'><strong>redemptionis</strong></span> <span class='ocrx_word' id='word_1_140' title='bbox 956 2119 1275 2175; x_wconf 75' lang='lat' dir='ltr'><strong>offerantur</strong></span> <span class='ocrx_word' id='word_1_141' title='bbox 1303 2122 1656 2193; x_wconf 89' lang='lat' dir='ltr'><strong>baptismati,</strong></span> <span class='ocrx_word' id='word_1_142' title='bbox 1680 2128 1799 2179; x_wconf 89' lang='lat' dir='ltr'><strong>tam</strong></span> <span class='ocrx_word' id='word_1_143' title='bbox 1819 2125 1978 2196; x_wconf 80' lang='lat' dir='ltr'><strong>longi</strong></span> <span class='ocrx_word' id='word_1_144' title='bbox 2004 2130 2149 2180; x_wconf 88' lang='lat' dir='ltr'><strong>tem-</strong></span> 
     </span>
    </p>
   </div>
   <div class='ocr_carea' id='block_1_23' title="bbox 521 2208 2146 2287">
    <p class='ocr_par' dir='ltr' id='par_1_23' title="bbox 521 2208 2146 2287">
     <span class='ocr_line' id='line_1_23' title="bbox 521 2208 2146 2287; baseline 0.007 -25"><span class='ocrx_word' id='word_1_145' title='bbox 521 2208 676 2279; x_wconf 88' lang='lat' dir='ltr'><strong>poris</strong></span> <span class='ocrx_word' id='word_1_146' title='bbox 697 2211 1035 2281; x_wconf 71' lang='lat' dir='ltr'><strong>poenitentia</strong></span> <span class='ocrx_word' id='word_1_147' title='bbox 1063 2230 1296 2284; x_wconf 91' lang='lat' dir='ltr'><strong>prorsus</strong></span> <span class='ocrx_word' id='word_1_148' title='bbox 1334 2216 2033 2287; x_wconf 75' lang='lat' dir='ltr'><strong>redemptionis&#39;fructum</strong></span> <span class='ocrx_word' id='word_1_149' title='bbox 2056 2235 2146 2273; x_wconf 90' lang='lat' dir='ltr'><strong>as-</strong></span> 
     </span>
    </p>
   </div>
   <div class='ocr_carea' id='block_1_24' title="bbox 519 2302 2147 2382">
    <p class='ocr_par' dir='ltr' id='par_1_24' title="bbox 519 2302 2147 2382">
     <span class='ocr_line' id='line_1_24' title="bbox 519 2302 2147 2382; baseline 0.007 -26"><span class='ocrx_word' id='word_1_150' title='bbox 519 2302 715 2358; x_wconf 88' lang='lat' dir='ltr'><strong>secuti.</strong></span> <span class='ocrx_word' id='word_1_151' title='bbox 760 2306 974 2360; x_wconf 87' lang='lat' dir='ltr'><strong>Pueros</strong></span> <span class='ocrx_word' id='word_1_152' title='bbox 1022 2310 1215 2361; x_wconf 90' lang='lat' dir='ltr'><strong>autem</strong></span> <span class='ocrx_word' id='word_1_153' title='bbox 1258 2308 1595 2376; x_wconf 89' lang='lat' dir='ltr'><strong>admodum,</strong></span> <span class='ocrx_word' id='word_1_154' title='bbox 1647 2311 1743 2381; x_wconf 88' lang='lat' dir='ltr'><strong>qui</strong></span> <span class='ocrx_word' id='word_1_155' title='bbox 1789 2328 1896 2382; x_wconf 91' lang='lat' dir='ltr'><strong>per</strong></span> <span class='ocrx_word' id='word_1_156' title='bbox 1919 2315 2147 2367; x_wconf 70' lang='lat' dir='ltr'><strong>mtatem</strong></span> 
     </span>
    </p>
   </div>
   <div class='ocr_carea' id='block_1_25' title="bbox 518 2394 2148 2476">
    <p class='ocr_par' dir='ltr' id='par_1_25' title="bbox 518 2394 2148 2476">
     <span class='ocr_line' id='line_1_25' title="bbox 518 2394 2148 2476; baseline 0.007 -28"><span class='ocrx_word' id='word_1_157' title='bbox 518 2394 807 2451; x_wconf 87' lang='lat' dir='ltr'><strong>doctrinas</strong></span> <span class='ocrx_word' id='word_1_158' title='bbox 850 2398 1170 2469; x_wconf 77' lang='lat' dir='ltr'><strong>intelligere</strong></span> <span class='ocrx_word' id='word_1_159' title='bbox 1210 2406 1525 2471; x_wconf 85' lang='lat' dir='ltr'><strong>nequeunt,</strong></span> <span class='ocrx_word' id='word_1_160' title='bbox 1571 2403 1747 2458; x_wconf 91' lang='lat' dir='ltr'><strong>etiam</strong></span> <span class='ocrx_word' id='word_1_161' title='bbox 1783 2405 1999 2476; x_wconf 87' lang='lat' dir='ltr'><strong>absque</strong></span> <span class='ocrx_word' id='word_1_162' title='bbox 2041 2405 2148 2460; x_wconf 89' lang='lat' dir='ltr'><strong>hac</strong></span> 
     </span>
    </p>
   </div>
   <div class='ocr_carea' id='block_1_26' title="bbox 520 2487 2144 2564">
    <p class='ocr_par' dir='ltr' id='par_1_26' title="bbox 520 2487 2144 2564">
     <span class='ocr_line' id='line_1_26' title="bbox 520 2487 2144 2564; baseline 0.007 -23"><span class='ocrx_word' id='word_1_163' title='bbox 520 2487 917 2544; x_wconf 84' lang='lat' dir='ltr'><strong>observatione</strong></span> <span class='ocrx_word' id='word_1_164' title='bbox 944 2507 1104 2547; x_wconf 90' lang='lat' dir='ltr'><strong>sacro</strong></span> <span class='ocrx_word' id='word_1_165' title='bbox 1137 2492 1361 2563; x_wconf 88' lang='lat' dir='ltr'><strong>dignari</strong></span> <span class='ocrx_word' id='word_1_166' title='bbox 1396 2495 1740 2564; x_wconf 86' lang='lat' dir='ltr'><strong>baptismate</strong></span> <span class='ocrx_word' id='word_1_167' title='bbox 1767 2497 2144 2552; x_wconf 90' lang='lat' dir='ltr'><strong>admittimus.</strong></span> 
     </span>
    </p>
   </div>
   <div class='ocr_carea' id='block_1_27' title="bbox 517 2581 2150 2646">
    <p class='ocr_par' dir='ltr' id='par_1_27' title="bbox 517 2581 2150 2646">
     <span class='ocr_line' id='line_1_27' title="bbox 517 2581 2150 2646; baseline 0.006 -11"><span class='ocrx_word' id='word_1_168' title='bbox 517 2581 694 2635; x_wconf 87' lang='lat' dir='ltr'><strong>Porro</strong></span> <span class='ocrx_word' id='word_1_169' title='bbox 748 2583 937 2636; x_wconf 91' lang='lat' dir='ltr'><strong>nullus</strong></span> <span class='ocrx_word' id='word_1_170' title='bbox 1004 2583 1401 2640; x_wconf 87' lang='lat' dir='ltr'><strong>Samaritanus</strong></span> <span class='ocrx_word' id='word_1_171' title='bbox 1463 2588 1849 2642; x_wconf 90' lang='lat' dir='ltr'><strong>Christianum</strong></span> <span class='ocrx_word' id='word_1_172' title='bbox 1913 2590 2150 2646; x_wconf 82' lang='lat' dir='ltr'><strong>habebit</strong></span> 
     </span>
    </p>
   </div>
   <div class='ocr_carea' id='block_1_28' title="bbox 518 2673 2145 2755">
    <p class='ocr_par' dir='ltr' id='par_1_28' title="bbox 518 2673 2145 2755">
     <span class='ocr_line' id='line_1_28' title="bbox 518 2673 2145 2755; baseline 0.009 -30"><span class='ocrx_word' id='word_1_173' title='bbox 518 2673 895 2744; x_wconf 88' lang='lat' dir='ltr'><strong>mancipium,</strong></span> <span class='ocrx_word' id='word_1_174' title='bbox 924 2677 1025 2731; x_wconf 90' lang='lat' dir='ltr'><strong>sed</strong></span> <span class='ocrx_word' id='word_1_175' title='bbox 1047 2678 1213 2732; x_wconf 90' lang='lat' dir='ltr'><strong>simul</strong></span> <span class='ocrx_word' id='word_1_176' title='bbox 1240 2682 1413 2750; x_wconf 89' lang='lat' dir='ltr'><strong>atque</strong></span> <span class='ocrx_word' id='word_1_177' title='bbox 1455 2684 1717 2752; x_wconf 92' lang='lat' dir='ltr'><strong>emptum</strong></span> <span class='ocrx_word' id='word_1_178' title='bbox 1763 2682 1954 2749; x_wconf 89' lang='lat' dir='ltr'><strong>fuerit,</strong></span> <span class='ocrx_word' id='word_1_179' title='bbox 2010 2700 2145 2755; x_wconf 88' lang='lat' dir='ltr'><strong>pro-</strong></span> 
     </span>
    </p>
   </div>
   <div class='ocr_carea' id='block_1_29' title="bbox 519 2764 1429 2842">
    <p class='ocr_par' dir='ltr' id='par_1_29' title="bbox 519 2764 1429 2842">
     <span class='ocr_line' id='line_1_29' title="bbox 519 2764 1429 2842; baseline 0.01 -24"><span class='ocrx_word' id='word_1_180' title='bbox 519 2764 673 2819; x_wconf 89' lang='lat' dir='ltr'><strong>tinus</strong></span> <span class='ocrx_word' id='word_1_181' title='bbox 701 2766 758 2820; x_wconf 90' lang='lat' dir='ltr'><strong>in</strong></span> <span class='ocrx_word' id='word_1_182' title='bbox 794 2768 1118 2824; x_wconf 89' lang='lat' dir='ltr'><strong>libertatem</strong></span> <span class='ocrx_word' id='word_1_183' title='bbox 1150 2771 1429 2842; x_wconf 88' lang='lat' dir='ltr'><strong>rapiatur.</strong></span> 
     </span>
    </p>
   </div>
   <div class='ocr_carea' id='block_1_30' title="bbox 590 2858 2150 2938">
    <p class='ocr_par' dir='ltr' id='par_1_30' title="bbox 590 2858 2150 2938">
     <span class='ocr_line' id='line_1_30' title="bbox 590 2858 2150 2938; baseline 0.007 -26"><span class='ocrx_word' id='word_1_184' title='bbox 590 2858 757 2922; x_wconf 86' lang='lat' dir='ltr'><strong>Quod</strong></span> <span class='ocrx_word' id='word_1_185' title='bbox 785 2860 830 2914; x_wconf 89' lang='lat' dir='ltr'><strong>si</strong></span> <span class='ocrx_word' id='word_1_186' title='bbox 854 2877 1017 2932; x_wconf 65' lang='lat' dir='ltr'><strong>azque</strong></span> <span class='ocrx_word' id='word_1_187' title='bbox 1043 2879 1315 2933; x_wconf 89' lang='lat' dir='ltr'><strong>perversa</strong></span> <span class='ocrx_word' id='word_1_188' title='bbox 1348 2865 1632 2936; x_wconf 84' lang='lat' dir='ltr'><strong>opinione</strong></span> <span class='ocrx_word' id='word_1_189' title='bbox 1677 2868 2051 2938; x_wconf 88' lang='lat' dir='ltr'><strong>mancipium,</strong></span> <span class='ocrx_word' id='word_1_190' title='bbox 2087 2875 2150 2924; x_wconf 91' lang='lat' dir='ltr'><strong>ut</strong></span> 
     </span>
    </p>
   </div>
   <div class='ocr_carea' id='block_1_31' title="bbox 518 2951 2146 3025">
    <p class='ocr_par' dir='ltr' id='par_1_31' title="bbox 518 2951 2146 3025">
     <span class='ocr_line' id='line_1_31' title="bbox 518 2951 2146 3025; baseline 0.007 -21"><span class='ocrx_word' id='word_1_191' title='bbox 518 2951 638 3021; x_wconf 90' lang='lat' dir='ltr'><strong>ipse</strong></span> <span class='ocrx_word' id='word_1_192' title='bbox 671 2951 957 3021; x_wconf 91' lang='lat' dir='ltr'><strong>dominus,</strong></span> <span class='ocrx_word' id='word_1_193' title='bbox 989 2956 1181 3023; x_wconf 85' lang='lat' dir='ltr'><strong>fuerit,</strong></span> <span class='ocrx_word' id='word_1_194' title='bbox 1210 2957 1430 3012; x_wconf 91' lang='lat' dir='ltr'><strong>licitum</strong></span> <span class='ocrx_word' id='word_1_195' title='bbox 1452 2960 1503 3013; x_wconf 92' lang='lat' dir='ltr'><strong>ei</strong></span> <span class='ocrx_word' id='word_1_196' title='bbox 1535 2963 1678 3025; x_wconf 89' lang='lat' dir='ltr'><strong>esto,</strong></span> <span class='ocrx_word' id='word_1_197' title='bbox 1708 2960 1754 3014; x_wconf 91' lang='lat' dir='ltr'><strong>si</strong></span> <span class='ocrx_word' id='word_1_198' title='bbox 1794 2960 2146 3016; x_wconf 87' lang='lat' dir='ltr'><strong>Christiano-</strong></span> 
     </span>
    </p>
   </div>
   <div class='ocr_carea' id='block_1_32' title="bbox 516 3045 2148 3120">
    <p class='ocr_par' dir='ltr' id='par_1_32' title="bbox 516 3045 2148 3120">
     <span class='ocr_line' id='line_1_32' title="bbox 516 3045 2148 3120; baseline 0.007 -22"><span class='ocrx_word' id='word_1_199' title='bbox 516 3060 644 3099; x_wconf 87' lang='lat' dir='ltr'><strong>rum</strong></span> <span class='ocrx_word' id='word_1_200' title='bbox 662 3045 733 3099; x_wconf 93' lang='lat' dir='ltr'><strong>de</strong></span> <span class='ocrx_word' id='word_1_201' title='bbox 752 3046 864 3100; x_wconf 80' lang='lat' dir='ltr'><strong>ﬁde</strong></span> <span class='ocrx_word' id='word_1_202' title='bbox 884 3049 1229 3103; x_wconf 90' lang='lat' dir='ltr'><strong>sententiam</strong></span> <span class='ocrx_word' id='word_1_203' title='bbox 1252 3051 1625 3120; x_wconf 90' lang='lat' dir='ltr'><strong>exosculetur,</strong></span> <span class='ocrx_word' id='word_1_204' title='bbox 1648 3052 1797 3107; x_wconf 88' lang='lat' dir='ltr'><strong>illico</strong></span> <span class='ocrx_word' id='word_1_205' title='bbox 1818 3057 1876 3107; x_wconf 91' lang='lat' dir='ltr'><strong>et</strong></span> <span class='ocrx_word' id='word_1_206' title='bbox 1890 3054 2148 3109; x_wconf 82' lang='lat' dir='ltr'><strong>Romana</strong></span> 
     </span>
    </p>
   </div>
   <div class='ocr_carea' id='block_1_33' title="bbox 2254 539 3887 614">
    <p class='ocr_par' dir='ltr' id='par_1_33' title="bbox 2254 539 3887 614">
     <span class='ocr_line' id='line_1_33' title="bbox 2254 539 3887 614; baseline 0 -20"><span class='ocrx_word' id='word_1_207' title='bbox 2254 539 2510 610; x_wconf 86' lang='lat' dir='ltr'><strong>itemque</strong></span> <span class='ocrx_word' id='word_1_208' title='bbox 2536 541 2724 611; x_wconf 83' lang='lat' dir='ltr'><strong>patria</strong></span> <span class='ocrx_word' id='word_1_209' title='bbox 2752 559 2817 596; x_wconf 90' lang='lat' dir='ltr'><strong>ac</strong></span> <span class='ocrx_word' id='word_1_210' title='bbox 2836 543 3006 610; x_wconf 88' lang='lat' dir='ltr'><strong>forte,</strong></span> <span class='ocrx_word' id='word_1_211' title='bbox 3030 558 3241 614; x_wconf 88' lang='lat' dir='ltr'><strong>nempe</strong></span> <span class='ocrx_word' id='word_1_212' title='bbox 3268 542 3483 608; x_wconf 80' lang='lat' dir='ltr'><strong>Italica,</strong></span> <span class='ocrx_word' id='word_1_213' title='bbox 3511 546 3612 595; x_wconf 87' lang='lat' dir='ltr'><strong>aut</strong></span> <span class='ocrx_word' id='word_1_214' title='bbox 3628 557 3887 611; x_wconf 84' lang='lat' dir='ltr'><strong>quacun-</strong></span> 
     </span>
    </p>
   </div>
   <div class='ocr_carea' id='block_1_34' title="bbox 2254 632 3887 706">
    <p class='ocr_par' dir='ltr' id='par_1_34' title="bbox 2254 632 3887 706">
     <span class='ocr_line' id='line_1_34' title="bbox 2254 632 3887 706; baseline 0.001 -21"><span class='ocrx_word' id='word_1_215' title='bbox 2254 648 2365 702; x_wconf 88' lang='lat' dir='ltr'><strong>que</strong></span> <span class='ocrx_word' id='word_1_216' title='bbox 2390 632 2501 687; x_wconf 89' lang='lat' dir='ltr'><strong>alia</strong></span> <span class='ocrx_word' id='word_1_217' title='bbox 2522 650 2626 704; x_wconf 91' lang='lat' dir='ltr'><strong>pro</strong></span> <span class='ocrx_word' id='word_1_218' title='bbox 2647 634 2757 689; x_wconf 90' lang='lat' dir='ltr'><strong>loci</strong></span> <span class='ocrx_word' id='word_1_219' title='bbox 2773 635 2998 690; x_wconf 88' lang='lat' dir='ltr'><strong>ratione</strong></span> <span class='ocrx_word' id='word_1_220' title='bbox 3021 638 3243 690; x_wconf 90' lang='lat' dir='ltr'><strong>mutata</strong></span> <span class='ocrx_word' id='word_1_221' title='bbox 3264 636 3481 706; x_wconf 85' lang='lat' dir='ltr'><strong>lingua,</strong></span> <span class='ocrx_word' id='word_1_222' title='bbox 3501 633 3887 688; x_wconf 86' lang='lat' dir='ltr'><strong>sacroslibros</strong></span> 
     </span>
    </p>
   </div>
   <div class='ocr_carea' id='block_1_35' title="bbox 2252 724 3890 799">
    <p class='ocr_par' dir='ltr' id='par_1_35' title="bbox 2252 724 3890 799">
     <span class='ocr_line' id='line_1_35' title="bbox 2252 724 3890 799; baseline 0.001 -21"><span class='ocrx_word' id='word_1_223' title='bbox 2252 724 2704 795; x_wconf 89' lang='lat' dir='ltr'><strong>intelligentibus</strong></span> <span class='ocrx_word' id='word_1_224' title='bbox 2722 727 2944 797; x_wconf 88' lang='lat' dir='ltr'><strong>legere:</strong></span> <span class='ocrx_word' id='word_1_225' title='bbox 2965 745 3080 799; x_wconf 92' lang='lat' dir='ltr'><strong>quo</strong></span> <span class='ocrx_word' id='word_1_226' title='bbox 3096 728 3280 798; x_wconf 90' lang='lat' dir='ltr'><strong>magis</strong></span> <span class='ocrx_word' id='word_1_227' title='bbox 3298 745 3403 798; x_wconf 91' lang='lat' dir='ltr'><strong>per</strong></span> <span class='ocrx_word' id='word_1_228' title='bbox 3420 728 3678 798; x_wconf 89' lang='lat' dir='ltr'><strong>ipsorum</strong></span> <span class='ocrx_word' id='word_1_229' title='bbox 3697 725 3890 780; x_wconf 84' lang='lat' dir='ltr'><strong>lectio-</strong></span> 
     </span>
    </p>
   </div>
   <div class='ocr_carea' id='block_1_36' title="bbox 2252 818 3885 890">
    <p class='ocr_par' dir='ltr' id='par_1_36' title="bbox 2252 818 3885 890">
     <span class='ocr_line' id='line_1_36' title="bbox 2252 818 3885 890; baseline -0.001 -18"><span class='ocrx_word' id='word_1_230' title='bbox 2252 835 2383 872; x_wconf 89' lang='lat' dir='ltr'><strong>nem</strong></span> <span class='ocrx_word' id='word_1_231' title='bbox 2413 819 2866 890; x_wconf 88' lang='lat' dir='ltr'><strong>intelligentibus</strong></span> <span class='ocrx_word' id='word_1_232' title='bbox 2885 823 3005 876; x_wconf 91' lang='lat' dir='ltr'><strong>tota</strong></span> <span class='ocrx_word' id='word_1_233' title='bbox 3031 822 3311 876; x_wconf 88' lang='lat' dir='ltr'><strong>dictorum</strong></span> <span class='ocrx_word' id='word_1_234' title='bbox 3335 821 3508 874; x_wconf 88' lang='lat' dir='ltr'><strong>series</strong></span> <span class='ocrx_word' id='word_1_235' title='bbox 3529 818 3733 875; x_wconf 85' lang='lat' dir='ltr'><strong>ordine</strong></span> <span class='ocrx_word' id='word_1_236' title='bbox 3757 834 3885 872; x_wconf 89' lang='lat' dir='ltr'><strong>ma-</strong></span> 
     </span>
    </p>
   </div>
   <div class='ocr_carea' id='block_1_37' title="bbox 2252 911 3890 984">
    <p class='ocr_par' dir='ltr' id='par_1_37' title="bbox 2252 911 3890 984">
     <span class='ocr_line' id='line_1_37' title="bbox 2252 911 3890 984; baseline 0 -20"><span class='ocrx_word' id='word_1_237' title='bbox 2252 911 2458 965; x_wconf 83' lang='lat' dir='ltr'><strong>nifesta</strong></span> <span class='ocrx_word' id='word_1_238' title='bbox 2485 912 2576 977; x_wconf 90' lang='lat' dir='ltr'><strong>sit,</strong></span> <span class='ocrx_word' id='word_1_239' title='bbox 2615 913 3047 984; x_wconf 84' lang='lat' dir='ltr'><strong>secundumque</strong></span> <span class='ocrx_word' id='word_1_240' title='bbox 3076 930 3144 969; x_wconf 92' lang='lat' dir='ltr'><strong>ea</strong></span> <span class='ocrx_word' id='word_1_241' title='bbox 3179 920 3233 969; x_wconf 93' lang='lat' dir='ltr'><strong>et</strong></span> <span class='ocrx_word' id='word_1_242' title='bbox 3276 914 3451 968; x_wconf 89' lang='lat' dir='ltr'><strong>vitam</strong></span> <span class='ocrx_word' id='word_1_243' title='bbox 3481 919 3538 966; x_wconf 90' lang='lat' dir='ltr'><strong>et</strong></span> <span class='ocrx_word' id='word_1_244' title='bbox 3568 911 3756 966; x_wconf 91' lang='lat' dir='ltr'><strong>studia</strong></span> <span class='ocrx_word' id='word_1_245' title='bbox 3782 926 3890 965; x_wconf 85' lang='lat' dir='ltr'><strong>sua</strong></span> 
     </span>
    </p>
   </div>
   <div class='ocr_carea' id='block_1_38' title="bbox 2252 1003 3889 1078">
    <p class='ocr_par' dir='ltr' id='par_1_38' title="bbox 2252 1003 3889 1078">
     <span class='ocr_line' id='line_1_38' title="bbox 2252 1003 3889 1078; baseline -0.002 -19"><span class='ocrx_word' id='word_1_246' title='bbox 2252 1003 2582 1069; x_wconf 85' lang='lat' dir='ltr'><strong>instituant;</strong></span> <span class='ocrx_word' id='word_1_247' title='bbox 2607 1022 2794 1076; x_wconf 86' lang='lat' dir='ltr'><strong>neque</strong></span> <span class='ocrx_word' id='word_1_248' title='bbox 2822 1007 3062 1060; x_wconf 80' lang='lat' dir='ltr'><strong>facultas</strong></span> <span class='ocrx_word' id='word_1_249' title='bbox 3087 1008 3158 1062; x_wconf 89' lang='lat' dir='ltr'><strong>sit</strong></span> <span class='ocrx_word' id='word_1_250' title='bbox 3188 1007 3442 1078; x_wconf 89' lang='lat' dir='ltr'><strong>ipsorum</strong></span> <span class='ocrx_word' id='word_1_251' title='bbox 3472 1003 3889 1076; x_wconf 88' lang='lat' dir='ltr'><strong>interpretibus</strong></span> 
     </span>
    </p>
   </div>
   <div class='ocr_carea' id='block_1_39' title="bbox 2251 1098 3886 1170">
    <p class='ocr_par' dir='ltr' id='par_1_39' title="bbox 2251 1098 3886 1170">
     <span class='ocr_line' id='line_1_39' title="bbox 2251 1098 3886 1170; baseline 0 -19"><span class='ocrx_word' id='word_1_252' title='bbox 2251 1098 2348 1169; x_wconf 91' lang='lat' dir='ltr'><strong>qui</strong></span> <span class='ocrx_word' id='word_1_253' title='bbox 2380 1100 2561 1153; x_wconf 90' lang='lat' dir='ltr'><strong>solam</strong></span> <span class='ocrx_word' id='word_1_254' title='bbox 2595 1101 2925 1154; x_wconf 82' lang='lat' dir='ltr'><strong>Hebraicam</strong></span> <span class='ocrx_word' id='word_1_255' title='bbox 2949 1105 3249 1155; x_wconf 89' lang='lat' dir='ltr'><strong>assumunt</strong></span> <span class='ocrx_word' id='word_1_256' title='bbox 3274 1101 3532 1170; x_wconf 89' lang='lat' dir='ltr'><strong>linguam</strong></span> <span class='ocrx_word' id='word_1_257' title='bbox 3570 1104 3631 1153; x_wconf 92' lang='lat' dir='ltr'><strong>ut</strong></span> <span class='ocrx_word' id='word_1_258' title='bbox 3656 1115 3758 1153; x_wconf 92' lang='lat' dir='ltr'><strong>suo</strong></span> <span class='ocrx_word' id='word_1_259' title='bbox 3788 1114 3886 1152; x_wconf 91' lang='lat' dir='ltr'><strong>ar-</strong></span> 
     </span>
    </p>
   </div>
   <div class='ocr_carea' id='block_1_40' title="bbox 2248 1189 3889 1266">
    <p class='ocr_par' dir='ltr' id='par_1_40' title="bbox 2248 1189 3889 1266">
     <span class='ocr_line' id='line_1_40' title="bbox 2248 1189 3889 1266; baseline 0 -21"><span class='ocrx_word' id='word_1_260' title='bbox 2248 1189 2460 1247; x_wconf 88' lang='lat' dir='ltr'><strong>bitratu</strong></span> <span class='ocrx_word' id='word_1_261' title='bbox 2507 1193 2791 1248; x_wconf 87' lang='lat' dir='ltr'><strong>malitiose</strong></span> <span class='ocrx_word' id='word_1_262' title='bbox 2832 1194 2982 1248; x_wconf 89' lang='lat' dir='ltr'><strong>hanc</strong></span> <span class='ocrx_word' id='word_1_263' title='bbox 3026 1198 3294 1261; x_wconf 87' lang='lat' dir='ltr'><strong>tractent,</strong></span> <span class='ocrx_word' id='word_1_264' title='bbox 3351 1194 3507 1266; x_wconf 85' lang='lat' dir='ltr'><strong>vulgi</strong></span> <span class='ocrx_word' id='word_1_265' title='bbox 3549 1190 3889 1264; x_wconf 86' lang='lat' dir='ltr'><strong>ignorantia</strong></span> 
     </span>
    </p>
   </div>
   <div class='ocr_carea' id='block_1_41' title="bbox 2250 1269 3185 1357">
    <p class='ocr_par' dir='ltr' id='par_1_41' title="bbox 2250 1269 3185 1357">
     <span class='ocr_line' id='line_1_41' title="bbox 2250 1269 3185 1357; baseline 0.004 -19"><span class='ocrx_word' id='word_1_266' title='bbox 2250 1301 2413 1339; x_wconf 88' lang='lat' dir='ltr'><strong>suam</strong></span> <span class='ocrx_word' id='word_1_267' title='bbox 2443 1288 2707 1357; x_wconf 89' lang='lat' dir='ltr'><strong>tegentes</strong></span> <span class='ocrx_word' id='word_1_268' title='bbox 2724 1269 3185 1357; x_wconf 78' lang='lat' dir='ltr'><strong>improbitatem.</strong></span> 
     </span>
    </p>
   </div>
   <div class='ocr_carea' id='block_1_42' title="bbox 2321 1378 3887 1452">
    <p class='ocr_par' dir='ltr' id='par_1_42' title="bbox 2321 1378 3887 1452">
     <span class='ocr_line' id='line_1_42' title="bbox 2321 1378 3887 1452; baseline 0 -21"><span class='ocrx_word' id='word_1_269' title='bbox 2321 1378 2623 1434; x_wconf 87' lang='lat' dir='ltr'><strong>Enimvero</strong></span> <span class='ocrx_word' id='word_1_270' title='bbox 2654 1380 2753 1450; x_wconf 89' lang='lat' dir='ltr'><strong>qui</strong></span> <span class='ocrx_word' id='word_1_271' title='bbox 2782 1381 2979 1434; x_wconf 72' lang='lat' dir='ltr'><strong>Graeca</strong></span> <span class='ocrx_word' id='word_1_272' title='bbox 3006 1380 3204 1451; x_wconf 89' lang='lat' dir='ltr'><strong>lingua</strong></span> <span class='ocrx_word' id='word_1_273' title='bbox 3224 1381 3426 1452; x_wconf 90' lang='lat' dir='ltr'><strong>legunt</strong></span> <span class='ocrx_word' id='word_1_274' title='bbox 3454 1379 3887 1435; x_wconf 87' lang='lat' dir='ltr'><strong>utenturinter—</strong></span> 
     </span>
    </p>
   </div>
   <div class='ocr_carea' id='block_1_43' title="bbox 2249 1471 3892 1544">
    <p class='ocr_par' dir='ltr' id='par_1_43' title="bbox 2249 1471 3892 1544">
     <span class='ocr_line' id='line_1_43' title="bbox 2249 1471 3892 1544; baseline 0.003 -20"><span class='ocrx_word' id='word_1_275' title='bbox 2249 1471 2571 1541; x_wconf 89' lang='lat' dir='ltr'><strong>pretatione</strong></span> <span class='ocrx_word' id='word_1_276' title='bbox 2588 1472 2981 1543; x_wconf 87' lang='lat' dir='ltr'><strong>Septuaginta,</strong></span> <span class='ocrx_word' id='word_1_277' title='bbox 2995 1490 3124 1544; x_wconf 64' lang='lat' dir='ltr'><strong>quae</strong></span> <span class='ocrx_word' id='word_1_278' title='bbox 3138 1474 3407 1528; x_wconf 90' lang='lat' dir='ltr'><strong>omnibus</strong></span> <span class='ocrx_word' id='word_1_279' title='bbox 3427 1473 3680 1528; x_wconf 80' lang='lat' dir='ltr'><strong>exactior</strong></span> <span class='ocrx_word' id='word_1_280' title='bbox 3700 1477 3806 1540; x_wconf 91' lang='lat' dir='ltr'><strong>est,</strong></span> <span class='ocrx_word' id='word_1_281' title='bbox 3826 1478 3892 1529; x_wconf 86' lang='lat' dir='ltr'><strong>et</strong></span> 
     </span>
    </p>
   </div>
   <div class='ocr_carea' id='block_1_44' title="bbox 2248 1566 3890 1637">
    <p class='ocr_par' dir='ltr' id='par_1_44' title="bbox 2248 1566 3890 1637">
     <span class='ocr_line' id='line_1_44' title="bbox 2248 1566 3890 1637; baseline 0.002 -20"><span class='ocrx_word' id='word_1_282' title='bbox 2248 1567 2461 1635; x_wconf 73' lang='lat' dir='ltr'><strong>praeter</strong></span> <span class='ocrx_word' id='word_1_283' title='bbox 2491 1569 2728 1619; x_wconf 85' lang='lat' dir='ltr'><strong>caeteras</strong></span> <span class='ocrx_word' id='word_1_284' title='bbox 2760 1566 2943 1620; x_wconf 89' lang='lat' dir='ltr'><strong>multa</strong></span> <span class='ocrx_word' id='word_1_285' title='bbox 2985 1566 3241 1621; x_wconf 89' lang='lat' dir='ltr'><strong>continet</strong></span> <span class='ocrx_word' id='word_1_286' title='bbox 3278 1567 3520 1634; x_wconf 90' lang='lat' dir='ltr'><strong>occulta,</strong></span> <span class='ocrx_word' id='word_1_287' title='bbox 3555 1567 3890 1637; x_wconf 67' lang='lat' dir='ltr'><strong>praesertim</strong></span> 
     </span>
    </p>
   </div>
   <div class='ocr_carea' id='block_1_45' title="bbox 2247 1658 3887 1731">
    <p class='ocr_par' dir='ltr' id='par_1_45' title="bbox 2247 1658 3887 1731">
     <span class='ocr_line' id='line_1_45' title="bbox 2247 1658 3887 1731; baseline 0.002 -22"><span class='ocrx_word' id='word_1_288' title='bbox 2247 1673 2382 1710; x_wconf 90' lang='lat' dir='ltr'><strong>vero</strong></span> <span class='ocrx_word' id='word_1_289' title='bbox 2414 1661 2650 1728; x_wconf 85' lang='lat' dir='ltr'><strong>propter</strong></span> <span class='ocrx_word' id='word_1_290' title='bbox 2675 1658 2734 1712; x_wconf 91' lang='lat' dir='ltr'><strong>id</strong></span> <span class='ocrx_word' id='word_1_291' title='bbox 2755 1658 2912 1730; x_wconf 91' lang='lat' dir='ltr'><strong>quod</strong></span> <span class='ocrx_word' id='word_1_292' title='bbox 2940 1658 3000 1712; x_wconf 92' lang='lat' dir='ltr'><strong>in</strong></span> <span class='ocrx_word' id='word_1_293' title='bbox 3031 1658 3465 1731; x_wconf 86' lang='lat' dir='ltr'><strong>interpretando</strong></span> <span class='ocrx_word' id='word_1_294' title='bbox 3483 1658 3708 1714; x_wconf 90' lang='lat' dir='ltr'><strong>accidit.</strong></span> <span class='ocrx_word' id='word_1_295' title='bbox 3735 1660 3887 1713; x_wconf 85' lang='lat' dir='ltr'><strong>Nam</strong></span> 
     </span>
    </p>
   </div>
   <div class='ocr_carea' id='block_1_46' title="bbox 2246 1747 3889 1822">
    <p class='ocr_par' dir='ltr' id='par_1_46' title="bbox 2246 1747 3889 1822">
     <span class='ocr_line' id='line_1_46' title="bbox 2246 1747 3889 1822; baseline 0.002 -20"><span class='ocrx_word' id='word_1_296' title='bbox 2246 1765 2376 1803; x_wconf 93' lang='lat' dir='ltr'><strong>cum</strong></span> <span class='ocrx_word' id='word_1_297' title='bbox 2402 1747 2764 1822; x_wconf 87' lang='lat' dir='ltr'><strong>semperbini</strong></span> <span class='ocrx_word' id='word_1_298' title='bbox 2784 1752 3026 1806; x_wconf 90' lang='lat' dir='ltr'><strong>seorsim</strong></span> <span class='ocrx_word' id='word_1_299' title='bbox 3049 1752 3300 1807; x_wconf 89' lang='lat' dir='ltr'><strong>conclusi</strong></span> <span class='ocrx_word' id='word_1_300' title='bbox 3323 1755 3531 1819; x_wconf 86' lang='lat' dir='ltr'><strong>essent,</strong></span> <span class='ocrx_word' id='word_1_301' title='bbox 3562 1755 3622 1805; x_wconf 93' lang='lat' dir='ltr'><strong>et</strong></span> <span class='ocrx_word' id='word_1_302' title='bbox 3645 1751 3889 1806; x_wconf 81' lang='lat' dir='ltr'><strong>diversis</strong></span> 
     </span>
    </p>
   </div>
   <div class='ocr_carea' id='block_1_47' title="bbox 2248 1842 3889 1915">
    <p class='ocr_par' dir='ltr' id='par_1_47' title="bbox 2248 1842 3889 1915">
     <span class='ocr_line' id='line_1_47' title="bbox 2248 1842 3889 1915; baseline 0.002 -21"><span class='ocrx_word' id='word_1_303' title='bbox 2248 1842 2383 1895; x_wconf 90' lang='lat' dir='ltr'><strong>locis</strong></span> <span class='ocrx_word' id='word_1_304' title='bbox 2408 1844 2936 1913; x_wconf 87' lang='lat' dir='ltr'><strong>interpretarentur,</strong></span> <span class='ocrx_word' id='word_1_305' title='bbox 2959 1861 3137 1899; x_wconf 90' lang='lat' dir='ltr'><strong>unam</strong></span> <span class='ocrx_word' id='word_1_306' title='bbox 3163 1849 3355 1899; x_wconf 87' lang='lat' dir='ltr'><strong>tamen</strong></span> <span class='ocrx_word' id='word_1_307' title='bbox 3374 1859 3573 1899; x_wconf 88' lang='lat' dir='ltr'><strong>omnes</strong></span> <span class='ocrx_word' id='word_1_308' title='bbox 3601 1845 3889 1915; x_wconf 89' lang='lat' dir='ltr'><strong>composi-</strong></span> 
     </span>
    </p>
   </div>
   <div class='ocr_carea' id='block_1_48' title="bbox 2247 1936 3889 2008">
    <p class='ocr_par' dir='ltr' id='par_1_48' title="bbox 2247 1936 3889 2008">
     <span class='ocr_line' id='line_1_48' title="bbox 2247 1936 3889 2008; baseline 0 -16"><span class='ocrx_word' id='word_1_309' title='bbox 2247 1937 2469 1993; x_wconf 90' lang='lat' dir='ltr'><strong>tionem</strong></span> <span class='ocrx_word' id='word_1_310' title='bbox 2500 1936 2822 1992; x_wconf 90' lang='lat' dir='ltr'><strong>ediderunt.</strong></span> <span class='ocrx_word' id='word_1_311' title='bbox 2855 1937 2936 1993; x_wconf 84' lang='lat' dir='ltr'><strong>Ad</strong></span> <span class='ocrx_word' id='word_1_312' title='bbox 2956 1937 3080 1992; x_wconf 66' lang='lat' dir='ltr'><strong>haec</strong></span> <span class='ocrx_word' id='word_1_313' title='bbox 3111 1936 3238 2008; x_wconf 90' lang='lat' dir='ltr'><strong>quis</strong></span> <span class='ocrx_word' id='word_1_314' title='bbox 3253 1954 3371 1992; x_wconf 90' lang='lat' dir='ltr'><strong>non</strong></span> <span class='ocrx_word' id='word_1_315' title='bbox 3392 1937 3534 1992; x_wconf 90' lang='lat' dir='ltr'><strong>illud</strong></span> <span class='ocrx_word' id='word_1_316' title='bbox 3551 1937 3610 1990; x_wconf 89' lang='lat' dir='ltr'><strong>in</strong></span> <span class='ocrx_word' id='word_1_317' title='bbox 3631 1937 3722 1991; x_wconf 87' lang='lat' dir='ltr'><strong>his</strong></span> <span class='ocrx_word' id='word_1_318' title='bbox 3747 1937 3889 1992; x_wconf 89' lang='lat' dir='ltr'><strong>viris</strong></span> 
     </span>
    </p>
   </div>
   <div class='ocr_carea' id='block_1_49' title="bbox 2246 2029 3892 2100">
    <p class='ocr_par' dir='ltr' id='par_1_49' title="bbox 2246 2029 3892 2100">
     <span class='ocr_line' id='line_1_49' title="bbox 2246 2029 3892 2100; baseline -0.001 -16"><span class='ocrx_word' id='word_1_319' title='bbox 2246 2029 2579 2094; x_wconf 91' lang='lat' dir='ltr'><strong>admiretur,</strong></span> <span class='ocrx_word' id='word_1_320' title='bbox 2601 2029 2754 2099; x_wconf 88' lang='lat' dir='ltr'><strong>quod</strong></span> <span class='ocrx_word' id='word_1_321' title='bbox 2774 2045 2903 2083; x_wconf 90' lang='lat' dir='ltr'><strong>cum</strong></span> <span class='ocrx_word' id='word_1_322' title='bbox 2919 2030 3094 2099; x_wconf 91' lang='lat' dir='ltr'><strong>longo</strong></span> <span class='ocrx_word' id='word_1_323' title='bbox 3124 2034 3379 2100; x_wconf 89' lang='lat' dir='ltr'><strong>tempore</strong></span> <span class='ocrx_word' id='word_1_324' title='bbox 3394 2030 3699 2084; x_wconf 74' lang='lat' dir='ltr'><strong>salutarem</strong></span> <span class='ocrx_word' id='word_1_325' title='bbox 3715 2046 3892 2100; x_wconf 84' lang='lat' dir='ltr'><strong>appa-</strong></span> 
     </span>
    </p>
   </div>
   <div class='ocr_carea' id='block_1_50' title="bbox 2248 2122 3891 2193">
    <p class='ocr_par' dir='ltr' id='par_1_50' title="bbox 2248 2122 3891 2193">
     <span class='ocr_line' id='line_1_50' title="bbox 2248 2122 3891 2193; baseline 0.001 -17"><span class='ocrx_word' id='word_1_326' title='bbox 2248 2122 2515 2177; x_wconf 88' lang='lat' dir='ltr'><strong>ritionem</strong></span> <span class='ocrx_word' id='word_1_327' title='bbox 2548 2122 2743 2193; x_wconf 88' lang='lat' dir='ltr'><strong>magni</strong></span> <span class='ocrx_word' id='word_1_328' title='bbox 2778 2122 2879 2176; x_wconf 91' lang='lat' dir='ltr'><strong>Dei</strong></span> <span class='ocrx_word' id='word_1_329' title='bbox 2901 2127 2959 2176; x_wconf 91' lang='lat' dir='ltr'><strong>et</strong></span> <span class='ocrx_word' id='word_1_330' title='bbox 2977 2122 3289 2177; x_wconf 88' lang='lat' dir='ltr'><strong>Servatoris</strong></span> <span class='ocrx_word' id='word_1_331' title='bbox 3310 2122 3487 2177; x_wconf 85' lang='lat' dir='ltr'><strong>nostri</strong></span> <span class='ocrx_word' id='word_1_332' title='bbox 3515 2124 3645 2177; x_wconf 86' lang='lat' dir='ltr'><strong>Jesu</strong></span> <span class='ocrx_word' id='word_1_333' title='bbox 3674 2122 3891 2177; x_wconf 86' lang='lat' dir='ltr'><strong>Christi</strong></span> 
     </span>
    </p>
   </div>
   <div class='ocr_carea' id='block_1_51' title="bbox 2248 2214 3893 2287">
    <p class='ocr_par' dir='ltr' id='par_1_51' title="bbox 2248 2214 3893 2287">
     <span class='ocr_line' id='line_1_51' title="bbox 2248 2214 3893 2287; baseline 0 -18"><span class='ocrx_word' id='word_1_334' title='bbox 2248 2215 2663 2287; x_wconf 66' lang='lat' dir='ltr'><strong>praecesserint,</strong></span> <span class='ocrx_word' id='word_1_335' title='bbox 2679 2220 2875 2270; x_wconf 90' lang='lat' dir='ltr'><strong>tamen</strong></span> <span class='ocrx_word' id='word_1_336' title='bbox 2888 2214 3043 2269; x_wconf 89' lang='lat' dir='ltr'><strong>illam</strong></span> <span class='ocrx_word' id='word_1_337' title='bbox 3058 2215 3308 2270; x_wconf 80' lang='lat' dir='ltr'><strong>futuram</strong></span> <span class='ocrx_word' id='word_1_338' title='bbox 3325 2214 3487 2287; x_wconf 90' lang='lat' dir='ltr'><strong>quasi</strong></span> <span class='ocrx_word' id='word_1_339' title='bbox 3504 2216 3893 2286; x_wconf 72' lang='lat' dir='ltr'><strong>praesentibus</strong></span> 
     </span>
    </p>
   </div>
   <div class='ocr_carea' id='block_1_52' title="bbox 2248 2308 3893 2380">
    <p class='ocr_par' dir='ltr' id='par_1_52' title="bbox 2248 2308 3893 2380">
     <span class='ocr_line' id='line_1_52' title="bbox 2248 2308 3893 2380; baseline -0.001 -17"><span class='ocrx_word' id='word_1_340' title='bbox 2248 2312 2550 2363; x_wconf 85' lang='lat' dir='ltr'><strong>cernentes</strong></span> <span class='ocrx_word' id='word_1_341' title='bbox 2569 2308 2762 2375; x_wconf 91' lang='lat' dir='ltr'><strong>oculis,</strong></span> <span class='ocrx_word' id='word_1_342' title='bbox 2786 2308 3120 2379; x_wconf 91' lang='lat' dir='ltr'><strong>prophetica</strong></span> <span class='ocrx_word' id='word_1_343' title='bbox 3139 2308 3562 2379; x_wconf 88' lang='lat' dir='ltr'><strong>quodammodo</strong></span> <span class='ocrx_word' id='word_1_344' title='bbox 3589 2308 3776 2379; x_wconf 89' lang='lat' dir='ltr'><strong>gratia</strong></span> <span class='ocrx_word' id='word_1_345' title='bbox 3806 2308 3893 2380; x_wconf 90' lang='lat' dir='ltr'><strong>ip-</strong></span> 
     </span>
    </p>
   </div>
   <div class='ocr_carea' id='block_1_53' title="bbox 2248 2400 3892 2473">
    <p class='ocr_par' dir='ltr' id='par_1_53' title="bbox 2248 2400 3892 2473">
     <span class='ocr_line' id='line_1_53' title="bbox 2248 2400 3892 2473; baseline 0.001 -19"><span class='ocrx_word' id='word_1_346' title='bbox 2248 2418 2337 2455; x_wconf 86' lang='lat' dir='ltr'><strong>sos</strong></span> <span class='ocrx_word' id='word_1_347' title='bbox 2360 2400 2854 2471; x_wconf 87' lang='lat' dir='ltr'><strong>circumfulgente,</strong></span> <span class='ocrx_word' id='word_1_348' title='bbox 2883 2400 3273 2455; x_wconf 88' lang='lat' dir='ltr'><strong>sacrorumilli</strong></span> <span class='ocrx_word' id='word_1_349' title='bbox 3294 2400 3573 2455; x_wconf 89' lang='lat' dir='ltr'><strong>librorum</strong></span> <span class='ocrx_word' id='word_1_350' title='bbox 3604 2400 3892 2473; x_wconf 87' lang='lat' dir='ltr'><strong>interpre-</strong></span> 
     </span>
    </p>
   </div>
   <div class='ocr_carea' id='block_1_54' title="bbox 2248 2493 3887 2564">
    <p class='ocr_par' dir='ltr' id='par_1_54' title="bbox 2248 2493 3887 2564">
     <span class='ocr_line' id='line_1_54' title="bbox 2248 2493 3887 2564; baseline -0.001 -16"><span class='ocrx_word' id='word_1_351' title='bbox 2248 2494 2523 2549; x_wconf 89' lang='lat' dir='ltr'><strong>tationem</strong></span> <span class='ocrx_word' id='word_1_352' title='bbox 2546 2493 3084 2549; x_wconf 84' lang='lat' dir='ltr'><strong>accommodarunt?</strong></span> <span class='ocrx_word' id='word_1_353' title='bbox 3104 2498 3287 2564; x_wconf 81' lang='lat' dir='ltr'><strong>Atque</strong></span> <span class='ocrx_word' id='word_1_354' title='bbox 3307 2494 3414 2548; x_wconf 88' lang='lat' dir='ltr'><strong>hac</strong></span> <span class='ocrx_word' id='word_1_355' title='bbox 3430 2493 3660 2564; x_wconf 88' lang='lat' dir='ltr'><strong>quidem</strong></span> <span class='ocrx_word' id='word_1_356' title='bbox 3679 2510 3887 2548; x_wconf 90' lang='lat' dir='ltr'><strong>omnes</strong></span> 
     </span>
    </p>
   </div>
   <div class='ocr_carea' id='block_1_55' title="bbox 2248 2585 3890 2658">
    <p class='ocr_par' dir='ltr' id='par_1_55' title="bbox 2248 2585 3890 2658">
     <span class='ocr_line' id='line_1_55' title="bbox 2248 2585 3890 2658; baseline 0.001 -19"><span class='ocrx_word' id='word_1_357' title='bbox 2248 2586 2531 2658; x_wconf 67' lang='lat' dir='ltr'><strong>praecipue</strong></span> <span class='ocrx_word' id='word_1_358' title='bbox 2577 2589 2828 2641; x_wconf 91' lang='lat' dir='ltr'><strong>utentur.</strong></span> <span class='ocrx_word' id='word_1_359' title='bbox 2857 2587 2936 2640; x_wconf 89' lang='lat' dir='ltr'><strong>Ne</strong></span> <span class='ocrx_word' id='word_1_360' title='bbox 2964 2590 3157 2641; x_wconf 91' lang='lat' dir='ltr'><strong>tamen</strong></span> <span class='ocrx_word' id='word_1_361' title='bbox 3188 2587 3244 2640; x_wconf 91' lang='lat' dir='ltr'><strong>in</strong></span> <span class='ocrx_word' id='word_1_362' title='bbox 3278 2602 3401 2640; x_wconf 89' lang='lat' dir='ltr'><strong>eam</strong></span> <span class='ocrx_word' id='word_1_363' title='bbox 3433 2585 3770 2657; x_wconf 86' lang='lat' dir='ltr'><strong>opinionem</strong></span> <span class='ocrx_word' id='word_1_364' title='bbox 3799 2602 3890 2640; x_wconf 86' lang='lat' dir='ltr'><strong>ve-</strong></span> 
     </span>
    </p>
   </div>
   <div class='ocr_carea' id='block_1_56' title="bbox 2248 2678 3884 2749">
    <p class='ocr_par' dir='ltr' id='par_1_56' title="bbox 2248 2678 3884 2749">
     <span class='ocr_line' id='line_1_56' title="bbox 2248 2678 3884 2749; baseline 0 -17"><span class='ocrx_word' id='word_1_365' title='bbox 2248 2679 2425 2744; x_wconf 90' lang='lat' dir='ltr'><strong>niant,</strong></span> <span class='ocrx_word' id='word_1_366' title='bbox 2459 2679 2623 2749; x_wconf 89' lang='lat' dir='ltr'><strong>quasi</strong></span> <span class='ocrx_word' id='word_1_367' title='bbox 2655 2682 2887 2733; x_wconf 70' lang='lat' dir='ltr'><strong>caeteras</strong></span> <span class='ocrx_word' id='word_1_368' title='bbox 2926 2678 3425 2749; x_wconf 87' lang='lat' dir='ltr'><strong>interpretationes</strong></span> <span class='ocrx_word' id='word_1_369' title='bbox 3451 2678 3884 2745; x_wconf 88' lang='lat' dir='ltr'><strong>excluserimus,</strong></span> 
     </span>
    </p>
   </div>
   <div class='ocr_carea' id='block_1_57' title="bbox 2248 2770 3885 2842">
    <p class='ocr_par' dir='ltr' id='par_1_57' title="bbox 2248 2770 3885 2842">
     <span class='ocr_line' id='line_1_57' title="bbox 2248 2770 3885 2842; baseline 0 -17"><span class='ocrx_word' id='word_1_370' title='bbox 2248 2772 2449 2825; x_wconf 86' lang='lat' dir='ltr'><strong>damus</strong></span> <span class='ocrx_word' id='word_1_371' title='bbox 2468 2771 2575 2825; x_wconf 88' lang='lat' dir='ltr'><strong>illis</strong></span> <span class='ocrx_word' id='word_1_372' title='bbox 2589 2770 2876 2826; x_wconf 87' lang='lat' dir='ltr'><strong>licentiam</strong></span> <span class='ocrx_word' id='word_1_373' title='bbox 2890 2774 2956 2825; x_wconf 92' lang='lat' dir='ltr'><strong>ut</strong></span> <span class='ocrx_word' id='word_1_374' title='bbox 2972 2771 3145 2825; x_wconf 90' lang='lat' dir='ltr'><strong>etiam</strong></span> <span class='ocrx_word' id='word_1_375' title='bbox 3166 2770 3641 2842; x_wconf 80' lang='lat' dir='ltr'><strong>interpretatione</strong></span> <span class='ocrx_word' id='word_1_376' title='bbox 3661 2772 3885 2842; x_wconf 63' lang='lat' dir='ltr'><strong>Aquilae</strong></span> 
     </span>
    </p>
   </div>
   <div class='ocr_carea' id='block_1_58' title="bbox 2246 2863 3884 2931">
    <p class='ocr_par' dir='ltr' id='par_1_58' title="bbox 2246 2863 3884 2931">
     <span class='ocr_line' id='line_1_58' title="bbox 2246 2863 3884 2931; baseline 0 -12"><span class='ocrx_word' id='word_1_377' title='bbox 2246 2868 2502 2927; x_wconf 85' lang='lat' dir='ltr'><strong>utantur,</strong></span> <span class='ocrx_word' id='word_1_378' title='bbox 2528 2863 2757 2918; x_wconf 92' lang='lat' dir='ltr'><strong>tametsi</strong></span> <span class='ocrx_word' id='word_1_379' title='bbox 2791 2863 2903 2917; x_wconf 74' lang='lat' dir='ltr'><strong>illae</strong></span> <span class='ocrx_word' id='word_1_380' title='bbox 2938 2863 3169 2919; x_wconf 69' lang='lat' dir='ltr'><strong>diversa:</strong></span> <span class='ocrx_word' id='word_1_381' title='bbox 3203 2864 3454 2918; x_wconf 88' lang='lat' dir='ltr'><strong>nationis</strong></span> <span class='ocrx_word' id='word_1_382' title='bbox 3489 2864 3683 2931; x_wconf 88' lang='lat' dir='ltr'><strong>fuerit,</strong></span> <span class='ocrx_word' id='word_1_383' title='bbox 3724 2868 3785 2918; x_wconf 91' lang='lat' dir='ltr'><strong>et</strong></span> <span class='ocrx_word' id='word_1_384' title='bbox 3822 2864 3884 2919; x_wconf 90' lang='lat' dir='ltr'><strong>in</strong></span> 
     </span>
    </p>
   </div>
   <div class='ocr_carea' id='block_1_59' title="bbox 2247 2956 3881 3027">
    <p class='ocr_par' dir='ltr' id='par_1_59' title="bbox 2247 2956 3881 3027">
     <span class='ocr_line' id='line_1_59' title="bbox 2247 2956 3881 3027; baseline -0.001 -16"><span class='ocrx_word' id='word_1_385' title='bbox 2247 2956 2539 3012; x_wconf 89' lang='lat' dir='ltr'><strong>nonnullis</strong></span> <span class='ocrx_word' id='word_1_386' title='bbox 2566 2956 2911 3011; x_wconf 89' lang='lat' dir='ltr'><strong>dictionibus</strong></span> <span class='ocrx_word' id='word_1_387' title='bbox 2944 2973 3058 3011; x_wconf 92' lang='lat' dir='ltr'><strong>non</strong></span> <span class='ocrx_word' id='word_1_388' title='bbox 3091 2957 3438 3011; x_wconf 89' lang='lat' dir='ltr'><strong>mediocrem</strong></span> <span class='ocrx_word' id='word_1_389' title='bbox 3471 2972 3601 3011; x_wconf 87' lang='lat' dir='ltr'><strong>cum</strong></span> <span class='ocrx_word' id='word_1_390' title='bbox 3639 2957 3881 3027; x_wconf 79' lang='lat' dir='ltr'><strong>Septua-</strong></span> 
     </span>
    </p>
   </div>
   <div class='ocr_carea' id='block_1_60' title="bbox 2248 3048 3881 3122">
    <p class='ocr_par' dir='ltr' id='par_1_60' title="bbox 2248 3048 3881 3122">
     <span class='ocr_line' id='line_1_60' title="bbox 2248 3048 3881 3122; baseline -0.001 -18"><span class='ocrx_word' id='word_1_391' title='bbox 2248 3050 2409 3122; x_wconf 87' lang='lat' dir='ltr'><strong>ginta</strong></span> <span class='ocrx_word' id='word_1_392' title='bbox 2453 3049 2663 3104; x_wconf 88' lang='lat' dir='ltr'><strong>habeat</strong></span> <span class='ocrx_word' id='word_1_393' title='bbox 2708 3048 3113 3104; x_wconf 72' lang='lat' dir='ltr'><strong>differentiam.</strong></span> <span class='ocrx_word' id='word_1_394' title='bbox 3171 3049 3310 3114; x_wconf 73' lang='lat' dir='ltr'><strong>Quae</strong></span> <span class='ocrx_word' id='word_1_395' title='bbox 3354 3065 3491 3103; x_wconf 86' lang='lat' dir='ltr'><strong>vero</strong></span> <span class='ocrx_word' id='word_1_396' title='bbox 3541 3049 3881 3117; x_wconf 87' lang='lat' dir='ltr'><strong>deuterosis,</strong></span> 
     </span>
    </p>
   </div>
   <div class='ocr_carea' id='block_1_61' title="bbox 516 3137 3888 3240">
    <p class='ocr_par' dir='ltr' id='par_1_61' title="bbox 516 3137 3888 3240">
     <span class='ocr_line' id='line_1_61' title="bbox 516 3137 3888 3240; baseline 0 -45"><span class='ocrx_word' id='word_1_397' title='bbox 516 3137 706 3207; x_wconf 85' lang='lat' dir='ltr'><strong>ipsum</strong></span> <span class='ocrx_word' id='word_1_398' title='bbox 732 3139 994 3195; x_wconf 88' lang='lat' dir='ltr'><strong>libertate</strong></span> <span class='ocrx_word' id='word_1_399' title='bbox 1016 3141 1205 3211; x_wconf 90' lang='lat' dir='ltr'><strong>potiri.</strong></span> <span class='ocrx_word' id='word_1_400' title='bbox 1229 3142 1367 3207; x_wconf 74' lang='lat' dir='ltr'><strong>Quae</strong></span> <span class='ocrx_word' id='word_1_401' title='bbox 1395 3143 1570 3213; x_wconf 90' lang='lat' dir='ltr'><strong>igitur</strong></span> <span class='ocrx_word' id='word_1_402' title='bbox 1594 3145 1758 3199; x_wconf 91' lang='lat' dir='ltr'><strong>nobis</strong></span> <span class='ocrx_word' id='word_1_403' title='bbox 1782 3147 2142 3216; x_wconf 87' lang='lat' dir='ltr'><strong>placuerunt,</strong></span> <span class='ocrx_word' id='word_1_404' title='bbox 2167 3166 2222 3240; x_wconf 68' lang='grc' dir='ltr'>Ο</span> <span class='ocrx_word' id='word_1_405' title='bbox 2248 3159 2389 3213; x_wconf 86' lang='lat' dir='ltr'><strong>quas</strong></span> <span class='ocrx_word' id='word_1_406' title='bbox 2430 3141 2768 3196; x_wconf 90' lang='lat' dir='ltr'><strong>secundaria</strong></span> <span class='ocrx_word' id='word_1_407' title='bbox 2801 3142 3009 3196; x_wconf 89' lang='lat' dir='ltr'><strong>tradito</strong></span> <span class='ocrx_word' id='word_1_408' title='bbox 3039 3142 3110 3195; x_wconf 91' lang='lat' dir='ltr'><strong>ab</strong></span> <span class='ocrx_word' id='word_1_409' title='bbox 3142 3142 3278 3213; x_wconf 90' lang='lat' dir='ltr'><strong>ipsis</strong></span> <span class='ocrx_word' id='word_1_410' title='bbox 3307 3141 3531 3208; x_wconf 90' lang='lat' dir='ltr'><strong>dicitur,</strong></span> <span class='ocrx_word' id='word_1_411' title='bbox 3562 3142 3620 3195; x_wconf 91' lang='lat' dir='ltr'><strong>in</strong></span> <span class='ocrx_word' id='word_1_412' title='bbox 3657 3142 3888 3196; x_wconf 89' lang='lat' dir='ltr'><strong>univer-</strong></span> 
     </span>
    </p>
   </div>
   <div class='ocr_carea' id='block_1_62' title="bbox 516 3233 3889 3310">
    <p class='ocr_par' dir='ltr' id='par_1_62' title="bbox 516 3233 3889 3310">
     <span class='ocr_line' id='line_1_62' title="bbox 516 3233 3889 3310; baseline 0.002 -28"><span class='ocrx_word' id='word_1_413' title='bbox 516 3233 576 3283; x_wconf 89' lang='lat' dir='ltr'><strong>et</strong></span> <span class='ocrx_word' id='word_1_414' title='bbox 604 3246 707 3299; x_wconf 90' lang='lat' dir='ltr'><strong>per</strong></span> <span class='ocrx_word' id='word_1_415' title='bbox 732 3236 1075 3301; x_wconf 58' lang='lat' dir='ltr'><strong>praesentem</strong></span> <span class='ocrx_word' id='word_1_416' title='bbox 1101 3233 1694 3307; x_wconf 87' lang='lat' dir='ltr'><strong>declaranturlegem,</strong></span> <span class='ocrx_word' id='word_1_417' title='bbox 1719 3254 1788 3291; x_wconf 90' lang='lat' dir='ltr'><strong>ea</strong></span> <span class='ocrx_word' id='word_1_418' title='bbox 1817 3255 2146 3310; x_wconf 85' lang='lat' dir='ltr'><strong>proponens</strong></span> <span class='ocrx_word' id='word_1_419' title='bbox 2178 3233 2220 3240; x_wconf 67' lang='grc'><strong><em>“</em></strong></span> <span class='ocrx_word' id='word_1_420' title='bbox 2247 3253 2369 3289; x_wconf 89' lang='lat' dir='ltr'><strong>sum</strong></span> <span class='ocrx_word' id='word_1_421' title='bbox 2400 3234 2812 3300; x_wconf 89' lang='lat' dir='ltr'><strong>interdicimus,</strong></span> <span class='ocrx_word' id='word_1_422' title='bbox 2835 3237 2899 3288; x_wconf 92' lang='lat' dir='ltr'><strong>ut</strong></span> <span class='ocrx_word' id='word_1_423' title='bbox 2925 3252 3051 3305; x_wconf 60' lang='lat' dir='ltr'><strong>qua&#39;</strong></span> <span class='ocrx_word' id='word_1_424' title='bbox 3078 3234 3252 3288; x_wconf 90' lang='lat' dir='ltr'><strong>sacris</strong></span> <span class='ocrx_word' id='word_1_425' title='bbox 3273 3234 3431 3288; x_wconf 90' lang='lat' dir='ltr'><strong>libris</strong></span> <span class='ocrx_word' id='word_1_426' title='bbox 3460 3235 3889 3305; x_wconf 85' lang='lat' dir='ltr'><strong>comprehensa</strong></span> 
     </span>
    </p>
   </div>
   <div class='ocr_carea' id='block_1_63' title="bbox 518 3322 2146 3396">
    <p class='ocr_par' dir='ltr' id='par_1_63' title="bbox 518 3322 2146 3396">
     <span class='ocr_line' id='line_1_63' title="bbox 518 3322 2146 3396; baseline 0.007 -22"><span class='ocrx_word' id='word_1_427' title='bbox 518 3322 703 3391; x_wconf 89' lang='lat' dir='ltr'><strong>gloria</strong></span> <span class='ocrx_word' id='word_1_428' title='bbox 731 3327 828 3378; x_wconf 90' lang='lat' dir='ltr'><strong>tua</strong></span> <span class='ocrx_word' id='word_1_429' title='bbox 859 3325 1211 3381; x_wconf 87' lang='lat' dir='ltr'><strong>solemnibus</strong></span> <span class='ocrx_word' id='word_1_430' title='bbox 1236 3327 1390 3396; x_wconf 91' lang='lat' dir='ltr'><strong>locis,</strong></span> <span class='ocrx_word' id='word_1_431' title='bbox 1419 3328 1648 3386; x_wconf 72' lang='lat' dir='ltr'><strong>effectui</strong></span> <span class='ocrx_word' id='word_1_432' title='bbox 1670 3333 1727 3385; x_wconf 89' lang='lat' dir='ltr'><strong>et</strong></span> <span class='ocrx_word' id='word_1_433' title='bbox 1755 3330 1855 3385; x_wconf 87' lang='lat' dir='ltr'><strong>fini</strong></span> <span class='ocrx_word' id='word_1_434' title='bbox 1883 3331 2146 3386; x_wconf 89' lang='lat' dir='ltr'><strong>contradi</strong></span> 
     </span>
    </p>
   </div>
   <div class='ocr_carea' id='block_1_64' title="bbox 518 3415 837 3489">
    <p class='ocr_par' dir='ltr' id='par_1_64' title="bbox 518 3415 837 3489">
     <span class='ocr_line' id='line_1_64' title="bbox 518 3415 837 3489; baseline 0.013 -22"><span class='ocrx_word' id='word_1_435' title='bbox 518 3415 837 3489; x_wconf 64' lang='lat' dir='ltr'><strong>praecipito.</strong></span> 
     </span>
    </p>
   </div>
   <div class='ocr_carea' id='block_1_65' title="bbox 1051 3490 1605 3547">
    <p class='ocr_par' dir='ltr' id='par_1_65' title="bbox 1051 3490 1605 3547">
     <span class='ocr_line' id='line_1_65' title="bbox 1051 3490 1605 3547; baseline 0.004 -2"><span class='ocrx_word' id='word_1_436' title='bbox 1051 3490 1364 3547; x_wconf 83' lang='lat' dir='ltr'><strong>NOVELLA</strong></span> <span class='ocrx_word' id='word_1_437' title='bbox 1392 3492 1605 3547; x_wconf 85' lang='lat' dir='ltr'><strong>CXLVI.</strong></span> 
     </span>
    </p>
   </div>
   <div class='ocr_carea' id='block_1_66' title="bbox 552 3580 2105 3659">
    <p class='ocr_par' dir='ltr' id='par_1_66' title="bbox 552 3580 2105 3659">
     <span class='ocr_line' id='line_1_66' title="bbox 552 3580 2105 3659; baseline 0.006 -24"><span class='ocrx_word' id='word_1_438' title='bbox 552 3581 626 3636; x_wconf 88' lang='lat' dir='ltr'><strong>De</strong></span> <span class='ocrx_word' id='word_1_439' title='bbox 644 3580 904 3644; x_wconf 61' lang='lat' dir='ltr'><strong>Hebraeis,</strong></span> <span class='ocrx_word' id='word_1_440' title='bbox 932 3584 1194 3652; x_wconf 84' lang='lat' dir='ltr'><strong>quomodo</strong></span> <span class='ocrx_word' id='word_1_441' title='bbox 1213 3591 1455 3656; x_wconf 83' lang='lat' dir='ltr'><strong>oporteat</strong></span> <span class='ocrx_word' id='word_1_442' title='bbox 1478 3601 1562 3643; x_wconf 86' lang='lat' dir='ltr'><strong>eos</strong></span> <span class='ocrx_word' id='word_1_443' title='bbox 1581 3588 1894 3658; x_wconf 76' lang='lat' dir='ltr'><strong>Scripturas</strong></span> <span class='ocrx_word' id='word_1_444' title='bbox 1916 3590 2105 3659; x_wconf 82' lang='lat' dir='ltr'><strong>legere.</strong></span> 
     </span>
    </p>
   </div>
   <div class='ocr_carea' id='block_1_67' title="bbox 586 3698 2145 3777">
    <p class='ocr_par' dir='ltr' id='par_1_67' title="bbox 586 3698 2145 3777">
     <span class='ocr_line' id='line_1_67' title="bbox 586 3698 2145 3777; baseline 0.008 -28"><span class='ocrx_word' id='word_1_445' title='bbox 586 3698 905 3767; x_wconf 87' lang='lat' dir='ltr'><strong>Imperator</strong></span> <span class='ocrx_word' id='word_1_446' title='bbox 939 3699 1291 3755; x_wconf 87' lang='lat' dir='ltr'><strong>Justinianus</strong></span> <span class='ocrx_word' id='word_1_447' title='bbox 1329 3706 1613 3773; x_wconf 88' lang='lat' dir='ltr'><strong>Augustus</strong></span> <span class='ocrx_word' id='word_1_448' title='bbox 1653 3703 1982 3760; x_wconf 84' lang='lat' dir='ltr'><strong>Areobindo</strong></span> <span class='ocrx_word' id='word_1_449' title='bbox 2029 3706 2145 3777; x_wconf 82' lang='lat' dir='ltr'><strong>glo-</strong></span> 
     </span>
    </p>
   </div>
   <div class='ocr_carea' id='block_1_68' title="bbox 514 3789 1677 3865">
    <p class='ocr_par' dir='ltr' id='par_1_68' title="bbox 514 3789 1677 3865">
     <span class='ocr_line' id='line_1_68' title="bbox 514 3789 1677 3865; baseline 0.007 -22"><span class='ocrx_word' id='word_1_450' title='bbox 514 3789 830 3845; x_wconf 87' lang='lat' dir='ltr'><strong>riosissimo</strong></span> <span class='ocrx_word' id='word_1_451' title='bbox 856 3793 1259 3863; x_wconf 72' lang='lat' dir='ltr'><strong>praetoriorum</strong></span> <span class='ocrx_word' id='word_1_452' title='bbox 1283 3796 1574 3865; x_wconf 80' lang='lat' dir='ltr'><strong>praefecto.</strong></span> <span class='ocrx_word' id='word_1_453' title='bbox 1668 3796 1677 3801; x_wconf 83' lang='grc'><em>’</em></span> 
     </span>
    </p>
   </div>
   <div class='ocr_carea' id='block_1_69' title="bbox 586 3885 2141 3955">
    <p class='ocr_par' dir='ltr' id='par_1_69' title="bbox 586 3885 2141 3955">
     <span class='ocr_line' id='line_1_69' title="bbox 586 3885 2141 3955; baseline 0.005 -18"><span class='ocrx_word' id='word_1_454' title='bbox 586 3885 830 3954; x_wconf 72' lang='lat' dir='ltr'><strong>Equum</strong></span> <span class='ocrx_word' id='word_1_455' title='bbox 855 3901 994 3940; x_wconf 88' lang='lat' dir='ltr'><strong>sane</strong></span> <span class='ocrx_word' id='word_1_456' title='bbox 1019 3889 1143 3941; x_wconf 91' lang='lat' dir='ltr'><strong>erat</strong></span> <span class='ocrx_word' id='word_1_457' title='bbox 1169 3890 1232 3940; x_wconf 91' lang='lat' dir='ltr'><strong>ut</strong></span> <span class='ocrx_word' id='word_1_458' title='bbox 1252 3887 1494 3955; x_wconf 69' lang='lat' dir='ltr'><strong>Hebraei,</strong></span> <span class='ocrx_word' id='word_1_459' title='bbox 1522 3905 1652 3943; x_wconf 91' lang='lat' dir='ltr'><strong>cum</strong></span> <span class='ocrx_word' id='word_1_460' title='bbox 1668 3889 1842 3943; x_wconf 85' lang='lat' dir='ltr'><strong>sacris</strong></span> <span class='ocrx_word' id='word_1_461' title='bbox 1868 3890 2026 3945; x_wconf 88' lang='lat' dir='ltr'><strong>libris</strong></span> <span class='ocrx_word' id='word_1_462' title='bbox 2040 3907 2141 3946; x_wconf 90' lang='lat' dir='ltr'><strong>au-</strong></span> 
     </span>
    </p>
   </div>
   <div class='ocr_carea' id='block_1_70' title="bbox 514 3973 2145 4050">
    <p class='ocr_par' dir='ltr' id='par_1_70' title="bbox 514 3973 2145 4050">
     <span class='ocr_line' id='line_1_70' title="bbox 514 3973 2145 4050; baseline 0.006 -25"><span class='ocrx_word' id='word_1_463' title='bbox 514 3987 609 4026; x_wconf 89' lang='lat' dir='ltr'><strong>res</strong></span> <span class='ocrx_word' id='word_1_464' title='bbox 639 3973 920 4043; x_wconf 68' lang='lat' dir='ltr'><strong>praabent,</strong></span> <span class='ocrx_word' id='word_1_465' title='bbox 949 3991 1065 4030; x_wconf 90' lang='lat' dir='ltr'><strong>non</strong></span> <span class='ocrx_word' id='word_1_466' title='bbox 1092 3976 1290 4031; x_wconf 84' lang='lat' dir='ltr'><strong>leviter</strong></span> <span class='ocrx_word' id='word_1_467' title='bbox 1304 3981 1362 4031; x_wconf 90' lang='lat' dir='ltr'><strong>et</strong></span> <span class='ocrx_word' id='word_1_468' title='bbox 1377 3977 1548 4032; x_wconf 88' lang='lat' dir='ltr'><strong>rebus</strong></span> <span class='ocrx_word' id='word_1_469' title='bbox 1576 3979 1941 4035; x_wconf 90' lang='lat' dir='ltr'><strong>solummodo</strong></span> <span class='ocrx_word' id='word_1_470' title='bbox 1968 3981 2145 4050; x_wconf 90' lang='lat' dir='ltr'><strong>gestis</strong></span> 
     </span>
    </p>
   </div>
   <div class='ocr_carea' id='block_1_71' title="bbox 515 4060 2145 4139">
    <p class='ocr_par' dir='ltr' id='par_1_71' title="bbox 515 4060 2145 4139">
     <span class='ocr_line' id='line_1_71' title="bbox 515 4060 2145 4139; baseline 0.006 -25"><span class='ocrx_word' id='word_1_471' title='bbox 515 4060 959 4130; x_wconf 89' lang='lat' dir='ltr'><strong>delectarentur,</strong></span> <span class='ocrx_word' id='word_1_472' title='bbox 992 4064 1092 4118; x_wconf 91' lang='lat' dir='ltr'><strong>sed</strong></span> <span class='ocrx_word' id='word_1_473' title='bbox 1118 4065 1445 4122; x_wconf 90' lang='lat' dir='ltr'><strong>reconditos</strong></span> <span class='ocrx_word' id='word_1_474' title='bbox 1471 4067 1528 4120; x_wconf 90' lang='lat' dir='ltr'><strong>in</strong></span> <span class='ocrx_word' id='word_1_475' title='bbox 1548 4067 1687 4138; x_wconf 88' lang='lat' dir='ltr'><strong>ipsis</strong></span> <span class='ocrx_word' id='word_1_476' title='bbox 1710 4083 1909 4122; x_wconf 91' lang='lat' dir='ltr'><strong>sensus</strong></span> <span class='ocrx_word' id='word_1_477' title='bbox 1928 4072 2145 4139; x_wconf 83' lang='lat' dir='ltr'><strong>specta-</strong></span> 
     </span>
    </p>
   </div>
   <div class='ocr_carea' id='block_1_72' title="bbox 514 4157 2141 4229">
    <p class='ocr_par' dir='ltr' id='par_1_72' title="bbox 514 4157 2141 4229">
     <span class='ocr_line' id='line_1_72' title="bbox 514 4157 2141 4229; baseline 0.006 -23"><span class='ocrx_word' id='word_1_478' title='bbox 514 4157 664 4220; x_wconf 89' lang='lat' dir='ltr'><strong>rent,</strong></span> <span class='ocrx_word' id='word_1_479' title='bbox 691 4171 797 4225; x_wconf 91' lang='lat' dir='ltr'><strong>per</strong></span> <span class='ocrx_word' id='word_1_480' title='bbox 815 4171 958 4226; x_wconf 90' lang='lat' dir='ltr'><strong>quos</strong></span> <span class='ocrx_word' id='word_1_481' title='bbox 976 4172 1255 4229; x_wconf 89' lang='lat' dir='ltr'><strong>magnum</strong></span> <span class='ocrx_word' id='word_1_482' title='bbox 1268 4159 1351 4214; x_wconf 91' lang='lat' dir='ltr'><strong>illi</strong></span> <span class='ocrx_word' id='word_1_483' title='bbox 1373 4161 1556 4215; x_wconf 91' lang='lat' dir='ltr'><strong>Deum</strong></span> <span class='ocrx_word' id='word_1_484' title='bbox 1575 4166 1632 4215; x_wconf 91' lang='lat' dir='ltr'><strong>et</strong></span> <span class='ocrx_word' id='word_1_485' title='bbox 1652 4160 2015 4216; x_wconf 90' lang='lat' dir='ltr'><strong>Servatorem</strong></span> <span class='ocrx_word' id='word_1_486' title='bbox 2035 4163 2141 4216; x_wconf 88' lang='lat' dir='ltr'><strong>hu-</strong></span> 
     </span>
    </p>
   </div>
   <div class='ocr_carea' id='block_1_73' title="bbox 514 4248 2143 4319">
    <p class='ocr_par' dir='ltr' id='par_1_73' title="bbox 514 4248 2143 4319">
     <span class='ocr_line' id='line_1_73' title="bbox 514 4248 2143 4319; baseline 0.006 -19"><span class='ocrx_word' id='word_1_487' title='bbox 514 4248 671 4301; x_wconf 90' lang='lat' dir='ltr'><strong>mani</strong></span> <span class='ocrx_word' id='word_1_488' title='bbox 720 4249 950 4319; x_wconf 87' lang='lat' dir='ltr'><strong>generis</strong></span> <span class='ocrx_word' id='word_1_489' title='bbox 985 4252 1177 4305; x_wconf 84' lang='lat' dir='ltr'><strong>Jesum</strong></span> <span class='ocrx_word' id='word_1_490' title='bbox 1205 4252 1493 4307; x_wconf 88' lang='lat' dir='ltr'><strong>Christum</strong></span> <span class='ocrx_word' id='word_1_491' title='bbox 1534 4254 1903 4309; x_wconf 88' lang='lat' dir='ltr'><strong>annuntiant.</strong></span> <span class='ocrx_word' id='word_1_492' title='bbox 1930 4256 2143 4311; x_wconf 82' lang='lat' dir='ltr'><strong>Verum</strong></span> 
     </span>
    </p>
   </div>
   <div class='ocr_carea' id='block_1_74' title="bbox 512 4340 2138 4417">
    <p class='ocr_par' dir='ltr' id='par_1_74' title="bbox 512 4340 2138 4417">
     <span class='ocr_line' id='line_1_74' title="bbox 512 4340 2138 4417; baseline 0.006 -24"><span class='ocrx_word' id='word_1_493' title='bbox 512 4340 806 4396; x_wconf 89' lang='lat' dir='ltr'><strong>enimvero</strong></span> <span class='ocrx_word' id='word_1_494' title='bbox 828 4344 1090 4413; x_wconf 86' lang='lat' dir='ltr'><strong>quamvis</strong></span> <span class='ocrx_word' id='word_1_495' title='bbox 1112 4344 1247 4399; x_wconf 93' lang='lat' dir='ltr'><strong>dum</strong></span> <span class='ocrx_word' id='word_1_496' title='bbox 1266 4346 1616 4400; x_wconf 90' lang='lat' dir='ltr'><strong>commentis</strong></span> <span class='ocrx_word' id='word_1_497' title='bbox 1636 4346 2138 4417; x_wconf 86' lang='lat' dir='ltr'><strong>interipsosinter-</strong></span> 
     </span>
    </p>
   </div>
   <div class='ocr_carea' id='block_1_75' title="bbox 511 4434 2140 4511">
    <p class='ocr_par' dir='ltr' id='par_1_75' title="bbox 511 4434 2140 4511">
     <span class='ocr_line' id='line_1_75' title="bbox 511 4434 2140 4511; baseline 0.006 -25"><span class='ocrx_word' id='word_1_498' title='bbox 511 4434 929 4503; x_wconf 88' lang='lat' dir='ltr'><strong>pretationibus</strong></span> <span class='ocrx_word' id='word_1_499' title='bbox 955 4453 1015 4491; x_wconf 91' lang='lat' dir='ltr'><strong>se</strong></span> <span class='ocrx_word' id='word_1_500' title='bbox 1044 4438 1437 4504; x_wconf 90' lang='lat' dir='ltr'><strong>committunt,</strong></span> <span class='ocrx_word' id='word_1_501' title='bbox 1459 4438 1517 4492; x_wconf 93' lang='lat' dir='ltr'><strong>in</strong></span> <span class='ocrx_word' id='word_1_502' title='bbox 1541 4439 1693 4494; x_wconf 89' lang='lat' dir='ltr'><strong>hunc</strong></span> <span class='ocrx_word' id='word_1_503' title='bbox 1715 4456 1895 4511; x_wconf 89' lang='lat' dir='ltr'><strong>usque</strong></span> <span class='ocrx_word' id='word_1_504' title='bbox 1920 4440 2075 4495; x_wconf 92' lang='lat' dir='ltr'><strong>diem</strong></span> <span class='ocrx_word' id='word_1_505' title='bbox 2106 4457 2140 4496; x_wconf 91' lang='lat' dir='ltr'><strong>a</strong></span> 
     </span>
    </p>
   </div>
   <div class='ocr_carea' id='block_1_76' title="bbox 2246 3327 3883 3399">
    <p class='ocr_par' dir='ltr' id='par_1_76' title="bbox 2246 3327 3883 3399">
     <span class='ocr_line' id='line_1_76' title="bbox 2246 3327 3883 3399; baseline -0.001 -16"><span class='ocrx_word' id='word_1_506' title='bbox 2246 3345 2363 3383; x_wconf 90' lang='lat' dir='ltr'><strong>non</strong></span> <span class='ocrx_word' id='word_1_507' title='bbox 2398 3327 2488 3394; x_wconf 89' lang='lat' dir='ltr'><strong>sit,</strong></span> <span class='ocrx_word' id='word_1_508' title='bbox 2518 3343 2703 3398; x_wconf 89' lang='lat' dir='ltr'><strong>neque</strong></span> <span class='ocrx_word' id='word_1_509' title='bbox 2735 3327 2984 3398; x_wconf 90' lang='lat' dir='ltr'><strong>desuper</strong></span> <span class='ocrx_word' id='word_1_510' title='bbox 3012 3328 3224 3383; x_wconf 82' lang='lat' dir='ltr'><strong>tradita</strong></span> <span class='ocrx_word' id='word_1_511' title='bbox 3262 3344 3363 3399; x_wconf 92' lang='lat' dir='ltr'><strong>per</strong></span> <span class='ocrx_word' id='word_1_512' title='bbox 3406 3327 3738 3398; x_wconf 83' lang='lat' dir='ltr'><strong>prephetas,</strong></span> <span class='ocrx_word' id='word_1_513' title='bbox 3780 3328 3883 3383; x_wconf 88' lang='lat' dir='ltr'><strong>sed</strong></span> 
     </span>
    </p>
   </div>
   <div class='ocr_carea' id='block_1_77' title="bbox 2243 3418 3887 3491">
    <p class='ocr_par' dir='ltr' id='par_1_77' title="bbox 2243 3418 3887 3491">
     <span class='ocr_line' id='line_1_77' title="bbox 2243 3418 3887 3491; baseline -0.001 -15"><span class='ocrx_word' id='word_1_514' title='bbox 2243 3423 2501 3491; x_wconf 84' lang='lat' dir='ltr'><strong>excerpta</strong></span> <span class='ocrx_word' id='word_1_515' title='bbox 2545 3420 2809 3491; x_wconf 63' lang='lat' dir='ltr'><strong>quaedam</strong></span> <span class='ocrx_word' id='word_1_516' title='bbox 2861 3418 3111 3474; x_wconf 89' lang='lat' dir='ltr'><strong>virorum</strong></span> <span class='ocrx_word' id='word_1_517' title='bbox 3151 3421 3460 3487; x_wconf 87' lang='lat' dir='ltr'><strong>contineat,</strong></span> <span class='ocrx_word' id='word_1_518' title='bbox 3505 3419 3602 3490; x_wconf 92' lang='lat' dir='ltr'><strong>qui</strong></span> <span class='ocrx_word' id='word_1_519' title='bbox 3646 3423 3887 3474; x_wconf 86' lang='lat' dir='ltr'><strong>terrena</strong></span> 
     </span>
    </p>
   </div>
   <div class='ocr_carea' id='block_1_78' title="bbox 2246 3510 3883 3584">
    <p class='ocr_par' dir='ltr' id='par_1_78' title="bbox 2246 3510 3883 3584">
     <span class='ocr_line' id='line_1_78' title="bbox 2246 3510 3883 3584; baseline -0.001 -17"><span class='ocrx_word' id='word_1_520' title='bbox 2246 3513 2526 3568; x_wconf 84' lang='lat' dir='ltr'><strong>duntaxat</strong></span> <span class='ocrx_word' id='word_1_521' title='bbox 2563 3513 2894 3583; x_wconf 89' lang='lat' dir='ltr'><strong>loquantur,</strong></span> <span class='ocrx_word' id='word_1_522' title='bbox 2938 3527 3125 3584; x_wconf 90' lang='lat' dir='ltr'><strong>neque</strong></span> <span class='ocrx_word' id='word_1_523' title='bbox 3165 3512 3481 3584; x_wconf 87' lang='lat' dir='ltr'><strong>quidquam</strong></span> <span class='ocrx_word' id='word_1_524' title='bbox 3506 3511 3567 3566; x_wconf 88' lang='lat' dir='ltr'><strong>in</strong></span> <span class='ocrx_word' id='word_1_525' title='bbox 3595 3528 3657 3566; x_wconf 90' lang='lat' dir='ltr'><strong>se</strong></span> <span class='ocrx_word' id='word_1_526' title='bbox 3697 3510 3883 3567; x_wconf 83' lang='lat' dir='ltr'><strong>divini</strong></span> 
     </span>
    </p>
   </div>
   <div class='ocr_carea' id='block_1_79' title="bbox 2244 3605 2795 3661">
    <p class='ocr_par' dir='ltr' id='par_1_79' title="bbox 2244 3605 2795 3661">
     <span class='ocr_line' id='line_1_79' title="bbox 2244 3605 2795 3661; baseline -0.004 0"><span class='ocrx_word' id='word_1_527' title='bbox 2244 3606 2492 3661; x_wconf 87' lang='lat' dir='ltr'><strong>habeant</strong></span> <span class='ocrx_word' id='word_1_528' title='bbox 2520 3605 2795 3660; x_wconf 90' lang='lat' dir='ltr'><strong>numinis.</strong></span> 
     </span>
    </p>
   </div>
   <div class='ocr_carea' id='block_1_80' title="bbox 2316 3696 3881 3769">
    <p class='ocr_par' dir='ltr' id='par_1_80' title="bbox 2316 3696 3881 3769">
     <span class='ocr_line' id='line_1_80' title="bbox 2316 3696 3881 3769; baseline -0.001 -16"><span class='ocrx_word' id='word_1_529' title='bbox 2316 3698 2430 3754; x_wconf 92' lang='lat' dir='ltr'><strong>Sed</strong></span> <span class='ocrx_word' id='word_1_530' title='bbox 2465 3701 2524 3753; x_wconf 90' lang='lat' dir='ltr'><strong>et</strong></span> <span class='ocrx_word' id='word_1_531' title='bbox 2556 3697 2709 3769; x_wconf 90' lang='lat' dir='ltr'><strong>ipsas</strong></span> <span class='ocrx_word' id='word_1_532' title='bbox 2741 3696 2941 3769; x_wconf 89' lang='lat' dir='ltr'><strong>utique</strong></span> <span class='ocrx_word' id='word_1_533' title='bbox 2961 3713 3150 3752; x_wconf 89' lang='lat' dir='ltr'><strong>sacras</strong></span> <span class='ocrx_word' id='word_1_534' title='bbox 3179 3712 3346 3752; x_wconf 86' lang='lat' dir='ltr'><strong>voces</strong></span> <span class='ocrx_word' id='word_1_535' title='bbox 3369 3697 3583 3769; x_wconf 86' lang='lat' dir='ltr'><strong>legant,</strong></span> <span class='ocrx_word' id='word_1_536' title='bbox 3621 3713 3754 3751; x_wconf 90' lang='lat' dir='ltr'><strong>cum</strong></span> <span class='ocrx_word' id='word_1_537' title='bbox 3781 3715 3881 3752; x_wconf 88' lang='lat' dir='ltr'><strong>sa—</strong></span> 
     </span>
    </p>
   </div>
   <div class='ocr_carea' id='block_1_81' title="bbox 2243 3789 3885 3861">
    <p class='ocr_par' dir='ltr' id='par_1_81' title="bbox 2243 3789 3885 3861">
     <span class='ocr_line' id='line_1_81' title="bbox 2243 3789 3885 3861; baseline -0.002 -14"><span class='ocrx_word' id='word_1_538' title='bbox 2243 3808 2368 3847; x_wconf 90' lang='lat' dir='ltr'><strong>cros</strong></span> <span class='ocrx_word' id='word_1_539' title='bbox 2401 3791 2575 3846; x_wconf 90' lang='lat' dir='ltr'><strong>libros</strong></span> <span class='ocrx_word' id='word_1_540' title='bbox 2601 3792 2901 3857; x_wconf 83' lang='lat' dir='ltr'><strong>evolvunt;</strong></span> <span class='ocrx_word' id='word_1_541' title='bbox 2939 3806 3126 3861; x_wconf 91' lang='lat' dir='ltr'><strong>neque</strong></span> <span class='ocrx_word' id='word_1_542' title='bbox 3159 3789 3412 3844; x_wconf 89' lang='lat' dir='ltr'><strong>celantes</strong></span> <span class='ocrx_word' id='word_1_543' title='bbox 3459 3806 3528 3844; x_wconf 89' lang='lat' dir='ltr'><strong>ea</strong></span> <span class='ocrx_word' id='word_1_544' title='bbox 3571 3806 3701 3860; x_wconf 68' lang='lat' dir='ltr'><strong>quas</strong></span> <span class='ocrx_word' id='word_1_545' title='bbox 3737 3790 3885 3844; x_wconf 90' lang='lat' dir='ltr'><strong>inibi</strong></span> 
     </span>
    </p>
   </div>
   <div class='ocr_carea' id='block_1_82' title="bbox 2242 3883 3882 3957">
    <p class='ocr_par' dir='ltr' id='par_1_82' title="bbox 2242 3883 3882 3957">
     <span class='ocr_line' id='line_1_82' title="bbox 2242 3883 3882 3957; baseline -0.002 -17"><span class='ocrx_word' id='word_1_546' title='bbox 2242 3886 2468 3957; x_wconf 92' lang='lat' dir='ltr'><strong>prolata</strong></span> <span class='ocrx_word' id='word_1_547' title='bbox 2503 3890 2654 3951; x_wconf 89' lang='lat' dir='ltr'><strong>sunt,</strong></span> <span class='ocrx_word' id='word_1_548' title='bbox 2698 3883 3053 3938; x_wconf 84' lang='lat' dir='ltr'><strong>extrinsecus</strong></span> <span class='ocrx_word' id='word_1_549' title='bbox 3082 3886 3375 3937; x_wconf 86' lang='lat' dir='ltr'><strong>assumant</strong></span> <span class='ocrx_word' id='word_1_550' title='bbox 3417 3898 3701 3953; x_wconf 83' lang='lat' dir='ltr'><strong>nusquam</strong></span> <span class='ocrx_word' id='word_1_551' title='bbox 3734 3883 3882 3937; x_wconf 84' lang='lat' dir='ltr'><strong>scri-</strong></span> 
     </span>
    </p>
   </div>
   <div class='ocr_carea' id='block_1_83' title="bbox 2240 3975 3885 4049">
    <p class='ocr_par' dir='ltr' id='par_1_83' title="bbox 2240 3975 3885 4049">
     <span class='ocr_line' id='line_1_83' title="bbox 2240 3975 3885 4049; baseline -0.001 -17"><span class='ocrx_word' id='word_1_552' title='bbox 2240 3982 2369 4049; x_wconf 89' lang='lat' dir='ltr'><strong>ptas</strong></span> <span class='ocrx_word' id='word_1_553' title='bbox 2393 3994 2595 4032; x_wconf 90' lang='lat' dir='ltr'><strong>vocum</strong></span> <span class='ocrx_word' id='word_1_554' title='bbox 2618 3977 2948 4043; x_wconf 90' lang='lat' dir='ltr'><strong>inanitates,</strong></span> <span class='ocrx_word' id='word_1_555' title='bbox 2972 3976 3044 4030; x_wconf 89' lang='lat' dir='ltr'><strong>ab</strong></span> <span class='ocrx_word' id='word_1_556' title='bbox 3067 3976 3203 4047; x_wconf 88' lang='lat' dir='ltr'><strong>ipsis</strong></span> <span class='ocrx_word' id='word_1_557' title='bbox 3231 3975 3305 4030; x_wconf 89' lang='lat' dir='ltr'><strong>ad</strong></span> <span class='ocrx_word' id='word_1_558' title='bbox 3336 3975 3721 4047; x_wconf 88' lang='lat' dir='ltr'><strong>perditionem</strong></span> <span class='ocrx_word' id='word_1_559' title='bbox 3742 3976 3885 4031; x_wconf 89' lang='lat' dir='ltr'><strong>sim-</strong></span> 
     </span>
    </p>
   </div>
   <div class='ocr_carea' id='block_1_84' title="bbox 2240 4070 2930 4142">
    <p class='ocr_par' dir='ltr' id='par_1_84' title="bbox 2240 4070 2930 4142">
     <span class='ocr_line' id='line_1_84' title="bbox 2240 4070 2930 4142; baseline -0.003 -17"><span class='ocrx_word' id='word_1_560' title='bbox 2240 4070 2541 4142; x_wconf 89' lang='lat' dir='ltr'><strong>pliciorum</strong></span> <span class='ocrx_word' id='word_1_561' title='bbox 2566 4070 2930 4141; x_wconf 87' lang='lat' dir='ltr'><strong>excogitatas.</strong></span> 
     </span>
    </p>
   </div>
   <div class='ocr_carea' id='block_1_85' title="bbox 2312 4161 3883 4232">
    <p class='ocr_par' dir='ltr' id='par_1_85' title="bbox 2312 4161 3883 4232">
     <span class='ocr_line' id='line_1_85' title="bbox 2312 4161 3883 4232; baseline -0.001 -15"><span class='ocrx_word' id='word_1_562' title='bbox 2312 4163 2474 4218; x_wconf 92' lang='lat' dir='ltr'><strong>Unde</strong></span> <span class='ocrx_word' id='word_1_563' title='bbox 2485 4163 2593 4217; x_wconf 88' lang='lat' dir='ltr'><strong>hac</strong></span> <span class='ocrx_word' id='word_1_564' title='bbox 2613 4179 2648 4216; x_wconf 90' lang='lat' dir='ltr'><strong>a</strong></span> <span class='ocrx_word' id='word_1_565' title='bbox 2666 4162 2832 4217; x_wconf 89' lang='lat' dir='ltr'><strong>nobis</strong></span> <span class='ocrx_word' id='word_1_566' title='bbox 2851 4162 3093 4232; x_wconf 61' lang='lat' dir='ltr'><strong>praebita</strong></span> <span class='ocrx_word' id='word_1_567' title='bbox 3114 4161 3364 4227; x_wconf 89' lang='lat' dir='ltr'><strong>licentia,</strong></span> <span class='ocrx_word' id='word_1_568' title='bbox 3380 4177 3570 4232; x_wconf 86' lang='lat' dir='ltr'><strong>neque</strong></span> <span class='ocrx_word' id='word_1_569' title='bbox 3588 4161 3883 4232; x_wconf 86' lang='lat' dir='ltr'><strong>aliquibus</strong></span> 
     </span>
    </p>
   </div>
   <div class='ocr_carea' id='block_1_86' title="bbox 2240 4253 3883 4326">
    <p class='ocr_par' dir='ltr' id='par_1_86' title="bbox 2240 4253 3883 4326">
     <span class='ocr_line' id='line_1_86' title="bbox 2240 4253 3883 4326; baseline -0.001 -15"><span class='ocrx_word' id='word_1_570' title='bbox 2240 4255 2475 4311; x_wconf 90' lang='lat' dir='ltr'><strong>omnino</strong></span> <span class='ocrx_word' id='word_1_571' title='bbox 2496 4255 2815 4310; x_wconf 88' lang='lat' dir='ltr'><strong>subdentur</strong></span> <span class='ocrx_word' id='word_1_572' title='bbox 2831 4254 3143 4326; x_wconf 90' lang='lat' dir='ltr'><strong>dispendiis</strong></span> <span class='ocrx_word' id='word_1_573' title='bbox 3163 4254 3221 4308; x_wconf 90' lang='lat' dir='ltr'><strong>hi</strong></span> <span class='ocrx_word' id='word_1_574' title='bbox 3246 4253 3345 4324; x_wconf 90' lang='lat' dir='ltr'><strong>qui</strong></span> <span class='ocrx_word' id='word_1_575' title='bbox 3364 4254 3621 4308; x_wconf 68' lang='lat' dir='ltr'><strong>Graecam</strong></span> <span class='ocrx_word' id='word_1_576' title='bbox 3649 4258 3709 4308; x_wconf 92' lang='lat' dir='ltr'><strong>et</strong></span> <span class='ocrx_word' id='word_1_577' title='bbox 3738 4254 3883 4309; x_wconf 87' lang='lat' dir='ltr'><strong>alias</strong></span> 
     </span>
    </p>
   </div>
   <div class='ocr_carea' id='block_1_87' title="bbox 2238 4346 3878 4420">
    <p class='ocr_par' dir='ltr' id='par_1_87' title="bbox 2238 4346 3878 4420">
     <span class='ocr_line' id='line_1_87' title="bbox 2238 4346 3878 4420; baseline -0.001 -18"><span class='ocrx_word' id='word_1_578' title='bbox 2238 4349 2468 4420; x_wconf 90' lang='lat' dir='ltr'><strong>linguas</strong></span> <span class='ocrx_word' id='word_1_579' title='bbox 2480 4351 2801 4415; x_wconf 90' lang='lat' dir='ltr'><strong>assumunt,</strong></span> <span class='ocrx_word' id='word_1_580' title='bbox 2821 4364 3007 4417; x_wconf 83' lang='lat' dir='ltr'><strong>neque</strong></span> <span class='ocrx_word' id='word_1_581' title='bbox 3029 4347 3163 4401; x_wconf 90' lang='lat' dir='ltr'><strong>item</strong></span> <span class='ocrx_word' id='word_1_582' title='bbox 3178 4347 3250 4400; x_wconf 90' lang='lat' dir='ltr'><strong>ab</strong></span> <span class='ocrx_word' id='word_1_583' title='bbox 3261 4347 3377 4401; x_wconf 89' lang='lat' dir='ltr'><strong>ullo</strong></span> <span class='ocrx_word' id='word_1_584' title='bbox 3391 4346 3878 4417; x_wconf 86' lang='lat' dir='ltr'><strong>prohibebuntur.</strong></span> 
     </span>
    </p>
   </div>
   <div class='ocr_carea' id='block_1_88' title="bbox 2239 4438 3883 4513">
    <p class='ocr_par' dir='ltr' id='par_1_88' title="bbox 2239 4438 3883 4513">
     <span class='ocr_line' id='line_1_88' title="bbox 2239 4438 3883 4513; baseline -0.002 -16"><span class='ocrx_word' id='word_1_585' title='bbox 2239 4444 2431 4513; x_wconf 85' lang='lat' dir='ltr'><strong>Neque</strong></span> <span class='ocrx_word' id='word_1_586' title='bbox 2445 4441 2543 4512; x_wconf 91' lang='lat' dir='ltr'><strong>qui</strong></span> <span class='ocrx_word' id='word_1_587' title='bbox 2562 4440 3053 4512; x_wconf 64' lang='lat' dir='ltr'><strong>archipherecitm,</strong></span> <span class='ocrx_word' id='word_1_588' title='bbox 3080 4444 3179 4493; x_wconf 88' lang='lat' dir='ltr'><strong>aut</strong></span> <span class='ocrx_word' id='word_1_589' title='bbox 3202 4439 3456 4494; x_wconf 88' lang='lat' dir='ltr'><strong>seniores</strong></span> <span class='ocrx_word' id='word_1_590' title='bbox 3484 4438 3739 4506; x_wconf 89' lang='lat' dir='ltr'><strong>interim,</strong></span> <span class='ocrx_word' id='word_1_591' title='bbox 3777 4444 3883 4495; x_wconf 89' lang='lat' dir='ltr'><strong>aut</strong></span> 
     </span>
    </p>
   </div>
   <div class='ocr_carea' id='block_1_89' title="bbox 512 4529 3880 4604">
    <p class='ocr_par' dir='ltr' id='par_1_89' title="bbox 512 4529 3880 4604">
     <span class='ocr_line' id='line_1_89' title="bbox 512 4529 3880 4604; baseline 0.002 -25"><span class='ocrx_word' id='word_1_592' title='bbox 512 4529 668 4580; x_wconf 89' lang='lat' dir='ltr'><strong>recta</strong></span> <span class='ocrx_word' id='word_1_593' title='bbox 704 4529 991 4584; x_wconf 85' lang='lat' dir='ltr'><strong>sententia</strong></span> <span class='ocrx_word' id='word_1_594' title='bbox 1032 4530 1374 4585; x_wconf 89' lang='lat' dir='ltr'><strong>aberrarunt</strong></span> <span class='ocrx_word' id='word_1_595' title='bbox 1400 4548 1413 4585; x_wconf 89' lang='lat'>:</span> <span class='ocrx_word' id='word_1_596' title='bbox 1450 4531 1587 4603; x_wconf 90' lang='lat' dir='ltr'><strong>quia</strong></span> <span class='ocrx_word' id='word_1_597' title='bbox 1610 4537 1803 4587; x_wconf 89' lang='lat' dir='ltr'><strong>tamen</strong></span> <span class='ocrx_word' id='word_1_598' title='bbox 1836 4532 2138 4588; x_wconf 90' lang='lat' dir='ltr'><strong>didicimus</strong></span> <span class='ocrx_word' id='word_1_599' title='bbox 2156 4529 2216 4602; x_wconf 88' lang='lat' dir='ltr'><strong>D</strong></span> <span class='ocrx_word' id='word_1_600' title='bbox 2238 4535 2405 4590; x_wconf 87' lang='lat' dir='ltr'><strong>etiam</strong></span> <span class='ocrx_word' id='word_1_601' title='bbox 2427 4533 2687 4604; x_wconf 91' lang='lat' dir='ltr'><strong>magistri</strong></span> <span class='ocrx_word' id='word_1_602' title='bbox 2709 4533 2863 4603; x_wconf 90' lang='lat' dir='ltr'><strong>apud</strong></span> <span class='ocrx_word' id='word_1_603' title='bbox 2881 4548 2978 4586; x_wconf 90' lang='lat' dir='ltr'><strong>eos</strong></span> <span class='ocrx_word' id='word_1_604' title='bbox 2996 4532 3375 4602; x_wconf 88' lang='lat' dir='ltr'><strong>appellantur,</strong></span> <span class='ocrx_word' id='word_1_605' title='bbox 3391 4530 3681 4585; x_wconf 85' lang='lat' dir='ltr'><strong>licentiam</strong></span> <span class='ocrx_word' id='word_1_606' title='bbox 3702 4530 3880 4586; x_wconf 88' lang='lat' dir='ltr'><strong>habe-</strong></span> 
     </span>
    </p>
   </div>
   <div class='ocr_carea' id='block_1_90' title="bbox 510 4618 2139 4692">
    <p class='ocr_par' dir='ltr' id='par_1_90' title="bbox 510 4618 2139 4692">
     <span class='ocr_line' id='line_1_90' title="bbox 510 4618 2139 4692; baseline 0.006 -20"><span class='ocrx_word' id='word_1_607' title='bbox 510 4618 723 4674; x_wconf 89' lang='lat' dir='ltr'><strong>habere</strong></span> <span class='ocrx_word' id='word_1_608' title='bbox 750 4622 904 4692; x_wconf 91' lang='lat' dir='ltr'><strong>ipsos</strong></span> <span class='ocrx_word' id='word_1_609' title='bbox 934 4623 1084 4677; x_wconf 90' lang='lat' dir='ltr'><strong>inter</strong></span> <span class='ocrx_word' id='word_1_610' title='bbox 1106 4640 1165 4677; x_wconf 91' lang='lat' dir='ltr'><strong>se</strong></span> <span class='ocrx_word' id='word_1_611' title='bbox 1196 4624 1664 4692; x_wconf 89' lang='lat' dir='ltr'><strong>controversiam,</strong></span> <span class='ocrx_word' id='word_1_612' title='bbox 1708 4642 1825 4680; x_wconf 90' lang='lat' dir='ltr'><strong>non</strong></span> <span class='ocrx_word' id='word_1_613' title='bbox 1875 4626 2139 4681; x_wconf 84' lang='lat' dir='ltr'><strong>sustinui-</strong></span> 
     </span>
    </p>
   </div>
   <div class='ocr_carea' id='block_1_91' title="bbox 510 4716 2134 4789">
    <p class='ocr_par' dir='ltr' id='par_1_91' title="bbox 510 4716 2134 4789">
     <span class='ocr_line' id='line_1_91' title="bbox 510 4716 2134 4789; baseline 0.006 -26"><span class='ocrx_word' id='word_1_614' title='bbox 510 4726 638 4764; x_wconf 89' lang='lat' dir='ltr'><strong>mus</strong></span> <span class='ocrx_word' id='word_1_615' title='bbox 663 4729 796 4768; x_wconf 92' lang='lat' dir='ltr'><strong>eum</strong></span> <span class='ocrx_word' id='word_1_616' title='bbox 827 4716 1134 4770; x_wconf 90' lang='lat' dir='ltr'><strong>tumultum</strong></span> <span class='ocrx_word' id='word_1_617' title='bbox 1164 4717 1487 4787; x_wconf 89' lang='lat' dir='ltr'><strong>relinquere</strong></span> <span class='ocrx_word' id='word_1_618' title='bbox 1514 4717 1650 4789; x_wconf 90' lang='lat' dir='ltr'><strong>ipsis</strong></span> <span class='ocrx_word' id='word_1_619' title='bbox 1671 4717 2134 4789; x_wconf 88' lang='lat' dir='ltr'><strong>incompositum.</strong></span> 
     </span>
    </p>
   </div>
   <div class='ocr_carea' id='block_1_92' title="bbox 510 4803 2140 4881">
    <p class='ocr_par' dir='ltr' id='par_1_92' title="bbox 510 4803 2140 4881">
     <span class='ocr_line' id='line_1_92' title="bbox 510 4803 2140 4881; baseline 0.005 -23"><span class='ocrx_word' id='word_1_620' title='bbox 510 4803 808 4873; x_wconf 87' lang='lat' dir='ltr'><strong>Siquidem</strong></span> <span class='ocrx_word' id='word_1_621' title='bbox 835 4824 939 4878; x_wconf 87' lang='lat' dir='ltr'><strong>per</strong></span> <span class='ocrx_word' id='word_1_622' title='bbox 955 4808 1445 4880; x_wconf 87' lang='lat' dir='ltr'><strong>interpellationes</strong></span> <span class='ocrx_word' id='word_1_623' title='bbox 1458 4827 1585 4881; x_wconf 67' lang='lat' dir='ltr'><strong>quae</strong></span> <span class='ocrx_word' id='word_1_624' title='bbox 1604 4810 1677 4864; x_wconf 92' lang='lat' dir='ltr'><strong>ad</strong></span> <span class='ocrx_word' id='word_1_625' title='bbox 1697 4828 1801 4866; x_wconf 91' lang='lat' dir='ltr'><strong>nos</strong></span> <span class='ocrx_word' id='word_1_626' title='bbox 1812 4811 2140 4867; x_wconf 85' lang='lat' dir='ltr'><strong>referuntur</strong></span> 
     </span>
    </p>
   </div>
   <div class='ocr_carea' id='block_1_93' title="bbox 510 4895 2139 4974">
    <p class='ocr_par' dir='ltr' id='par_1_93' title="bbox 510 4895 2139 4974">
     <span class='ocr_line' id='line_1_93' title="bbox 510 4895 2139 4974; baseline 0.006 -25"><span class='ocrx_word' id='word_1_627' title='bbox 510 4895 811 4953; x_wconf 90' lang='lat' dir='ltr'><strong>didicimus</strong></span> <span class='ocrx_word' id='word_1_628' title='bbox 827 4901 981 4970; x_wconf 92' lang='lat' dir='ltr'><strong>quod</strong></span> <span class='ocrx_word' id='word_1_629' title='bbox 1011 4918 1076 4956; x_wconf 88' lang='lat' dir='ltr'><strong>ex</strong></span> <span class='ocrx_word' id='word_1_630' title='bbox 1093 4902 1229 4973; x_wconf 92' lang='lat' dir='ltr'><strong>ipsis</strong></span> <span class='ocrx_word' id='word_1_631' title='bbox 1243 4903 1478 4974; x_wconf 88' lang='lat' dir='ltr'><strong>quidam</strong></span> <span class='ocrx_word' id='word_1_632' title='bbox 1499 4904 1621 4957; x_wconf 91' lang='lat' dir='ltr'><strong>sola</strong></span> <span class='ocrx_word' id='word_1_633' title='bbox 1639 4903 1840 4974; x_wconf 86' lang='lat' dir='ltr'><strong>lingua</strong></span> <span class='ocrx_word' id='word_1_634' title='bbox 1862 4906 2139 4959; x_wconf 84' lang='lat' dir='ltr'><strong>tenentur</strong></span> 
     </span>
    </p>
   </div>
   <div class='ocr_carea' id='block_1_94' title="bbox 509 4990 2135 5064">
    <p class='ocr_par' dir='ltr' id='par_1_94' title="bbox 509 4990 2135 5064">
     <span class='ocr_line' id='line_1_94' title="bbox 509 4990 2135 5064; baseline 0.007 -22"><span class='ocrx_word' id='word_1_635' title='bbox 509 4990 800 5058; x_wconf 86' lang='lat' dir='ltr'><strong>Hebraica,</strong></span> <span class='ocrx_word' id='word_1_636' title='bbox 822 5009 1003 5064; x_wconf 88' lang='lat' dir='ltr'><strong>eaque</strong></span> <span class='ocrx_word' id='word_1_637' title='bbox 1020 4996 1302 5050; x_wconf 89' lang='lat' dir='ltr'><strong>utendum</strong></span> <span class='ocrx_word' id='word_1_638' title='bbox 1323 5013 1444 5051; x_wconf 91' lang='lat' dir='ltr'><strong>esse</strong></span> <span class='ocrx_word' id='word_1_639' title='bbox 1462 4996 1521 5051; x_wconf 89' lang='lat' dir='ltr'><strong>in</strong></span> <span class='ocrx_word' id='word_1_640' title='bbox 1549 5013 1841 5052; x_wconf 90' lang='lat' dir='ltr'><strong>sacrorum</strong></span> <span class='ocrx_word' id='word_1_641' title='bbox 1861 4996 2135 5053; x_wconf 91' lang='lat' dir='ltr'><strong>librorum</strong></span> 
     </span>
    </p>
   </div>
   <div class='ocr_carea' id='block_1_95' title="bbox 508 5081 2135 5157">
    <p class='ocr_par' dir='ltr' id='par_1_95' title="bbox 508 5081 2135 5157">
     <span class='ocr_line' id='line_1_95' title="bbox 508 5081 2135 5157; baseline 0.006 -22"><span class='ocrx_word' id='word_1_642' title='bbox 508 5081 753 5139; x_wconf 89' lang='lat' dir='ltr'><strong>lectione</strong></span> <span class='ocrx_word' id='word_1_643' title='bbox 773 5086 989 5152; x_wconf 90' lang='lat' dir='ltr'><strong>volunt,</strong></span> <span class='ocrx_word' id='word_1_644' title='bbox 1011 5087 1243 5157; x_wconf 91' lang='lat' dir='ltr'><strong>quidam</strong></span> <span class='ocrx_word' id='word_1_645' title='bbox 1265 5089 1441 5142; x_wconf 92' lang='lat' dir='ltr'><strong>etiam</strong></span> <span class='ocrx_word' id='word_1_646' title='bbox 1461 5090 1710 5144; x_wconf 65' lang='lat' dir='ltr'><strong>Graecam</strong></span> <span class='ocrx_word' id='word_1_647' title='bbox 1725 5090 2135 5144; x_wconf 88' lang='lat' dir='ltr'><strong>assumendam</strong></span> 
     </span>
    </p>
   </div>
   <div class='ocr_carea' id='block_1_96' title="bbox 506 5178 2137 5253">
    <p class='ocr_par' dir='ltr' id='par_1_96' title="bbox 506 5178 2137 5253">
     <span class='ocr_line' id='line_1_96' title="bbox 506 5178 2137 5253; baseline 0.006 -24"><span class='ocrx_word' id='word_1_648' title='bbox 506 5178 885 5246; x_wconf 87' lang='lat' dir='ltr'><strong>contendunt,</strong></span> <span class='ocrx_word' id='word_1_649' title='bbox 916 5182 973 5232; x_wconf 87' lang='lat' dir='ltr'><strong>et</strong></span> <span class='ocrx_word' id='word_1_650' title='bbox 1003 5180 1171 5251; x_wconf 88' lang='lat' dir='ltr'><strong>longo</strong></span> <span class='ocrx_word' id='word_1_651' title='bbox 1191 5180 1316 5251; x_wconf 89' lang='lat' dir='ltr'><strong>jam</strong></span> <span class='ocrx_word' id='word_1_652' title='bbox 1346 5185 1604 5253; x_wconf 88' lang='lat' dir='ltr'><strong>tempore</strong></span> <span class='ocrx_word' id='word_1_653' title='bbox 1626 5199 1694 5237; x_wconf 88' lang='lat' dir='ltr'><strong>ea</strong></span> <span class='ocrx_word' id='word_1_654' title='bbox 1725 5182 1797 5237; x_wconf 88' lang='lat' dir='ltr'><strong>de</strong></span> <span class='ocrx_word' id='word_1_655' title='bbox 1818 5199 1879 5237; x_wconf 87' lang='lat' dir='ltr'><strong>re</strong></span> <span class='ocrx_word' id='word_1_656' title='bbox 1906 5183 2137 5239; x_wconf 87' lang='lat' dir='ltr'><strong>seditio-</strong></span> 
     </span>
    </p>
   </div>
   <div class='ocr_carea' id='block_1_97' title="bbox 504 5271 2137 5344">
    <p class='ocr_par' dir='ltr' id='par_1_97' title="bbox 504 5271 2137 5344">
     <span class='ocr_line' id='line_1_97' title="bbox 504 5271 2137 5344; baseline 0.005 -21"><span class='ocrx_word' id='word_1_657' title='bbox 504 5285 607 5324; x_wconf 89' lang='lat' dir='ltr'><strong>nes</strong></span> <span class='ocrx_word' id='word_1_658' title='bbox 630 5271 783 5325; x_wconf 87' lang='lat' dir='ltr'><strong>inter</strong></span> <span class='ocrx_word' id='word_1_659' title='bbox 809 5287 868 5324; x_wconf 89' lang='lat' dir='ltr'><strong>se</strong></span> <span class='ocrx_word' id='word_1_660' title='bbox 898 5271 1139 5341; x_wconf 89' lang='lat' dir='ltr'><strong>agitant.</strong></span> <span class='ocrx_word' id='word_1_661' title='bbox 1174 5274 1285 5328; x_wconf 91' lang='lat' dir='ltr'><strong>Nos</strong></span> <span class='ocrx_word' id='word_1_662' title='bbox 1316 5274 1490 5344; x_wconf 85' lang='lat' dir='ltr'><strong>igitur</strong></span> <span class='ocrx_word' id='word_1_663' title='bbox 1515 5275 1585 5328; x_wconf 91' lang='lat' dir='ltr'><strong>de</strong></span> <span class='ocrx_word' id='word_1_664' title='bbox 1616 5276 1724 5330; x_wconf 91' lang='lat' dir='ltr'><strong>hac</strong></span> <span class='ocrx_word' id='word_1_665' title='bbox 1748 5276 2137 5331; x_wconf 89' lang='lat' dir='ltr'><strong>controversia</strong></span> 
     </span>
    </p>
   </div>
   <div class='ocr_carea' id='block_1_98' title="bbox 506 5363 2133 5439">
    <p class='ocr_par' dir='ltr' id='par_1_98' title="bbox 506 5363 2133 5439">
     <span class='ocr_line' id='line_1_98' title="bbox 506 5363 2133 5439; baseline 0.005 -23"><span class='ocrx_word' id='word_1_666' title='bbox 506 5363 712 5430; x_wconf 89' lang='lat' dir='ltr'><strong>edocti,</strong></span> <span class='ocrx_word' id='word_1_667' title='bbox 747 5363 1014 5420; x_wconf 87' lang='lat' dir='ltr'><strong>meliores</strong></span> <span class='ocrx_word' id='word_1_668' title='bbox 1043 5382 1164 5420; x_wconf 89' lang='lat' dir='ltr'><strong>esse</strong></span> <span class='ocrx_word' id='word_1_669' title='bbox 1187 5366 1569 5438; x_wconf 89' lang='lat' dir='ltr'><strong>judicavimus</strong></span> <span class='ocrx_word' id='word_1_670' title='bbox 1606 5384 1704 5421; x_wconf 89' lang='lat' dir='ltr'><strong>eos</strong></span> <span class='ocrx_word' id='word_1_671' title='bbox 1749 5369 1849 5439; x_wconf 90' lang='lat' dir='ltr'><strong>qui</strong></span> <span class='ocrx_word' id='word_1_672' title='bbox 1880 5370 2133 5425; x_wconf 68' lang='lat' dir='ltr'><strong>Graecam</strong></span> 
     </span>
    </p>
   </div>
   <div class='ocr_carea' id='block_1_99' title="bbox 506 5456 2137 5526">
    <p class='ocr_par' dir='ltr' id='par_1_99' title="bbox 506 5456 2137 5526">
     <span class='ocr_line' id='line_1_99' title="bbox 506 5456 2137 5526; baseline 0.005 -17"><span class='ocrx_word' id='word_1_673' title='bbox 506 5457 677 5510; x_wconf 89' lang='lat' dir='ltr'><strong>etiam</strong></span> <span class='ocrx_word' id='word_1_674' title='bbox 707 5456 962 5526; x_wconf 86' lang='lat' dir='ltr'><strong>linguam</strong></span> <span class='ocrx_word' id='word_1_675' title='bbox 989 5459 1047 5513; x_wconf 91' lang='lat' dir='ltr'><strong>in</strong></span> <span class='ocrx_word' id='word_1_676' title='bbox 1079 5477 1371 5515; x_wconf 90' lang='lat' dir='ltr'><strong>sacrorum</strong></span> <span class='ocrx_word' id='word_1_677' title='bbox 1393 5461 1670 5516; x_wconf 91' lang='lat' dir='ltr'><strong>librorum</strong></span> <span class='ocrx_word' id='word_1_678' title='bbox 1693 5463 2137 5517; x_wconf 89' lang='lat' dir='ltr'><strong>lectionevolue-</strong></span> 
     </span>
    </p>
   </div>
   <div class='ocr_carea' id='block_1_100' title="bbox 502 5553 2135 5625">
    <p class='ocr_par' dir='ltr' id='par_1_100' title="bbox 502 5553 2135 5625">
     <span class='ocr_line' id='line_1_100' title="bbox 502 5553 2135 5625; baseline 0.004 -23"><span class='ocrx_word' id='word_1_679' title='bbox 502 5553 639 5603; x_wconf 91' lang='lat' dir='ltr'><strong>runt</strong></span> <span class='ocrx_word' id='word_1_680' title='bbox 680 5565 991 5617; x_wconf 88' lang='lat' dir='ltr'><strong>assumere,</strong></span> <span class='ocrx_word' id='word_1_681' title='bbox 1026 5555 1083 5606; x_wconf 89' lang='lat' dir='ltr'><strong>et</strong></span> <span class='ocrx_word' id='word_1_682' title='bbox 1109 5554 1244 5623; x_wconf 91' lang='lat' dir='ltr'><strong>(uno</strong></span> <span class='ocrx_word' id='word_1_683' title='bbox 1274 5553 1463 5624; x_wconf 86' lang='lat' dir='ltr'><strong>verbo)</strong></span> <span class='ocrx_word' id='word_1_684' title='bbox 1492 5569 1725 5608; x_wconf 90' lang='lat' dir='ltr'><strong>omnem</strong></span> <span class='ocrx_word' id='word_1_685' title='bbox 1753 5554 2002 5625; x_wconf 90' lang='lat' dir='ltr'><strong>denique</strong></span> <span class='ocrx_word' id='word_1_686' title='bbox 2032 5554 2135 5609; x_wconf 89' lang='lat' dir='ltr'><strong>lin-</strong></span> 
     </span>
    </p>
   </div>
   <div class='ocr_carea' id='block_1_101' title="bbox 501 5644 2129 5717">
    <p class='ocr_par' dir='ltr' id='par_1_101' title="bbox 501 5644 2129 5717">
     <span class='ocr_line' id='line_1_101' title="bbox 501 5644 2129 5717; baseline 0.003 -21"><span class='ocrx_word' id='word_1_687' title='bbox 501 5657 675 5712; x_wconf 87' lang='lat' dir='ltr'><strong>guam</strong></span> <span class='ocrx_word' id='word_1_688' title='bbox 709 5658 884 5713; x_wconf 92' lang='lat' dir='ltr'><strong>quam</strong></span> <span class='ocrx_word' id='word_1_689' title='bbox 904 5644 1058 5697; x_wconf 88' lang='lat' dir='ltr'><strong>locus</strong></span> <span class='ocrx_word' id='word_1_690' title='bbox 1083 5647 1666 5702; x_wconf 88' lang='lat' dir='ltr'><strong>accommodatiorem</strong></span> <span class='ocrx_word' id='word_1_691' title='bbox 1687 5649 1744 5699; x_wconf 93' lang='lat' dir='ltr'><strong>et</strong></span> <span class='ocrx_word' id='word_1_692' title='bbox 1764 5646 1949 5717; x_wconf 90' lang='lat' dir='ltr'><strong>magis</strong></span> <span class='ocrx_word' id='word_1_693' title='bbox 1962 5647 2129 5701; x_wconf 83' lang='lat' dir='ltr'><strong>fami-</strong></span> 
     </span>
    </p>
   </div>
   <div class='ocr_carea' id='block_1_102' title="bbox 502 5734 2131 5810">
    <p class='ocr_par' dir='ltr' id='par_1_102' title="bbox 502 5734 2131 5810">
     <span class='ocr_line' id='line_1_102' title="bbox 502 5734 2131 5810; baseline 0.004 -23"><span class='ocrx_word' id='word_1_694' title='bbox 502 5734 703 5790; x_wconf 90' lang='lat' dir='ltr'><strong>liarem</strong></span> <span class='ocrx_word' id='word_1_695' title='bbox 748 5734 955 5788; x_wconf 90' lang='lat' dir='ltr'><strong>reddat</strong></span> <span class='ocrx_word' id='word_1_696' title='bbox 990 5738 1361 5794; x_wconf 86' lang='lat' dir='ltr'><strong>auditoribus.</strong></span> <span class='ocrx_word' id='word_1_697' title='bbox 1407 5738 1710 5796; x_wconf 88' lang='lat' dir='ltr'><strong>Sancimus</strong></span> <span class='ocrx_word' id='word_1_698' title='bbox 1751 5738 1927 5810; x_wconf 89' lang='lat' dir='ltr'><strong>igitur</strong></span> <span class='ocrx_word' id='word_1_699' title='bbox 1972 5745 2033 5793; x_wconf 93' lang='lat' dir='ltr'><strong>ut</strong></span> <span class='ocrx_word' id='word_1_700' title='bbox 2073 5739 2131 5794; x_wconf 90' lang='lat' dir='ltr'><strong>in</strong></span> 
     </span>
    </p>
   </div>
   <div class='ocr_carea' id='block_1_103' title="bbox 502 5826 2133 5905">
    <p class='ocr_par' dir='ltr' id='par_1_103' title="bbox 502 5826 2133 5905">
     <span class='ocr_line' id='line_1_103' title="bbox 502 5826 2133 5905; baseline 0.005 -25"><span class='ocrx_word' id='word_1_701' title='bbox 502 5827 709 5896; x_wconf 88' lang='lat' dir='ltr'><strong>quibus</strong></span> <span class='ocrx_word' id='word_1_702' title='bbox 724 5826 1110 5885; x_wconf 88' lang='lat' dir='ltr'><strong>omninolocis</strong></span> <span class='ocrx_word' id='word_1_703' title='bbox 1132 5831 1351 5889; x_wconf 77' lang='lat' dir='ltr'><strong>Hebraei</strong></span> <span class='ocrx_word' id='word_1_704' title='bbox 1370 5837 1519 5901; x_wconf 85' lang='lat' dir='ltr'><strong>sunt,</strong></span> <span class='ocrx_word' id='word_1_705' title='bbox 1545 5829 1793 5886; x_wconf 77' lang='lat' dir='ltr'><strong>Hebraeis</strong></span> <span class='ocrx_word' id='word_1_706' title='bbox 1814 5832 1913 5905; x_wconf 92' lang='lat' dir='ltr'><strong>qui</strong></span> <span class='ocrx_word' id='word_1_707' title='bbox 1935 5831 2133 5888; x_wconf 90' lang='lat' dir='ltr'><strong>volunt</strong></span> 
     </span>
    </p>
   </div>
   <div class='ocr_carea' id='block_1_104' title="bbox 2238 4624 3872 4697">
    <p class='ocr_par' dir='ltr' id='par_1_104' title="bbox 2238 4624 3872 4697">
     <span class='ocr_line' id='line_1_104' title="bbox 2238 4624 3872 4697; baseline -0.002 -16"><span class='ocrx_word' id='word_1_708' title='bbox 2238 4629 2382 4683; x_wconf 89' lang='lat' dir='ltr'><strong>bunt</strong></span> <span class='ocrx_word' id='word_1_709' title='bbox 2398 4631 2461 4681; x_wconf 91' lang='lat' dir='ltr'><strong>ut</strong></span> <span class='ocrx_word' id='word_1_710' title='bbox 2480 4626 2651 4681; x_wconf 80' lang='lat' dir='ltr'><strong>vafris</strong></span> <span class='ocrx_word' id='word_1_711' title='bbox 2676 4625 3021 4697; x_wconf 90' lang='lat' dir='ltr'><strong>quibusdam</strong></span> <span class='ocrx_word' id='word_1_712' title='bbox 3038 4624 3383 4679; x_wconf 90' lang='lat' dir='ltr'><strong>commentis</strong></span> <span class='ocrx_word' id='word_1_713' title='bbox 3406 4628 3503 4678; x_wconf 91' lang='lat' dir='ltr'><strong>aut</strong></span> <span class='ocrx_word' id='word_1_714' title='bbox 3532 4624 3872 4678; x_wconf 85' lang='lat' dir='ltr'><strong>anathema-</strong></span> 
     </span>
    </p>
   </div>
   <div class='ocr_carea' id='block_1_105' title="bbox 2239 4716 3872 4791">
    <p class='ocr_par' dir='ltr' id='par_1_105' title="bbox 2239 4716 3872 4791">
     <span class='ocr_line' id='line_1_105' title="bbox 2239 4716 3872 4791; baseline -0.002 -17"><span class='ocrx_word' id='word_1_715' title='bbox 2239 4720 2419 4775; x_wconf 89' lang='lat' dir='ltr'><strong>tismis</strong></span> <span class='ocrx_word' id='word_1_716' title='bbox 2434 4719 2493 4774; x_wconf 91' lang='lat' dir='ltr'><strong>id</strong></span> <span class='ocrx_word' id='word_1_717' title='bbox 2505 4718 2866 4791; x_wconf 87' lang='lat' dir='ltr'><strong>prohibeant,</strong></span> <span class='ocrx_word' id='word_1_718' title='bbox 2880 4717 2990 4772; x_wconf 91' lang='lat' dir='ltr'><strong>nisi</strong></span> <span class='ocrx_word' id='word_1_719' title='bbox 3004 4717 3179 4772; x_wconf 90' lang='lat' dir='ltr'><strong>velint</strong></span> <span class='ocrx_word' id='word_1_720' title='bbox 3194 4716 3588 4787; x_wconf 88' lang='lat' dir='ltr'><strong>corporalibus</strong></span> <span class='ocrx_word' id='word_1_721' title='bbox 3602 4717 3872 4786; x_wconf 86' lang='lat' dir='ltr'><strong>castigati</strong></span> 
     </span>
    </p>
   </div>
   <div class='ocr_carea' id='block_1_106' title="bbox 2237 4809 3880 4885">
    <p class='ocr_par' dir='ltr' id='par_1_106' title="bbox 2237 4809 3880 4885">
     <span class='ocr_line' id='line_1_106' title="bbox 2237 4809 3880 4885; baseline -0.001 -18"><span class='ocrx_word' id='word_1_722' title='bbox 2237 4813 2439 4885; x_wconf 81' lang='lat' dir='ltr'><strong>poenis,</strong></span> <span class='ocrx_word' id='word_1_723' title='bbox 2488 4817 2659 4883; x_wconf 90' lang='lat' dir='ltr'><strong>atque</strong></span> <span class='ocrx_word' id='word_1_724' title='bbox 2688 4811 2920 4882; x_wconf 90' lang='lat' dir='ltr'><strong>insuper</strong></span> <span class='ocrx_word' id='word_1_725' title='bbox 2950 4809 3115 4865; x_wconf 89' lang='lat' dir='ltr'><strong>bonis</strong></span> <span class='ocrx_word' id='word_1_726' title='bbox 3146 4809 3394 4880; x_wconf 90' lang='lat' dir='ltr'><strong>spoliati,</strong></span> <span class='ocrx_word' id='word_1_727' title='bbox 3428 4809 3516 4863; x_wconf 88' lang='lat' dir='ltr'><strong>vel</strong></span> <span class='ocrx_word' id='word_1_728' title='bbox 3547 4809 3711 4864; x_wconf 87' lang='lat' dir='ltr'><strong>inviti</strong></span> <span class='ocrx_word' id='word_1_729' title='bbox 3742 4826 3880 4865; x_wconf 74' lang='lat' dir='ltr'><strong>con~</strong></span> 
     </span>
    </p>
   </div>
   <div class='ocr_carea' id='block_1_107' title="bbox 2237 4902 3878 4974">
    <p class='ocr_par' dir='ltr' id='par_1_107' title="bbox 2237 4902 3878 4974">
     <span class='ocr_line' id='line_1_107' title="bbox 2237 4902 3878 4974; baseline -0.002 -14"><span class='ocrx_word' id='word_1_730' title='bbox 2237 4906 2449 4961; x_wconf 89' lang='lat' dir='ltr'><strong>sentire</strong></span> <span class='ocrx_word' id='word_1_731' title='bbox 2475 4904 2660 4972; x_wconf 89' lang='lat' dir='ltr'><strong>nobis,</strong></span> <span class='ocrx_word' id='word_1_732' title='bbox 2694 4903 2791 4974; x_wconf 87' lang='lat' dir='ltr'><strong>qui</strong></span> <span class='ocrx_word' id='word_1_733' title='bbox 2823 4909 2880 4958; x_wconf 89' lang='lat' dir='ltr'><strong>et</strong></span> <span class='ocrx_word' id='word_1_734' title='bbox 2906 4902 3299 4973; x_wconf 67' lang='lat' dir='ltr'><strong>praestantiora</strong></span> <span class='ocrx_word' id='word_1_735' title='bbox 3331 4906 3388 4957; x_wconf 85' lang='lat' dir='ltr'><strong>et</strong></span> <span class='ocrx_word' id='word_1_736' title='bbox 3417 4903 3530 4957; x_wconf 92' lang='lat' dir='ltr'><strong>Deo</strong></span> <span class='ocrx_word' id='word_1_737' title='bbox 3558 4902 3751 4973; x_wconf 89' lang='lat' dir='ltr'><strong>magis</strong></span> <span class='ocrx_word' id='word_1_738' title='bbox 3781 4919 3878 4957; x_wconf 83' lang='lat' dir='ltr'><strong>ac-</strong></span> 
     </span>
    </p>
   </div>
   <div class='ocr_carea' id='block_1_108' title="bbox 2237 4994 3881 5070">
    <p class='ocr_par' dir='ltr' id='par_1_108' title="bbox 2237 4994 3881 5070">
     <span class='ocr_line' id='line_1_108' title="bbox 2237 4994 3881 5070; baseline -0.002 -17"><span class='ocrx_word' id='word_1_739' title='bbox 2237 5002 2402 5070; x_wconf 88' lang='lat' dir='ltr'><strong>cepta</strong></span> <span class='ocrx_word' id='word_1_740' title='bbox 2424 4998 2663 5053; x_wconf 89' lang='lat' dir='ltr'><strong>velimus</strong></span> <span class='ocrx_word' id='word_1_741' title='bbox 2684 4996 3128 5068; x_wconf 87' lang='lat' dir='ltr'><strong>jubeamusque.</strong></span> <span class='ocrx_word' id='word_1_742' title='bbox 3157 4995 3323 5051; x_wconf 89' lang='lat' dir='ltr'><strong>Certe</strong></span> <span class='ocrx_word' id='word_1_743' title='bbox 3357 4994 3400 5049; x_wconf 91' lang='lat' dir='ltr'><strong>si</strong></span> <span class='ocrx_word' id='word_1_744' title='bbox 3425 4995 3553 5066; x_wconf 90' lang='lat' dir='ltr'><strong>quis</strong></span> <span class='ocrx_word' id='word_1_745' title='bbox 3581 4995 3794 5066; x_wconf 89' lang='lat' dir='ltr'><strong>impias</strong></span> <span class='ocrx_word' id='word_1_746' title='bbox 3819 4999 3881 5050; x_wconf 88' lang='lat' dir='ltr'><strong>et</strong></span> 
     </span>
    </p>
   </div>
   <div class='ocr_carea' id='block_1_109' title="bbox 2237 5088 3877 5162">
    <p class='ocr_par' dir='ltr' id='par_1_109' title="bbox 2237 5088 3877 5162">
     <span class='ocr_line' id='line_1_109' title="bbox 2237 5088 3877 5162; baseline -0.002 -17"><span class='ocrx_word' id='word_1_747' title='bbox 2237 5092 2540 5162; x_wconf 88' lang='lat' dir='ltr'><strong>sacrilegas</strong></span> <span class='ocrx_word' id='word_1_748' title='bbox 2556 5106 2758 5145; x_wconf 89' lang='lat' dir='ltr'><strong>vocum</strong></span> <span class='ocrx_word' id='word_1_749' title='bbox 2780 5089 3084 5143; x_wconf 88' lang='lat' dir='ltr'><strong>inanitates</strong></span> <span class='ocrx_word' id='word_1_750' title='bbox 3103 5088 3461 5143; x_wconf 87' lang='lat' dir='ltr'><strong>introducere</strong></span> <span class='ocrx_word' id='word_1_751' title='bbox 3484 5088 3877 5155; x_wconf 85' lang='lat' dir='ltr'><strong>attentaverit,</strong></span> 
     </span>
    </p>
   </div>
   <div class='ocr_carea' id='block_1_110' title="bbox 2238 5181 3877 5252">
    <p class='ocr_par' dir='ltr' id='par_1_110' title="bbox 2238 5181 3877 5252">
     <span class='ocr_line' id='line_1_110' title="bbox 2238 5181 3877 5252; baseline -0.002 -12"><span class='ocrx_word' id='word_1_752' title='bbox 2238 5190 2296 5240; x_wconf 92' lang='lat' dir='ltr'><strong>et</strong></span> <span class='ocrx_word' id='word_1_753' title='bbox 2319 5185 2406 5239; x_wconf 91' lang='lat' dir='ltr'><strong>vel</strong></span> <span class='ocrx_word' id='word_1_754' title='bbox 2430 5188 2791 5239; x_wconf 90' lang='lat' dir='ltr'><strong>mortuorum</strong></span> <span class='ocrx_word' id='word_1_755' title='bbox 2831 5181 3332 5249; x_wconf 85' lang='lat' dir='ltr'><strong>resurrectionem,</strong></span> <span class='ocrx_word' id='word_1_756' title='bbox 3365 5182 3450 5236; x_wconf 89' lang='lat' dir='ltr'><strong>vel</strong></span> <span class='ocrx_word' id='word_1_757' title='bbox 3470 5181 3761 5252; x_wconf 89' lang='lat' dir='ltr'><strong>judicium</strong></span> <span class='ocrx_word' id='word_1_758' title='bbox 3788 5198 3877 5237; x_wconf 88' lang='lat' dir='ltr'><strong>ex-</strong></span> 
     </span>
    </p>
   </div>
   <div class='ocr_carea' id='block_1_111' title="bbox 2233 5274 3874 5348">
    <p class='ocr_par' dir='ltr' id='par_1_111' title="bbox 2233 5274 3874 5348">
     <span class='ocr_line' id='line_1_111' title="bbox 2233 5274 3874 5348; baseline -0.003 -16"><span class='ocrx_word' id='word_1_759' title='bbox 2233 5283 2488 5333; x_wconf 90' lang='lat' dir='ltr'><strong>tremum</strong></span> <span class='ocrx_word' id='word_1_760' title='bbox 2532 5292 2769 5348; x_wconf 88' lang='lat' dir='ltr'><strong>negare,</strong></span> <span class='ocrx_word' id='word_1_761' title='bbox 2799 5278 2898 5330; x_wconf 91' lang='lat' dir='ltr'><strong>aut</strong></span> <span class='ocrx_word' id='word_1_762' title='bbox 2934 5274 3222 5330; x_wconf 70' lang='lat' dir='ltr'><strong>allirmare</strong></span> <span class='ocrx_word' id='word_1_763' title='bbox 3252 5274 3405 5345; x_wconf 90' lang='lat' dir='ltr'><strong>quod</strong></span> <span class='ocrx_word' id='word_1_764' title='bbox 3435 5274 3788 5345; x_wconf 79' lang='lat' dir='ltr'><strong>ﬁgmentum</strong></span> <span class='ocrx_word' id='word_1_765' title='bbox 3818 5277 3874 5329; x_wconf 90' lang='lat' dir='ltr'><strong>et</strong></span> 
     </span>
    </p>
   </div>
   <div class='ocr_carea' id='block_1_112' title="bbox 2234 5366 3872 5440">
    <p class='ocr_par' dir='ltr' id='par_1_112' title="bbox 2234 5366 3872 5440">
     <span class='ocr_line' id='line_1_112' title="bbox 2234 5366 3872 5440; baseline -0.003 -14"><span class='ocrx_word' id='word_1_766' title='bbox 2234 5376 2496 5426; x_wconf 88' lang='lat' dir='ltr'><strong>creatura</strong></span> <span class='ocrx_word' id='word_1_767' title='bbox 2525 5369 2623 5423; x_wconf 88' lang='lat' dir='ltr'><strong>Dei</strong></span> <span class='ocrx_word' id='word_1_768' title='bbox 2658 5386 2763 5440; x_wconf 89' lang='lat' dir='ltr'><strong>per</strong></span> <span class='ocrx_word' id='word_1_769' title='bbox 2797 5370 3034 5439; x_wconf 90' lang='lat' dir='ltr'><strong>angelos</strong></span> <span class='ocrx_word' id='word_1_770' title='bbox 3079 5367 3370 5433; x_wconf 90' lang='lat' dir='ltr'><strong>subsistat,</strong></span> <span class='ocrx_word' id='word_1_771' title='bbox 3420 5366 3480 5421; x_wconf 88' lang='lat' dir='ltr'><strong>hi</strong></span> <span class='ocrx_word' id='word_1_772' title='bbox 3510 5367 3776 5422; x_wconf 87' lang='lat' dir='ltr'><strong>volumus</strong></span> <span class='ocrx_word' id='word_1_773' title='bbox 3814 5372 3872 5421; x_wconf 91' lang='lat' dir='ltr'><strong>ut</strong></span> 
     </span>
    </p>
   </div>
   <div class='ocr_carea' id='block_1_113' title="bbox 2235 5460 3871 5532">
    <p class='ocr_par' dir='ltr' id='par_1_113' title="bbox 2235 5460 3871 5532">
     <span class='ocr_line' id='line_1_113' title="bbox 2235 5460 3871 5532; baseline -0.002 -13"><span class='ocrx_word' id='word_1_774' title='bbox 2235 5464 2407 5518; x_wconf 88' lang='lat' dir='ltr'><strong>etiam</strong></span> <span class='ocrx_word' id='word_1_775' title='bbox 2430 5461 2697 5518; x_wconf 90' lang='lat' dir='ltr'><strong>omnibus</strong></span> <span class='ocrx_word' id='word_1_776' title='bbox 2712 5461 2850 5516; x_wconf 87' lang='lat' dir='ltr'><strong>locis</strong></span> <span class='ocrx_word' id='word_1_777' title='bbox 2870 5462 3259 5532; x_wconf 82' lang='lat' dir='ltr'><strong>expellantur;</strong></span> <span class='ocrx_word' id='word_1_778' title='bbox 3284 5476 3473 5530; x_wconf 88' lang='lat' dir='ltr'><strong>neque</strong></span> <span class='ocrx_word' id='word_1_779' title='bbox 3496 5463 3618 5514; x_wconf 89' lang='lat' dir='ltr'><strong>tam</strong></span> <span class='ocrx_word' id='word_1_780' title='bbox 3638 5460 3871 5515; x_wconf 84' lang='lat' dir='ltr'><strong>maledi-</strong></span> 
     </span>
    </p>
   </div>
   <div class='ocr_carea' id='block_1_114' title="bbox 2234 5552 3867 5625">
    <p class='ocr_par' dir='ltr' id='par_1_114' title="bbox 2234 5552 3867 5625">
     <span class='ocr_line' id='line_1_114' title="bbox 2234 5552 3867 5625; baseline -0.003 -14"><span class='ocrx_word' id='word_1_781' title='bbox 2234 5573 2363 5611; x_wconf 89' lang='lat' dir='ltr'><strong>cam</strong></span> <span class='ocrx_word' id='word_1_782' title='bbox 2410 5572 2609 5611; x_wconf 91' lang='lat' dir='ltr'><strong>vocem</strong></span> <span class='ocrx_word' id='word_1_783' title='bbox 2646 5554 2934 5620; x_wconf 88' lang='lat' dir='ltr'><strong>emittant,</strong></span> <span class='ocrx_word' id='word_1_784' title='bbox 2976 5554 3072 5625; x_wconf 90' lang='lat' dir='ltr'><strong>qui</strong></span> <span class='ocrx_word' id='word_1_785' title='bbox 3109 5554 3167 5607; x_wconf 89' lang='lat' dir='ltr'><strong>in</strong></span> <span class='ocrx_word' id='word_1_786' title='bbox 3189 5552 3517 5607; x_wconf 89' lang='lat' dir='ltr'><strong>universum</strong></span> <span class='ocrx_word' id='word_1_787' title='bbox 3543 5552 3672 5623; x_wconf 89' lang='lat' dir='ltr'><strong>ipsa</strong></span> <span class='ocrx_word' id='word_1_788' title='bbox 3697 5554 3867 5608; x_wconf 85' lang='lat' dir='ltr'><strong>etiam</strong></span> 
     </span>
    </p>
   </div>
   <div class='ocr_carea' id='block_1_115' title="bbox 2235 5643 3869 5720">
    <p class='ocr_par' dir='ltr' id='par_1_115' title="bbox 2235 5643 3869 5720">
     <span class='ocr_line' id='line_1_115' title="bbox 2235 5643 3869 5720; baseline -0.002 -16"><span class='ocrx_word' id='word_1_789' title='bbox 2235 5649 2557 5720; x_wconf 88' lang='lat' dir='ltr'><strong>cognitione</strong></span> <span class='ocrx_word' id='word_1_790' title='bbox 2578 5648 2679 5703; x_wconf 91' lang='lat' dir='ltr'><strong>Dei</strong></span> <span class='ocrx_word' id='word_1_791' title='bbox 2709 5647 3058 5702; x_wconf 89' lang='lat' dir='ltr'><strong>exciderunt.</strong></span> <span class='ocrx_word' id='word_1_792' title='bbox 3083 5648 3191 5701; x_wconf 90' lang='lat' dir='ltr'><strong>Eos</strong></span> <span class='ocrx_word' id='word_1_793' title='bbox 3210 5644 3362 5700; x_wconf 89' lang='lat' dir='ltr'><strong>enim</strong></span> <span class='ocrx_word' id='word_1_794' title='bbox 3381 5643 3479 5716; x_wconf 91' lang='lat' dir='ltr'><strong>qui</strong></span> <span class='ocrx_word' id='word_1_795' title='bbox 3508 5646 3686 5717; x_wconf 88' lang='lat' dir='ltr'><strong>hujus</strong></span> <span class='ocrx_word' id='word_1_796' title='bbox 3704 5662 3869 5717; x_wconf 86' lang='lat' dir='ltr'><strong>gene-</strong></span> 
     </span>
    </p>
   </div>
   <div class='ocr_carea' id='block_1_116' title="bbox 2234 5738 3867 5814">
    <p class='ocr_par' dir='ltr' id='par_1_116' title="bbox 2234 5738 3867 5814">
     <span class='ocr_line' id='line_1_116' title="bbox 2234 5738 3867 5814; baseline -0.002 -18"><span class='ocrx_word' id='word_1_797' title='bbox 2234 5741 2310 5796; x_wconf 92' lang='lat' dir='ltr'><strong>ris</strong></span> <span class='ocrx_word' id='word_1_798' title='bbox 2332 5742 2545 5814; x_wconf 90' lang='lat' dir='ltr'><strong>aliquid</strong></span> <span class='ocrx_word' id='word_1_799' title='bbox 2570 5740 2835 5812; x_wconf 91' lang='lat' dir='ltr'><strong>proloqui</strong></span> <span class='ocrx_word' id='word_1_800' title='bbox 2862 5738 3312 5809; x_wconf 88' lang='lat' dir='ltr'><strong>pertentaveriut</strong></span> <span class='ocrx_word' id='word_1_801' title='bbox 3341 5738 3609 5794; x_wconf 89' lang='lat' dir='ltr'><strong>omnium</strong></span> <span class='ocrx_word' id='word_1_802' title='bbox 3632 5739 3867 5794; x_wconf 84' lang='lat' dir='ltr'><strong>acerbis-</strong></span> 
     </span>
    </p>
   </div>
   <div class='ocr_carea' id='block_1_117' title="bbox 2234 5831 3863 5908">
    <p class='ocr_par' dir='ltr' id='par_1_117' title="bbox 2234 5831 3863 5908">
     <span class='ocr_line' id='line_1_117' title="bbox 2234 5831 3863 5908; baseline -0.002 -17"><span class='ocrx_word' id='word_1_803' title='bbox 2234 5834 2389 5891; x_wconf 88' lang='lat' dir='ltr'><strong>simis</strong></span> <span class='ocrx_word' id='word_1_804' title='bbox 2404 5833 2694 5908; x_wconf 85' lang='lat' dir='ltr'><strong>suppliciis</strong></span> <span class='ocrx_word' id='word_1_805' title='bbox 2720 5832 3071 5907; x_wconf 88' lang='lat' dir='ltr'><strong>subjicimus,</strong></span> <span class='ocrx_word' id='word_1_806' title='bbox 3090 5831 3414 5889; x_wconf 89' lang='lat' dir='ltr'><strong>introducto</strong></span> <span class='ocrx_word' id='word_1_807' title='bbox 3432 5848 3540 5905; x_wconf 89' lang='lat' dir='ltr'><strong>per</strong></span> <span class='ocrx_word' id='word_1_808' title='bbox 3554 5832 3665 5890; x_wconf 88' lang='lat' dir='ltr'><strong>hos</strong></span> <span class='ocrx_word' id='word_1_809' title='bbox 3679 5847 3863 5888; x_wconf 87' lang='lat' dir='ltr'><strong>errore</strong></span> 
     </span>
    </p>
   </div>
  </div>
