4032 6232
158 352 295 407 £033

895 349 1258 406 JUSTlNlANl
1299 347 1507 403 LEGES
1544 345 1877 402 SELECTA'I.
1922 344 2044 400 LIB.
2090 345 2128 407 l,
2170 344 2294 399 TIT.
2338 346 2427 410 Ill,
2470 345 2597 399 LEX
2638 343 2791 400 XLII.

3387 339 3522 396 lO’di

148 463 385 531 gentem
438 460 807 515 Hebraeorum
850 460 1249 529 depurgantes.
1302 458 1365 511 In
1412 456 1553 509 votis
1594 458 1787 509 autem
1808 453 1987 537 ΑΙ)ρί
2030 456 2192 524 putat
2224 453 2284 507 in
2328 452 2442 506 sola
2487 456 2655 507 sectae
2687 448 3063 522 appellatione
3107 444 3336 502 versari.
3381 445 3517 509 Quae

146 554 437 608 habemus
463 558 526 607 ut
551 570 652 625 per
682 553 827 607 hanc
857 555 915 605 et
942 551 1095 605 illam
1130 551 1388 622 linguam
1422 548 1593 604 sacris
1624 547 1785 603 libris

144 646 472 716 praebentes
484 661 667 711 aures,
690 651 747 699 et
760 645 1133 714 interpretum
1152 642 1577 713 perversitatem
1599 642 1785 696 obser-

142 743 303 807 vent,
350 755 536 810 neque
572 738 706 792 solis
747 737 1042 792 attendant
1084 736 1305 802 litteris,
1344 735 1438 790 sed
1481 751 1571 789 res
1614 734 1783 789 etiam

142 832 302 901 ipsas
328 831 651 902 degustant,
680 834 737 885 et
757 829 1086 884 sacratiores
1104 828 1338 883 omnino
1365 844 1563 882 sensus
1595 827 1781 898 perci-

142 925 333 995 piant,
367 940 481 995 quo
513 922 692 994 magis
719 926 777 977 et
800 923 950 994 quod
978 920 1335 993 prmstantius
1361 924 1445 975 est
1472 919 1780 988 addiscant,

142 1023 202 1071 et
223 1017 532 1089 aliquando
561 1016 743 1088 decipi
773 1021 941 1087 atque
969 1014 1040 1069 ab
1058 1031 1144 1082 eo,
1176 1014 1325 1085 quod
1357 1013 1613 1067 omnium
1642 1029 1784 1082 prte-

141 1110 562 1164 stantissimum
608 1114 710 1176 est,
734 1124 940 1179 nempe
968 1108 1025 1162 in
1055 1109 1231 1162 Deum
1258 1106 1484 1174 fiducia,
1518 1106 1782 1160 aberrare

142 1202 432 1257 desinant.
463 1204 762 1273 Propterea
789 1201 944 1255 enim
982 1217 1209 1255 omnem
1248 1200 1384 1271 ipsis
1419 1200 1675 1271 linguam
1712 1200 1783 1255 ad

144 1311 445 1349 sacrorum
476 1294 750 1349 librorum
774 1294 1071 1349 lectionem
1085 1293 1433 1365 aperuimus,
1448 1297 1515 1347 ut
1528 1291 1574 1345 si
1586 1308 1783 1346 omnes

142 1388 350 1442 ordine
394 1404 593 1441 eorum
637 1387 933 1441 scientiam
975 1386 1411 1458 amplectantur,
1435 1385 1506 1439 ad
1546 1385 1780 1439 meliora

139 1480 519 1552 perdiscenda
550 1479 861 1535 reddantur
888 1479 1152 1549 aptiores,
1186 1495 1316 1533 cum
1343 1479 1401 1533 in
1430 1478 1682 1533 confesso
1712 1478 1783 1533 sit

141 1574 328 1628 multo
355 1572 691 1643 paratiorem
734 1572 805 1627 ad
842 1572 1077 1626 meliora
1107 1571 1474 1627 discernenda
1502 1576 1558 1626 et
1584 1588 1778 1642 capes-

141 1666 323 1719 senda
352 1682 476 1720 esse
508 1681 639 1720 eum
670 1664 766 1735 qui
796 1681 1086 1719 sacrorum
1118 1664 1392 1719 librorum
1420 1664 1660 1719 lectione
1690 1664 1778 1718 in-

1883 547 2059 619 igitur
2089 546 2254 601 nobis
2293 547 2647 617 placuerunt,
2677 548 2734 599 et
2759 558 2866 615 per
2892 543 3039 597 hanc
3065 555 3285 595 sacram
3326 537 3514 593 decla-

1883 644 2082 696 rantur
2114 640 2320 710 legem,
2361 654 2426 693 ea
2462 636 2785 692 observabit
2823 639 2941 689 tam
2980 633 3159 705 gloria
3193 636 3311 698 tua,
3340 646 3517 702 quam

1881 734 2086 788 cohors
2126 732 2229 786 tibi
2267 731 2685 797 obtemperans.
2727 727 3056 783 Observabit
3098 731 3291 781 autem
3332 728 3388 779 et
3417 722 3516 795 qui

1881 842 1987 897 pro
2012 830 2270 896 tempore
2295 825 2354 878 in
2375 823 2662 895 fastigium
2688 820 3053 893 magistratus
3077 818 3158 872 tui
3186 817 3516 879 collocatur.

1880 934 2066 989 neque
2091 916 2410 972 committet
2440 921 2507 971 ut
2535 914 2755 970 Hebraei
2782 920 2975 969 contra
3001 912 3122 967 haec
3147 910 3375 966 faciant.
3404 908 3516 964 Sed

1881 1016 1939 1066 et
1957 1026 2052 1066 eos
2078 1009 2178 1081 qui
2205 1009 2546 1077 obstiterint,
2577 1014 2636 1064 et
2668 1006 2900 1062 omnino
2930 1005 3229 1077 prohibere
3252 1006 3512 1077 attenta-

1881 1104 2084 1170 verint,
2111 1098 2504 1174 corporalibus
2532 1101 2781 1172 primum
2806 1099 2986 1171 poenis
3012 1096 3282 1161 subditos,
3314 1094 3511 1149 adem-

1880 1195 1994 1267 ptis
2032 1196 2205 1250 etiam
2246 1194 2428 1259 bonis,
2474 1193 2772 1264 compellet
2808 1192 3056 1246 incolere
3104 1187 3388 1256 exsilium,
3441 1201 3513 1241 ne

1880 1288 2107 1359 quando
2160 1287 2494 1343 insolentius
2552 1302 2610 1340 se
2667 1291 2724 1340 et
2770 1284 3075 1340 temerario
3130 1298 3273 1336 ausu
3319 1283 3516 1333 contra

1878 1383 2055 1436 Deum
2082 1381 2294 1451 pariter
2316 1384 2372 1434 et
2415 1379 2767 1450 majestatem
2796 1376 3218 1447 imperatoriam
3251 1372 3509 1429 efferant.

1881 1476 2077 1529 Utetur
2106 1477 2299 1527 autem
2327 1478 2383 1527 et
2400 1471 2748 1543 jussionibus
2777 1471 2845 1524 ad
2874 1468 3287 1536 provinciarum
3312 1464 3507 1536 praesi-

1879 1567 1996 1635 des,
2017 1566 2336 1637 adjungens
2362 1565 2497 1636 ipsis
2515 1565 2703 1635 legem
2724 1567 2998 1629 nostram,
3021 1566 3086 1614 ut
3104 1564 3161 1614 et
3179 1559 3287 1631 ipsi
3309 1558 3378 1612 de
3402 1557 3511 1612 hoc

1880 1659 2062 1714 edocti
2100 1674 2204 1730 per
2231 1657 2487 1728 singulas
2511 1657 2682 1712 urbes
2717 1657 2859 1709 hanc
2894 1656 3212 1725 proponant
3242 1670 3255 1705 :
3290 1648 3512 1705 scituris

140 1758 416 1825 nutritus,
449 1774 567 1811 non
613 1758 784 1828 longe
814 1774 847 1811 a
871 1757 1243 1824 correctione,
1283 1762 1339 1813 et
1387 1762 1447 1812 ut
1474 1757 1546 1811 ad
1572 1757 1782 1811 bonam
1800 1819 1848 1828 ⁸
1880 1752 2030 1823 quod
2062 1750 2374 1806 necessario
2402 1751 2525 1804 hzec
2554 1748 2898 1803 observanda
2922 1747 3053 1814 sint,
3084 1750 3333 1799 nostram
3360 1741 3509 1796 indi-

140 1852 373 1921 frugem
398 1819 762 1921 perducatur,
791 1850 1040 1917 dissidet,
1068 1819 1241 1921 quam
1276 1850 1375 1921 qui
1403 1851 1548 1904 nihil
1576 1851 1781 1905 horum
1800 1819 1857 1891 Β
1883 1819 2213 1915 gnationem
2244 1841 2648 1898 metuentibus.
2680 1843 2798 1895 Dat.
2830 1840 2908 1895 ld.
2944 1838 3129 1906 Febr.,
3159 1833 3510 1892 Constantia.

138 1943 429 2013 intelligit,
482 1943 578 1997 sed
612 1958 681 1997 ex
725 1944 840 1997 solo
888 1943 1176 2014 religionis
1216 1943 1445 1997 nomine
1485 1943 1780 2013 dependet,

140 2036 309 2106 eique
333 2041 607 2106 tanquam
635 2051 805 2089 sacras
834 2035 1387 2117 adhaeretanchorm,
1412 2040 1468 2089 et
1495 2034 1786 2089 scientiam

1883 1941 1980 1996 dn.
2012 1940 2215 1996 Justin.
2244 1941 2345 1995 PP.
2380 1940 2642 2011 Augusti,
2676 1938 2871 1993 Basilio
2899 1954 2952 1992 v.
2975 1954 3024 1992 c.
3056 1951 3211 1990 cons.

1207 2386 1759 2468 JUSTINIANI
1814 2387 2464 2467 IMPERATORIS

882 2572 1558 2718 LEGES
1693 2569 2704 2716 SELECT/E
2738 2679 2776 2735 ,

523 2813 772 2893 Quibus
813 2814 1118 2879 Ecclesia:
1160 2833 1262 2878 res
1306 2815 1613 2878 tractavit
1651 2814 1758 2876 vel
1794 2831 1983 2876 suam
2029 2813 2098 2874 in
2141 2813 2347 2876 Deum
2383 2813 2693 2895 pietatem
2737 2817 3001 2873 testatus
3043 2816 3152 2870 est.

725 3147 846 3200 LIB.
878 3147 916 3213 ι,
956 3147 1083 3201 Tl'l‘.
1124 3148 1214 3201 ιιι.

588 3244 659 3295 De
701 3241 960 3309 episcopis
1006 3245 1055 3295 et
1101 3240 1324 3295 clericis.

804 3420 929 3474 LEX
966 3419 1119 3473 XLI].

211 3516 531 3584 Imperator
552 3512 896 3568 Justinianus
928 3515 1217 3581 Augustus
1240 3510 1467 3566 Atarbio
1508 3509 1772 3582 przefecto

139 3607 433 3677 praetorio.

212 3701 455 3755 Omnem
493 3699 823 3754 adhibentes
861 3698 1274 3769 providentiam
1312 3696 1457 3751 circa
1487 3695 1770 3751 sanctissi-

138 3810 263 3848 mas
287 3792 549 3848 ecclesias
574 3792 634 3846 in
676 3792 957 3846 honorem
995 3796 1051 3844 et
1082 3790 1320 3861 gloriam
1352 3795 1557 3844 sancta:
1586 3792 1644 3844 et
1679 3789 1769 3843 in-

140 3891 429 3958 corruptae
461 3891 519 3941 et
544 3884 857 3939 homousiae
884 3884 1192 3950 Trinitatis,
1220 3898 1326 3954 per
1351 3898 1523 3954 quam
1575 3886 1632 3938 et
1670 3898 1774 3936 nos

139 3985 197 4035 et
222 3994 587 4034 communem
619 3977 1028 4049 rempublicam
1056 3977 1233 4031 salvos
1255 3975 1376 4030 fore
1407 3974 1770 4045 credidimus,

139 4072 465 4128 insistentes
476 4071 646 4127 etiam
661 4071 929 4126 doctrinae
941 4075 1269 4125 sanctorum
1287 4069 1687 4140 apostolorum,
1706 4069 1774 4124 de

136 4166 392 4222 creandis
418 4164 981 4234 irreprehensibilibus
999 4162 1397 4231 sacerdotibus,
1423 4161 1520 4233 qui
1540 4162 1772 4233 quidem

137 4259 210 4313 ob
241 4259 305 4313 id
336 4258 691 4330 potissimum
721 4256 1073 4321 ordinantur,
1105 4259 1166 4310 ut
1194 4255 1310 4310 suis
1330 4255 1592 4326 precibus
1617 4254 1774 4309 beni-

140 4352 427 4422 gnitatem
451 4348 850 4404 humanissimi
883 4348 979 4403 Dei
1004 4348 1172 4402 rebus
1199 4348 1496 4419 acquirant
1523 4362 1774 4402 commu-

136 4444 330 4510 nibus,
363 4442 627 4513 praesenti
651 4441 778 4512 lege
804 4440 1106 4507 sancimus,
1139 4445 1205 4494 ut
1244 4440 1465 4510 quoties
1497 4439 1554 4494 in
1587 4438 1769 4510 quali-

1802 3154 1857 3229 C
1954 3144 2059 3215 §l.
2082 3144 2356 3199 Convenit
2381 3144 2562 3216 igitur
2600 3145 2928 3216 hujusmodi
2971 3145 3126 3217 eligi,
3155 3148 3213 3200 et
3250 3142 3504 3199 ordinari

1873 3237 2209 3308 sacerdotes,
2238 3238 2443 3309 quibus
2489 3255 2592 3294 nec
2633 3239 2798 3294 liberi
2838 3239 2968 3309 sint,
2996 3255 3099 3295 nec
3131 3242 3397 3309 nepotes;
3425 3239 3504 3290 et-

1873 3332 2029 3386 enim
2053 3331 2176 3386 ﬁeri
2198 3331 2292 3386 vix
2307 3336 2489 3402 potest
2512 3337 2577 3387 ut
2600 3349 2805 3387 vacans
2831 3333 3001 3403 hujus
3016 3330 3357 3403 quotidiana:
3376 3329 3504 3384 vitae

1872 3424 2040 3491 curis,
2066 3440 2206 3495 quas
2232 3423 2395 3479 liberi
2421 3430 2615 3479 creant
2628 3425 2847 3496 parenti
2867 3425 3169 3494 maximas,
3198 3440 3366 3478 omne
3392 3427 3507 3478 stu-

1872 3517 2033 3571 dium
2072 3532 2416 3586 omnemque
2451 3517 2831 3587 cognitionem
2865 3518 3011 3572 circa
3042 3518 3288 3572 divinam
3335 3517 3500 3571 litur-

1873 3605 2048 3675 giam,
2081 3610 2138 3660 et
2159 3622 2251 3659 res
2272 3605 2670 3660 ecclesiasticas
2698 3611 3007 3661 consumat.
3041 3608 3180 3661 Nam
3209 3622 3339 3660 cum
3369 3605 3500 3676 qui-

1872 3700 2023 3767 dam,
2053 3713 2276 3752 summa
2300 3697 2361 3752 in
2390 3698 2571 3752 Deum
2598 3716 2717 3770 spe,
2758 3703 2815 3753 et
2840 3703 2902 3753 ut
2927 3700 3135 3754 animas
3162 3715 3360 3753 eorum
3387 3699 3499 3753 sal-

1871 3806 1955 3844 van
1984 3789 2141 3857 ﬁant,
2170 3790 2240 3844 ad
2282 3790 2658 3845 sanctissimas
2681 3797 2977 3847 accurrunt
3013 3791 3293 3861 ecclesias,
3322 3794 3389 3863 ζει.
3418 3792 3501 3846 eis

1871 3899 2070 3938 omnes
2091 3899 2219 3939 suas
2237 3883 2530 3938 facultates
2551 3883 2809 3951 afferant,
2831 3889 2888 3939 et
2910 3884 3330 3956 derelinquant,
3353 3888 3419 3940 ut
3442 3884 3501 3941 in

1870 3992 2167 4048 pauperes,
2223 3980 2280 4032 et
2332 3981 2586 4048 egentes,
2642 3982 2699 4033 et
2752 3977 2894 4033 alios
2941 3977 3067 4050 pios
3115 3994 3251 4032 usus
3303 3994 3501 4033 consu-

1872 4074 2123 4139 mantur,
2160 4069 2428 4125 indecens
2472 4076 2557 4125 est
2596 4070 2888 4143 episcopos
2936 4072 2997 4127 in
3040 4088 3206 4127 suum
3247 4071 3373 4126 illas
3396 4088 3500 4127 au-

1869 4162 2021 4219 ferre
2062 4163 2306 4232 lucrum,
2333 4168 2431 4219 aut
2461 4163 2522 4218 in
2551 4164 2841 4236 propriam
2868 4165 3121 4221 sobolem
3149 4170 3205 4221 et
3238 4170 3504 4236 cognatos

1872 4255 2222 4327 impendere.
2256 4256 2488 4327 Oportet
2518 4257 2673 4313 enim
2701 4259 3025 4331 epiScopum
3052 4259 3287 4314 minime
3314 4259 3500 4330 impe-

1872 4348 2057 4403 ditum
2095 4348 2488 4404 affectionibus
2529 4351 2844 4407 carnalium
2884 4352 3214 4418 liberorum,
3236 4351 3500 4405 omnium

1869 4441 2126 4496 ﬁdelium
2147 4442 2503 4513 spiritualem
2532 4460 2652 4499 esse
2684 4448 2924 4515 patrem.
2954 4445 3060 4498 Has
3087 4444 3260 4515 igitur
3279 4443 3349 4497 ob
3375 4460 3503 4498 cau-

137 4552 368 4607 cunque
392 4534 617 4589 civitate
646 4534 1045 4588 sacerdotalem
1075 4531 1269 4588 sedem
1298 4548 1497 4588 vacare
1526 4534 1772 4603 contige—
1789 4546 1849 4619 D
1870 4550 1960 4588 sas
1986 4534 2359 4604 prohibemus
2387 4535 2689 4591 habentem
2732 4542 2892 4592 natos
2922 4540 3022 4591 aut
3069 4541 3306 4608 nepotes
3344 4535 3499 4591 ordi-

137 4630 232 4698 rit,
258 4629 554 4683 decretum
585 4628 680 4682 ﬁat
708 4626 778 4681 ab
805 4626 893 4681 his
919 4626 1016 4697 qui
1037 4642 1165 4680 eam
1190 4625 1472 4680 civitatem
1498 4625 1770 4694 incolunt,

134 4737 315 4793 super
340 4720 523 4776 tribus
550 4719 804 4792 personis
841 4724 1009 4774 rectae
1045 4719 1196 4788 fidei,
1235 4722 1293 4774 et
1328 4719 1583 4773 honesta:
1621 4719 1771 4786 vitae,

135 4815 503 4885 aliorumque
530 4814 836 4881 bonorum,
864 4818 922 4868 et
944 4812 1220 4867 virtutum
1248 4810 1641 4867 testimonium
1669 4812 1771 4866 ha-

136 4906 427 4977 bentibus,
455 4911 521 4961 ut
557 4923 628 4962 ex
665 4905 802 4977 ipsis
843 4904 1099 4959 idoneior
1134 4905 1204 4960 ab
1234 4904 1618 4976 episcopatum
1649 4921 1774 4975 pro-

133 5004 471 5068 moveatur;
509 5000 557 5054 si
585 4998 741 5053 enim
779 4999 956 5054 sancti
983 5001 1041 5052 et
1067 4997 1297 5070 gloriosi
1326 4997 1565 5067 apostoli
1589 5013 1772 5052 sacer-

131 5095 362 5150 dotium
387 5110 421 5146 a
447 5092 684 5147 Domino
722 5092 944 5147 Christo
986 5097 1044 5147 et
1079 5092 1193 5145 Deo
1237 5089 1541 5157 consecuti,
1576 5094 1632 5144 et
1675 5089 1774 5160 qui

132 5186 306 5241 bonis
317 5185 582 5241 omnibus
606 5189 820 5239 terram
832 5185 1212 5256 repleverunt,
1230 5188 1287 5238 et
1312 5183 1433 5253 ejus
1457 5182 1771 5237 doctrinam

132 5279 402 5334 omnibus
428 5260 703 5350 impartiti
737 5284 889 5346 sunt,
930 5293 1116 5348 neque
1142 5277 1248 5348 ipsi
1276 5276 1405 5330 vita:
1437 5291 1573 5342 suae,
1601 5291 1772 5347 quam

131 5372 190 5426 in
224 5373 339 5427 hoc
366 5372 579 5426 mundo
606 5371 910 5442 degebant,
934 5371 1130 5425 salutis
1148 5375 1357 5425 nostras
1385 5384 1556 5422 causa
1577 5384 1773 5439 peper-

131 5467 360 5532 cerunt,
403 5463 689 5535 quomodo
733 5480 963 5535 aequum
1010 5480 1123 5519 non
1165 5462 1336 5518 fuerit
1371 5466 1432 5515 ut
1459 5460 1556 5532 qui
1586 5460 1773 5515 subin-

130 5557 477 5628 grediuntur
503 5572 703 5612 eorum
729 5556 1008 5625 ordinem,
1042 5563 1098 5612 et
1125 5555 1497 5610 instituuntur
1535 5553 1768 5607 sanctis-

127 5650 410 5705 simarum
452 5648 827 5705 Ecclesiaruni
871 5649 1207 5716 sacerdotes,
1258 5664 1466 5718 purum
1522 5645 1774 5701 habeant

127 5742 509 5814 propositum,
539 5746 597 5797 et
622 5741 889 5812 pecunias
914 5745 1296 5808 contemnant,
1327 5755 1670 5809 omnemiue
1699 5736 1773 5791 vi-

130 5841 250 5893 tam
275 5852 441 5894 suam
469 5837 540 5892 ad
567 5834 1068 5892 clementissimum
1096 5834 1381 5907 applicent
1410 5832 1631 5889 Deum?

1874 4626 1998 4681 nari
2017 4626 2368 4697 episcopum.

1945 4720 1977 4791 §
2004 4722 2056 4775 2.
2089 4720 2169 4774 De
2199 4719 2286 4774 his
2314 4736 2444 4775 vero
2469 4720 2741 4792 episcOpis
2780 4724 2879 4794 qui
2918 4740 3069 4778 nunc
3109 4728 3263 4794 sunt,
3298 4725 3382 4780 vel
3409 4723 3500 4780 fu-

1873 4812 1989 4869 turi
2012 4816 2163 4882 sunt,
2197 4813 2481 4867 sancimus
2508 4814 2664 4869 nullo
2694 4816 2863 4871 modo
2897 4817 3107 4873 habere
3146 4834 3242 4873 eos
3266 4818 3501 4874 faculta-

1872 4912 1988 4961 tem
2014 4905 2278 4968 testandi,
2310 4906 2396 4960 vel
2423 4906 2691 4975 donandi,
2721 4910 2808 4963 vel
2846 4926 2947 4981 per
2990 4909 3161 4964 aliam
3181 4928 3498 4983 quamcun-

1872 5011 1984 5066 que
2023 4993 2495 5064 excogitationem
2535 4996 2818 5052 alienandi
2853 4998 2989 5070 quid
3033 4999 3103 5055 de
3140 5000 3309 5056 rebus
3355 5002 3501 5068 suis,

1871 5103 2031 5158 quas,
2075 5092 2372 5158 postquam
2410 5087 2541 5142 facti
2583 5088 2800 5145 fuerint
2839 5091 3109 5164 episc0pi,
3138 5092 3505 5164 Ipossederint

1873 5184 1930 5234 et
1954 5178 2334 5250 acquisierint,
2366 5180 2449 5236 vel
2482 5197 2552 5235 ex
2581 5185 2956 5254 testamentis,
2980 5184 3499 5253 veldonationibus,

1872 5273 1956 5326 vel
1982 5288 2051 5326 ex
2076 5271 2184 5326 alia
2223 5288 2563 5344 quacunque
2593 5291 2762 5331 causa
2791 5293 2808 5328 :
2834 5277 3082 5347 exceptis
3110 5278 3386 5333 duntaxat
3412 5278 3500 5332 his

1871 5381 2010 5437 quas
2029 5370 2159 5420 ante
2185 5365 2568 5437 episcopatum
2587 5367 2907 5425 habuerunt
2931 5386 3001 5423 ex
3020 5385 3357 5441 quacunque
3378 5387 3505 5425 cau-

1870 5474 1950 5527 sa,
1979 5459 2064 5514 vel
2092 5474 2221 5530 quae
2252 5465 2377 5530 post
2403 5460 2788 5531 episcOpatum
2816 5478 2850 5514 a
2880 5461 3208 5532 parentibus
3227 5468 3283 5517 et
3309 5464 3501 5533 theiis,

1871 5552 1978 5606 hoc
2003 5557 2106 5619 est,
2132 5553 2371 5623 patruis,
2414 5554 2501 5607 vel
2534 5553 2842 5620 avunculis,
2874 5559 2929 5608 et
2957 5571 2991 5608 a
3032 5554 3299 5611 fratribus
3323 5557 3393 5612 ad
3423 5557 3504 5629 ip-

1871 5660 1961 5699 sos
1993 5648 2391 5715 pervenerunt,
2440 5650 2907 5717 perventurasquc
2936 5654 3094 5716 sunt;
3152 5664 3504 5721 qumcunque

1871 5737 2022 5792 enim
2057 5743 2183 5808 post
2218 5738 2627 5793 ordinationem
2667 5755 2736 5793 ex
2781 5757 3116 5812 quacunque
3154 5759 3316 5796 causa
3343 5750 3501 5797 extra

1872 5829 2131 5903 praefatas
2156 5848 2422 5903 personas
2450 5829 2520 5887 ad
2552 5830 2700 5907 ipsas
2726 5840 3124 5907 pervenerunt,
3150 5852 3213 5891 ea
3234 5834 3501 5911 jubcmus
