4032 6232
520 330 654 386 1055

1660 327 1913 384 Sz'ECULl
1952 327 2140 382 SEXTl
2180 321 2732 382 SUPPLEMENTUM.

3755 316 3897 380 £056

513 437 585 491 ad
627 432 1038 491 sanctissimam
1068 434 1394 503 Ecclesiam,
1428 436 1588 505 cujus
1631 435 2017 506 episcopatum
2060 438 2142 488 te-
2167 444 2394 519 Acare,
2432 431 2636 486 timore
2676 430 2770 486 Dei
2817 433 3167 502 contempto.
3210 429 3346 496 Quis
3391 425 3549 487 enim
3591 428 3696 486 tali
3734 446 3897 486 curas

514 529 764 597 nuerint,
794 530 1097 600 pertinere,
1117 529 1263 583 etab
1283 545 1350 583 ea
1377 527 1650 582 vindicari
1679 533 1736 583 et
1761 526 1963 595 evinci,
1991 527 2148 581 nulla

517 624 631 677 alia
677 638 918 693 persona
956 628 1292 693 potestatem
1338 621 1583 675 habente
1644 637 1709 675 ex
1739 636 1805 675 eo
1852 620 2147 691 proprium

517 716 653 786 quid
682 717 903 771 auferre
931 716 1173 769 lucrum.
1210 714 1344 778 Quis
1383 714 1535 769 enim
1564 713 1902 769 dubitaverit
1930 730 2024 768 eos
2049 714 2149 785 qui

516 808 654 878 ipsis
682 809 938 880 proprias
964 824 1053 861 res
1077 808 1425 878 relinquunt,
1450 810 1550 861 aut
1580 807 1929 878 reliquerint,
1959 807 2063 861 etsi
2092 807 2148 860 in

517 902 684 955 aliam
713 916 1012 972 personam
1048 901 1413 968 transferunt,
1446 904 1541 954 aut
1579 901 2007 968 transtulerunt,
2035 916 2149 954 non

516 995 702 1064 potius
730 994 917 1063 ipsum
934 993 1312 1048 sacerdotium
1332 994 1796 1064 contemplantes,
1826 1010 1999 1063 quam
2028 993 2152 1063 ejus

520 1101 840 1155 personam,
869 1090 925 1140 et
948 1087 1259 1156 cogitantes
1277 1087 1413 1157 quia
1439 1104 1556 1141 non
1581 1088 1766 1141 solum
1784 1087 1853 1142 ab
1873 1086 2008 1158 ipsis
2027 1086 2152 1140 reli-

518 1183 605 1233 cta
644 1179 732 1248 pie
755 1178 1062 1248 insument,
1105 1180 1203 1234 sed
1230 1184 1285 1233 et
1312 1196 1440 1234 suas
1466 1180 1719 1251 ipsorum
1750 1198 1840 1237 res
1864 1181 2148 1253 adjicient,

521 1271 577 1325 id
605 1271 800 1326 fecisse
813 1273 840 1326 ?

594 1366 627 1435 §
653 1369 703 1421 3.
735 1367 819 1419 Ab
850 1367 952 1420 hac
982 1370 1175 1422 autem
1206 1368 1453 1439 generali
1477 1373 1671 1423 nostra
1691 1368 1817 1439 lege
1841 1368 2154 1439 excipimus

520 1476 586 1514 ea
612 1459 727 1513 sola
755 1476 1109 1531 quaecunque
1135 1465 1191 1515 et
1233 1462 1645 1533 qualiacunque
1687 1462 1746 1516 in
1792 1462 1945 1516 hunc
1972 1478 2153 1533 usque

522 1552 675 1607 diem
714 1553 926 1607 fuerint
969 1554 1269 1624 Epiphanii
1306 1555 1716 1626 archiepiscopi
1760 1554 1936 1609 felicis
1983 1556 2155 1625 hujus

520 1646 778 1712 civitatis,
809 1650 865 1700 et
902 1647 1236 1702 sanctissimi
1262 1649 1619 1719 patriarchas.
1653 1650 1792 1702 Nam
1830 1665 2002 1719 super
2042 1648 2150 1715 his,

522 1755 651 1808 quae
677 1740 747 1793 ab
774 1740 881 1793 hoc
911 1743 1165 1811 tempore
1196 1741 1247 1794 ei
1278 1741 1668 1813 adquirentur,
1701 1758 1770 1795 ea
1790 1758 1919 1811 quas
1942 1758 1974 1795 a
1993 1741 2155 1796 nobis

2246 525 2613 595 praepositum
2653 541 2769 580 non
2809 523 3093 579 existimet
3132 524 3341 578 idcirco
3383 540 3511 578 eam
3555 523 3895 594 suscepisse,

2248 623 2311 672 ut
2338 634 2451 672 non
2482 618 2666 679 solum
2696 634 2823 689 quas
2863 617 3212 672 extrinsecus
3239 617 3307 671 ad
3354 633 3489 672 eum
3531 616 3892 688 pervenient,

2248 710 2340 765 sed
2369 711 2542 765 etiam
2569 712 2756 764 omnia
2787 727 2917 781 quas
2940 711 3155 765 habere
3185 726 3320 765 eum
3344 710 3653 783 contigerit
3670 710 3732 765 in
3763 725 3897 766 eam

2250 818 2375 857 rem
2407 802 2717 873 impendat.

2321 896 2353 966 §
2382 901 2433 949 7.
2469 895 2726 966 Amplius
2765 896 2823 950 id
2853 912 3077 967 quoque
3114 897 3406 966 jubemus,
3439 899 3502 949 ut
3530 911 3901 967 quaecumque

2251 995 2375 1059 post
2404 989 2773 1043 necessariam
2799 988 3189 1059 erogationem
3216 989 3278 1042 in
3304 1004 3396 1042 eos
3424 987 3522 1059 qui
3553 1004 3762 1041 eorum
3789 1004 3894 1041 cu-

2250 1098 2328 1135 res
2358 1081 2646 1135 commissi
2677 1087 2810 1135 sunt
2834 1088 2892 1136 et
2924 1081 3171 1135 debitam
3200 1082 3552 1135 curationem
3599 1097 3802 1134 rerum
3844 1083 3905 1135 et

2251 1174 2623 1229 aediﬁciorum
2664 1189 2957 1245 superesse
2995 1174 3317 1245 contigerit,
3373 1189 3438 1228 ea
3481 1174 3552 1227 ad
3605 1173 3905 1227 redituum

2251 1267 2734 1338 comparationem
2776 1267 3109 1338 proﬁciant;
3178 1265 3429 1338 undique
3490 1266 3645 1320 enim
3706 1270 3907 1320 noster

2252 1376 2454 1431 scopus
2482 1362 2787 1430 nostraque
2815 1360 3055 1414 intentio
3085 1365 3189 1427 est,
3221 1359 3290 1413 ad
3318 1358 3820 1429 ampliﬁcationem
3847 1364 3907 1412 et

2254 1457 2630 1523 augmentum
2659 1453 2941 1507 adducere
2982 1468 3072 1507 res
3114 1452 3187 1506 ad
3217 1452 3339 1522 pios
3362 1467 3497 1505 usus
3537 1457 3865 1522 segregatas
3883 1468 3901 1519 ;

2253 1545 2332 1599 sic
2358 1544 2516 1599 enim
2544 1544 2798 1616 quisquis
2842 1561 2946 1615 pro
2980 1561 3080 1599 sua
3129 1543 3322 1599 anima
3360 1544 3677 1615 quidquam
3718 1544 3908 1598 facere

2254 1637 2419 1705 volet,
2444 1638 2761 1708 promptius
2805 1637 3080 1709 erogabit,
3123 1636 3169 1691 si
3211 1637 3513 1692 crediderit
3557 1653 3628 1692 ea
3668 1653 3801 1707 quae
3829 1636 3905 1690 ab

2254 1731 2375 1801 ipso
2407 1730 2537 1784 data
2574 1729 2790 1785 fuerint
2827 1730 2923 1802 pie
2965 1729 3413 1785 administranda
3438 1746 3581 1785 esse.
3610 1760 3681 1769 —
3708 1730 3743 1801 §
3763 1732 3817 1784 8.
3848 1729 3910 1784 Si

522 1804 825 1886 constituta
848 1838 999 1900 sunt,
1028 1804 1322 1901 .obtiuere,
1367 1804 1424 1887 et
1468 1834 1586 1905 ipsa
1632 1804 1702 1888 ad
1743 1804 2445 1889 sanctissimamBautem
2495 1823 2797 1893 contigerit
2850 1824 3097 1894 aliquem
3148 1822 3219 1877 ab
3257 1822 3752 1877 “mimi-ratione
3805 1838 3911 1876 sua

524 1925 795 1993 majorem
823 1925 1112 1980 ecclesiam
1140 1927 1425 1997 pertinere
1449 1927 1741 1997 jubemus.
1784 1959 1852 1966 ——-
1888 1928 1921 1998 §
1946 1928 2000 1982 4.
2028 1929 2158 1983 Post

519 2022 765 2072 mortem
791 2034 921 2071 vero
951 2019 1060 2073 Deo
1085 2019 1609 2073 amantissimorum
1628 2020 2043 2091 episcoporum,
2066 2020 2159 2090 ju-

519 2109 721 2164 bemus
741 2114 803 2164 ut
828 2127 932 2182 pro
958 2116 1217 2182 tempore
1240 2110 1469 2166 illarum
1494 2113 1855 2167 ecclesiarum
1884 2114 2156 2167 teconomi

523 2204 769 2258 rationes
793 2205 1032 2259 reddant
1060 2222 1255 2259 earum
1285 2222 1413 2276 quae
1439 2206 1509 2261 ab
1535 2206 1645 2261 illis
1670 2206 1879 2261 relictas
1898 2209 2031 2260 sunt
2061 2223 2154 2260 re-

520 2311 670 2365 rum,
704 2297 874 2369 idque
913 2298 1283 2353 sanctissimis
1321 2300 1565 2355 ecclesiis
1599 2300 1872 2371 prolicere
1912 2300 2063 2371 quod
2087 2316 2155 2354 ex

520 2389 626 2444 hac
654 2393 846 2446 nostra
876 2392 1001 2462 lege
1021 2392 1101 2447 eis
1130 2392 1389 2448 debetur.
1483 2385 1489 2391 ’

592 2483 707 2553 §5.
742 2484 808 2538 Et
853 2484 1007 2555 ipsos
1044 2484 1277 2555 quidem
1321 2502 1646 2540 ceconomos
1689 2502 1818 2540 cum
1851 2485 2066 2556 judicio
2101 2491 2160 2541 et

520 2574 782 2645 diligenti
810 2576 1156 2631 discussione
1204 2577 1381 2632 creari
1414 2578 1778 2649 praecipimus
1808 2594 1821 2632 :
1855 2578 2159 2633 scientibus

521 2668 656 2739 ipsis
681 2668 832 2738 quod
863 2668 1100 2740 singulis
1123 2670 1288 2724 annis
1316 2671 1597 2725 rationem
1628 2671 1876 2725 referent
1919 2671 2155 2726 sanctis-

517 2761 662 2815 simo
689 2760 950 2832 episcopo
991 2779 1109 2817 suae
1151 2763 1661 2819 administrationis
1683 2782 1699 2832 ;
1727 2769 1783 2818 et
1811 2780 2159 2836 quacunque

516 2855 576 2908 in
598 2871 658 2910 re
683 2854 1027 2910 videbuntur
1053 2872 1143 2909 res
1170 2856 1571 2911 ecclesiasticas
1612 2856 1904 2922 minuisse,
1948 2858 2035 2911 vel
2065 2858 2161 2912 lae-

519 2947 674 3017 sisse,
702 2949 791 3002 vel
818 2948 1113 3019 proprium
1136 2954 1423 3021 qumstum
1452 2950 1741 3020 quaesisse,
1765 2950 1872 3004 hoc
1896 2951 2156 3005 ecclesia-

519 3041 669 3095 sticis
695 3040 863 3096 rebus
892 3041 1209 3097 restituent.
1240 3045 1434 3113 Itaque
1478 3043 1525 3096 si
1570 3043 1801 3113 quidem
1830 3044 2158 3115 superstites

517 3132 835 3187 istiusmodi
863 3135 1111 3189 rationes
1141 3134 1439 3199 subierint,
1468 3133 1606 3188 ﬁant
1643 3152 1771 3206 quae
1811 3150 1983 3206 supra
2013 3135 2162 3190 dicta
2181 3163 2235 3237 Ο

521 3231 681 3289 sunt;
714 3226 762 3279 si
784 3242 919 3281 vero
957 3242 1072 3280 non
1115 3227 1347 3281 redditis
1390 3226 1703 3281 rationibus
1741 3228 1993 3282 defuncti
2036 3229 2160 3282 fue-

520 3317 655 3385 rint,
684 3320 817 3371 tunc
846 3318 1102 3388 ipsorum
1138 3319 1393 3373 hieredes
1419 3318 1788 3388 subjiciantur
1822 3320 1916 3373 tali
1945 3319 2159 3375 discus-

521 3408 686 3478 sioni,
717 3415 773 3465 et
798 3410 1207 3465 conveniantur
1232 3425 1334 3481 pro
1362 3411 1720 3466 restitutione
1747 3412 2005 3466 omnium
2034 3428 2164 3483 quae

521 3518 590 3557 ex
612 3519 678 3558 ea
701 3519 869 3557 causa
897 3503 1102 3558 debere
1130 3504 1254 3558 illos
1281 3504 1615 3559 constiterit.
1659 3535 1729 3545 —
1752 3504 1785 3576 §
1814 3508 1866 3560 6.
1910 3506 2164 3560 Necessa-

520 3597 674 3652 rium
699 3613 927 3668 quoque
968 3613 1086 3652 esse
1129 3596 1493 3666 credidimus,
1528 3597 1702 3652 etiam
1739 3614 1910 3669 super
1935 3599 2024 3653 his
2057 3598 2159 3653 ali-

524 3689 663 3760 quid
691 3689 925 3744 deﬁnire
965 3690 1065 3760 qui
1111 3705 1305 3744 curam
1348 3694 1736 3760 susceperunt,
1780 3691 2161 3762 suscepturive

523 3787 655 3836 sunt
699 3782 1106 3837 venerabilium
1149 3799 1460 3851 xenonum,
1505 3788 1563 3837 et
1599 3783 2074 3849 nosocomiorum,
2105 3786 2163 3838 et

520 3875 904 3946 ptochiorum,
938 3878 997 3930 et
1035 3874 1671 3946 orphanotrophiorum,
1713 3879 1769 3930 et
1813 3876 2159 3947 brephotro-

520 3968 828 4038 phiorum;
858 3984 997 4022 nam
1022 3971 1080 4022 et
1104 3967 1240 4039 ipsis
1268 3984 1499 4023 omnem
1538 3968 1825 4023 licentiam
1849 3969 2160 4025 auferimus

520 4060 590 4115 de
617 4059 908 4130 acquisitis
949 4061 1120 4115 rebus
1153 4066 1278 4132 post
1313 4066 1599 4132 susceptas
1641 4061 1969 4132 hujusmodi
1994 4079 2157 4116 cura-

518 4152 700 4207 tiones
720 4153 808 4207 vel
829 4170 931 4223 per
954 4158 1384 4222 testamentum,
1412 4153 1500 4209 vel
1526 4170 1631 4225 per
1648 4154 1825 4208 alium
1849 4155 2162 4225 quemlibet

524 4245 785 4314 modum,
817 4246 904 4300 vel
928 4246 1410 4301 machinationem
1440 4246 1748 4319 quidquam
1772 4247 1827 4301 in
1855 4246 1994 4301 alias
2013 4253 2163 4302 tran-

524 4338 771 4393 sferendi
800 4341 1070 4409 personas
1119 4355 1132 4392 :
1169 4339 1420 4409 exceptis
1456 4356 1585 4410 quae
1622 4339 1781 4410 prius
1814 4339 2156 4406 habuerant,

524 4432 612 4484 vel
645 4435 837 4500 postea
873 4449 905 4485 a
936 4431 1266 4501 parentibus
1302 4432 1388 4486 vel
1439 4432 1622 4500 theiis,
1655 4431 1742 4485 vel
1790 4431 2061 4485 fratribus
2089 4432 2159 4486 ad

2257 1931 2495 1982 cessare,
2527 1931 2700 1985 quam
2727 1919 3044 1987 acceperat,
3077 1915 3365 1970 sancimus
3394 1931 3531 1969 eum
3555 1915 3658 1985 qui
3687 1915 3751 1968 in
3783 1914 3909 1985 ejus

2255 2008 2379 2063 loco
2412 2007 2749 2063 constitutus
2793 2012 2878 2063 est
2920 2024 3051 2062 cum
3093 2008 3300 2063 timore
3345 2008 3567 2062 Domini
3610 2007 3909 2062 rationum

2257 2100 2557 2155 redditioni
2587 2100 2786 2171 subjici
2815 2104 2987 2171 gestae
3014 2101 3116 2154 sub
3163 2117 3228 2154 eo
3259 2100 3797 2168 administrationis,
3831 2100 3907 2154 si-

2259 2197 2355 2247 cut
2385 2192 2573 2247 divina
2601 2196 2793 2247 nostra
2818 2193 2947 2263 lege
2974 2193 3299 2247 continetur
3327 2210 3340 2247 :
3375 2193 3585 2247 sciente
3625 2199 3684 2247 et
3710 2208 3780 2247 eo
3809 2194 3914 2264 qui

2256 2291 2385 2357 post
2413 2286 2602 2356 ipsum
2627 2286 2967 2341 constitutus
2997 2290 3082 2341 est
3107 2286 3257 2358 quod
3284 2286 3519 2340 Domino
3542 2286 3657 2340 Deo
3684 2303 3792 2358 pro
3818 2286 3912 2341 his

2258 2379 2551 2433 rationem
2579 2379 2795 2434 reddet.

2334 2472 2366 2543 §
2390 2474 2442 2526 9.
2466 2473 2746 2526 Praeterea
2765 2471 3053 2526 sancimus
3085 2471 3594 2543 (quemadmodum
3623 2476 3681 2525 et
3702 2471 3910 2525 divinis

2259 2564 2574 2619 canontbus
2603 2563 2900 2619 deﬁnitum
2935 2564 3037 2635 est)
3071 2580 3141 2619 ne
3174 2564 3299 2635 quis
3330 2564 3633 2636 episcOpus
3660 2568 3720 2619 et
3744 2565 3915 2618 chor-

2259 2657 2570 2728 episcopus,
2605 2663 2705 2712 aut
2740 2656 3012 2726 visitator,
3054 2657 3168 2711 sive
3213 2657 3478 2712 circuitor
3521 2661 3621 2711 aut
3663 2657 3905 2729 presby-

2259 2753 2364 2816 ter,
2411 2755 2509 2805 aut
2557 2750 2702 2805 alius
2755 2750 3145 2821 cujuscunque
3185 2750 3475 2821 dignitatis
3518 2750 3758 2804 clericus
3805 2766 3913 2821 per

2258 2843 2622 2913 largitionem
2668 2842 2978 2897 ordinetur.
3012 2843 3119 2897 Sed
3151 2859 3255 2897 nec
3281 2859 3630 2909 ceconomus,
3665 2860 3770 2898 nec
3808 2860 3904 2897 ec-

2260 2935 2639 3004 clesiecdicus,
2669 2952 2774 2989 nec
2811 2936 3192 3004 xenodochus,
3238 2952 3343 2991 nec
3386 2952 3749 3003 nosocomus,
3797 2953 3909 2990 nec

2258 3028 2729 3099 ptochotrophus,
2761 3045 2865 3083 nec
2895 3029 3418 3099 orphanotrophus,
3446 3046 3549 3084 nec
3573 3029 3911 3100 brephotro-

2258 3121 2427 3191 phus,
2460 3138 2563 3175 nec
2595 3122 2851 3192 quisquis
2875 3121 3100 3192 ptochio
3126 3122 3519 3192 praeficiendus
3555 3128 3659 3189 est,
3696 3138 3802 3192 per
3830 3127 3914 3176 ta-

2262 3214 2375 3267 lem
2418 3214 2515 3267 tiat
2541 3214 2924 3284 largitionem,
2959 3214 3055 3267 sed
3088 3231 3191 3284 per
3212 3214 3494 3284 judicium
3523 3219 3581 3269 et
3612 3214 3906 3285 probatio-

2263 3323 2396 3361 nem
2428 3322 2628 3360 eorum
2653 3307 2750 3378 qui
2781 3306 2839 3360 in
2868 3306 2975 3360 illis
3003 3306 3140 3360 locis
3166 3312 3300 3361 sunt
3342 3308 3454 3361 Deo
3485 3307 3913 3361 amantissimo-

2262 3416 2396 3454 rum
2422 3399 2835 3471 episcoporum.
2866 3399 2920 3455 Si
2949 3416 3079 3455 vero
3115 3399 3242 3471 quis
3270 3399 3531 3454 inventus
3556 3400 3734 3454 fuerit
3754 3416 3911 3454 occa-

2261 3492 2418 3547 sione
2453 3492 2852 3563 prsedictarum
2903 3492 3324 3547 ordinationum
3362 3495 3419 3547 et
3462 3492 3911 3547 administratio-

2261 3600 2401 3638 num
2448 3584 2663 3656 aliquid
2706 3584 2942 3653 dedisse,
2979 3585 3066 3639 vel
3098 3584 3395 3655 accepisse,
3440 3585 3557 3638 sive
3604 3585 3911 3657 episcopus

2261 3677 2351 3745 sit,
2381 3676 2495 3732 sive
2523 3676 2776 3743 clericus,
2799 3682 2856 3732 et
2882 3694 3014 3731 eum
3033 3678 3131 3748 qui
3159 3678 3421 3748 praabuit,
3443 3681 3503 3732 et
3522 3694 3657 3732 eum
3689 3679 3792 3749 qui
3819 3695 3908 3732 ac-

2261 3770 2427 3840 cepit,
2461 3774 2623 3824 extra
2668 3770 3044 3825 sacerdotium
3087 3774 3145 3825 et
3185 3770 3400 3825 clerum
3437 3770 3562 3825 ﬁeri
3607 3771 3905 3841 jubemus,

2258 3867 2325 3916 ut
2347 3864 2476 3934 post
2499 3862 2622 3919 haec
2658 3862 2879 3917 Domini
2907 3863 3004 3918 Dei
3046 3863 3378 3934 subjaceant
3415 3863 3904 3919 condemnationi.

2260 3954 2315 4009 Si
2358 3959 2550 4009 autem
2601 3954 2730 4025 quis
2779 3959 3014 4025 propter
3053 3955 3449 4025 praefecturam
3497 3955 3723 4010 dedisse
3767 3957 3907 4027 quid

2260 4052 2584 4118 compertus
2608 4047 2798 4115 fuerit,
2828 4064 2961 4103 eum
2985 4048 3083 4118 qui
3116 4047 3193 4102 ita
3233 4048 3536 4118 praefectus
3568 4048 3753 4103 factus
3779 4050 3902 4105 fue-

2261 4140 2354 4207 rit,
2384 4145 2543 4194 extra
2569 4140 2786 4195 clerum
2813 4156 2935 4195 esse
2964 4140 3268 4210 jubemus;
3316 4141 3363 4194 si
3389 4157 3524 4196 vero
3574 4158 3906 4197 (economus

2259 4233 2346 4287 vel
2373 4232 2794 4288 ecclesiecdicus
2822 4249 2923 4288 seu
2949 4233 3208 4288 defensor
3233 4234 3319 4287 vel
3345 4234 3813 4305 chorepiscopus,
3848 4235 3906 4290 id

2258 4330 2364 4393 est,
2396 4326 2482 4381 vel
2508 4326 2859 4397 periodeuta,
2883 4326 3135 4381 visitator
3162 4328 3253 4380 vel
3276 4327 3664 4393 xenodochus,
3694 4329 3786 4383 vel
3810 4345 3905 4383 no-

2259 4436 2535 4487 socomus,
2586 4419 2673 4474 vel
2725 4419 3187 4490 ptochotrophus,
3237 4421 3323 4473 vel
3378 4420 3902 4492 orphanotrophus,

522 4522 673 4594 ipsos
728 4528 1130 4595 pervenerunt.
1189 4525 1393 4580 Omnia
1443 4525 1618 4593 enim,
1679 4540 2036 4595 qumcunque
2084 4524 2153 4579 ad

2260 4513 2341 4566 vel
2368 4512 2597 4583 ptochio
2626 4513 2961 4583 praepositus
2984 4513 3370 4583 comperietur
3398 4512 3716 4584 prasbuisse
3748 4515 3903 4585 quid,

519 4622 710 4671 sancta
739 4617 1030 4687 pertinent
1054 4618 1198 4683 loca,
1230 4618 1315 4672 vel
1344 4634 1471 4688 quas
1499 4618 1568 4671 ad
1599 4618 1852 4687 ipsorum
1888 4617 2161 4688 praeposi-

522 4716 608 4764 tos
646 4714 774 4779 post
814 4713 1133 4781 susceptam
1162 4710 1493 4781 hujusmodi
1523 4726 1722 4764 curam
1757 4715 2156 4780 pervenerunt,

519 4801 608 4855 vel
637 4807 974 4871 perventura
998 4806 1150 4867 sunt,
1178 4803 1247 4856 ad
1275 4803 1397 4873 ipsa
1416 4801 1765 4857 venerabilia
1792 4801 2189 4873 pertinebunt.

522 4894 680 4960 loca;
713 4910 890 4965 eaque
917 4895 1008 4965 pie
1035 4895 1093 4949 in
1121 4911 1215 4950 eos
1239 4895 1501 4949 distribui
1532 4900 1589 4949 et
1618 4896 1841 4965 erogari
1874 4895 2156 4963 volumus,

522 4986 617 5057 qui
645 4987 706 5040 in
735 4986 845 5040 illis
870 4987 1004 5041 locis
1031 4992 1182 5056 sunt,
1199 4989 1286 5042 vel
1314 4993 1603 5042 curantur.
1626 4986 1974 5041 Manifestum
2004 4988 2159 5041 enim

521 5084 607 5133 est
652 5080 803 5148 quod
851 5079 1128 5149 quidquid
1196 5080 1538 5152 derelinquit
1576 5079 1662 5135 vel
1707 5080 1897 5147 donat,
1946 5081 2062 5134 sive
2099 5080 2158 5134 in

520 5171 760 5241 scriptis,
791 5172 903 5225 sive
932 5171 1055 5226 sine
1084 5172 1305 5242 scriptis
1335 5172 1684 5240 xenodocho,
1717 5173 1803 5226 vel
1830 5189 2156 5239 nosocomo,

519 5265 605 5318 vel
632 5264 1075 5334 ptochotropho,
1102 5265 1185 5318 vel
1207 5265 1693 5337 orphanotropho,
1722 5265 1928 5320 idcirco
1952 5267 2065 5335 dat,
2094 5270 2161 5320 ut

519 5357 614 5425 pie
643 5372 745 5425 per
770 5357 961 5426 ipsum
990 5356 1364 5426 dispensetur,
1399 5362 1464 5411 ut
1483 5359 1581 5428 qui
1606 5359 1844 5413 multam
1864 5359 1932 5414 de
1954 5375 2157 5414 eorum

520 5447 730 5516 pietate
770 5448 1272 5518 praesumptionem
1319 5455 1377 5503 et
1416 5450 1769 5504 occasionem
1810 5451 2031 5519 habeat,
2060 5451 2159 5522 qui

518 5538 587 5590 iis
619 5537 756 5590 locis
782 5539 1033 5608 praefecti
1062 5544 1222 5607 sunt;
1251 5556 1436 5611 neque
1462 5558 1593 5595 vero
1610 5542 1832 5612 justum
1864 5546 1949 5595 est
1966 5542 2157 5612 ipsum

521 5643 589 5681 ea
619 5643 749 5697 quae
780 5628 882 5681 sub
910 5633 1189 5698 prmtextu
1211 5647 1407 5685 eorum
1439 5634 1536 5702 qui
1564 5633 1669 5686 sub
1717 5632 1837 5702 ejus
1867 5650 2002 5688 cura
2029 5639 2161 5689 sunt

521 5717 747 5787 accipit,
780 5735 893 5771 non
924 5719 982 5772 in
1014 5721 1166 5790 ipsos
1198 5723 1281 5776 vel
1306 5740 1407 5792 pro
1436 5724 1571 5794 ipsis
1592 5724 1942 5794 impendere,
1975 5726 2072 5779 sed
2099 5725 2158 5780 in

522 5807 813 5874 propriam
845 5824 1144 5878 personam
1175 5813 1417 5882 auferre,
1447 5820 1502 5870 et
1527 5814 1759 5889 proprio
1790 5815 1946 5870 lucro
1973 5816 2155 5890 appli-

2263 4610 2321 4660 ut
2349 4605 2455 4659 sibi
2484 4622 2619 4660 cura
2644 4606 2736 4659 illa
2756 4605 3232 4671 committeretur,
3264 4612 3319 4660 et
3344 4607 3498 4660 hunc
3527 4607 3814 4660 removeri
3839 4607 3905 4660 ab

2259 4702 2585 4773 hujusmodi
2627 4719 2784 4767 cura,
2807 4703 3098 4774 jubemus.
3129 4734 3199 4744 —
3227 4705 3260 4774 §
3296 4708 3381 4759 l0.
3410 4705 3701 4759 Praeterea
3727 4705 3906 4760 sanci-

2260 4812 2388 4850 mus
2423 4799 2489 4850 ut
2516 4812 2714 4850 omnes
2740 4796 2925 4850 clerici
2964 4813 3065 4866 per
3098 4796 3349 4867 singulas
3378 4797 3655 4852 Ecclesias
3697 4799 3905 4853 consti-

2260 4890 2390 4959 tuti,
2429 4907 2531 4960 per
2554 4907 2612 4943 se
2643 4890 2798 4961 ipsos
2832 4891 3073 4961 psallant
3100 4896 3401 4957 nocturna,
3430 4896 3489 4945 et
3517 4892 3827 4959 matutina,
3854 4898 3907 4948 et

2258 4983 2598 5053 vespertina,
2666 4999 2739 5037 ne
2804 4999 2874 5037 ex
2937 4983 3051 5037 sola
3132 4983 3641 5039 ecclesiasticarum
3714 5002 3904 5041 rerum

2259 5076 2693 5147 consumptione
2721 5075 2905 5130 clerici
2937 5081 3268 5147 appareant,
3300 5093 3516 5131 nomen
3540 5078 3787 5148 quidem
3812 5080 3905 5134 ha-

2258 5168 2457 5223 bentes
2494 5168 2851 5238 clericorum,
2885 5185 3005 5223 rem
3034 5173 3225 5223 autem
3268 5186 3382 5223 non
3412 5169 3723 5241 implentes
3753 5173 3905 5227 cleri-

2259 5262 2310 5315 ci
2341 5261 2491 5316 circa
2539 5261 2829 5331 liturgiam
2864 5261 3089 5317 Domini
3127 5262 3241 5317 Dei.
3267 5263 3453 5334 Turpe
3480 5264 3640 5318 enim
3668 5270 3775 5333 est,
3806 5281 3901 5337 pro

2260 5352 2396 5425 ipsis
2423 5353 2678 5424 scriptos,
2727 5357 3055 5410 necessitate
3099 5354 3237 5426 ipsis
3281 5355 3511 5409 inducta
3538 5358 3808 5427 psallere.
3853 5356 3898 5413 Si

2262 5446 2417 5500 enim
2454 5446 2617 5500 multi
2650 5446 2945 5515 laicorum,
2972 5451 3035 5501 ut
3061 5465 3177 5502 suae
3220 5448 3429 5503 animae
3480 5450 3810 5515 consulant,
3838 5449 3898 5504 ad

2260 5538 2639 5593 sanctissimas
2699 5540 2958 5594 ecclesias
3019 5539 3364 5596 conﬂuentes
3442 5541 3685 5597 studiosi
3763 5544 3897 5598 circa

2258 5631 2634 5703 psalmodiam
2673 5633 3071 5702 ostenduntur,
3126 5634 3414 5704 quomodo
3464 5634 3742 5691 indecens
3794 5651 3895 5691 non

2260 5724 2432 5779 fuerit
2468 5725 2697 5781 clericos
2736 5726 2808 5781 ad
2854 5725 2913 5780 id
2957 5726 3249 5782 ordinatos
3288 5744 3402 5782 non
3445 5728 3700 5800 implere
3738 5745 3895 5785 suum

2260 5833 2470 5873 munus
2485 5818 2513 5874 ?
2532 5819 2888 5895 Quapropter
2913 5818 3245 5879 omnimodo
3271 5819 3508 5880 clericos
3534 5824 3790 5897 psallere
3810 5824 3893 5895 ju-
