  <div class='ocr_page' id='page_1' title='image "/cluster/home/n/w/nwhite01/storage/ocr_20150623/72/uva.x000827084/752.png"; bbox 0 0 4032 6232; ppageno 0'>
   <div class='ocr_carea' id='block_1_1' title="bbox 141 340 274 396">
    <p class='ocr_par' dir='ltr' id='par_1_1' title="bbox 141 340 274 396">
     <span class='ocr_line' id='line_1_1' title="bbox 141 340 274 396; baseline 0.008 -2"><span class='ocrx_word' id='word_1_1' title='bbox 141 340 274 396; x_wconf 72' lang='grc'><strong>1057</strong></span> 
     </span>
    </p>
   </div>
   <div class='ocr_carea' id='block_1_2' title="bbox 866 324 2782 401">
    <p class='ocr_par' dir='ltr' id='par_1_2' title="bbox 866 324 2782 401">
     <span class='ocr_line' id='line_1_2' title="bbox 866 324 2782 401; baseline -0.004 -6"><span class='ocrx_word' id='word_1_2' title='bbox 866 336 1229 395; x_wconf 79' lang='lat' dir='ltr'><strong>JUSTINIANI</strong></span> <span class='ocrx_word' id='word_1_3' title='bbox 1270 324 1476 395; x_wconf 67' lang='lat' dir='ltr'><strong>taces</strong></span> <span class='ocrx_word' id='word_1_4' title='bbox 1517 337 1849 394; x_wconf 63' lang='lat' dir='ltr'><strong>summa.</strong></span> <span class='ocrx_word' id='word_1_5' title='bbox 1893 336 2016 391; x_wconf 79' lang='lat' dir='ltr'><strong>ue.</strong></span> <span class='ocrx_word' id='word_1_6' title='bbox 2060 332 2099 401; x_wconf 82' lang='grc' dir='ltr'><strong>ι,</strong></span> <span class='ocrx_word' id='word_1_7' title='bbox 2143 334 2265 390; x_wconf 81' lang='lat' dir='ltr'><strong>m.</strong></span> <span class='ocrx_word' id='word_1_8' title='bbox 2312 333 2398 400; x_wconf 87' lang='lat' dir='ltr'><strong>Ill,</strong></span> <span class='ocrx_word' id='word_1_9' title='bbox 2442 332 2569 390; x_wconf 83' lang='lat' dir='ltr'><strong>LEX</strong></span> <span class='ocrx_word' id='word_1_10' title='bbox 2609 333 2782 390; x_wconf 83' lang='lat' dir='ltr'><strong>xuv.</strong></span> 
     </span>
    </p>
   </div>
   <div class='ocr_carea' id='block_1_3' title="bbox 3373 337 3505 394">
    <p class='ocr_par' dir='ltr' id='par_1_3' title="bbox 3373 337 3505 394">
     <span class='ocr_line' id='line_1_3' title="bbox 3373 337 3505 394; baseline 0.015 -2"><span class='ocrx_word' id='word_1_11' title='bbox 3373 337 3505 394; x_wconf 66' lang='lat'><strong>1058</strong></span> 
     </span>
    </p>
   </div>
   <div class='ocr_carea' id='block_1_4' title="bbox 135 442 3506 531">
    <p class='ocr_par' dir='ltr' id='par_1_4' title="bbox 135 442 3506 531">
     <span class='ocr_line' id='line_1_4' title="bbox 135 442 3506 531; baseline -0.001 -29"><span class='ocrx_word' id='word_1_12' title='bbox 135 450 363 514; x_wconf 88' lang='lat' dir='ltr'><strong>bemus,</strong></span> <span class='ocrx_word' id='word_1_13' title='bbox 393 451 453 502; x_wconf 88' lang='lat' dir='ltr'><strong>et</strong></span> <span class='ocrx_word' id='word_1_14' title='bbox 482 447 632 518; x_wconf 86' lang='lat' dir='ltr'><strong>ipsos</strong></span> <span class='ocrx_word' id='word_1_15' title='bbox 659 447 872 518; x_wconf 88' lang='lat' dir='ltr'><strong>inquiri</strong></span> <span class='ocrx_word' id='word_1_16' title='bbox 903 465 936 501; x_wconf 90' lang='lat' dir='ltr'><strong>a</strong></span> <span class='ocrx_word' id='word_1_17' title='bbox 968 450 1077 503; x_wconf 91' lang='lat' dir='ltr'><strong>Deo</strong></span> <span class='ocrx_word' id='word_1_18' title='bbox 1108 449 1476 503; x_wconf 84' lang='lat' dir='ltr'><strong>sanctissimis</strong></span> <span class='ocrx_word' id='word_1_19' title='bbox 1502 465 1606 520; x_wconf 91' lang='lat' dir='ltr'><strong>pro</strong></span> <span class='ocrx_word' id='word_1_20' title='bbox 1635 451 1774 502; x_wconf 91' lang='lat' dir='ltr'><strong>tem-</strong></span> <span class='ocrx_word' id='word_1_21' title='bbox 1797 460 1854 531; x_wconf 79' lang='grc' dir='ltr'><strong>Α</strong></span> <span class='ocrx_word' id='word_1_22' title='bbox 1875 450 2001 499; x_wconf 89' lang='lat' dir='ltr'><strong>tum</strong></span> <span class='ocrx_word' id='word_1_23' title='bbox 2041 445 2363 514; x_wconf 71' lang='lat' dir='ltr'><strong>praesentia,</strong></span> <span class='ocrx_word' id='word_1_24' title='bbox 2408 442 2711 498; x_wconf 81' lang='lat' dir='ltr'><strong>confestim</strong></span> <span class='ocrx_word' id='word_1_25' title='bbox 2752 448 2872 497; x_wconf 90' lang='lat' dir='ltr'><strong>tum</strong></span> <span class='ocrx_word' id='word_1_26' title='bbox 2919 442 3200 514; x_wconf 76' lang='lat' dir='ltr'><strong>proficisci</strong></span> <span class='ocrx_word' id='word_1_27' title='bbox 3236 444 3506 514; x_wconf 85' lang='lat' dir='ltr'><strong>jubemus</strong></span> 
     </span>
    </p>
   </div>
   <div class='ocr_carea' id='block_1_5' title="bbox 133 540 1777 613">
    <p class='ocr_par' dir='ltr' id='par_1_5' title="bbox 133 540 1777 613">
     <span class='ocr_line' id='line_1_5' title="bbox 133 540 1777 613; baseline 0 -18"><span class='ocrx_word' id='word_1_28' title='bbox 133 558 277 612; x_wconf 89' lang='lat' dir='ltr'><strong>pore</strong></span> <span class='ocrx_word' id='word_1_29' title='bbox 304 541 610 612; x_wconf 88' lang='lat' dir='ltr'><strong>episcopis,</strong></span> <span class='ocrx_word' id='word_1_30' title='bbox 634 544 692 594; x_wconf 90' lang='lat' dir='ltr'><strong>et</strong></span> <span class='ocrx_word' id='word_1_31' title='bbox 712 540 935 595; x_wconf 92' lang='lat' dir='ltr'><strong>duobus</strong></span> <span class='ocrx_word' id='word_1_32' title='bbox 962 542 1307 613; x_wconf 81' lang='lat' dir='ltr'><strong>presbyteris</strong></span> <span class='ocrx_word' id='word_1_33' title='bbox 1339 542 1396 596; x_wconf 90' lang='lat' dir='ltr'><strong>in</strong></span> <span class='ocrx_word' id='word_1_34' title='bbox 1430 541 1671 612; x_wconf 82' lang='lat' dir='ltr'><strong>singulis</strong></span> <span class='ocrx_word' id='word_1_35' title='bbox 1692 558 1777 595; x_wconf 88' lang='lat' dir='ltr'><strong>ec-</strong></span> 
     </span>
    </p>
   </div>
   <div class='ocr_carea' id='block_1_6' title="bbox 136 632 1778 704">
    <p class='ocr_par' dir='ltr' id='par_1_6' title="bbox 136 632 1778 704">
     <span class='ocr_line' id='line_1_6' title="bbox 136 632 1778 704; baseline 0.001 -17"><span class='ocrx_word' id='word_1_36' title='bbox 136 634 347 700; x_wconf 87' lang='lat' dir='ltr'><strong>clesiis,</strong></span> <span class='ocrx_word' id='word_1_37' title='bbox 376 637 435 687; x_wconf 89' lang='lat' dir='ltr'><strong>et</strong></span> <span class='ocrx_word' id='word_1_38' title='bbox 462 634 533 688; x_wconf 91' lang='lat' dir='ltr'><strong>ab</strong></span> <span class='ocrx_word' id='word_1_39' title='bbox 566 650 632 688; x_wconf 93' lang='lat' dir='ltr'><strong>eo</strong></span> <span class='ocrx_word' id='word_1_40' title='bbox 662 632 759 704; x_wconf 88' lang='lat' dir='ltr'><strong>qui</strong></span> <span class='ocrx_word' id='word_1_41' title='bbox 791 638 1023 688; x_wconf 78' lang='lat' dir='ltr'><strong>vocatur</strong></span> <span class='ocrx_word' id='word_1_42' title='bbox 1047 636 1249 689; x_wconf 87' lang='lat' dir='ltr'><strong>arcbos</strong></span> <span class='ocrx_word' id='word_1_43' title='bbox 1276 636 1363 689; x_wconf 91' lang='lat' dir='ltr'><strong>vel</strong></span> <span class='ocrx_word' id='word_1_44' title='bbox 1396 636 1686 702; x_wconf 83' lang='lat' dir='ltr'><strong>exarchos,</strong></span> <span class='ocrx_word' id='word_1_45' title='bbox 1719 638 1778 688; x_wconf 90' lang='lat' dir='ltr'><strong>et</strong></span> 
     </span>
    </p>
   </div>
   <div class='ocr_carea' id='block_1_7' title="bbox 135 726 1773 799">
    <p class='ocr_par' dir='ltr' id='par_1_7' title="bbox 135 726 1773 799">
     <span class='ocr_line' id='line_1_7' title="bbox 135 726 1773 799; baseline 0 -18"><span class='ocrx_word' id='word_1_46' title='bbox 135 727 206 781; x_wconf 91' lang='lat' dir='ltr'><strong>ab</strong></span> <span class='ocrx_word' id='word_1_47' title='bbox 238 728 464 796; x_wconf 89' lang='lat' dir='ltr'><strong>ecdico,</strong></span> <span class='ocrx_word' id='word_1_48' title='bbox 498 727 615 780; x_wconf 84' lang='lat' dir='ltr'><strong>sive</strong></span> <span class='ocrx_word' id='word_1_49' title='bbox 644 726 948 781; x_wconf 90' lang='lat' dir='ltr'><strong>defensore</strong></span> <span class='ocrx_word' id='word_1_50' title='bbox 980 728 1255 799; x_wconf 83' lang='lat' dir='ltr'><strong>cujusque</strong></span> <span class='ocrx_word' id='word_1_51' title='bbox 1278 728 1651 782; x_wconf 72' lang='lat' dir='ltr'><strong>sanctissimae</strong></span> <span class='ocrx_word' id='word_1_52' title='bbox 1683 745 1773 782; x_wconf 92' lang='lat' dir='ltr'><strong>ee-</strong></span> 
     </span>
    </p>
   </div>
   <div class='ocr_carea' id='block_1_8' title="bbox 133 819 1774 891">
    <p class='ocr_par' dir='ltr' id='par_1_8' title="bbox 133 819 1774 891">
     <span class='ocr_line' id='line_1_8' title="bbox 133 819 1774 891; baseline 0.001 -18"><span class='ocrx_word' id='word_1_53' title='bbox 133 820 349 885; x_wconf 64' lang='lat' dir='ltr'><strong>clesiaa,</strong></span> <span class='ocrx_word' id='word_1_54' title='bbox 386 823 444 874; x_wconf 88' lang='lat' dir='ltr'><strong>et</strong></span> <span class='ocrx_word' id='word_1_55' title='bbox 472 836 571 875; x_wconf 90' lang='lat' dir='ltr'><strong>eos</strong></span> <span class='ocrx_word' id='word_1_56' title='bbox 601 819 697 890; x_wconf 87' lang='lat' dir='ltr'><strong>qui</strong></span> <span class='ocrx_word' id='word_1_57' title='bbox 724 819 940 874; x_wconf 82' lang='lat' dir='ltr'><strong>inventi</strong></span> <span class='ocrx_word' id='word_1_58' title='bbox 992 837 1108 875; x_wconf 90' lang='lat' dir='ltr'><strong>non</strong></span> <span class='ocrx_word' id='word_1_59' title='bbox 1150 821 1366 875; x_wconf 84' lang='lat' dir='ltr'><strong>fuerint</strong></span> <span class='ocrx_word' id='word_1_60' title='bbox 1403 821 1689 891; x_wconf 87' lang='lat' dir='ltr'><strong>inculpate</strong></span> <span class='ocrx_word' id='word_1_61' title='bbox 1716 820 1774 874; x_wconf 91' lang='lat' dir='ltr'><strong>in</strong></span> 
     </span>
    </p>
   </div>
   <div class='ocr_carea' id='block_1_9' title="bbox 132 912 1774 985">
    <p class='ocr_par' dir='ltr' id='par_1_9' title="bbox 132 912 1774 985">
     <span class='ocr_line' id='line_1_9' title="bbox 132 912 1774 985; baseline -0.001 -16"><span class='ocrx_word' id='word_1_62' title='bbox 132 912 387 983; x_wconf 83' lang='lat' dir='ltr'><strong>liturgiis</strong></span> <span class='ocrx_word' id='word_1_63' title='bbox 413 916 865 985; x_wconf 83' lang='lat' dir='ltr'><strong>perseverantes,</strong></span> <span class='ocrx_word' id='word_1_64' title='bbox 889 917 1051 967; x_wconf 84' lang='lat' dir='ltr'><strong>extra</strong></span> <span class='ocrx_word' id='word_1_65' title='bbox 1072 914 1287 967; x_wconf 90' lang='lat' dir='ltr'><strong>clerum</strong></span> <span class='ocrx_word' id='word_1_66' title='bbox 1314 914 1600 968; x_wconf 87' lang='lat' dir='ltr'><strong>constitui.</strong></span> <span class='ocrx_word' id='word_1_67' title='bbox 1633 914 1774 967; x_wconf 87' lang='lat' dir='ltr'><strong>Nam</strong></span> 
     </span>
    </p>
   </div>
   <div class='ocr_carea' id='block_1_10' title="bbox 134 1006 1776 1077">
    <p class='ocr_par' dir='ltr' id='par_1_10' title="bbox 134 1006 1776 1077">
     <span class='ocr_line' id='line_1_10' title="bbox 134 1006 1776 1077; baseline 0 -18"><span class='ocrx_word' id='word_1_68' title='bbox 134 1006 235 1077; x_wconf 90' lang='lat' dir='ltr'><strong>qui</strong></span> <span class='ocrx_word' id='word_1_69' title='bbox 267 1006 714 1076; x_wconf 88' lang='lat' dir='ltr'><strong>constituerunt,</strong></span> <span class='ocrx_word' id='word_1_70' title='bbox 736 1008 822 1060; x_wconf 86' lang='lat' dir='ltr'><strong>vel</strong></span> <span class='ocrx_word' id='word_1_71' title='bbox 850 1007 1173 1061; x_wconf 81' lang='lat' dir='ltr'><strong>fundarunt</strong></span> <span class='ocrx_word' id='word_1_72' title='bbox 1198 1006 1583 1061; x_wconf 88' lang='lat' dir='ltr'><strong>sanctissimas</strong></span> <span class='ocrx_word' id='word_1_73' title='bbox 1603 1007 1776 1059; x_wconf 91' lang='lat' dir='ltr'><strong>eccle-</strong></span> 
     </span>
    </p>
   </div>
   <div class='ocr_carea' id='block_1_11' title="bbox 134 1098 1775 1170">
    <p class='ocr_par' dir='ltr' id='par_1_11' title="bbox 134 1098 1775 1170">
     <span class='ocr_line' id='line_1_11' title="bbox 134 1098 1775 1170; baseline 0 -17"><span class='ocrx_word' id='word_1_74' title='bbox 134 1100 248 1153; x_wconf 85' lang='lat' dir='ltr'><strong>sias</strong></span> <span class='ocrx_word' id='word_1_75' title='bbox 272 1115 378 1170; x_wconf 91' lang='lat' dir='ltr'><strong>pro</strong></span> <span class='ocrx_word' id='word_1_76' title='bbox 390 1116 493 1153; x_wconf 89' lang='lat' dir='ltr'><strong>sua</strong></span> <span class='ocrx_word' id='word_1_77' title='bbox 516 1100 697 1153; x_wconf 88' lang='lat' dir='ltr'><strong>salute</strong></span> <span class='ocrx_word' id='word_1_78' title='bbox 721 1102 778 1152; x_wconf 90' lang='lat' dir='ltr'><strong>et</strong></span> <span class='ocrx_word' id='word_1_79' title='bbox 803 1099 1128 1153; x_wconf 92' lang='lat' dir='ltr'><strong>communis</strong></span> <span class='ocrx_word' id='word_1_80' title='bbox 1154 1099 1503 1170; x_wconf 79' lang='lat' dir='ltr'><strong>reipublicae,</strong></span> <span class='ocrx_word' id='word_1_81' title='bbox 1532 1098 1775 1169; x_wconf 86' lang='lat' dir='ltr'><strong>relique—</strong></span> 
     </span>
    </p>
   </div>
   <div class='ocr_carea' id='block_1_12' title="bbox 134 1191 1772 1263">
    <p class='ocr_par' dir='ltr' id='par_1_12' title="bbox 134 1191 1772 1263">
     <span class='ocr_line' id='line_1_12' title="bbox 134 1191 1772 1263; baseline 0 -18"><span class='ocrx_word' id='word_1_82' title='bbox 134 1197 271 1247; x_wconf 89' lang='lat' dir='ltr'><strong>runt</strong></span> <span class='ocrx_word' id='word_1_83' title='bbox 320 1191 432 1246; x_wconf 86' lang='lat' dir='ltr'><strong>illis</strong></span> <span class='ocrx_word' id='word_1_84' title='bbox 471 1192 838 1260; x_wconf 83' lang='lat' dir='ltr'><strong>substantias,</strong></span> <span class='ocrx_word' id='word_1_85' title='bbox 872 1195 933 1246; x_wconf 94' lang='lat' dir='ltr'><strong>ut</strong></span> <span class='ocrx_word' id='word_1_86' title='bbox 978 1209 1083 1263; x_wconf 90' lang='lat' dir='ltr'><strong>per</strong></span> <span class='ocrx_word' id='word_1_87' title='bbox 1107 1209 1203 1247; x_wconf 84' lang='lat' dir='ltr'><strong>eas</strong></span> <span class='ocrx_word' id='word_1_88' title='bbox 1232 1193 1482 1247; x_wconf 83' lang='lat' dir='ltr'><strong>debeant</strong></span> <span class='ocrx_word' id='word_1_89' title='bbox 1505 1208 1677 1246; x_wconf 75' lang='lat' dir='ltr'><strong>sacrae</strong></span> <span class='ocrx_word' id='word_1_90' title='bbox 1708 1191 1772 1245; x_wconf 88' lang='lat' dir='ltr'><strong>li-</strong></span> 
     </span>
    </p>
   </div>
   <div class='ocr_carea' id='block_1_13' title="bbox 133 1283 1773 1355">
    <p class='ocr_par' dir='ltr' id='par_1_13' title="bbox 133 1283 1773 1355">
     <span class='ocr_line' id='line_1_13' title="bbox 133 1283 1773 1355; baseline 0 -18"><span class='ocrx_word' id='word_1_91' title='bbox 133 1283 347 1355; x_wconf 74' lang='lat' dir='ltr'><strong>turgiae</strong></span> <span class='ocrx_word' id='word_1_92' title='bbox 378 1284 527 1351; x_wconf 82' lang='lat' dir='ltr'><strong>fieri,</strong></span> <span class='ocrx_word' id='word_1_93' title='bbox 548 1287 607 1338; x_wconf 90' lang='lat' dir='ltr'><strong>et</strong></span> <span class='ocrx_word' id='word_1_94' title='bbox 626 1288 688 1339; x_wconf 89' lang='lat' dir='ltr'><strong>ut</strong></span> <span class='ocrx_word' id='word_1_95' title='bbox 708 1284 765 1338; x_wconf 91' lang='lat' dir='ltr'><strong>in</strong></span> <span class='ocrx_word' id='word_1_96' title='bbox 794 1284 904 1338; x_wconf 89' lang='lat' dir='ltr'><strong>illis</strong></span> <span class='ocrx_word' id='word_1_97' title='bbox 930 1301 963 1339; x_wconf 88' lang='lat' dir='ltr'><strong>a</strong></span> <span class='ocrx_word' id='word_1_98' title='bbox 989 1285 1449 1339; x_wconf 83' lang='lat' dir='ltr'><strong>ministrantibus</strong></span> <span class='ocrx_word' id='word_1_99' title='bbox 1475 1284 1583 1355; x_wconf 90' lang='lat' dir='ltr'><strong>piis</strong></span> <span class='ocrx_word' id='word_1_100' title='bbox 1610 1283 1773 1338; x_wconf 90' lang='lat' dir='ltr'><strong>cleri-</strong></span> 
     </span>
    </p>
   </div>
   <div class='ocr_carea' id='block_1_14' title="bbox 135 1376 1775 1432">
    <p class='ocr_par' dir='ltr' id='par_1_14' title="bbox 135 1376 1775 1432">
     <span class='ocr_line' id='line_1_14' title="bbox 135 1376 1775 1432; baseline 0.001 -3"><span class='ocrx_word' id='word_1_101' title='bbox 135 1376 215 1429; x_wconf 88' lang='lat' dir='ltr'><strong>cis</strong></span> <span class='ocrx_word' id='word_1_102' title='bbox 234 1376 393 1429; x_wconf 89' lang='lat' dir='ltr'><strong>Deus</strong></span> <span class='ocrx_word' id='word_1_103' title='bbox 414 1377 651 1431; x_wconf 83' lang='lat' dir='ltr'><strong>colatur.</strong></span> <span class='ocrx_word' id='word_1_104' title='bbox 670 1376 981 1431; x_wconf 86' lang='lat' dir='ltr'><strong>Licentiam</strong></span> <span class='ocrx_word' id='word_1_105' title='bbox 1005 1381 1197 1432; x_wconf 90' lang='lat' dir='ltr'><strong>autem</strong></span> <span class='ocrx_word' id='word_1_106' title='bbox 1227 1376 1595 1430; x_wconf 89' lang='lat' dir='ltr'><strong>concedimus</strong></span> <span class='ocrx_word' id='word_1_107' title='bbox 1614 1376 1775 1430; x_wconf 91' lang='lat' dir='ltr'><strong>omni</strong></span> 
     </span>
    </p>
   </div>
   <div class='ocr_carea' id='block_1_15' title="bbox 134 1469 1777 1541">
    <p class='ocr_par' dir='ltr' id='par_1_15' title="bbox 134 1469 1777 1541">
     <span class='ocr_line' id='line_1_15' title="bbox 134 1469 1777 1541; baseline 0 -18"><span class='ocrx_word' id='word_1_108' title='bbox 134 1485 402 1539; x_wconf 72' lang='lat' dir='ltr'><strong>persona:</strong></span> <span class='ocrx_word' id='word_1_109' title='bbox 418 1486 546 1539; x_wconf 62' lang='lat' dir='ltr'><strong>quae</strong></span> <span class='ocrx_word' id='word_1_110' title='bbox 563 1469 702 1540; x_wconf 90' lang='lat' dir='ltr'><strong>quid</strong></span> <span class='ocrx_word' id='word_1_111' title='bbox 728 1470 935 1524; x_wconf 86' lang='lat' dir='ltr'><strong>horum</strong></span> <span class='ocrx_word' id='word_1_112' title='bbox 958 1471 1405 1541; x_wconf 71' lang='lat' dir='ltr'><strong>prxetermissum</strong></span> <span class='ocrx_word' id='word_1_113' title='bbox 1432 1486 1554 1525; x_wconf 92' lang='lat' dir='ltr'><strong>esse</strong></span> <span class='ocrx_word' id='word_1_114' title='bbox 1571 1486 1777 1540; x_wconf 87' lang='lat' dir='ltr'><strong>cogno-</strong></span> 
     </span>
    </p>
   </div>
   <div class='ocr_carea' id='block_1_16' title="bbox 131 1562 1774 1634">
    <p class='ocr_par' dir='ltr' id='par_1_16' title="bbox 131 1562 1774 1634">
     <span class='ocr_line' id='line_1_16' title="bbox 131 1562 1774 1634; baseline 0.001 -20"><span class='ocrx_word' id='word_1_115' title='bbox 131 1562 302 1629; x_wconf 90' lang='lat' dir='ltr'><strong>verit,</strong></span> <span class='ocrx_word' id='word_1_116' title='bbox 334 1577 405 1616; x_wconf 88' lang='lat' dir='ltr'><strong>ea</strong></span> <span class='ocrx_word' id='word_1_117' title='bbox 431 1562 769 1616; x_wconf 81' lang='lat' dir='ltr'><strong>denuntiare</strong></span> <span class='ocrx_word' id='word_1_118' title='bbox 809 1566 867 1616; x_wconf 90' lang='lat' dir='ltr'><strong>et</strong></span> <span class='ocrx_word' id='word_1_119' title='bbox 900 1562 1216 1634; x_wconf 88' lang='lat' dir='ltr'><strong>publicare.</strong></span> <span class='ocrx_word' id='word_1_120' title='bbox 1252 1594 1320 1603; x_wconf 72' lang='grc' dir='ltr'><strong>-ο</strong></span> <span class='ocrx_word' id='word_1_121' title='bbox 1350 1562 1380 1634; x_wconf 85' lang='lat'>§</span> <span class='ocrx_word' id='word_1_122' title='bbox 1415 1566 1499 1617; x_wconf 82' lang='grc' dir='ltr'><strong>Η.</strong></span> <span class='ocrx_word' id='word_1_123' title='bbox 1530 1563 1608 1616; x_wconf 86' lang='lat' dir='ltr'><strong>Ea</strong></span> <span class='ocrx_word' id='word_1_124' title='bbox 1640 1580 1774 1617; x_wconf 89' lang='lat' dir='ltr'><strong>vero</strong></span> 
     </span>
    </p>
   </div>
   <div class='ocr_carea' id='block_1_17' title="bbox 133 1655 1775 1727">
    <p class='ocr_par' dir='ltr' id='par_1_17' title="bbox 133 1655 1775 1727">
     <span class='ocr_line' id='line_1_17' title="bbox 133 1655 1775 1727; baseline 0.001 -19"><span class='ocrx_word' id='word_1_125' title='bbox 133 1671 264 1727; x_wconf 62' lang='lat' dir='ltr'><strong>quae</strong></span> <span class='ocrx_word' id='word_1_126' title='bbox 299 1672 335 1708; x_wconf 87' lang='lat' dir='ltr'><strong>a</strong></span> <span class='ocrx_word' id='word_1_127' title='bbox 364 1655 531 1708; x_wconf 88' lang='lat' dir='ltr'><strong>nobis</strong></span> <span class='ocrx_word' id='word_1_128' title='bbox 556 1655 773 1709; x_wconf 90' lang='lat' dir='ltr'><strong>sancita</strong></span> <span class='ocrx_word' id='word_1_129' title='bbox 805 1658 956 1723; x_wconf 90' lang='lat' dir='ltr'><strong>sunt,</strong></span> <span class='ocrx_word' id='word_1_130' title='bbox 986 1656 1086 1709; x_wconf 83' lang='lat' dir='ltr'><strong>fini</strong></span> <span class='ocrx_word' id='word_1_131' title='bbox 1117 1656 1284 1723; x_wconf 89' lang='lat' dir='ltr'><strong>tradi,</strong></span> <span class='ocrx_word' id='word_1_132' title='bbox 1314 1659 1372 1710; x_wconf 91' lang='lat' dir='ltr'><strong>et</strong></span> <span class='ocrx_word' id='word_1_133' title='bbox 1397 1656 1469 1710; x_wconf 87' lang='lat' dir='ltr'><strong>ad</strong></span> <span class='ocrx_word' id='word_1_134' title='bbox 1506 1655 1775 1710; x_wconf 83' lang='lat' dir='ltr'><strong>effectum</strong></span> 
     </span>
    </p>
   </div>
   <div class='ocr_carea' id='block_1_18' title="bbox 133 1747 1776 1820">
    <p class='ocr_par' dir='ltr' id='par_1_18' title="bbox 133 1747 1776 1820">
     <span class='ocr_line' id='line_1_18' title="bbox 133 1747 1776 1820; baseline 0 -18"><span class='ocrx_word' id='word_1_135' title='bbox 133 1747 379 1818; x_wconf 86' lang='lat' dir='ltr'><strong>perduci</strong></span> <span class='ocrx_word' id='word_1_136' title='bbox 405 1764 536 1802; x_wconf 93' lang='lat' dir='ltr'><strong>cum</strong></span> <span class='ocrx_word' id='word_1_137' title='bbox 564 1748 663 1803; x_wconf 88' lang='lat' dir='ltr'><strong>Dei</strong></span> <span class='ocrx_word' id='word_1_138' title='bbox 689 1748 1051 1819; x_wconf 82' lang='lat' dir='ltr'><strong>benignitate</strong></span> <span class='ocrx_word' id='word_1_139' title='bbox 1067 1750 1374 1819; x_wconf 88' lang='lat' dir='ltr'><strong>jubemus;</strong></span> <span class='ocrx_word' id='word_1_140' title='bbox 1400 1765 1499 1803; x_wconf 91' lang='lat' dir='ltr'><strong>eos</strong></span> <span class='ocrx_word' id='word_1_141' title='bbox 1516 1765 1650 1803; x_wconf 88' lang='lat' dir='ltr'><strong>vero</strong></span> <span class='ocrx_word' id='word_1_142' title='bbox 1677 1748 1776 1820; x_wconf 88' lang='lat' dir='ltr'><strong>qui</strong></span> 
     </span>
    </p>
   </div>
   <div class='ocr_carea' id='block_1_19' title="bbox 134 1818 1853 1913">
    <p class='ocr_par' dir='ltr' id='par_1_19' title="bbox 134 1818 1853 1913">
     <span class='ocr_line' id='line_1_19' title="bbox 134 1818 1853 1913; baseline -0.002 -19"><span class='ocrx_word' id='word_1_143' title='bbox 134 1840 191 1894; x_wconf 91' lang='lat' dir='ltr'><strong>in</strong></span> <span class='ocrx_word' id='word_1_144' title='bbox 222 1838 615 1911; x_wconf 88' lang='lat' dir='ltr'><strong>suspicionem</strong></span> <span class='ocrx_word' id='word_1_145' title='bbox 635 1842 918 1909; x_wconf 87' lang='lat' dir='ltr'><strong>venerint,</strong></span> <span class='ocrx_word' id='word_1_146' title='bbox 948 1841 1163 1913; x_wconf 89' lang='lat' dir='ltr'><strong>aliquid</strong></span> <span class='ocrx_word' id='word_1_147' title='bbox 1196 1842 1403 1896; x_wconf 90' lang='lat' dir='ltr'><strong>horum</strong></span> <span class='ocrx_word' id='word_1_148' title='bbox 1433 1858 1574 1896; x_wconf 88' lang='lat' dir='ltr'><strong>ausu</strong></span> <span class='ocrx_word' id='word_1_149' title='bbox 1601 1845 1777 1895; x_wconf 91' lang='lat' dir='ltr'><strong>teme-</strong></span> <span class='ocrx_word' id='word_1_150' title='bbox 1797 1818 1853 1891; x_wconf 83' lang='lat' dir='ltr'><strong>B</strong></span> 
     </span>
    </p>
   </div>
   <div class='ocr_carea' id='block_1_20' title="bbox 134 1934 1774 2006">
    <p class='ocr_par' dir='ltr' id='par_1_20' title="bbox 134 1934 1774 2006">
     <span class='ocr_line' id='line_1_20' title="bbox 134 1934 1774 2006; baseline 0.001 -19"><span class='ocrx_word' id='word_1_151' title='bbox 134 1935 290 1989; x_wconf 89' lang='lat' dir='ltr'><strong>rario</strong></span> <span class='ocrx_word' id='word_1_152' title='bbox 324 1934 781 2005; x_wconf 68' lang='lat' dir='ltr'><strong>praetermisisse,</strong></span> <span class='ocrx_word' id='word_1_153' title='bbox 805 1934 1059 2006; x_wconf 89' lang='lat' dir='ltr'><strong>primum</strong></span> <span class='ocrx_word' id='word_1_154' title='bbox 1080 1934 1317 2006; x_wconf 87' lang='lat' dir='ltr'><strong>quidem</strong></span> <span class='ocrx_word' id='word_1_155' title='bbox 1333 1952 1398 1990; x_wconf 83' lang='lat' dir='ltr'><strong>ex</strong></span> <span class='ocrx_word' id='word_1_156' title='bbox 1425 1934 1655 1990; x_wconf 90' lang='lat' dir='ltr'><strong>Domini</strong></span> <span class='ocrx_word' id='word_1_157' title='bbox 1677 1934 1774 1988; x_wconf 87' lang='lat' dir='ltr'><strong>Dei</strong></span> 
     </span>
    </p>
   </div>
   <div class='ocr_carea' id='block_1_21' title="bbox 128 2026 1776 2099">
    <p class='ocr_par' dir='ltr' id='par_1_21' title="bbox 128 2026 1776 2099">
     <span class='ocr_line' id='line_1_21' title="bbox 128 2026 1776 2099; baseline 0 -18"><span class='ocrx_word' id='word_1_158' title='bbox 128 2026 354 2097; x_wconf 88' lang='lat' dir='ltr'><strong>judicio</strong></span> <span class='ocrx_word' id='word_1_159' title='bbox 385 2027 727 2098; x_wconf 87' lang='lat' dir='ltr'><strong>periculum,</strong></span> <span class='ocrx_word' id='word_1_160' title='bbox 757 2044 820 2081; x_wconf 92' lang='lat' dir='ltr'><strong>ac</strong></span> <span class='ocrx_word' id='word_1_161' title='bbox 839 2027 1043 2083; x_wconf 89' lang='lat' dir='ltr'><strong>deinde</strong></span> <span class='ocrx_word' id='word_1_162' title='bbox 1070 2027 1285 2099; x_wconf 88' lang='lat' dir='ltr'><strong>positas</strong></span> <span class='ocrx_word' id='word_1_163' title='bbox 1310 2028 1368 2082; x_wconf 90' lang='lat' dir='ltr'><strong>in</strong></span> <span class='ocrx_word' id='word_1_164' title='bbox 1399 2028 1507 2082; x_wconf 90' lang='lat' dir='ltr'><strong>hac</strong></span> <span class='ocrx_word' id='word_1_165' title='bbox 1522 2028 1649 2099; x_wconf 89' lang='lat' dir='ltr'><strong>lege</strong></span> <span class='ocrx_word' id='word_1_166' title='bbox 1664 2044 1776 2098; x_wconf 86' lang='lat' dir='ltr'><strong>poe-</strong></span> 
     </span>
    </p>
   </div>
   <div class='ocr_carea' id='block_1_22' title="bbox 135 2119 1770 2189">
    <p class='ocr_par' dir='ltr' id='par_1_22' title="bbox 135 2119 1770 2189">
     <span class='ocr_line' id='line_1_22' title="bbox 135 2119 1770 2189; baseline -0.001 -14"><span class='ocrx_word' id='word_1_167' title='bbox 135 2136 236 2175; x_wconf 88' lang='lat' dir='ltr'><strong>nas</strong></span> <span class='ocrx_word' id='word_1_168' title='bbox 277 2119 587 2174; x_wconf 89' lang='lat' dir='ltr'><strong>sustinere.</strong></span> <span class='ocrx_word' id='word_1_169' title='bbox 622 2121 749 2174; x_wconf 89' lang='lat' dir='ltr'><strong>Dat.</strong></span> <span class='ocrx_word' id='word_1_170' title='bbox 782 2120 907 2175; x_wconf 87' lang='lat' dir='ltr'><strong>Kal.</strong></span> <span class='ocrx_word' id='word_1_171' title='bbox 935 2120 1121 2189; x_wconf 83' lang='lat' dir='ltr'><strong>Mart.,</strong></span> <span class='ocrx_word' id='word_1_172' title='bbox 1170 2122 1298 2189; x_wconf 88' lang='lat' dir='ltr'><strong>CP.,</strong></span> <span class='ocrx_word' id='word_1_173' title='bbox 1329 2121 1429 2176; x_wconf 91' lang='lat' dir='ltr'><strong>dn.</strong></span> <span class='ocrx_word' id='word_1_174' title='bbox 1458 2122 1624 2189; x_wconf 83' lang='lat' dir='ltr'><strong>Just.,</strong></span> <span class='ocrx_word' id='word_1_175' title='bbox 1668 2122 1770 2174; x_wconf 85' lang='lat' dir='ltr'><strong>PP.</strong></span> 
     </span>
    </p>
   </div>
   <div class='ocr_carea' id='block_1_23' title="bbox 135 2214 574 2268">
    <p class='ocr_par' dir='ltr' id='par_1_23' title="bbox 135 2214 574 2268">
     <span class='ocr_line' id='line_1_23' title="bbox 135 2214 574 2268; baseline 0.002 -2"><span class='ocrx_word' id='word_1_176' title='bbox 135 2217 199 2267; x_wconf 73' lang='grc' dir='ltr'><strong>Α.</strong></span> <span class='ocrx_word' id='word_1_177' title='bbox 232 2228 273 2268; x_wconf 82' lang='grc' dir='ltr'><strong><em>ιι</em></strong></span> <span class='ocrx_word' id='word_1_178' title='bbox 302 2229 417 2267; x_wconf 91' lang='lat' dir='ltr'><strong>cos.</strong></span> <span class='ocrx_word' id='word_1_179' title='bbox 451 2214 574 2268; x_wconf 79' lang='lat'><strong>528.</strong></span> 
     </span>
    </p>
   </div>
   <div class='ocr_carea' id='block_1_24' title="bbox 791 2292 1757 2373">
    <p class='ocr_par' dir='ltr' id='par_1_24' title="bbox 791 2292 1757 2373">
     <span class='ocr_line' id='line_1_24' title="bbox 791 2292 1757 2373; baseline 0.003 -26"><span class='ocrx_word' id='word_1_180' title='bbox 791 2292 918 2348; x_wconf 85' lang='lat' dir='ltr'><strong>LEX</strong></span> <span class='ocrx_word' id='word_1_181' title='bbox 954 2294 1127 2348; x_wconf 84' lang='lat' dir='ltr'><strong>XLIII.</strong></span> <span class='ocrx_word' id='word_1_182' title='bbox 1750 2368 1757 2373; x_wconf 14' lang='grc' dir='ltr'><strong><em>Δ</em></strong></span> 
     </span>
    </p>
   </div>
   <div class='ocr_carea' id='block_1_25' title="bbox 210 2398 1771 2471">
    <p class='ocr_par' dir='ltr' id='par_1_25' title="bbox 210 2398 1771 2471">
     <span class='ocr_line' id='line_1_25' title="bbox 210 2398 1771 2471; baseline 0.001 -18"><span class='ocrx_word' id='word_1_183' title='bbox 210 2398 372 2454; x_wconf 90' lang='lat' dir='ltr'><strong>Idem</strong></span> <span class='ocrx_word' id='word_1_184' title='bbox 402 2401 694 2470; x_wconf 80' lang='lat' dir='ltr'><strong>Augustus</strong></span> <span class='ocrx_word' id='word_1_185' title='bbox 712 2400 1034 2471; x_wconf 90' lang='lat' dir='ltr'><strong>Epiphanio</strong></span> <span class='ocrx_word' id='word_1_186' title='bbox 1050 2399 1478 2471; x_wconf 86' lang='lat' dir='ltr'><strong>archiepiscopo</strong></span> <span class='ocrx_word' id='word_1_187' title='bbox 1493 2402 1771 2456; x_wconf 85' lang='lat' dir='ltr'><strong>Constan-</strong></span> 
     </span>
    </p>
   </div>
   <div class='ocr_carea' id='block_1_26' title="bbox 135 2492 1005 2564">
    <p class='ocr_par' dir='ltr' id='par_1_26' title="bbox 135 2492 1005 2564">
     <span class='ocr_line' id='line_1_26' title="bbox 135 2492 1005 2564; baseline -0.001 -17"><span class='ocrx_word' id='word_1_188' title='bbox 135 2492 527 2564; x_wconf 88' lang='lat' dir='ltr'><strong>tinopolitano</strong></span> <span class='ocrx_word' id='word_1_189' title='bbox 557 2496 616 2547; x_wconf 90' lang='lat' dir='ltr'><strong>et</strong></span> <span class='ocrx_word' id='word_1_190' title='bbox 644 2493 1005 2564; x_wconf 77' lang='lat' dir='ltr'><strong>patriarchae.</strong></span> 
     </span>
    </p>
   </div>
   <div class='ocr_carea' id='block_1_27' title="bbox 205 2585 1777 2657">
    <p class='ocr_par' dir='ltr' id='par_1_27' title="bbox 205 2585 1777 2657">
     <span class='ocr_line' id='line_1_27' title="bbox 205 2585 1777 2657; baseline -0.001 -16"><span class='ocrx_word' id='word_1_191' title='bbox 205 2586 460 2641; x_wconf 90' lang='lat' dir='ltr'><strong>Omnem</strong></span> <span class='ocrx_word' id='word_1_192' title='bbox 503 2602 735 2656; x_wconf 90' lang='lat' dir='ltr'><strong>semper</strong></span> <span class='ocrx_word' id='word_1_193' title='bbox 774 2585 1112 2641; x_wconf 88' lang='lat' dir='ltr'><strong>adhibentes</strong></span> <span class='ocrx_word' id='word_1_194' title='bbox 1152 2586 1577 2657; x_wconf 88' lang='lat' dir='ltr'><strong>providentiam</strong></span> <span class='ocrx_word' id='word_1_195' title='bbox 1626 2585 1777 2640; x_wconf 90' lang='lat' dir='ltr'><strong>circa</strong></span> 
     </span>
    </p>
   </div>
   <div class='ocr_carea' id='block_1_28' title="bbox 137 2672 1773 2746">
    <p class='ocr_par' dir='ltr' id='par_1_28' title="bbox 137 2672 1773 2746">
     <span class='ocr_line' id='line_1_28' title="bbox 137 2672 1773 2746; baseline 0 -18"><span class='ocrx_word' id='word_1_196' title='bbox 137 2672 528 2728; x_wconf 89' lang='lat' dir='ltr'><strong>sanctissimas</strong></span> <span class='ocrx_word' id='word_1_197' title='bbox 559 2674 844 2744; x_wconf 89' lang='lat' dir='ltr'><strong>ecclesias,</strong></span> <span class='ocrx_word' id='word_1_198' title='bbox 873 2692 979 2745; x_wconf 91' lang='lat' dir='ltr'><strong>per</strong></span> <span class='ocrx_word' id='word_1_199' title='bbox 1017 2691 1160 2746; x_wconf 88' lang='lat' dir='ltr'><strong>quas</strong></span> <span class='ocrx_word' id='word_1_200' title='bbox 1196 2680 1253 2730; x_wconf 87' lang='lat' dir='ltr'><strong>et</strong></span> <span class='ocrx_word' id='word_1_201' title='bbox 1290 2679 1549 2729; x_wconf 88' lang='lat' dir='ltr'><strong>nostrum</strong></span> <span class='ocrx_word' id='word_1_202' title='bbox 1588 2675 1773 2745; x_wconf 89' lang='lat' dir='ltr'><strong>impe-</strong></span> 
     </span>
    </p>
   </div>
   <div class='ocr_carea' id='block_1_29' title="bbox 137 2767 1775 2834">
    <p class='ocr_par' dir='ltr' id='par_1_29' title="bbox 137 2767 1775 2834">
     <span class='ocr_line' id='line_1_29' title="bbox 137 2767 1775 2834; baseline 0 -14"><span class='ocrx_word' id='word_1_203' title='bbox 137 2767 288 2821; x_wconf 87' lang='lat' dir='ltr'><strong>rium</strong></span> <span class='ocrx_word' id='word_1_204' title='bbox 311 2767 604 2834; x_wconf 91' lang='lat' dir='ltr'><strong>sustineri,</strong></span> <span class='ocrx_word' id='word_1_205' title='bbox 640 2773 696 2822; x_wconf 89' lang='lat' dir='ltr'><strong>et</strong></span> <span class='ocrx_word' id='word_1_206' title='bbox 728 2783 1065 2822; x_wconf 89' lang='lat' dir='ltr'><strong>communes</strong></span> <span class='ocrx_word' id='word_1_207' title='bbox 1096 2785 1187 2822; x_wconf 90' lang='lat' dir='ltr'><strong>res</strong></span> <span class='ocrx_word' id='word_1_208' title='bbox 1211 2767 1643 2823; x_wconf 88' lang='lat' dir='ltr'><strong>clementissimi</strong></span> <span class='ocrx_word' id='word_1_209' title='bbox 1674 2767 1775 2821; x_wconf 91' lang='lat' dir='ltr'><strong>Dei</strong></span> 
     </span>
    </p>
   </div>
   <div class='ocr_carea' id='block_1_30' title="bbox 138 2859 1777 2930">
    <p class='ocr_par' dir='ltr' id='par_1_30' title="bbox 138 2859 1777 2930">
     <span class='ocr_line' id='line_1_30' title="bbox 138 2859 1777 2930; baseline 0 -17"><span class='ocrx_word' id='word_1_210' title='bbox 138 2860 328 2930; x_wconf 84' lang='lat' dir='ltr'><strong>gratia</strong></span> <span class='ocrx_word' id='word_1_211' title='bbox 342 2860 561 2914; x_wconf 90' lang='lat' dir='ltr'><strong>muniri</strong></span> <span class='ocrx_word' id='word_1_212' title='bbox 578 2859 946 2927; x_wconf 85' lang='lat' dir='ltr'><strong>credidimus,</strong></span> <span class='ocrx_word' id='word_1_213' title='bbox 960 2877 1186 2915; x_wconf 89' lang='lat' dir='ltr'><strong>necnon</strong></span> <span class='ocrx_word' id='word_1_214' title='bbox 1202 2865 1260 2914; x_wconf 89' lang='lat' dir='ltr'><strong>et</strong></span> <span class='ocrx_word' id='word_1_215' title='bbox 1277 2865 1521 2927; x_wconf 89' lang='lat' dir='ltr'><strong>nostras,</strong></span> <span class='ocrx_word' id='word_1_216' title='bbox 1540 2864 1597 2915; x_wconf 90' lang='lat' dir='ltr'><strong>et</strong></span> <span class='ocrx_word' id='word_1_217' title='bbox 1616 2863 1777 2914; x_wconf 75' lang='lat' dir='ltr'><strong>caete-</strong></span> 
     </span>
    </p>
   </div>
   <div class='ocr_carea' id='block_1_31' title="bbox 138 2951 1775 3019">
    <p class='ocr_par' dir='ltr' id='par_1_31' title="bbox 138 2951 1775 3019">
     <span class='ocr_line' id='line_1_31' title="bbox 138 2951 1775 3019; baseline 0 -13"><span class='ocrx_word' id='word_1_218' title='bbox 138 2968 341 3006; x_wconf 89' lang='lat' dir='ltr'><strong>rorum</strong></span> <span class='ocrx_word' id='word_1_219' title='bbox 373 2953 638 3007; x_wconf 90' lang='lat' dir='ltr'><strong>omnium</strong></span> <span class='ocrx_word' id='word_1_220' title='bbox 670 2951 893 3007; x_wconf 90' lang='lat' dir='ltr'><strong>animas</strong></span> <span class='ocrx_word' id='word_1_221' title='bbox 918 2953 1211 3009; x_wconf 86' lang='lat' dir='ltr'><strong>studentes</strong></span> <span class='ocrx_word' id='word_1_222' title='bbox 1233 2953 1457 3019; x_wconf 88' lang='lat' dir='ltr'><strong>salvari,</strong></span> <span class='ocrx_word' id='word_1_223' title='bbox 1481 2956 1537 3007; x_wconf 89' lang='lat' dir='ltr'><strong>et</strong></span> <span class='ocrx_word' id='word_1_224' title='bbox 1552 2970 1681 3008; x_wconf 90' lang='lat' dir='ltr'><strong>eam</strong></span> <span class='ocrx_word' id='word_1_225' title='bbox 1703 2951 1775 3006; x_wconf 91' lang='lat' dir='ltr'><strong>ob</strong></span> 
     </span>
    </p>
   </div>
   <div class='ocr_carea' id='block_1_32' title="bbox 138 3046 1774 3113">
    <p class='ocr_par' dir='ltr' id='par_1_32' title="bbox 138 3046 1774 3113">
     <span class='ocr_line' id='line_1_32' title="bbox 138 3046 1774 3113; baseline 0 -14"><span class='ocrx_word' id='word_1_226' title='bbox 138 3062 265 3100; x_wconf 90' lang='lat' dir='ltr'><strong>rem</strong></span> <span class='ocrx_word' id='word_1_227' title='bbox 298 3046 527 3100; x_wconf 90' lang='lat' dir='ltr'><strong>solliciti</strong></span> <span class='ocrx_word' id='word_1_228' title='bbox 550 3047 795 3113; x_wconf 91' lang='lat' dir='ltr'><strong>assidue,</strong></span> <span class='ocrx_word' id='word_1_229' title='bbox 832 3063 903 3100; x_wconf 89' lang='lat' dir='ltr'><strong>ne</strong></span> <span class='ocrx_word' id='word_1_230' title='bbox 934 3047 1241 3102; x_wconf 89' lang='lat' dir='ltr'><strong>commoda</strong></span> <span class='ocrx_word' id='word_1_231' title='bbox 1283 3046 1774 3101; x_wconf 86' lang='lat' dir='ltr'><strong>sanctissimarnm</strong></span> 
     </span>
    </p>
   </div>
   <div class='ocr_carea' id='block_1_33' title="bbox 138 3137 1776 3211">
    <p class='ocr_par' dir='ltr' id='par_1_33' title="bbox 138 3137 1776 3211">
     <span class='ocr_line' id='line_1_33' title="bbox 138 3137 1776 3211; baseline -0.001 -18"><span class='ocrx_word' id='word_1_232' title='bbox 138 3139 508 3193; x_wconf 87' lang='lat' dir='ltr'><strong>ecclesiarum</strong></span> <span class='ocrx_word' id='word_1_233' title='bbox 528 3139 585 3193; x_wconf 92' lang='lat' dir='ltr'><strong>in</strong></span> <span class='ocrx_word' id='word_1_234' title='bbox 602 3156 941 3211; x_wconf 89' lang='lat' dir='ltr'><strong>quacunque</strong></span> <span class='ocrx_word' id='word_1_235' title='bbox 955 3139 1174 3194; x_wconf 83' lang='lat' dir='ltr'><strong>civitate</strong></span> <span class='ocrx_word' id='word_1_236' title='bbox 1196 3139 1309 3194; x_wconf 89' lang='lat' dir='ltr'><strong>sint</strong></span> <span class='ocrx_word' id='word_1_237' title='bbox 1320 3140 1664 3206; x_wconf 80' lang='lat' dir='ltr'><strong>constitutae,</strong></span> <span class='ocrx_word' id='word_1_238' title='bbox 1679 3137 1776 3192; x_wconf 90' lang='lat' dir='ltr'><strong>ali-</strong></span> 
     </span>
    </p>
   </div>
   <div class='ocr_carea' id='block_1_34' title="bbox 138 3190 1854 3304">
    <p class='ocr_par' dir='ltr' id='par_1_34' title="bbox 138 3190 1854 3304">
     <span class='ocr_line' id='line_1_34' title="bbox 146 3190 1749 3211; baseline -0.001 -18"><span class='ocrx_word' id='word_1_239' title='bbox 146 3190 161 3193; x_wconf 73' lang='lat'><strong>-</strong></span> <span class='ocrx_word' id='word_1_240' title='bbox 418 3190 507 3192; x_wconf 50' lang='grc' dir='ltr'><strong>ηπ-</strong></span> <span class='ocrx_word' id='word_1_241' title='bbox 609 3190 937 3211; x_wconf 38' lang='grc' dir='ltr'><strong>Γη-Ἵπ</strong></span> <span class='ocrx_word' id='word_1_242' title='bbox 961 3190 1002 3194; x_wconf 60' lang='lat'><strong>-_</strong></span> <span class='ocrx_word' id='word_1_243' title='bbox 1021 3190 1025 3192; x_wconf 26' lang='grc' dir='ltr'>γ</span> <span class='ocrx_word' id='word_1_244' title='bbox 1327 3190 1664 3206; x_wconf 40' lang='lat' dir='ltr'><strong>&quot;mum&quot;,</strong></span> 
     </span>
     <span class='ocr_line' id='line_1_35' title="bbox 138 3190 1854 3304; baseline 0.001 -19"><span class='ocrx_word' id='word_1_245' title='bbox 138 3247 253 3302; x_wconf 90' lang='lat' dir='ltr'><strong>qua</strong></span> <span class='ocrx_word' id='word_1_246' title='bbox 273 3232 501 3287; x_wconf 86' lang='lat' dir='ltr'><strong>ratione</strong></span> <span class='ocrx_word' id='word_1_247' title='bbox 527 3233 896 3301; x_wconf 86' lang='lat' dir='ltr'><strong>minuantur;</strong></span> <span class='ocrx_word' id='word_1_248' title='bbox 925 3249 1068 3287; x_wconf 90' lang='lat' dir='ltr'><strong>neve</strong></span> <span class='ocrx_word' id='word_1_249' title='bbox 1086 3248 1214 3304; x_wconf 72' lang='lat' dir='ltr'><strong>quas</strong></span> <span class='ocrx_word' id='word_1_250' title='bbox 1247 3232 1306 3287; x_wconf 89' lang='lat' dir='ltr'><strong>in</strong></span> <span class='ocrx_word' id='word_1_251' title='bbox 1322 3233 1459 3304; x_wconf 91' lang='lat' dir='ltr'><strong>ipsis</strong></span> <span class='ocrx_word' id='word_1_252' title='bbox 1476 3231 1773 3287; x_wconf 83' lang='lat' dir='ltr'><strong>fiuntdivi-</strong></span> <span class='ocrx_word' id='word_1_253' title='bbox 1799 3190 1854 3265; x_wconf 80' lang='lat' dir='ltr'>C</span> 
     </span>
    </p>
   </div>
   <div class='ocr_carea' id='block_1_35' title="bbox 138 3324 1773 3395">
    <p class='ocr_par' dir='ltr' id='par_1_35' title="bbox 138 3324 1773 3395">
     <span class='ocr_line' id='line_1_36' title="bbox 138 3324 1773 3395; baseline 0.002 -17"><span class='ocrx_word' id='word_1_254' title='bbox 138 3341 228 3378; x_wconf 71' lang='lat' dir='ltr'><strong>nae</strong></span> <span class='ocrx_word' id='word_1_255' title='bbox 250 3324 504 3395; x_wconf 73' lang='lat' dir='ltr'><strong>liturgize.</strong></span> <span class='ocrx_word' id='word_1_256' title='bbox 524 3341 588 3379; x_wconf 83' lang='lat' dir='ltr'><strong>ex</strong></span> <span class='ocrx_word' id='word_1_257' title='bbox 610 3328 723 3381; x_wconf 91' lang='lat' dir='ltr'><strong>Deo</strong></span> <span class='ocrx_word' id='word_1_258' title='bbox 742 3326 1274 3381; x_wconf 89' lang='lat' dir='ltr'><strong>amantissimorum</strong></span> <span class='ocrx_word' id='word_1_259' title='bbox 1297 3325 1655 3381; x_wconf 78' lang='lat' dir='ltr'><strong>sacerdotum</strong></span> <span class='ocrx_word' id='word_1_260' title='bbox 1676 3327 1773 3381; x_wconf 91' lang='lat' dir='ltr'><strong>ab-</strong></span> 
     </span>
    </p>
   </div>
   <div class='ocr_carea' id='block_1_36' title="bbox 138 3416 1773 3488">
    <p class='ocr_par' dir='ltr' id='par_1_36' title="bbox 138 3416 1773 3488">
     <span class='ocr_line' id='line_1_37' title="bbox 138 3416 1773 3488; baseline 0.002 -18"><span class='ocrx_word' id='word_1_261' title='bbox 138 3416 327 3471; x_wconf 87' lang='lat' dir='ltr'><strong>sentia</strong></span> <span class='ocrx_word' id='word_1_262' title='bbox 360 3417 773 3488; x_wconf 89' lang='lat' dir='ltr'><strong>impediantur,</strong></span> <span class='ocrx_word' id='word_1_263' title='bbox 796 3419 894 3471; x_wconf 90' lang='lat' dir='ltr'><strong>aut</strong></span> <span class='ocrx_word' id='word_1_264' title='bbox 912 3435 1029 3473; x_wconf 91' lang='lat' dir='ltr'><strong>non</strong></span> <span class='ocrx_word' id='word_1_265' title='bbox 1047 3417 1455 3473; x_wconf 87' lang='lat' dir='ltr'><strong>convenienter</strong></span> <span class='ocrx_word' id='word_1_266' title='bbox 1474 3422 1773 3473; x_wconf 88' lang='lat' dir='ltr'><strong>curentur:</strong></span> 
     </span>
    </p>
   </div>
   <div class='ocr_carea' id='block_1_37' title="bbox 86 3492 1780 3565">
    <p class='ocr_par' dir='ltr' id='par_1_37' title="bbox 86 3492 1780 3565">
     <span class='ocr_line' id='line_1_38' title="bbox 86 3492 1780 3565; baseline 0.001 -2"><span class='ocrx_word' id='word_1_267' title='bbox 86 3492 95 3501; x_wconf 24' lang='lat'><strong><em>1</em></strong></span> <span class='ocrx_word' id='word_1_268' title='bbox 140 3526 205 3564; x_wconf 89' lang='lat' dir='ltr'><strong>ac</strong></span> <span class='ocrx_word' id='word_1_269' title='bbox 234 3526 311 3564; x_wconf 89' lang='lat' dir='ltr'><strong>ne</strong></span> <span class='ocrx_word' id='word_1_270' title='bbox 331 3510 507 3564; x_wconf 89' lang='lat' dir='ltr'><strong>etiam</strong></span> <span class='ocrx_word' id='word_1_271' title='bbox 537 3511 1024 3565; x_wconf 88' lang='lat' dir='ltr'><strong>sanctissimarum</strong></span> <span class='ocrx_word' id='word_1_272' title='bbox 1048 3511 1412 3565; x_wconf 88' lang='lat' dir='ltr'><strong>ecclesiarum</strong></span> <span class='ocrx_word' id='word_1_273' title='bbox 1439 3527 1780 3565; x_wconf 87' lang='lat' dir='ltr'><strong>consuman-</strong></span> 
     </span>
    </p>
   </div>
   <div class='ocr_carea' id='block_1_38' title="bbox 138 3604 1781 3675">
    <p class='ocr_par' dir='ltr' id='par_1_38' title="bbox 138 3604 1781 3675">
     <span class='ocr_line' id='line_1_39' title="bbox 138 3604 1781 3675; baseline 0.002 -20"><span class='ocrx_word' id='word_1_274' title='bbox 138 3608 234 3656; x_wconf 87' lang='lat' dir='ltr'><strong>tur</strong></span> <span class='ocrx_word' id='word_1_275' title='bbox 253 3619 370 3670; x_wconf 88' lang='lat' dir='ltr'><strong>res,</strong></span> <span class='ocrx_word' id='word_1_276' title='bbox 396 3608 515 3657; x_wconf 90' lang='lat' dir='ltr'><strong>tam</strong></span> <span class='ocrx_word' id='word_1_277' title='bbox 534 3609 770 3675; x_wconf 89' lang='lat' dir='ltr'><strong>propter</strong></span> <span class='ocrx_word' id='word_1_278' title='bbox 790 3604 1059 3659; x_wconf 85' lang='lat' dir='ltr'><strong>itinerum</strong></span> <span class='ocrx_word' id='word_1_279' title='bbox 1077 3620 1250 3675; x_wconf 87' lang='lat' dir='ltr'><strong>quam</strong></span> <span class='ocrx_word' id='word_1_280' title='bbox 1264 3604 1437 3658; x_wconf 87' lang='lat' dir='ltr'><strong>etiam</strong></span> <span class='ocrx_word' id='word_1_281' title='bbox 1452 3621 1781 3659; x_wconf 83' lang='lat' dir='ltr'><strong>commean-</strong></span> 
     </span>
    </p>
   </div>
   <div class='ocr_carea' id='block_1_39' title="bbox 140 3696 1782 3752">
    <p class='ocr_par' dir='ltr' id='par_1_39' title="bbox 140 3696 1782 3752">
     <span class='ocr_line' id='line_1_40' title="bbox 140 3696 1782 3752; baseline 0.002 -3"><span class='ocrx_word' id='word_1_282' title='bbox 140 3696 285 3750; x_wconf 90' lang='lat' dir='ltr'><strong>tium</strong></span> <span class='ocrx_word' id='word_1_283' title='bbox 298 3696 412 3750; x_wconf 92' lang='lat' dir='ltr'><strong>huc</strong></span> <span class='ocrx_word' id='word_1_284' title='bbox 427 3697 790 3751; x_wconf 89' lang='lat' dir='ltr'><strong>sacerdotum</strong></span> <span class='ocrx_word' id='word_1_285' title='bbox 810 3701 868 3750; x_wconf 90' lang='lat' dir='ltr'><strong>et</strong></span> <span class='ocrx_word' id='word_1_286' title='bbox 899 3696 1297 3751; x_wconf 89' lang='lat' dir='ltr'><strong>comitantium</strong></span> <span class='ocrx_word' id='word_1_287' title='bbox 1325 3696 1658 3751; x_wconf 89' lang='lat' dir='ltr'><strong>clericorum</strong></span> <span class='ocrx_word' id='word_1_288' title='bbox 1680 3698 1782 3752; x_wconf 88' lang='lat' dir='ltr'><strong>im-</strong></span> 
     </span>
    </p>
   </div>
   <div class='ocr_carea' id='block_1_40' title="bbox 139 3789 1781 3861">
    <p class='ocr_par' dir='ltr' id='par_1_40' title="bbox 139 3789 1781 3861">
     <span class='ocr_line' id='line_1_41' title="bbox 139 3789 1781 3861; baseline 0.001 -18"><span class='ocrx_word' id='word_1_289' title='bbox 139 3804 378 3860; x_wconf 89' lang='lat' dir='ltr'><strong>pensas;</strong></span> <span class='ocrx_word' id='word_1_290' title='bbox 393 3789 549 3844; x_wconf 90' lang='lat' dir='ltr'><strong>unde</strong></span> <span class='ocrx_word' id='word_1_291' title='bbox 565 3807 716 3861; x_wconf 60' lang='lat' dir='ltr'><strong>saepe</strong></span> <span class='ocrx_word' id='word_1_292' title='bbox 737 3794 794 3843; x_wconf 90' lang='lat' dir='ltr'><strong>et</strong></span> <span class='ocrx_word' id='word_1_293' title='bbox 810 3790 912 3844; x_wconf 88' lang='lat' dir='ltr'><strong>sub</strong></span> <span class='ocrx_word' id='word_1_294' title='bbox 930 3790 1130 3845; x_wconf 87' lang='lat' dir='ltr'><strong>fenore</strong></span> <span class='ocrx_word' id='word_1_295' title='bbox 1146 3790 1459 3861; x_wconf 89' lang='lat' dir='ltr'><strong>accipiendi</strong></span> <span class='ocrx_word' id='word_1_296' title='bbox 1473 3791 1781 3845; x_wconf 89' lang='lat' dir='ltr'><strong>necessitas</strong></span> 
     </span>
    </p>
   </div>
   <div class='ocr_carea' id='block_1_41' title="bbox 140 3881 1777 3954">
    <p class='ocr_par' dir='ltr' id='par_1_41' title="bbox 140 3881 1777 3954">
     <span class='ocr_line' id='line_1_42' title="bbox 140 3881 1777 3954; baseline 0.002 -19"><span class='ocrx_word' id='word_1_297' title='bbox 140 3882 413 3953; x_wconf 84' lang='lat' dir='ltr'><strong>emergit,</strong></span> <span class='ocrx_word' id='word_1_298' title='bbox 448 3886 505 3937; x_wconf 91' lang='lat' dir='ltr'><strong>et</strong></span> <span class='ocrx_word' id='word_1_299' title='bbox 532 3899 598 3937; x_wconf 84' lang='lat' dir='ltr'><strong>ex</strong></span> <span class='ocrx_word' id='word_1_300' title='bbox 626 3900 695 3937; x_wconf 91' lang='lat' dir='ltr'><strong>ea</strong></span> <span class='ocrx_word' id='word_1_301' title='bbox 725 3899 785 3937; x_wconf 88' lang='lat' dir='ltr'><strong>re</strong></span> <span class='ocrx_word' id='word_1_302' title='bbox 808 3899 954 3938; x_wconf 90' lang='lat' dir='ltr'><strong>onus</strong></span> <span class='ocrx_word' id='word_1_303' title='bbox 988 3882 1062 3937; x_wconf 90' lang='lat' dir='ltr'><strong>ad</strong></span> <span class='ocrx_word' id='word_1_304' title='bbox 1088 3881 1239 3954; x_wconf 88' lang='lat' dir='ltr'><strong>ipsas</strong></span> <span class='ocrx_word' id='word_1_305' title='bbox 1270 3882 1654 3938; x_wconf 88' lang='lat' dir='ltr'><strong>sanctissimas</strong></span> <span class='ocrx_word' id='word_1_306' title='bbox 1688 3901 1777 3938; x_wconf 91' lang='lat' dir='ltr'><strong>ec-</strong></span> 
     </span>
    </p>
   </div>
   <div class='ocr_carea' id='block_1_42' title="bbox 140 3973 1780 4031">
    <p class='ocr_par' dir='ltr' id='par_1_42' title="bbox 140 3973 1780 4031">
     <span class='ocr_line' id='line_1_43' title="bbox 140 3973 1780 4031; baseline 0.001 -2"><span class='ocrx_word' id='word_1_307' title='bbox 140 3973 340 4029; x_wconf 90' lang='lat' dir='ltr'><strong>clesias</strong></span> <span class='ocrx_word' id='word_1_308' title='bbox 359 3973 551 4030; x_wconf 89' lang='lat' dir='ltr'><strong>venit:</strong></span> <span class='ocrx_word' id='word_1_309' title='bbox 576 3976 745 4030; x_wconf 88' lang='lat' dir='ltr'><strong>simul</strong></span> <span class='ocrx_word' id='word_1_310' title='bbox 772 3976 946 4030; x_wconf 90' lang='lat' dir='ltr'><strong>etiam</strong></span> <span class='ocrx_word' id='word_1_311' title='bbox 964 3993 1035 4030; x_wconf 92' lang='lat' dir='ltr'><strong>ne</strong></span> <span class='ocrx_word' id='word_1_312' title='bbox 1055 3975 1568 4031; x_wconf 87' lang='lat' dir='ltr'><strong>ecclesiasticarum</strong></span> <span class='ocrx_word' id='word_1_313' title='bbox 1589 3992 1780 4031; x_wconf 88' lang='lat' dir='ltr'><strong>rerum</strong></span> 
     </span>
    </p>
   </div>
   <div class='ocr_carea' id='block_1_43' title="bbox 142 4068 1786 4140">
    <p class='ocr_par' dir='ltr' id='par_1_43' title="bbox 142 4068 1786 4140">
     <span class='ocr_line' id='line_1_44' title="bbox 142 4068 1786 4140; baseline 0.001 -19"><span class='ocrx_word' id='word_1_314' title='bbox 142 4084 261 4123; x_wconf 89' lang='lat' dir='ltr'><strong>non</strong></span> <span class='ocrx_word' id='word_1_315' title='bbox 294 4068 714 4123; x_wconf 84' lang='lat' dir='ltr'><strong>convenienter</strong></span> <span class='ocrx_word' id='word_1_316' title='bbox 726 4069 1000 4140; x_wconf 90' lang='lat' dir='ltr'><strong>procedat</strong></span> <span class='ocrx_word' id='word_1_317' title='bbox 1020 4068 1442 4124; x_wconf 87' lang='lat' dir='ltr'><strong>administratio</strong></span> <span class='ocrx_word' id='word_1_318' title='bbox 1470 4085 1573 4139; x_wconf 90' lang='lat' dir='ltr'><strong>per</strong></span> <span class='ocrx_word' id='word_1_319' title='bbox 1585 4069 1786 4122; x_wconf 88' lang='lat' dir='ltr'><strong>absen-</strong></span> 
     </span>
    </p>
   </div>
   <div class='ocr_carea' id='block_1_44' title="bbox 142 4160 1785 4233">
    <p class='ocr_par' dir='ltr' id='par_1_44' title="bbox 142 4160 1785 4233">
     <span class='ocr_line' id='line_1_45' title="bbox 142 4160 1785 4233; baseline 0 -18"><span class='ocrx_word' id='word_1_320' title='bbox 142 4160 237 4215; x_wconf 70' lang='lat' dir='ltr'><strong>tite</strong></span> <span class='ocrx_word' id='word_1_321' title='bbox 268 4161 392 4215; x_wconf 91' lang='lat' dir='ltr'><strong>Deo</strong></span> <span class='ocrx_word' id='word_1_322' title='bbox 424 4162 961 4217; x_wconf 87' lang='lat' dir='ltr'><strong>amantissimorum</strong></span> <span class='ocrx_word' id='word_1_323' title='bbox 996 4163 1396 4233; x_wconf 90' lang='lat' dir='ltr'><strong>episcoporum</strong></span> <span class='ocrx_word' id='word_1_324' title='bbox 1433 4165 1681 4232; x_wconf 88' lang='lat' dir='ltr'><strong>tempus,</strong></span> <span class='ocrx_word' id='word_1_325' title='bbox 1698 4162 1785 4215; x_wconf 90' lang='lat' dir='ltr'><strong>his</strong></span> 
     </span>
    </p>
   </div>
   <div class='ocr_carea' id='block_1_45' title="bbox 142 4253 1785 4325">
    <p class='ocr_par' dir='ltr' id='par_1_45' title="bbox 142 4253 1785 4325">
     <span class='ocr_line' id='line_1_46' title="bbox 142 4253 1785 4325; baseline 0 -18"><span class='ocrx_word' id='word_1_326' title='bbox 142 4253 217 4307; x_wconf 92' lang='lat' dir='ltr'><strong>ad</strong></span> <span class='ocrx_word' id='word_1_327' title='bbox 249 4257 411 4308; x_wconf 91' lang='lat' dir='ltr'><strong>tuam</strong></span> <span class='ocrx_word' id='word_1_328' title='bbox 446 4253 869 4309; x_wconf 87' lang='lat' dir='ltr'><strong>beatitudinem</strong></span> <span class='ocrx_word' id='word_1_329' title='bbox 901 4254 1109 4309; x_wconf 89' lang='lat' dir='ltr'><strong>divinis</strong></span> <span class='ocrx_word' id='word_1_330' title='bbox 1130 4254 1382 4325; x_wconf 88' lang='lat' dir='ltr'><strong>apicibus</strong></span> <span class='ocrx_word' id='word_1_331' title='bbox 1410 4254 1488 4308; x_wconf 86' lang='lat' dir='ltr'><strong>uti</strong></span> <span class='ocrx_word' id='word_1_332' title='bbox 1518 4256 1785 4325; x_wconf 91' lang='lat' dir='ltr'><strong>oportere</strong></span> 
     </span>
    </p>
   </div>
   <div class='ocr_carea' id='block_1_46' title="bbox 141 4342 1789 4420">
    <p class='ocr_par' dir='ltr' id='par_1_46' title="bbox 141 4342 1789 4420">
     <span class='ocr_line' id='line_1_47' title="bbox 141 4342 1789 4420; baseline -0.001 -19"><span class='ocrx_word' id='word_1_333' title='bbox 141 4342 621 4403; x_wconf 82' lang='lat' dir='ltr'><strong>existimavimus.</strong></span> <span class='ocrx_word' id='word_1_334' title='bbox 661 4380 728 4387; x_wconf 87' lang='lat'><strong>—</strong></span> <span class='ocrx_word' id='word_1_335' title='bbox 772 4346 802 4420; x_wconf 86' lang='lat'>§</span> <span class='ocrx_word' id='word_1_336' title='bbox 833 4351 881 4402; x_wconf 84' lang='lat' dir='ltr'><strong>l.</strong></span> <span class='ocrx_word' id='word_1_337' title='bbox 911 4350 1018 4401; x_wconf 90' lang='lat' dir='ltr'><strong>Per</strong></span> <span class='ocrx_word' id='word_1_338' title='bbox 1047 4364 1190 4419; x_wconf 91' lang='lat' dir='ltr'><strong>quos</strong></span> <span class='ocrx_word' id='word_1_339' title='bbox 1231 4347 1336 4418; x_wconf 89' lang='lat' dir='ltr'><strong>ipsi</strong></span> <span class='ocrx_word' id='word_1_340' title='bbox 1360 4347 1633 4418; x_wconf 89' lang='lat' dir='ltr'><strong>jubemus</strong></span> <span class='ocrx_word' id='word_1_341' title='bbox 1663 4347 1789 4401; x_wconf 82' lang='lat' dir='ltr'><strong>ﬁeri</strong></span> 
     </span>
    </p>
   </div>
   <div class='ocr_carea' id='block_1_47' title="bbox 142 4440 1786 4512">
    <p class='ocr_par' dir='ltr' id='par_1_47' title="bbox 142 4440 1786 4512">
     <span class='ocr_line' id='line_1_48' title="bbox 142 4440 1786 4512; baseline -0.001 -17"><span class='ocrx_word' id='word_1_342' title='bbox 142 4441 419 4495; x_wconf 90' lang='lat' dir='ltr'><strong>omnibus</strong></span> <span class='ocrx_word' id='word_1_343' title='bbox 452 4440 847 4507; x_wconf 87' lang='lat' dir='ltr'><strong>manifestum,</strong></span> <span class='ocrx_word' id='word_1_344' title='bbox 870 4458 975 4512; x_wconf 91' lang='lat' dir='ltr'><strong>per</strong></span> <span class='ocrx_word' id='word_1_345' title='bbox 1001 4441 1255 4512; x_wconf 89' lang='lat' dir='ltr'><strong>singulas</strong></span> <span class='ocrx_word' id='word_1_346' title='bbox 1287 4442 1634 4511; x_wconf 90' lang='lat' dir='ltr'><strong>metropoles</strong></span> <span class='ocrx_word' id='word_1_347' title='bbox 1657 4440 1786 4493; x_wconf 91' lang='lat' dir='ltr'><strong>uni-</strong></span> 
     </span>
    </p>
   </div>
   <div class='ocr_carea' id='block_1_48' title="bbox 1879 536 3503 609">
    <p class='ocr_par' dir='ltr' id='par_1_48' title="bbox 1879 536 3503 609">
     <span class='ocr_line' id='line_1_49' title="bbox 1879 536 3503 609; baseline 0.001 -18"><span class='ocrx_word' id='word_1_348' title='bbox 1879 538 2065 609; x_wconf 86' lang='lat' dir='ltr'><strong>ipsos;</strong></span> <span class='ocrx_word' id='word_1_349' title='bbox 2100 539 2312 609; x_wconf 87' lang='lat' dir='ltr'><strong>absque</strong></span> <span class='ocrx_word' id='word_1_350' title='bbox 2351 554 2484 591; x_wconf 86' lang='lat' dir='ltr'><strong>vero</strong></span> <span class='ocrx_word' id='word_1_351' title='bbox 2529 536 2627 590; x_wconf 88' lang='lat' dir='ltr'><strong>tali</strong></span> <span class='ocrx_word' id='word_1_352' title='bbox 2668 536 2860 590; x_wconf 91' lang='lat' dir='ltr'><strong>divina</strong></span> <span class='ocrx_word' id='word_1_353' title='bbox 2883 536 3161 606; x_wconf 88' lang='lat' dir='ltr'><strong>jussione,</strong></span> <span class='ocrx_word' id='word_1_354' title='bbox 3208 537 3503 593; x_wconf 88' lang='lat' dir='ltr'><strong>neminem</strong></span> 
     </span>
    </p>
   </div>
   <div class='ocr_carea' id='block_1_49' title="bbox 1876 628 3502 702">
    <p class='ocr_par' dir='ltr' id='par_1_49' title="bbox 1876 628 3502 702">
     <span class='ocr_line' id='line_1_50' title="bbox 1876 628 3502 702; baseline -0.001 -16"><span class='ocrx_word' id='word_1_355' title='bbox 1876 631 2154 702; x_wconf 82' lang='lat' dir='ltr'><strong>proficisci</strong></span> <span class='ocrx_word' id='word_1_356' title='bbox 2185 630 2573 685; x_wconf 88' lang='lat' dir='ltr'><strong>concedimus.</strong></span> <span class='ocrx_word' id='word_1_357' title='bbox 2602 660 2671 668; x_wconf 90' lang='lat'><strong>-—-</strong></span> <span class='ocrx_word' id='word_1_358' title='bbox 2697 628 2727 701; x_wconf 85' lang='lat'>§</span> <span class='ocrx_word' id='word_1_359' title='bbox 2753 632 2805 683; x_wconf 79' lang='lat'><strong>2.</strong></span> <span class='ocrx_word' id='word_1_360' title='bbox 2835 630 3057 684; x_wconf 89' lang='lat' dir='ltr'><strong>Sciente</strong></span> <span class='ocrx_word' id='word_1_361' title='bbox 3083 630 3290 684; x_wconf 91' lang='lat' dir='ltr'><strong>horum</strong></span> <span class='ocrx_word' id='word_1_362' title='bbox 3320 636 3502 685; x_wconf 86' lang='lat' dir='ltr'><strong>trans-</strong></span> 
     </span>
    </p>
   </div>
   <div class='ocr_carea' id='block_1_50' title="bbox 1876 722 3503 795">
    <p class='ocr_par' dir='ltr' id='par_1_50' title="bbox 1876 722 3503 795">
     <span class='ocr_line' id='line_1_51' title="bbox 1876 722 3503 795; baseline 0.001 -17"><span class='ocrx_word' id='word_1_363' title='bbox 1876 740 2156 795; x_wconf 86' lang='lat' dir='ltr'><strong>gressore,</strong></span> <span class='ocrx_word' id='word_1_364' title='bbox 2190 727 2247 777; x_wconf 89' lang='lat' dir='ltr'><strong>et</strong></span> <span class='ocrx_word' id='word_1_365' title='bbox 2276 728 2430 777; x_wconf 89' lang='lat' dir='ltr'><strong>recte</strong></span> <span class='ocrx_word' id='word_1_366' title='bbox 2476 740 2540 777; x_wconf 92' lang='lat' dir='ltr'><strong>ac</strong></span> <span class='ocrx_word' id='word_1_367' title='bbox 2582 723 2672 793; x_wconf 90' lang='lat' dir='ltr'><strong>pie</strong></span> <span class='ocrx_word' id='word_1_368' title='bbox 2718 722 3101 776; x_wconf 87' lang='lat' dir='ltr'><strong>introductam</strong></span> <span class='ocrx_word' id='word_1_369' title='bbox 3133 740 3166 776; x_wconf 92' lang='lat' dir='ltr'><strong>a</strong></span> <span class='ocrx_word' id='word_1_370' title='bbox 3196 723 3363 778; x_wconf 88' lang='lat' dir='ltr'><strong>nobis</strong></span> <span class='ocrx_word' id='word_1_371' title='bbox 3397 741 3503 794; x_wconf 86' lang='lat' dir='ltr'><strong>pro</strong></span> 
     </span>
    </p>
   </div>
   <div class='ocr_carea' id='block_1_51' title="bbox 1877 815 3500 871">
    <p class='ocr_par' dir='ltr' id='par_1_51' title="bbox 1877 815 3500 871">
     <span class='ocr_line' id='line_1_52' title="bbox 1877 815 3500 871; baseline 0.001 -2"><span class='ocrx_word' id='word_1_372' title='bbox 1877 816 2358 871; x_wconf 87' lang='lat' dir='ltr'><strong>sanctissimarum</strong></span> <span class='ocrx_word' id='word_1_373' title='bbox 2399 815 2766 869; x_wconf 87' lang='lat' dir='ltr'><strong>ecclesiarum</strong></span> <span class='ocrx_word' id='word_1_374' title='bbox 2813 815 3034 869; x_wconf 91' lang='lat' dir='ltr'><strong>honore</strong></span> <span class='ocrx_word' id='word_1_375' title='bbox 3077 816 3500 870; x_wconf 88' lang='lat' dir='ltr'><strong>observantiam</strong></span> 
     </span>
    </p>
   </div>
   <div class='ocr_carea' id='block_1_52' title="bbox 1876 908 3507 980">
    <p class='ocr_par' dir='ltr' id='par_1_52' title="bbox 1876 908 3507 980">
     <span class='ocr_line' id='line_1_53' title="bbox 1876 908 3507 980; baseline 0.001 -18"><span class='ocrx_word' id='word_1_376' title='bbox 1876 914 2278 980; x_wconf 64' lang='lat' dir='ltr'><strong>prastereunte,</strong></span> <span class='ocrx_word' id='word_1_377' title='bbox 2294 909 2446 979; x_wconf 89' lang='lat' dir='ltr'><strong>quod</strong></span> <span class='ocrx_word' id='word_1_378' title='bbox 2465 925 2582 962; x_wconf 91' lang='lat' dir='ltr'><strong>non</strong></span> <span class='ocrx_word' id='word_1_379' title='bbox 2600 924 2835 979; x_wconf 90' lang='lat' dir='ltr'><strong>parvam</strong></span> <span class='ocrx_word' id='word_1_380' title='bbox 2858 908 3317 979; x_wconf 84' lang='lat' dir='ltr'><strong>indignationem</strong></span> <span class='ocrx_word' id='word_1_381' title='bbox 3340 926 3507 979; x_wconf 82' lang='lat' dir='ltr'><strong>expe-</strong></span> 
     </span>
    </p>
   </div>
   <div class='ocr_carea' id='block_1_53' title="bbox 1877 1000 3503 1071">
    <p class='ocr_par' dir='ltr' id='par_1_53' title="bbox 1877 1000 3503 1071">
     <span class='ocr_line' id='line_1_54' title="bbox 1877 1000 3503 1071; baseline 0.001 -17"><span class='ocrx_word' id='word_1_382' title='bbox 1877 1001 2074 1069; x_wconf 90' lang='lat' dir='ltr'><strong>rietur,</strong></span> <span class='ocrx_word' id='word_1_383' title='bbox 2108 1002 2203 1056; x_wconf 89' lang='lat' dir='ltr'><strong>sed</strong></span> <span class='ocrx_word' id='word_1_384' title='bbox 2230 1004 2286 1056; x_wconf 89' lang='lat' dir='ltr'><strong>et</strong></span> <span class='ocrx_word' id='word_1_385' title='bbox 2313 1001 2416 1055; x_wconf 89' lang='lat' dir='ltr'><strong>sub</strong></span> <span class='ocrx_word' id='word_1_386' title='bbox 2447 1001 3033 1055; x_wconf 83' lang='lat' dir='ltr'><strong>excommunicatione</strong></span> <span class='ocrx_word' id='word_1_387' title='bbox 3061 1000 3174 1068; x_wconf 84' lang='lat' dir='ltr'><strong>ﬁet,</strong></span> <span class='ocrx_word' id='word_1_388' title='bbox 3201 1001 3244 1054; x_wconf 92' lang='lat' dir='ltr'><strong>si</strong></span> <span class='ocrx_word' id='word_1_389' title='bbox 3268 1001 3503 1071; x_wconf 89' lang='lat' dir='ltr'><strong>quidem</strong></span> 
     </span>
    </p>
   </div>
   <div class='ocr_carea' id='block_1_54' title="bbox 1877 1096 3504 1168">
    <p class='ocr_par' dir='ltr' id='par_1_54' title="bbox 1877 1096 3504 1168">
     <span class='ocr_line' id='line_1_55' title="bbox 1877 1096 3504 1168; baseline 0.001 -17"><span class='ocrx_word' id='word_1_390' title='bbox 1877 1097 2271 1168; x_wconf 88' lang='lat' dir='ltr'><strong>metropolites</strong></span> <span class='ocrx_word' id='word_1_391' title='bbox 2302 1098 2391 1162; x_wconf 91' lang='lat' dir='ltr'><strong>sit,</strong></span> <span class='ocrx_word' id='word_1_392' title='bbox 2419 1114 2452 1151; x_wconf 90' lang='lat' dir='ltr'><strong>a</strong></span> <span class='ocrx_word' id='word_1_393' title='bbox 2479 1102 2579 1152; x_wconf 91' lang='lat' dir='ltr'><strong>tua</strong></span> <span class='ocrx_word' id='word_1_394' title='bbox 2606 1096 2998 1164; x_wconf 89' lang='lat' dir='ltr'><strong>beatitudine;</strong></span> <span class='ocrx_word' id='word_1_395' title='bbox 3030 1098 3072 1151; x_wconf 88' lang='lat' dir='ltr'><strong>si</strong></span> <span class='ocrx_word' id='word_1_396' title='bbox 3103 1114 3236 1152; x_wconf 89' lang='lat' dir='ltr'><strong>vero</strong></span> <span class='ocrx_word' id='word_1_397' title='bbox 3267 1098 3504 1153; x_wconf 84' lang='lat' dir='ltr'><strong>civitatis</strong></span> 
     </span>
    </p>
   </div>
   <div class='ocr_carea' id='block_1_55' title="bbox 1876 1190 3504 1262">
    <p class='ocr_par' dir='ltr' id='par_1_55' title="bbox 1876 1190 3504 1262">
     <span class='ocr_line' id='line_1_56' title="bbox 1876 1190 3504 1262; baseline 0.001 -19"><span class='ocrx_word' id='word_1_398' title='bbox 1876 1190 1949 1243; x_wconf 87' lang='lat' dir='ltr'><strong>sit</strong></span> <span class='ocrx_word' id='word_1_399' title='bbox 1978 1190 2295 1261; x_wconf 89' lang='lat' dir='ltr'><strong>episcopus,</strong></span> <span class='ocrx_word' id='word_1_400' title='bbox 2324 1206 2449 1261; x_wconf 86' lang='lat' dir='ltr'><strong>quae</strong></span> <span class='ocrx_word' id='word_1_401' title='bbox 2472 1190 2857 1260; x_wconf 73' lang='lat' dir='ltr'><strong>metropolitte</strong></span> <span class='ocrx_word' id='word_1_402' title='bbox 2889 1190 3141 1260; x_wconf 87' lang='lat' dir='ltr'><strong>subjecta</strong></span> <span class='ocrx_word' id='word_1_403' title='bbox 3172 1190 3263 1257; x_wconf 90' lang='lat' dir='ltr'><strong>sit,</strong></span> <span class='ocrx_word' id='word_1_404' title='bbox 3286 1191 3355 1244; x_wconf 88' lang='lat' dir='ltr'><strong>ab</strong></span> <span class='ocrx_word' id='word_1_405' title='bbox 3384 1192 3504 1262; x_wconf 90' lang='lat' dir='ltr'><strong>ipso</strong></span> 
     </span>
    </p>
   </div>
   <div class='ocr_carea' id='block_1_56' title="bbox 1876 1286 3503 1358">
    <p class='ocr_par' dir='ltr' id='par_1_56' title="bbox 1876 1286 3503 1358">
     <span class='ocr_line' id='line_1_57' title="bbox 1876 1286 3503 1358; baseline 0 -16"><span class='ocrx_word' id='word_1_406' title='bbox 1876 1287 2285 1358; x_wconf 89' lang='lat' dir='ltr'><strong>metropolita:</strong></span> <span class='ocrx_word' id='word_1_407' title='bbox 2320 1286 2689 1357; x_wconf 86' lang='lat' dir='ltr'><strong>pecuniarum</strong></span> <span class='ocrx_word' id='word_1_408' title='bbox 2724 1302 2972 1357; x_wconf 89' lang='lat' dir='ltr'><strong>namque</strong></span> <span class='ocrx_word' id='word_1_409' title='bbox 3011 1304 3241 1358; x_wconf 73' lang='lat' dir='ltr'><strong>poenam</strong></span> <span class='ocrx_word' id='word_1_410' title='bbox 3267 1287 3503 1343; x_wconf 88' lang='lat' dir='ltr'><strong>deﬁnire</strong></span> 
     </span>
    </p>
   </div>
   <div class='ocr_carea' id='block_1_57' title="bbox 1876 1379 3502 1451">
    <p class='ocr_par' dir='ltr' id='par_1_57' title="bbox 1876 1379 3502 1451">
     <span class='ocr_line' id='line_1_58' title="bbox 1876 1379 3502 1451; baseline 0 -16"><span class='ocrx_word' id='word_1_411' title='bbox 1876 1386 2075 1435; x_wconf 89' lang='lat' dir='ltr'><strong>contra</strong></span> <span class='ocrx_word' id='word_1_412' title='bbox 2088 1383 2519 1435; x_wconf 74' lang='lat' dir='ltr'><strong>contemnentes</strong></span> <span class='ocrx_word' id='word_1_413' title='bbox 2536 1379 2789 1434; x_wconf 89' lang='lat' dir='ltr'><strong>divinam</strong></span> <span class='ocrx_word' id='word_1_414' title='bbox 2804 1384 3059 1434; x_wconf 89' lang='lat' dir='ltr'><strong>nostram</strong></span> <span class='ocrx_word' id='word_1_415' title='bbox 3072 1379 3502 1451; x_wconf 87' lang='lat' dir='ltr'><strong>dispositionem</strong></span> 
     </span>
    </p>
   </div>
   <div class='ocr_carea' id='block_1_58' title="bbox 1874 1473 3503 1544">
    <p class='ocr_par' dir='ltr' id='par_1_58' title="bbox 1874 1473 3503 1544">
     <span class='ocr_line' id='line_1_59' title="bbox 1874 1473 3503 1544; baseline -0.001 -16"><span class='ocrx_word' id='word_1_416' title='bbox 1874 1490 1991 1528; x_wconf 89' lang='lat' dir='ltr'><strong>non</strong></span> <span class='ocrx_word' id='word_1_417' title='bbox 2024 1473 2402 1528; x_wconf 89' lang='lat' dir='ltr'><strong>necessarium</strong></span> <span class='ocrx_word' id='word_1_418' title='bbox 2428 1490 2548 1527; x_wconf 90' lang='lat' dir='ltr'><strong>esse</strong></span> <span class='ocrx_word' id='word_1_419' title='bbox 2563 1473 2906 1544; x_wconf 86' lang='lat' dir='ltr'><strong>putavimus,</strong></span> <span class='ocrx_word' id='word_1_420' title='bbox 2928 1490 2999 1527; x_wconf 89' lang='lat' dir='ltr'><strong>ne</strong></span> <span class='ocrx_word' id='word_1_421' title='bbox 3021 1473 3153 1528; x_wconf 90' lang='lat' dir='ltr'><strong>inde</strong></span> <span class='ocrx_word' id='word_1_422' title='bbox 3175 1475 3245 1528; x_wconf 89' lang='lat' dir='ltr'><strong>ad</strong></span> <span class='ocrx_word' id='word_1_423' title='bbox 3275 1475 3503 1529; x_wconf 81' lang='lat' dir='ltr'><strong>sanctis-</strong></span> 
     </span>
    </p>
   </div>
   <div class='ocr_carea' id='block_1_59' title="bbox 1876 1566 3500 1638">
    <p class='ocr_par' dir='ltr' id='par_1_59' title="bbox 1876 1566 3500 1638">
     <span class='ocr_line' id='line_1_60' title="bbox 1876 1566 3500 1638; baseline 0.001 -18"><span class='ocrx_word' id='word_1_424' title='bbox 1876 1566 2049 1621; x_wconf 91' lang='lat' dir='ltr'><strong>simas</strong></span> <span class='ocrx_word' id='word_1_425' title='bbox 2075 1567 2337 1621; x_wconf 89' lang='lat' dir='ltr'><strong>ecclesias</strong></span> <span class='ocrx_word' id='word_1_426' title='bbox 2365 1566 2517 1638; x_wconf 91' lang='lat' dir='ltr'><strong>quod</strong></span> <span class='ocrx_word' id='word_1_427' title='bbox 2544 1567 2676 1620; x_wconf 91' lang='lat' dir='ltr'><strong>inde</strong></span> <span class='ocrx_word' id='word_1_428' title='bbox 2702 1567 2951 1620; x_wconf 90' lang='lat' dir='ltr'><strong>evenerit</strong></span> <span class='ocrx_word' id='word_1_429' title='bbox 2981 1566 3173 1620; x_wconf 90' lang='lat' dir='ltr'><strong>damni</strong></span> <span class='ocrx_word' id='word_1_430' title='bbox 3200 1567 3500 1634; x_wconf 86' lang='lat' dir='ltr'><strong>redundet,</strong></span> 
     </span>
    </p>
   </div>
   <div class='ocr_carea' id='block_1_60' title="bbox 1876 1657 3503 1731">
    <p class='ocr_par' dir='ltr' id='par_1_60' title="bbox 1876 1657 3503 1731">
     <span class='ocr_line' id='line_1_61' title="bbox 1876 1657 3503 1731; baseline 0 -18"><span class='ocrx_word' id='word_1_431' title='bbox 1876 1676 2116 1731; x_wconf 89' lang='lat' dir='ltr'><strong>quarum</strong></span> <span class='ocrx_word' id='word_1_432' title='bbox 2152 1675 2242 1713; x_wconf 86' lang='lat' dir='ltr'><strong>res</strong></span> <span class='ocrx_word' id='word_1_433' title='bbox 2285 1659 2355 1713; x_wconf 91' lang='lat' dir='ltr'><strong>ab</strong></span> <span class='ocrx_word' id='word_1_434' title='bbox 2384 1657 2545 1713; x_wconf 91' lang='lat' dir='ltr'><strong>omni</strong></span> <span class='ocrx_word' id='word_1_435' title='bbox 2594 1657 2985 1712; x_wconf 86' lang='lat' dir='ltr'><strong>deminutione</strong></span> <span class='ocrx_word' id='word_1_436' title='bbox 3024 1659 3233 1712; x_wconf 89' lang='lat' dir='ltr'><strong>liberas</strong></span> <span class='ocrx_word' id='word_1_437' title='bbox 3268 1675 3503 1713; x_wconf 88' lang='lat' dir='ltr'><strong>manere</strong></span> 
     </span>
    </p>
   </div>
   <div class='ocr_carea' id='block_1_61' title="bbox 1877 1750 3504 1823">
    <p class='ocr_par' dir='ltr' id='par_1_61' title="bbox 1877 1750 3504 1823">
     <span class='ocr_line' id='line_1_62' title="bbox 1877 1750 3504 1823; baseline 0 -18"><span class='ocrx_word' id='word_1_438' title='bbox 1877 1752 2156 1823; x_wconf 90' lang='lat' dir='ltr'><strong>cupimus.</strong></span> <span class='ocrx_word' id='word_1_439' title='bbox 2182 1784 2250 1791; x_wconf 95' lang='lat'><strong>—</strong></span> <span class='ocrx_word' id='word_1_440' title='bbox 2271 1750 2301 1823; x_wconf 84' lang='lat'>§</span> <span class='ocrx_word' id='word_1_441' title='bbox 2324 1754 2374 1805; x_wconf 91' lang='lat'><strong>3.</strong></span> <span class='ocrx_word' id='word_1_442' title='bbox 2398 1752 2529 1804; x_wconf 76' lang='lat' dir='ltr'><strong>Haec</strong></span> <span class='ocrx_word' id='word_1_443' title='bbox 2555 1751 2732 1822; x_wconf 89' lang='lat' dir='ltr'><strong>igitur</strong></span> <span class='ocrx_word' id='word_1_444' title='bbox 2754 1750 2827 1804; x_wconf 92' lang='lat' dir='ltr'><strong>ad</strong></span> <span class='ocrx_word' id='word_1_445' title='bbox 2860 1750 3216 1821; x_wconf 87' lang='lat' dir='ltr'><strong>singulorum</strong></span> <span class='ocrx_word' id='word_1_446' title='bbox 3244 1751 3504 1805; x_wconf 88' lang='lat' dir='ltr'><strong>notitiam</strong></span> 
     </span>
    </p>
   </div>
   <div class='ocr_carea' id='block_1_62' title="bbox 1877 1843 3505 1916">
    <p class='ocr_par' dir='ltr' id='par_1_62' title="bbox 1877 1843 3505 1916">
     <span class='ocr_line' id='line_1_63' title="bbox 1877 1843 3505 1916; baseline -0.001 -18"><span class='ocrx_word' id='word_1_447' title='bbox 1877 1845 1980 1898; x_wconf 89' lang='lat' dir='ltr'><strong>sub</strong></span> <span class='ocrx_word' id='word_1_448' title='bbox 2008 1844 2130 1916; x_wconf 90' lang='lat' dir='ltr'><strong>ipsa</strong></span> <span class='ocrx_word' id='word_1_449' title='bbox 2158 1844 2554 1898; x_wconf 84' lang='lat' dir='ltr'><strong>ordinaturum</strong></span> <span class='ocrx_word' id='word_1_450' title='bbox 2583 1844 2699 1898; x_wconf 91' lang='lat' dir='ltr'><strong>Deo</strong></span> <span class='ocrx_word' id='word_1_451' title='bbox 2729 1843 3258 1898; x_wconf 89' lang='lat' dir='ltr'><strong>amantissimorum</strong></span> <span class='ocrx_word' id='word_1_452' title='bbox 3289 1847 3505 1897; x_wconf 84' lang='lat' dir='ltr'><strong>metro-</strong></span> 
     </span>
    </p>
   </div>
   <div class='ocr_carea' id='block_1_63' title="bbox 1876 1937 3509 2009">
    <p class='ocr_par' dir='ltr' id='par_1_63' title="bbox 1876 1937 3509 2009">
     <span class='ocr_line' id='line_1_64' title="bbox 1876 1937 3509 2009; baseline 0 -18"><span class='ocrx_word' id='word_1_453' title='bbox 1876 1937 2262 2009; x_wconf 86' lang='lat' dir='ltr'><strong>politanorum</strong></span> <span class='ocrx_word' id='word_1_454' title='bbox 2290 1937 2687 2006; x_wconf 89' lang='lat' dir='ltr'><strong>episcoporum</strong></span> <span class='ocrx_word' id='word_1_455' title='bbox 2708 1937 2961 2006; x_wconf 87' lang='lat' dir='ltr'><strong>perferre</strong></span> <span class='ocrx_word' id='word_1_456' title='bbox 2988 1941 3083 1990; x_wconf 90' lang='lat' dir='ltr'><strong>tua</strong></span> <span class='ocrx_word' id='word_1_457' title='bbox 3104 1937 3373 1991; x_wconf 88' lang='lat' dir='ltr'><strong>sanctitas</strong></span> <span class='ocrx_word' id='word_1_458' title='bbox 3396 1940 3509 1991; x_wconf 86' lang='lat' dir='ltr'><strong>stu—</strong></span> 
     </span>
    </p>
   </div>
   <div class='ocr_carea' id='block_1_64' title="bbox 1875 2028 3508 2101">
    <p class='ocr_par' dir='ltr' id='par_1_64' title="bbox 1875 2028 3508 2101">
     <span class='ocr_line' id='line_1_65' title="bbox 1875 2028 3508 2101; baseline -0.002 -17"><span class='ocrx_word' id='word_1_459' title='bbox 1875 2030 2023 2097; x_wconf 85' lang='lat' dir='ltr'><strong>deat,</strong></span> <span class='ocrx_word' id='word_1_460' title='bbox 2047 2034 2105 2084; x_wconf 89' lang='lat' dir='ltr'><strong>et</strong></span> <span class='ocrx_word' id='word_1_461' title='bbox 2132 2031 2201 2084; x_wconf 88' lang='lat' dir='ltr'><strong>ab</strong></span> <span class='ocrx_word' id='word_1_462' title='bbox 2226 2045 2570 2101; x_wconf 91' lang='lat' dir='ltr'><strong>unoquoque</strong></span> <span class='ocrx_word' id='word_1_463' title='bbox 2600 2028 2804 2082; x_wconf 88' lang='lat' dir='ltr'><strong>missas</strong></span> <span class='ocrx_word' id='word_1_464' title='bbox 2830 2029 3250 2099; x_wconf 87' lang='lat' dir='ltr'><strong>responsiones,</strong></span> <span class='ocrx_word' id='word_1_465' title='bbox 3266 2032 3387 2083; x_wconf 91' lang='lat' dir='ltr'><strong>tam</strong></span> <span class='ocrx_word' id='word_1_466' title='bbox 3405 2044 3508 2099; x_wconf 90' lang='lat' dir='ltr'><strong>per</strong></span> 
     </span>
    </p>
   </div>
   <div class='ocr_carea' id='block_1_65' title="bbox 1875 2120 3505 2194">
    <p class='ocr_par' dir='ltr' id='par_1_65' title="bbox 1875 2120 3505 2194">
     <span class='ocr_line' id='line_1_66' title="bbox 1875 2120 3505 2194; baseline -0.001 -17"><span class='ocrx_word' id='word_1_467' title='bbox 1875 2122 2273 2194; x_wconf 85' lang='lat' dir='ltr'><strong>metropolitas</strong></span> <span class='ocrx_word' id='word_1_468' title='bbox 2284 2138 2457 2194; x_wconf 91' lang='lat' dir='ltr'><strong>quam</strong></span> <span class='ocrx_word' id='word_1_469' title='bbox 2470 2137 2570 2193; x_wconf 91' lang='lat' dir='ltr'><strong>per</strong></span> <span class='ocrx_word' id='word_1_470' title='bbox 2580 2121 2830 2192; x_wconf 88' lang='lat' dir='ltr'><strong>ipsarum</strong></span> <span class='ocrx_word' id='word_1_471' title='bbox 2843 2120 3192 2192; x_wconf 89' lang='lat' dir='ltr'><strong>reliquarum</strong></span> <span class='ocrx_word' id='word_1_472' title='bbox 3201 2121 3505 2192; x_wconf 72' lang='lat' dir='ltr'><strong>provinciae</strong></span> 
     </span>
    </p>
   </div>
   <div class='ocr_carea' id='block_1_66' title="bbox 1875 2194 3506 2285">
    <p class='ocr_par' dir='ltr' id='par_1_66' title="bbox 1875 2194 3506 2285">
     <span class='ocr_line' id='line_1_67' title="bbox 1875 2194 3506 2285; baseline -0.001 -16"><span class='ocrx_word' id='word_1_473' title='bbox 1875 2215 2161 2270; x_wconf 89' lang='lat' dir='ltr'><strong>civitatum</strong></span> <span class='ocrx_word' id='word_1_474' title='bbox 2180 2216 2294 2271; x_wconf 91' lang='lat' dir='ltr'><strong>Deo</strong></span> <span class='ocrx_word' id='word_1_475' title='bbox 2310 2214 2728 2270; x_wconf 89' lang='lat' dir='ltr'><strong>amantissimos</strong></span> <span class='ocrx_word' id='word_1_476' title='bbox 2746 2194 3042 2285; x_wconf 80' lang='lat' dir='ltr'><strong>episcopos</strong></span> <span class='ocrx_word' id='word_1_477' title='bbox 3064 2213 3133 2267; x_wconf 90' lang='lat' dir='ltr'><strong>de</strong></span> <span class='ocrx_word' id='word_1_478' title='bbox 3151 2213 3238 2267; x_wconf 90' lang='lat' dir='ltr'><strong>his</strong></span> <span class='ocrx_word' id='word_1_479' title='bbox 3252 2230 3378 2284; x_wconf 63' lang='lat' dir='ltr'><strong>quae</strong></span> <span class='ocrx_word' id='word_1_480' title='bbox 3398 2214 3506 2267; x_wconf 89' lang='lat' dir='ltr'><strong>hac</strong></span> 
     </span>
    </p>
   </div>
   <div class='ocr_carea' id='block_1_67' title="bbox 1875 2306 3501 2377">
    <p class='ocr_par' dir='ltr' id='par_1_67' title="bbox 1875 2306 3501 2377">
     <span class='ocr_line' id='line_1_68' title="bbox 1875 2306 3501 2377; baseline -0.002 -14"><span class='ocrx_word' id='word_1_481' title='bbox 1875 2308 1944 2363; x_wconf 92' lang='lat' dir='ltr'><strong>de</strong></span> <span class='ocrx_word' id='word_1_482' title='bbox 1968 2325 2029 2362; x_wconf 91' lang='lat' dir='ltr'><strong>re</strong></span> <span class='ocrx_word' id='word_1_483' title='bbox 2045 2308 2369 2375; x_wconf 89' lang='lat' dir='ltr'><strong>didicerint,</strong></span> <span class='ocrx_word' id='word_1_484' title='bbox 2385 2307 2459 2361; x_wconf 91' lang='lat' dir='ltr'><strong>ad</strong></span> <span class='ocrx_word' id='word_1_485' title='bbox 2485 2312 2738 2362; x_wconf 89' lang='lat' dir='ltr'><strong>nostram</strong></span> <span class='ocrx_word' id='word_1_486' title='bbox 2760 2307 3100 2377; x_wconf 86' lang='lat' dir='ltr'><strong>religionem</strong></span> <span class='ocrx_word' id='word_1_487' title='bbox 3123 2306 3351 2361; x_wconf 87' lang='lat' dir='ltr'><strong>referre.</strong></span> <span class='ocrx_word' id='word_1_488' title='bbox 3377 2307 3501 2360; x_wconf 87' lang='lat' dir='ltr'><strong>Dat.</strong></span> 
     </span>
    </p>
   </div>
   <div class='ocr_carea' id='block_1_68' title="bbox 1875 2400 3500 2469">
    <p class='ocr_par' dir='ltr' id='par_1_68' title="bbox 1875 2400 3500 2469">
     <span class='ocr_line' id='line_1_69' title="bbox 1875 2400 3500 2469; baseline -0.002 -13"><span class='ocrx_word' id='word_1_489' title='bbox 1875 2418 1906 2455; x_wconf 87' lang='lat' dir='ltr'><strong>x</strong></span> <span class='ocrx_word' id='word_1_490' title='bbox 1946 2402 2051 2456; x_wconf 90' lang='lat' dir='ltr'><strong>cal.</strong></span> <span class='ocrx_word' id='word_1_491' title='bbox 2080 2402 2263 2469; x_wconf 60' lang='lat' dir='ltr'><strong>Mart,</strong></span> <span class='ocrx_word' id='word_1_492' title='bbox 2292 2403 2418 2469; x_wconf 86' lang='lat' dir='ltr'><strong>CP.,</strong></span> <span class='ocrx_word' id='word_1_493' title='bbox 2451 2400 2549 2455; x_wconf 90' lang='lat' dir='ltr'><strong>dn.</strong></span> <span class='ocrx_word' id='word_1_494' title='bbox 2586 2400 2901 2455; x_wconf 73' lang='lat' dir='ltr'><strong>Iustiniano</strong></span> <span class='ocrx_word' id='word_1_495' title='bbox 2930 2401 3033 2454; x_wconf 88' lang='lat' dir='ltr'><strong>PP.</strong></span> <span class='ocrx_word' id='word_1_496' title='bbox 3063 2402 3129 2453; x_wconf 91' lang='lat' dir='ltr'><strong>A.</strong></span> <span class='ocrx_word' id='word_1_497' title='bbox 3159 2416 3197 2454; x_wconf 78' lang='grc' dir='ltr'>ιι</span> <span class='ocrx_word' id='word_1_498' title='bbox 3235 2416 3344 2453; x_wconf 90' lang='lat' dir='ltr'><strong>cos.</strong></span> <span class='ocrx_word' id='word_1_499' title='bbox 3380 2402 3500 2454; x_wconf 81' lang='grc'><strong>528.</strong></span> 
     </span>
    </p>
   </div>
   <div class='ocr_carea' id='block_1_69' title="bbox 2525 2494 2862 2548">
    <p class='ocr_par' dir='ltr' id='par_1_69' title="bbox 2525 2494 2862 2548">
     <span class='ocr_line' id='line_1_70' title="bbox 2525 2494 2862 2548; baseline -0.006 0"><span class='ocrx_word' id='word_1_500' title='bbox 2525 2494 2653 2548; x_wconf 86' lang='lat' dir='ltr'><strong>LEX</strong></span> <span class='ocrx_word' id='word_1_501' title='bbox 2689 2494 2862 2547; x_wconf 87' lang='lat' dir='ltr'><strong>XLIV.</strong></span> 
     </span>
    </p>
   </div>
   <div class='ocr_carea' id='block_1_70' title="bbox 1946 2586 2825 2657">
    <p class='ocr_par' dir='ltr' id='par_1_70' title="bbox 1946 2586 2825 2657">
     <span class='ocr_line' id='line_1_71' title="bbox 1946 2586 2825 2657; baseline -0.005 -14"><span class='ocrx_word' id='word_1_502' title='bbox 1946 2587 2105 2643; x_wconf 89' lang='lat' dir='ltr'><strong>Idem</strong></span> <span class='ocrx_word' id='word_1_503' title='bbox 2128 2589 2416 2657; x_wconf 84' lang='lat' dir='ltr'><strong>Augustus</strong></span> <span class='ocrx_word' id='word_1_504' title='bbox 2442 2586 2658 2640; x_wconf 65' lang='lat' dir='ltr'><strong>Manna:</strong></span> <span class='ocrx_word' id='word_1_505' title='bbox 2680 2588 2738 2641; x_wconf 86' lang='lat' dir='ltr'><strong>P.</strong></span> <span class='ocrx_word' id='word_1_506' title='bbox 2765 2588 2825 2640; x_wconf 88' lang='lat' dir='ltr'><strong>P.</strong></span> 
     </span>
    </p>
   </div>
   <div class='ocr_carea' id='block_1_71' title="bbox 1948 2677 3510 2749">
    <p class='ocr_par' dir='ltr' id='par_1_71' title="bbox 1948 2677 3510 2749">
     <span class='ocr_line' id='line_1_72' title="bbox 1948 2677 3510 2749; baseline 0.001 -14"><span class='ocrx_word' id='word_1_507' title='bbox 1948 2679 2441 2735; x_wconf 89' lang='lat' dir='ltr'><strong>Sanctissimarum</strong></span> <span class='ocrx_word' id='word_1_508' title='bbox 2460 2679 2824 2733; x_wconf 83' lang='lat' dir='ltr'><strong>ecclesiarum</strong></span> <span class='ocrx_word' id='word_1_509' title='bbox 2836 2682 2893 2733; x_wconf 88' lang='lat' dir='ltr'><strong>et</strong></span> <span class='ocrx_word' id='word_1_510' title='bbox 2908 2677 3296 2749; x_wconf 87' lang='lat' dir='ltr'><strong>piissimorum</strong></span> <span class='ocrx_word' id='word_1_511' title='bbox 3308 2697 3510 2736; x_wconf 89' lang='lat' dir='ltr'><strong>mona-</strong></span> 
     </span>
    </p>
   </div>
   <div class='ocr_carea' id='block_1_72' title="bbox 1876 2771 3508 2839">
    <p class='ocr_par' dir='ltr' id='par_1_72' title="bbox 1876 2771 3508 2839">
     <span class='ocr_line' id='line_1_73' title="bbox 1876 2771 3508 2839; baseline 0 -11"><span class='ocrx_word' id='word_1_512' title='bbox 1876 2773 2179 2828; x_wconf 87' lang='lat' dir='ltr'><strong>steriorum</strong></span> <span class='ocrx_word' id='word_1_513' title='bbox 2202 2772 2392 2827; x_wconf 89' lang='lat' dir='ltr'><strong>decori</strong></span> <span class='ocrx_word' id='word_1_514' title='bbox 2413 2772 2797 2839; x_wconf 89' lang='lat' dir='ltr'><strong>consulentes,</strong></span> <span class='ocrx_word' id='word_1_515' title='bbox 2818 2771 3214 2827; x_wconf 90' lang='lat' dir='ltr'><strong>interdicimus</strong></span> <span class='ocrx_word' id='word_1_516' title='bbox 3238 2774 3508 2828; x_wconf 86' lang='lat' dir='ltr'><strong>omnibus</strong></span> 
     </span>
    </p>
   </div>
   <div class='ocr_carea' id='block_1_73' title="bbox 1875 2864 3509 2921">
    <p class='ocr_par' dir='ltr' id='par_1_73' title="bbox 1875 2864 3509 2921">
     <span class='ocr_line' id='line_1_74' title="bbox 1875 2864 3509 2921; baseline 0 -1"><span class='ocrx_word' id='word_1_517' title='bbox 1875 2864 2266 2920; x_wconf 87' lang='lat' dir='ltr'><strong>habitantibus</strong></span> <span class='ocrx_word' id='word_1_518' title='bbox 2293 2864 2645 2920; x_wconf 90' lang='lat' dir='ltr'><strong>monasteria</strong></span> <span class='ocrx_word' id='word_1_519' title='bbox 2665 2865 2984 2919; x_wconf 88' lang='lat' dir='ltr'><strong>conversari</strong></span> <span class='ocrx_word' id='word_1_520' title='bbox 3016 2882 3146 2919; x_wconf 89' lang='lat' dir='ltr'><strong>cum</strong></span> <span class='ocrx_word' id='word_1_521' title='bbox 3176 2867 3509 2921; x_wconf 84' lang='lat' dir='ltr'><strong>mulieribus</strong></span> 
     </span>
    </p>
   </div>
   <div class='ocr_carea' id='block_1_74' title="bbox 1875 2956 3508 3031">
    <p class='ocr_par' dir='ltr' id='par_1_74' title="bbox 1875 2956 3508 3031">
     <span class='ocr_line' id='line_1_75' title="bbox 1875 2956 3508 3031; baseline 0.001 -18"><span class='ocrx_word' id='word_1_522' title='bbox 1875 2958 2216 3025; x_wconf 88' lang='lat' dir='ltr'><strong>monastriis,</strong></span> <span class='ocrx_word' id='word_1_523' title='bbox 2240 2964 2338 3012; x_wconf 90' lang='lat' dir='ltr'><strong>aut</strong></span> <span class='ocrx_word' id='word_1_524' title='bbox 2360 2956 2719 3013; x_wconf 90' lang='lat' dir='ltr'><strong>occasionem</strong></span> <span class='ocrx_word' id='word_1_525' title='bbox 2743 2957 2998 3028; x_wconf 89' lang='lat' dir='ltr'><strong>aliquam</strong></span> <span class='ocrx_word' id='word_1_526' title='bbox 3025 2958 3373 3029; x_wconf 86' lang='lat' dir='ltr'><strong>excogitare,</strong></span> <span class='ocrx_word' id='word_1_527' title='bbox 3398 2976 3508 3031; x_wconf 88' lang='lat' dir='ltr'><strong>qua</strong></span> 
     </span>
    </p>
   </div>
   <div class='ocr_carea' id='block_1_75' title="bbox 1876 3050 3508 3122">
    <p class='ocr_par' dir='ltr' id='par_1_75' title="bbox 1876 3050 3508 3122">
     <span class='ocr_line' id='line_1_76' title="bbox 1876 3050 3508 3122; baseline -0.001 -15"><span class='ocrx_word' id='word_1_528' title='bbox 1876 3050 2456 3107; x_wconf 87' lang='lat' dir='ltr'><strong>communicationem</strong></span> <span class='ocrx_word' id='word_1_529' title='bbox 2493 3050 2740 3122; x_wconf 88' lang='lat' dir='ltr'><strong>aliquam</strong></span> <span class='ocrx_word' id='word_1_530' title='bbox 2763 3067 2895 3104; x_wconf 91' lang='lat' dir='ltr'><strong>cum</strong></span> <span class='ocrx_word' id='word_1_531' title='bbox 2924 3050 3061 3121; x_wconf 89' lang='lat' dir='ltr'><strong>ipsis</strong></span> <span class='ocrx_word' id='word_1_532' title='bbox 3096 3051 3353 3105; x_wconf 87' lang='lat' dir='ltr'><strong>habeant</strong></span> <span class='ocrx_word' id='word_1_533' title='bbox 3381 3052 3508 3121; x_wconf 88' lang='lat' dir='ltr'><strong>(hoc</strong></span> 
     </span>
    </p>
   </div>
   <div class='ocr_carea' id='block_1_76' title="bbox 1880 3142 3511 3214">
    <p class='ocr_par' dir='ltr' id='par_1_76' title="bbox 1880 3142 3511 3214">
     <span class='ocr_line' id='line_1_77' title="bbox 1880 3142 3511 3214; baseline 0 -15"><span class='ocrx_word' id='word_1_534' title='bbox 1880 3145 2033 3199; x_wconf 91' lang='lat' dir='ltr'><strong>enim</strong></span> <span class='ocrx_word' id='word_1_535' title='bbox 2068 3144 2287 3214; x_wconf 88' lang='lat' dir='ltr'><strong>justam</strong></span> <span class='ocrx_word' id='word_1_536' title='bbox 2319 3142 2698 3214; x_wconf 76' lang='lat' dir='ltr'><strong>suspicionem</strong></span> <span class='ocrx_word' id='word_1_537' title='bbox 2750 3142 3074 3212; x_wconf 89' lang='lat' dir='ltr'><strong>introducit,</strong></span> <span class='ocrx_word' id='word_1_538' title='bbox 3112 3144 3360 3211; x_wconf 88' lang='lat' dir='ltr'><strong>assidue,</strong></span> <span class='ocrx_word' id='word_1_539' title='bbox 3411 3146 3511 3199; x_wconf 88' lang='lat' dir='ltr'><strong>aut</strong></span> 
     </span>
    </p>
   </div>
   <div class='ocr_carea' id='block_1_77' title="bbox 1882 3235 3509 3306">
    <p class='ocr_par' dir='ltr' id='par_1_77' title="bbox 1882 3235 3509 3306">
     <span class='ocr_line' id='line_1_78' title="bbox 1882 3235 3509 3306; baseline 0.001 -15"><span class='ocrx_word' id='word_1_540' title='bbox 1882 3254 2011 3292; x_wconf 91' lang='lat' dir='ltr'><strong>cum</strong></span> <span class='ocrx_word' id='word_1_541' title='bbox 2037 3238 2335 3304; x_wconf 88' lang='lat' dir='ltr'><strong>voluerint,</strong></span> <span class='ocrx_word' id='word_1_542' title='bbox 2376 3253 2506 3290; x_wconf 90' lang='lat' dir='ltr'><strong>cum</strong></span> <span class='ocrx_word' id='word_1_543' title='bbox 2537 3235 2669 3306; x_wconf 91' lang='lat' dir='ltr'><strong>ipsis</strong></span> <span class='ocrx_word' id='word_1_544' title='bbox 2695 3236 3160 3306; x_wconf 83' lang='lat' dir='ltr'><strong>congrediendi);</strong></span> <span class='ocrx_word' id='word_1_545' title='bbox 3186 3237 3285 3291; x_wconf 91' lang='lat' dir='ltr'><strong>sed</strong></span> <span class='ocrx_word' id='word_1_546' title='bbox 3318 3238 3396 3292; x_wconf 91' lang='lat' dir='ltr'><strong>ita</strong></span> <span class='ocrx_word' id='word_1_547' title='bbox 3423 3256 3509 3293; x_wconf 86' lang='lat' dir='ltr'><strong>se-</strong></span> 
     </span>
    </p>
   </div>
   <div class='ocr_carea' id='block_1_78' title="bbox 1880 3328 3511 3402">
    <p class='ocr_par' dir='ltr' id='par_1_78' title="bbox 1880 3328 3511 3402">
     <span class='ocr_line' id='line_1_79' title="bbox 1880 3328 3511 3402; baseline 0.002 -18"><span class='ocrx_word' id='word_1_548' title='bbox 1880 3334 2140 3402; x_wconf 87' lang='lat' dir='ltr'><strong>gregatos</strong></span> <span class='ocrx_word' id='word_1_549' title='bbox 2165 3347 2306 3397; x_wconf 90' lang='lat' dir='ltr'><strong>esse,</strong></span> <span class='ocrx_word' id='word_1_550' title='bbox 2330 3335 2392 3384; x_wconf 90' lang='lat' dir='ltr'><strong>ut</strong></span> <span class='ocrx_word' id='word_1_551' title='bbox 2417 3331 2634 3384; x_wconf 88' lang='lat' dir='ltr'><strong>nullam</strong></span> <span class='ocrx_word' id='word_1_552' title='bbox 2660 3328 3154 3401; x_wconf 89' lang='lat' dir='ltr'><strong>participationem</strong></span> <span class='ocrx_word' id='word_1_553' title='bbox 3178 3330 3249 3384; x_wconf 91' lang='lat' dir='ltr'><strong>ad</strong></span> <span class='ocrx_word' id='word_1_554' title='bbox 3270 3330 3511 3387; x_wconf 89' lang='lat' dir='ltr'><strong>invicem</strong></span> 
     </span>
    </p>
   </div>
   <div class='ocr_carea' id='block_1_79' title="bbox 1880 3422 3510 3497">
    <p class='ocr_par' dir='ltr' id='par_1_79' title="bbox 1880 3422 3510 3497">
     <span class='ocr_line' id='line_1_80' title="bbox 1880 3422 3510 3497; baseline 0.001 -19"><span class='ocrx_word' id='word_1_555' title='bbox 1880 3423 1953 3478; x_wconf 91' lang='lat' dir='ltr'><strong>ob</strong></span> <span class='ocrx_word' id='word_1_556' title='bbox 1974 3440 2372 3494; x_wconf 86' lang='lat' dir='ltr'><strong>quamcunque</strong></span> <span class='ocrx_word' id='word_1_557' title='bbox 2393 3433 2626 3477; x_wconf 81' lang='lat' dir='ltr'><strong>causam</strong></span> <span class='ocrx_word' id='word_1_558' title='bbox 2641 3422 2894 3477; x_wconf 88' lang='lat' dir='ltr'><strong>habeant</strong></span> <span class='ocrx_word' id='word_1_559' title='bbox 2912 3422 3041 3493; x_wconf 88' lang='lat' dir='ltr'><strong>ipsi,</strong></span> <span class='ocrx_word' id='word_1_560' title='bbox 3066 3440 3253 3495; x_wconf 92' lang='lat' dir='ltr'><strong>neque</strong></span> <span class='ocrx_word' id='word_1_561' title='bbox 3285 3425 3510 3497; x_wconf 78' lang='lat' dir='ltr'><strong>exc0gi-</strong></span> 
     </span>
    </p>
   </div>
   <div class='ocr_carea' id='block_1_80' title="bbox 1880 3515 3512 3587">
    <p class='ocr_par' dir='ltr' id='par_1_80' title="bbox 1880 3515 3512 3587">
     <span class='ocr_line' id='line_1_81' title="bbox 1880 3515 3512 3587; baseline 0.002 -18"><span class='ocrx_word' id='word_1_562' title='bbox 1880 3516 1988 3569; x_wconf 91' lang='lat' dir='ltr'><strong>tari</strong></span> <span class='ocrx_word' id='word_1_563' title='bbox 2031 3516 2283 3587; x_wconf 89' lang='lat' dir='ltr'><strong>aliquam</strong></span> <span class='ocrx_word' id='word_1_564' title='bbox 2332 3515 2712 3584; x_wconf 89' lang='lat' dir='ltr'><strong>occasionem,</strong></span> <span class='ocrx_word' id='word_1_565' title='bbox 2758 3516 2843 3569; x_wconf 86' lang='lat' dir='ltr'><strong>vel</strong></span> <span class='ocrx_word' id='word_1_566' title='bbox 2885 3515 3010 3581; x_wconf 89' lang='lat' dir='ltr'><strong>illis,</strong></span> <span class='ocrx_word' id='word_1_567' title='bbox 3041 3516 3127 3570; x_wconf 88' lang='lat' dir='ltr'><strong>vel</strong></span> <span class='ocrx_word' id='word_1_568' title='bbox 3172 3515 3261 3571; x_wconf 88' lang='lat' dir='ltr'><strong>his</strong></span> <span class='ocrx_word' id='word_1_569' title='bbox 3296 3520 3512 3572; x_wconf 59' lang='lat' dir='ltr'><strong>mutuas</strong></span> 
     </span>
    </p>
   </div>
   <div class='ocr_carea' id='block_1_81' title="bbox 1879 3607 3513 3677">
    <p class='ocr_par' dir='ltr' id='par_1_81' title="bbox 1879 3607 3513 3677">
     <span class='ocr_line' id='line_1_82' title="bbox 1879 3607 3513 3677; baseline 0.002 -16"><span class='ocrx_word' id='word_1_570' title='bbox 1879 3608 2028 3662; x_wconf 91' lang='lat' dir='ltr'><strong>inter</strong></span> <span class='ocrx_word' id='word_1_571' title='bbox 2054 3624 2111 3661; x_wconf 89' lang='lat' dir='ltr'><strong>se</strong></span> <span class='ocrx_word' id='word_1_572' title='bbox 2139 3607 2646 3674; x_wconf 88' lang='lat' dir='ltr'><strong>commorationis;</strong></span> <span class='ocrx_word' id='word_1_573' title='bbox 2674 3607 2772 3661; x_wconf 91' lang='lat' dir='ltr'><strong>sed</strong></span> <span class='ocrx_word' id='word_1_574' title='bbox 2805 3607 2906 3661; x_wconf 87' lang='lat' dir='ltr'><strong>soli</strong></span> <span class='ocrx_word' id='word_1_575' title='bbox 2939 3624 3045 3677; x_wconf 88' lang='lat' dir='ltr'><strong>per</strong></span> <span class='ocrx_word' id='word_1_576' title='bbox 3069 3624 3129 3661; x_wconf 93' lang='lat' dir='ltr'><strong>se</strong></span> <span class='ocrx_word' id='word_1_577' title='bbox 3166 3607 3427 3663; x_wconf 89' lang='lat' dir='ltr'><strong>homines</strong></span> <span class='ocrx_word' id='word_1_578' title='bbox 3453 3610 3513 3664; x_wconf 90' lang='lat' dir='ltr'><strong>in</strong></span> 
     </span>
    </p>
   </div>
   <div class='ocr_carea' id='block_1_82' title="bbox 1880 3699 3514 3773">
    <p class='ocr_par' dir='ltr' id='par_1_82' title="bbox 1880 3699 3514 3773">
     <span class='ocr_line' id='line_1_83' title="bbox 1880 3699 3514 3773; baseline 0.001 -19"><span class='ocrx_word' id='word_1_579' title='bbox 1880 3700 2137 3772; x_wconf 89' lang='lat' dir='ltr'><strong>quolibet</strong></span> <span class='ocrx_word' id='word_1_580' title='bbox 2162 3699 2512 3754; x_wconf 88' lang='lat' dir='ltr'><strong>monasterio</strong></span> <span class='ocrx_word' id='word_1_581' title='bbox 2536 3700 2764 3771; x_wconf 87' lang='lat' dir='ltr'><strong>degant,</strong></span> <span class='ocrx_word' id='word_1_582' title='bbox 2789 3716 2820 3753; x_wconf 90' lang='lat' dir='ltr'><strong>a</strong></span> <span class='ocrx_word' id='word_1_583' title='bbox 2836 3699 3035 3754; x_wconf 88' lang='lat' dir='ltr'><strong>vicinis</strong></span> <span class='ocrx_word' id='word_1_584' title='bbox 3063 3699 3168 3753; x_wconf 90' lang='lat' dir='ltr'><strong>sibi</strong></span> <span class='ocrx_word' id='word_1_585' title='bbox 3195 3717 3298 3771; x_wconf 93' lang='lat' dir='ltr'><strong>per</strong></span> <span class='ocrx_word' id='word_1_586' title='bbox 3317 3719 3514 3773; x_wconf 87' lang='lat' dir='ltr'><strong>quam-</strong></span> 
     </span>
    </p>
   </div>
   <div class='ocr_carea' id='block_1_83' title="bbox 1880 3791 3515 3865">
    <p class='ocr_par' dir='ltr' id='par_1_83' title="bbox 1880 3791 3515 3865">
     <span class='ocr_line' id='line_1_84' title="bbox 1880 3791 3515 3865; baseline 0 -18"><span class='ocrx_word' id='word_1_587' title='bbox 1880 3808 2103 3865; x_wconf 89' lang='lat' dir='ltr'><strong>cunque</strong></span> <span class='ocrx_word' id='word_1_588' title='bbox 2130 3809 2360 3847; x_wconf 89' lang='lat' dir='ltr'><strong>causam</strong></span> <span class='ocrx_word' id='word_1_589' title='bbox 2390 3791 2715 3847; x_wconf 90' lang='lat' dir='ltr'><strong>monastriis</strong></span> <span class='ocrx_word' id='word_1_590' title='bbox 2739 3793 3050 3863; x_wconf 86' lang='lat' dir='ltr'><strong>segregati:</strong></span> <span class='ocrx_word' id='word_1_591' title='bbox 3085 3793 3229 3847; x_wconf 71' lang='lat' dir='ltr'><strong>Solae</strong></span> <span class='ocrx_word' id='word_1_592' title='bbox 3257 3793 3391 3847; x_wconf 89' lang='lat' dir='ltr'><strong>item</strong></span> <span class='ocrx_word' id='word_1_593' title='bbox 3412 3812 3515 3865; x_wconf 86' lang='lat' dir='ltr'><strong>per</strong></span> 
     </span>
    </p>
   </div>
   <div class='ocr_carea' id='block_1_84' title="bbox 1883 3885 3514 3957">
    <p class='ocr_par' dir='ltr' id='par_1_84' title="bbox 1883 3885 3514 3957">
     <span class='ocr_line' id='line_1_85' title="bbox 1883 3885 3514 3957; baseline 0.001 -16"><span class='ocrx_word' id='word_1_594' title='bbox 1883 3904 1941 3942; x_wconf 90' lang='lat' dir='ltr'><strong>se</strong></span> <span class='ocrx_word' id='word_1_595' title='bbox 1984 3886 2250 3941; x_wconf 87' lang='lat' dir='ltr'><strong>mulieres</strong></span> <span class='ocrx_word' id='word_1_596' title='bbox 2279 3902 2396 3940; x_wconf 88' lang='lat' dir='ltr'><strong>non</strong></span> <span class='ocrx_word' id='word_1_597' title='bbox 2426 3885 2742 3939; x_wconf 70' lang='lat' dir='ltr'><strong>commista:</strong></span> <span class='ocrx_word' id='word_1_598' title='bbox 2776 3885 2930 3955; x_wconf 90' lang='lat' dir='ltr'><strong>viris,</strong></span> <span class='ocrx_word' id='word_1_599' title='bbox 2962 3890 3023 3940; x_wconf 92' lang='lat' dir='ltr'><strong>ut</strong></span> <span class='ocrx_word' id='word_1_600' title='bbox 3053 3885 3240 3939; x_wconf 89' lang='lat' dir='ltr'><strong>omnis</strong></span> <span class='ocrx_word' id='word_1_601' title='bbox 3269 3886 3514 3957; x_wconf 88' lang='lat' dir='ltr'><strong>suspicio</strong></span> 
     </span>
    </p>
   </div>
   <div class='ocr_carea' id='block_1_85' title="bbox 1883 3977 3517 4049">
    <p class='ocr_par' dir='ltr' id='par_1_85' title="bbox 1883 3977 3517 4049">
     <span class='ocr_line' id='line_1_86' title="bbox 1883 3977 3517 4049; baseline 0.001 -15"><span class='ocrx_word' id='word_1_602' title='bbox 1883 3979 2167 4034; x_wconf 67' lang='lat' dir='ltr'><strong>indecora:</strong></span> <span class='ocrx_word' id='word_1_603' title='bbox 2220 3977 2664 4033; x_wconf 88' lang='lat' dir='ltr'><strong>conversationis</strong></span> <span class='ocrx_word' id='word_1_604' title='bbox 2720 3977 2946 4049; x_wconf 88' lang='lat' dir='ltr'><strong>penitus</strong></span> <span class='ocrx_word' id='word_1_605' title='bbox 2993 3979 3241 4033; x_wconf 89' lang='lat' dir='ltr'><strong>tollatur.</strong></span> <span class='ocrx_word' id='word_1_606' title='bbox 3296 3979 3407 4035; x_wconf 87' lang='lat' dir='ltr'><strong>Sed</strong></span> <span class='ocrx_word' id='word_1_607' title='bbox 3470 3979 3517 4035; x_wconf 89' lang='lat' dir='ltr'><strong>si</strong></span> 
     </span>
    </p>
   </div>
   <div class='ocr_carea' id='block_1_86' title="bbox 1884 4070 3515 4145">
    <p class='ocr_par' dir='ltr' id='par_1_86' title="bbox 1884 4070 3515 4145">
     <span class='ocr_line' id='line_1_87' title="bbox 1884 4070 3515 4145; baseline 0.002 -20"><span class='ocrx_word' id='word_1_608' title='bbox 1884 4073 1985 4127; x_wconf 89' lang='lat' dir='ltr'><strong>viri</strong></span> <span class='ocrx_word' id='word_1_609' title='bbox 2017 4071 2234 4126; x_wconf 83' lang='lat' dir='ltr'><strong>fuerint</strong></span> <span class='ocrx_word' id='word_1_610' title='bbox 2271 4071 2479 4143; x_wconf 89' lang='lat' dir='ltr'><strong>plures,</strong></span> <span class='ocrx_word' id='word_1_611' title='bbox 2513 4073 2741 4142; x_wconf 86' lang='lat' dir='ltr'><strong>oportet</strong></span> <span class='ocrx_word' id='word_1_612' title='bbox 2768 4070 3132 4143; x_wconf 89' lang='lat' dir='ltr'><strong>providentia</strong></span> <span class='ocrx_word' id='word_1_613' title='bbox 3160 4072 3515 4145; x_wconf 88' lang='lat' dir='ltr'><strong>singularum</strong></span> 
     </span>
    </p>
   </div>
   <div class='ocr_carea' id='block_1_87' title="bbox 1885 4164 3518 4237">
    <p class='ocr_par' dir='ltr' id='par_1_87' title="bbox 1885 4164 3518 4237">
     <span class='ocr_line' id='line_1_88' title="bbox 1885 4164 3518 4237; baseline 0.001 -17"><span class='ocrx_word' id='word_1_614' title='bbox 1885 4166 2174 4220; x_wconf 85' lang='lat' dir='ltr'><strong>civitatum</strong></span> <span class='ocrx_word' id='word_1_615' title='bbox 2200 4164 2599 4237; x_wconf 89' lang='lat' dir='ltr'><strong>episcoporum</strong></span> <span class='ocrx_word' id='word_1_616' title='bbox 2623 4164 2861 4219; x_wconf 86' lang='lat' dir='ltr'><strong>feminas</strong></span> <span class='ocrx_word' id='word_1_617' title='bbox 2891 4164 2948 4218; x_wconf 89' lang='lat' dir='ltr'><strong>in</strong></span> <span class='ocrx_word' id='word_1_618' title='bbox 2979 4165 3154 4219; x_wconf 89' lang='lat' dir='ltr'><strong>alium</strong></span> <span class='ocrx_word' id='word_1_619' title='bbox 3182 4166 3518 4222; x_wconf 80' lang='lat' dir='ltr'><strong>convenien-</strong></span> 
     </span>
    </p>
   </div>
   <div class='ocr_carea' id='block_1_88' title="bbox 1887 4257 3516 4330">
    <p class='ocr_par' dir='ltr' id='par_1_88' title="bbox 1887 4257 3516 4330">
     <span class='ocr_line' id='line_1_89' title="bbox 1887 4257 3516 4330; baseline 0.001 -18"><span class='ocrx_word' id='word_1_620' title='bbox 1887 4264 2005 4312; x_wconf 90' lang='lat' dir='ltr'><strong>tem</strong></span> <span class='ocrx_word' id='word_1_621' title='bbox 2032 4260 2221 4313; x_wconf 90' lang='lat' dir='ltr'><strong>locum</strong></span> <span class='ocrx_word' id='word_1_622' title='bbox 2249 4257 2560 4323; x_wconf 85' lang='lat' dir='ltr'><strong>transferri,</strong></span> <span class='ocrx_word' id='word_1_623' title='bbox 2595 4260 2649 4312; x_wconf 88' lang='lat' dir='ltr'><strong>et</strong></span> <span class='ocrx_word' id='word_1_624' title='bbox 2677 4258 2799 4312; x_wconf 90' lang='lat' dir='ltr'><strong>dari</strong></span> <span class='ocrx_word' id='word_1_625' title='bbox 2828 4258 3241 4313; x_wconf 88' lang='lat' dir='ltr'><strong>monasterium</strong></span> <span class='ocrx_word' id='word_1_626' title='bbox 3271 4259 3425 4330; x_wconf 90' lang='lat' dir='ltr'><strong>ipsis,</strong></span> <span class='ocrx_word' id='word_1_627' title='bbox 3458 4260 3516 4314; x_wconf 92' lang='lat' dir='ltr'><strong>in</strong></span> 
     </span>
    </p>
   </div>
   <div class='ocr_carea' id='block_1_89' title="bbox 1889 4350 3516 4422">
    <p class='ocr_par' dir='ltr' id='par_1_89' title="bbox 1889 4350 3516 4422">
     <span class='ocr_line' id='line_1_90' title="bbox 1889 4350 3516 4422; baseline 0.002 -17"><span class='ocrx_word' id='word_1_628' title='bbox 1889 4367 2002 4422; x_wconf 93' lang='lat' dir='ltr'><strong>quo</strong></span> <span class='ocrx_word' id='word_1_629' title='bbox 2026 4354 2289 4422; x_wconf 89' lang='lat' dir='ltr'><strong>oporteat</strong></span> <span class='ocrx_word' id='word_1_630' title='bbox 2317 4351 2468 4422; x_wconf 91' lang='lat' dir='ltr'><strong>ipsas</strong></span> <span class='ocrx_word' id='word_1_631' title='bbox 2497 4350 2553 4404; x_wconf 91' lang='lat' dir='ltr'><strong>in</strong></span> <span class='ocrx_word' id='word_1_632' title='bbox 2581 4354 2868 4421; x_wconf 88' lang='lat' dir='ltr'><strong>posterum</strong></span> <span class='ocrx_word' id='word_1_633' title='bbox 2897 4352 3049 4422; x_wconf 86' lang='lat' dir='ltr'><strong>apud</strong></span> <span class='ocrx_word' id='word_1_634' title='bbox 3077 4368 3135 4404; x_wconf 90' lang='lat' dir='ltr'><strong>se</strong></span> <span class='ocrx_word' id='word_1_635' title='bbox 3165 4352 3314 4422; x_wconf 87' lang='lat' dir='ltr'><strong>ipsas</strong></span> <span class='ocrx_word' id='word_1_636' title='bbox 3338 4353 3516 4408; x_wconf 87' lang='lat' dir='ltr'><strong>hone-</strong></span> 
     </span>
    </p>
   </div>
   <div class='ocr_carea' id='block_1_90' title="bbox 1891 4444 3519 4514">
    <p class='ocr_par' dir='ltr' id='par_1_90' title="bbox 1891 4444 3519 4514">
     <span class='ocr_line' id='line_1_91' title="bbox 1891 4444 3519 4514; baseline 0.002 -18"><span class='ocrx_word' id='word_1_637' title='bbox 1891 4449 1973 4499; x_wconf 90' lang='lat' dir='ltr'><strong>ste</strong></span> <span class='ocrx_word' id='word_1_638' title='bbox 2001 4444 2355 4498; x_wconf 85' lang='lat' dir='ltr'><strong>conversari:</strong></span> <span class='ocrx_word' id='word_1_639' title='bbox 2393 4444 2476 4497; x_wconf 90' lang='lat' dir='ltr'><strong>sin</strong></span> <span class='ocrx_word' id='word_1_640' title='bbox 2524 4445 2715 4514; x_wconf 86' lang='lat' dir='ltr'><strong>plures</strong></span> <span class='ocrx_word' id='word_1_641' title='bbox 2746 4444 3106 4498; x_wconf 89' lang='lat' dir='ltr'><strong>inveniantur</strong></span> <span class='ocrx_word' id='word_1_642' title='bbox 3138 4444 3385 4509; x_wconf 65' lang='lat' dir='ltr'><strong>feminae,</strong></span> <span class='ocrx_word' id='word_1_643' title='bbox 3419 4449 3519 4499; x_wconf 91' lang='lat' dir='ltr'><strong>aut</strong></span> 
     </span>
    </p>
   </div>
   <div class='ocr_carea' id='block_1_91' title="bbox 150 4530 3519 4631">
    <p class='ocr_par' dir='ltr' id='par_1_91' title="bbox 150 4530 3519 4631">
     <span class='ocr_line' id='line_1_92' title="bbox 150 4530 3519 4631; baseline 0.001 -43"><span class='ocrx_word' id='word_1_644' title='bbox 150 4535 503 4606; x_wconf 90' lang='lat' dir='ltr'><strong>uscujusque</strong></span> <span class='ocrx_word' id='word_1_645' title='bbox 523 4534 831 4607; x_wconf 82' lang='lat' dir='ltr'><strong>provinciae</strong></span> <span class='ocrx_word' id='word_1_646' title='bbox 860 4534 966 4605; x_wconf 90' lang='lat' dir='ltr'><strong>ipsi</strong></span> <span class='ocrx_word' id='word_1_647' title='bbox 996 4530 1265 4604; x_wconf 86' lang='lat' dir='ltr'><strong>subjectis</strong></span> <span class='ocrx_word' id='word_1_648' title='bbox 1292 4535 1667 4589; x_wconf 88' lang='lat' dir='ltr'><strong>sanctissimis</strong></span> <span class='ocrx_word' id='word_1_649' title='bbox 1695 4552 1784 4588; x_wconf 89' lang='lat' dir='ltr'><strong>sa-</strong></span> <span class='ocrx_word' id='word_1_650' title='bbox 1807 4560 1867 4631; x_wconf 84' lang='lat' dir='ltr'><strong>D</strong></span> <span class='ocrx_word' id='word_1_651' title='bbox 1890 4537 2061 4591; x_wconf 89' lang='lat' dir='ltr'><strong>etiam</strong></span> <span class='ocrx_word' id='word_1_652' title='bbox 2094 4537 2215 4607; x_wconf 89' lang='lat' dir='ltr'><strong>pari</strong></span> <span class='ocrx_word' id='word_1_653' title='bbox 2237 4554 2501 4604; x_wconf 89' lang='lat' dir='ltr'><strong>numero,</strong></span> <span class='ocrx_word' id='word_1_654' title='bbox 2525 4536 2674 4590; x_wconf 89' lang='lat' dir='ltr'><strong>viros</strong></span> <span class='ocrx_word' id='word_1_655' title='bbox 2691 4536 2920 4607; x_wconf 86' lang='lat' dir='ltr'><strong>quidem</strong></span> <span class='ocrx_word' id='word_1_656' title='bbox 2942 4536 3257 4603; x_wconf 87' lang='lat' dir='ltr'><strong>transferri,</strong></span> <span class='ocrx_word' id='word_1_657' title='bbox 3279 4536 3519 4593; x_wconf 85' lang='lat' dir='ltr'><strong>feminas</strong></span> 
     </span>
    </p>
   </div>
   <div class='ocr_carea' id='block_1_92' title="bbox 147 4627 1783 4699">
    <p class='ocr_par' dir='ltr' id='par_1_92' title="bbox 147 4627 1783 4699">
     <span class='ocr_line' id='line_1_93' title="bbox 147 4627 1783 4699; baseline -0.001 -16"><span class='ocrx_word' id='word_1_658' title='bbox 147 4627 503 4697; x_wconf 87' lang='lat' dir='ltr'><strong>cerdotibus,</strong></span> <span class='ocrx_word' id='word_1_659' title='bbox 543 4627 817 4698; x_wconf 90' lang='lat' dir='ltr'><strong>quoniam</strong></span> <span class='ocrx_word' id='word_1_660' title='bbox 861 4644 979 4682; x_wconf 92' lang='lat' dir='ltr'><strong>non</strong></span> <span class='ocrx_word' id='word_1_661' title='bbox 1025 4628 1189 4682; x_wconf 90' lang='lat' dir='ltr'><strong>decet</strong></span> <span class='ocrx_word' id='word_1_662' title='bbox 1231 4628 1477 4699; x_wconf 88' lang='lat' dir='ltr'><strong>aliquem</strong></span> <span class='ocrx_word' id='word_1_663' title='bbox 1507 4628 1783 4698; x_wconf 90' lang='lat' dir='ltr'><strong>ipsorum,</strong></span> 
     </span>
    </p>
   </div>
   <div class='ocr_carea' id='block_1_93' title="bbox 148 4720 1788 4793">
    <p class='ocr_par' dir='ltr' id='par_1_93' title="bbox 148 4720 1788 4793">
     <span class='ocr_line' id='line_1_94' title="bbox 148 4720 1788 4793; baseline -0.001 -18"><span class='ocrx_word' id='word_1_664' title='bbox 148 4725 245 4776; x_wconf 90' lang='lat' dir='ltr'><strong>aut</strong></span> <span class='ocrx_word' id='word_1_665' title='bbox 270 4737 483 4775; x_wconf 89' lang='lat' dir='ltr'><strong>eorum</strong></span> <span class='ocrx_word' id='word_1_666' title='bbox 511 4720 609 4791; x_wconf 91' lang='lat' dir='ltr'><strong>qui</strong></span> <span class='ocrx_word' id='word_1_667' title='bbox 636 4721 690 4775; x_wconf 88' lang='lat' dir='ltr'><strong>in</strong></span> <span class='ocrx_word' id='word_1_668' title='bbox 726 4721 849 4775; x_wconf 90' lang='lat' dir='ltr'><strong>aliis</strong></span> <span class='ocrx_word' id='word_1_669' title='bbox 880 4721 1301 4793; x_wconf 86' lang='lat' dir='ltr'><strong>provinciarum</strong></span> <span class='ocrx_word' id='word_1_670' title='bbox 1336 4721 1658 4775; x_wconf 90' lang='lat' dir='ltr'><strong>civitatibus</strong></span> <span class='ocrx_word' id='word_1_671' title='bbox 1685 4721 1788 4774; x_wconf 88' lang='lat' dir='ltr'><strong>sub</strong></span> 
     </span>
    </p>
   </div>
   <div class='ocr_carea' id='block_1_94' title="bbox 146 4813 1788 4885">
    <p class='ocr_par' dir='ltr' id='par_1_94' title="bbox 146 4813 1788 4885">
     <span class='ocr_line' id='line_1_95' title="bbox 146 4813 1788 4885; baseline -0.001 -16"><span class='ocrx_word' id='word_1_672' title='bbox 146 4813 600 4885; x_wconf 89' lang='lat' dir='ltr'><strong>metropolitano</strong></span> <span class='ocrx_word' id='word_1_673' title='bbox 615 4813 868 4868; x_wconf 90' lang='lat' dir='ltr'><strong>ordinati</strong></span> <span class='ocrx_word' id='word_1_674' title='bbox 880 4820 1013 4869; x_wconf 91' lang='lat' dir='ltr'><strong>sunt</strong></span> <span class='ocrx_word' id='word_1_675' title='bbox 1030 4815 1452 4885; x_wconf 88' lang='lat' dir='ltr'><strong>episcoporum,</strong></span> <span class='ocrx_word' id='word_1_676' title='bbox 1471 4813 1788 4868; x_wconf 90' lang='lat' dir='ltr'><strong>secundum</strong></span> 
     </span>
    </p>
   </div>
   <div class='ocr_carea' id='block_1_95' title="bbox 144 4905 1789 4981">
    <p class='ocr_par' dir='ltr' id='par_1_95' title="bbox 144 4905 1789 4981">
     <span class='ocr_line' id='line_1_96' title="bbox 144 4905 1789 4981; baseline -0.002 -17"><span class='ocrx_word' id='word_1_677' title='bbox 144 4907 450 4981; x_wconf 88' lang='lat' dir='ltr'><strong>propriam</strong></span> <span class='ocrx_word' id='word_1_678' title='bbox 478 4907 827 4961; x_wconf 89' lang='lat' dir='ltr'><strong>voluntatem</strong></span> <span class='ocrx_word' id='word_1_679' title='bbox 859 4907 1073 4978; x_wconf 90' lang='lat' dir='ltr'><strong>absque</strong></span> <span class='ocrx_word' id='word_1_680' title='bbox 1102 4907 1296 4961; x_wconf 90' lang='lat' dir='ltr'><strong>divina</strong></span> <span class='ocrx_word' id='word_1_681' title='bbox 1331 4909 1527 4961; x_wconf 88' lang='lat' dir='ltr'><strong>nostra</strong></span> <span class='ocrx_word' id='word_1_682' title='bbox 1558 4905 1789 4978; x_wconf 90' lang='lat' dir='ltr'><strong>speciali</strong></span> 
     </span>
    </p>
   </div>
   <div class='ocr_carea' id='block_1_96' title="bbox 139 5000 1786 5072">
    <p class='ocr_par' dir='ltr' id='par_1_96' title="bbox 139 5000 1786 5072">
     <span class='ocr_line' id='line_1_97' title="bbox 139 5000 1786 5072; baseline -0.002 -16"><span class='ocrx_word' id='word_1_683' title='bbox 139 5002 430 5072; x_wconf 88' lang='lat' dir='ltr'><strong>jussione,</strong></span> <span class='ocrx_word' id='word_1_684' title='bbox 464 5001 791 5071; x_wconf 85' lang='lat' dir='ltr'><strong>relinquere</strong></span> <span class='ocrx_word' id='word_1_685' title='bbox 823 5000 1061 5072; x_wconf 90' lang='lat' dir='ltr'><strong>quidem</strong></span> <span class='ocrx_word' id='word_1_686' title='bbox 1094 5000 1472 5071; x_wconf 85' lang='lat' dir='ltr'><strong>gubernatam</strong></span> <span class='ocrx_word' id='word_1_687' title='bbox 1509 5017 1543 5054; x_wconf 92' lang='lat' dir='ltr'><strong>a</strong></span> <span class='ocrx_word' id='word_1_688' title='bbox 1571 5016 1631 5054; x_wconf 91' lang='lat' dir='ltr'><strong>se</strong></span> <span class='ocrx_word' id='word_1_689' title='bbox 1661 5017 1786 5053; x_wconf 90' lang='lat' dir='ltr'><strong>san-</strong></span> 
     </span>
    </p>
   </div>
   <div class='ocr_carea' id='block_1_97' title="bbox 144 5093 1792 5161">
    <p class='ocr_par' dir='ltr' id='par_1_97' title="bbox 144 5093 1792 5161">
     <span class='ocr_line' id='line_1_98' title="bbox 144 5093 1792 5161; baseline -0.001 -12"><span class='ocrx_word' id='word_1_690' title='bbox 144 5094 468 5149; x_wconf 87' lang='lat' dir='ltr'><strong>ctissimam</strong></span> <span class='ocrx_word' id='word_1_691' title='bbox 497 5093 812 5161; x_wconf 85' lang='lat' dir='ltr'><strong>ecclesiam,</strong></span> <span class='ocrx_word' id='word_1_692' title='bbox 832 5094 888 5149; x_wconf 90' lang='lat' dir='ltr'><strong>in</strong></span> <span class='ocrx_word' id='word_1_693' title='bbox 909 5095 1057 5149; x_wconf 89' lang='lat' dir='ltr'><strong>hanc</strong></span> <span class='ocrx_word' id='word_1_694' title='bbox 1072 5110 1205 5148; x_wconf 90' lang='lat' dir='ltr'><strong>vero</strong></span> <span class='ocrx_word' id='word_1_695' title='bbox 1226 5093 1449 5148; x_wconf 89' lang='lat' dir='ltr'><strong>felicem</strong></span> <span class='ocrx_word' id='word_1_696' title='bbox 1471 5109 1792 5148; x_wconf 90' lang='lat' dir='ltr'><strong>commeare</strong></span> 
     </span>
    </p>
   </div>
   <div class='ocr_carea' id='block_1_98' title="bbox 144 5187 1793 5259">
    <p class='ocr_par' dir='ltr' id='par_1_98' title="bbox 144 5187 1793 5259">
     <span class='ocr_line' id='line_1_99' title="bbox 144 5187 1793 5259; baseline -0.001 -17"><span class='ocrx_word' id='word_1_697' title='bbox 144 5188 465 5256; x_wconf 87' lang='lat' dir='ltr'><strong>civitatem,</strong></span> <span class='ocrx_word' id='word_1_698' title='bbox 511 5187 921 5259; x_wconf 89' lang='lat' dir='ltr'><strong>qualiscunque</strong></span> <span class='ocrx_word' id='word_1_699' title='bbox 962 5192 1220 5259; x_wconf 85' lang='lat' dir='ltr'><strong>emergat</strong></span> <span class='ocrx_word' id='word_1_700' title='bbox 1256 5203 1346 5241; x_wconf 89' lang='lat' dir='ltr'><strong>res</strong></span> <span class='ocrx_word' id='word_1_701' title='bbox 1390 5205 1402 5240; x_wconf 93' lang='lat'><strong>:</strong></span> <span class='ocrx_word' id='word_1_702' title='bbox 1442 5187 1536 5241; x_wconf 90' lang='lat' dir='ltr'><strong>sed</strong></span> <span class='ocrx_word' id='word_1_703' title='bbox 1566 5187 1793 5242; x_wconf 90' lang='lat' dir='ltr'><strong>mittere</strong></span> 
     </span>
    </p>
   </div>
   <div class='ocr_carea' id='block_1_99' title="bbox 143 5280 1794 5353">
    <p class='ocr_par' dir='ltr' id='par_1_99' title="bbox 143 5280 1794 5353">
     <span class='ocr_line' id='line_1_100' title="bbox 143 5280 1794 5353; baseline -0.001 -18"><span class='ocrx_word' id='word_1_704' title='bbox 143 5285 416 5353; x_wconf 82' lang='lat' dir='ltr'><strong>Oportere</strong></span> <span class='ocrx_word' id='word_1_705' title='bbox 444 5281 599 5335; x_wconf 89' lang='lat' dir='ltr'><strong>hunc</strong></span> <span class='ocrx_word' id='word_1_706' title='bbox 625 5297 823 5347; x_wconf 87' lang='lat' dir='ltr'><strong>unum,</strong></span> <span class='ocrx_word' id='word_1_707' title='bbox 848 5286 946 5335; x_wconf 90' lang='lat' dir='ltr'><strong>aut</strong></span> <span class='ocrx_word' id='word_1_708' title='bbox 988 5280 1129 5335; x_wconf 91' lang='lat' dir='ltr'><strong>duos</strong></span> <span class='ocrx_word' id='word_1_709' title='bbox 1179 5296 1248 5335; x_wconf 85' lang='lat' dir='ltr'><strong>ex</strong></span> <span class='ocrx_word' id='word_1_710' title='bbox 1276 5280 1380 5334; x_wconf 91' lang='lat' dir='ltr'><strong>sibi</strong></span> <span class='ocrx_word' id='word_1_711' title='bbox 1414 5280 1663 5352; x_wconf 78' lang='lat' dir='ltr'><strong>subjecto</strong></span> <span class='ocrx_word' id='word_1_712' title='bbox 1700 5281 1794 5351; x_wconf 88' lang='lat' dir='ltr'><strong>pio</strong></span> 
     </span>
    </p>
   </div>
   <div class='ocr_carea' id='block_1_100' title="bbox 143 5373 1793 5444">
    <p class='ocr_par' dir='ltr' id='par_1_100' title="bbox 143 5373 1793 5444">
     <span class='ocr_line' id='line_1_101' title="bbox 143 5373 1793 5444; baseline -0.001 -15"><span class='ocrx_word' id='word_1_713' title='bbox 143 5375 336 5440; x_wconf 89' lang='lat' dir='ltr'><strong>clero;</strong></span> <span class='ocrx_word' id='word_1_714' title='bbox 381 5377 439 5428; x_wconf 90' lang='lat' dir='ltr'><strong>et</strong></span> <span class='ocrx_word' id='word_1_715' title='bbox 481 5374 664 5429; x_wconf 90' lang='lat' dir='ltr'><strong>facere</strong></span> <span class='ocrx_word' id='word_1_716' title='bbox 718 5373 1014 5427; x_wconf 87' lang='lat' dir='ltr'><strong>manifesta</strong></span> <span class='ocrx_word' id='word_1_717' title='bbox 1053 5379 1262 5428; x_wconf 85' lang='lat' dir='ltr'><strong>nostrae</strong></span> <span class='ocrx_word' id='word_1_718' title='bbox 1301 5373 1498 5444; x_wconf 83' lang='lat' dir='ltr'><strong>pietati</strong></span> <span class='ocrx_word' id='word_1_719' title='bbox 1550 5390 1619 5428; x_wconf 92' lang='lat' dir='ltr'><strong>ea</strong></span> <span class='ocrx_word' id='word_1_720' title='bbox 1666 5373 1793 5444; x_wconf 89' lang='lat' dir='ltr'><strong>qui-</strong></span> 
     </span>
    </p>
   </div>
   <div class='ocr_carea' id='block_1_101' title="bbox 140 5466 1793 5539">
    <p class='ocr_par' dir='ltr' id='par_1_101' title="bbox 140 5466 1793 5539">
     <span class='ocr_line' id='line_1_102' title="bbox 140 5466 1793 5539; baseline -0.002 -15"><span class='ocrx_word' id='word_1_721' title='bbox 140 5468 257 5524; x_wconf 90' lang='lat' dir='ltr'><strong>bus</strong></span> <span class='ocrx_word' id='word_1_722' title='bbox 289 5484 437 5539; x_wconf 92' lang='lat' dir='ltr'><strong>opus</strong></span> <span class='ocrx_word' id='word_1_723' title='bbox 472 5467 685 5522; x_wconf 88' lang='lat' dir='ltr'><strong>habent</strong></span> <span class='ocrx_word' id='word_1_724' title='bbox 712 5471 811 5521; x_wconf 88' lang='lat' dir='ltr'><strong>aut</strong></span> <span class='ocrx_word' id='word_1_725' title='bbox 839 5483 941 5537; x_wconf 89' lang='lat' dir='ltr'><strong>per</strong></span> <span class='ocrx_word' id='word_1_726' title='bbox 966 5482 1024 5520; x_wconf 92' lang='lat' dir='ltr'><strong>se</strong></span> <span class='ocrx_word' id='word_1_727' title='bbox 1053 5466 1224 5537; x_wconf 89' lang='lat' dir='ltr'><strong>ipsos,</strong></span> <span class='ocrx_word' id='word_1_728' title='bbox 1252 5472 1349 5521; x_wconf 91' lang='lat' dir='ltr'><strong>aut</strong></span> <span class='ocrx_word' id='word_1_729' title='bbox 1380 5483 1485 5537; x_wconf 91' lang='lat' dir='ltr'><strong>per</strong></span> <span class='ocrx_word' id='word_1_730' title='bbox 1522 5466 1793 5520; x_wconf 88' lang='lat' dir='ltr'><strong>interme-</strong></span> 
     </span>
    </p>
   </div>
   <div class='ocr_carea' id='block_1_102' title="bbox 142 5558 1799 5631">
    <p class='ocr_par' dir='ltr' id='par_1_102' title="bbox 142 5558 1799 5631">
     <span class='ocr_line' id='line_1_103' title="bbox 142 5558 1799 5631; baseline -0.002 -14"><span class='ocrx_word' id='word_1_731' title='bbox 142 5563 307 5618; x_wconf 88' lang='lat' dir='ltr'><strong>diam</strong></span> <span class='ocrx_word' id='word_1_732' title='bbox 355 5564 517 5615; x_wconf 90' lang='lat' dir='ltr'><strong>tuam</strong></span> <span class='ocrx_word' id='word_1_733' title='bbox 559 5558 997 5629; x_wconf 87' lang='lat' dir='ltr'><strong>beatitudinem,</strong></span> <span class='ocrx_word' id='word_1_734' title='bbox 1045 5559 1236 5631; x_wconf 83' lang='lat' dir='ltr'><strong>sicque</strong></span> <span class='ocrx_word' id='word_1_735' title='bbox 1290 5558 1502 5630; x_wconf 86' lang='lat' dir='ltr'><strong>perfrui</strong></span> <span class='ocrx_word' id='word_1_736' title='bbox 1536 5559 1689 5629; x_wconf 88' lang='lat' dir='ltr'><strong>justa</strong></span> <span class='ocrx_word' id='word_1_737' title='bbox 1742 5563 1799 5613; x_wconf 88' lang='lat' dir='ltr'><strong>et</strong></span> 
     </span>
    </p>
   </div>
   <div class='ocr_carea' id='block_1_103' title="bbox 142 5652 1797 5726">
    <p class='ocr_par' dir='ltr' id='par_1_103' title="bbox 142 5652 1797 5726">
     <span class='ocr_line' id='line_1_104' title="bbox 142 5652 1797 5726; baseline -0.003 -16"><span class='ocrx_word' id='word_1_738' title='bbox 142 5654 579 5726; x_wconf 87' lang='lat' dir='ltr'><strong>compendiaria</strong></span> <span class='ocrx_word' id='word_1_739' title='bbox 616 5658 810 5707; x_wconf 86' lang='lat' dir='ltr'><strong>nostra</strong></span> <span class='ocrx_word' id='word_1_740' title='bbox 836 5668 976 5724; x_wconf 86' lang='lat' dir='ltr'><strong>ope;</strong></span> <span class='ocrx_word' id='word_1_741' title='bbox 1015 5653 1064 5707; x_wconf 92' lang='lat' dir='ltr'><strong>si</strong></span> <span class='ocrx_word' id='word_1_742' title='bbox 1093 5652 1246 5707; x_wconf 89' lang='lat' dir='ltr'><strong>enim</strong></span> <span class='ocrx_word' id='word_1_743' title='bbox 1275 5652 1565 5723; x_wconf 85' lang='lat' dir='ltr'><strong>quidpiam</strong></span> <span class='ocrx_word' id='word_1_744' title='bbox 1600 5665 1797 5705; x_wconf 89' lang='lat' dir='ltr'><strong>eorum</strong></span> 
     </span>
    </p>
   </div>
   <div class='ocr_carea' id='block_1_104' title="bbox 142 5743 1795 5821">
    <p class='ocr_par' dir='ltr' id='par_1_104' title="bbox 142 5743 1795 5821">
     <span class='ocr_line' id='line_1_105' title="bbox 142 5743 1795 5821; baseline -0.004 -19"><span class='ocrx_word' id='word_1_745' title='bbox 142 5764 283 5821; x_wconf 86' lang='lat' dir='ltr'><strong>quae</strong></span> <span class='ocrx_word' id='word_1_746' title='bbox 317 5747 391 5801; x_wconf 89' lang='lat' dir='ltr'><strong>ad</strong></span> <span class='ocrx_word' id='word_1_747' title='bbox 429 5764 532 5801; x_wconf 90' lang='lat' dir='ltr'><strong>nos</strong></span> <span class='ocrx_word' id='word_1_748' title='bbox 564 5746 738 5801; x_wconf 88' lang='lat' dir='ltr'><strong>relata</strong></span> <span class='ocrx_word' id='word_1_749' title='bbox 772 5746 1007 5800; x_wconf 84' lang='lat' dir='ltr'><strong>fuerunt</strong></span> <span class='ocrx_word' id='word_1_750' title='bbox 1046 5746 1155 5799; x_wconf 81' lang='lat' dir='ltr'><strong>tale</strong></span> <span class='ocrx_word' id='word_1_751' title='bbox 1187 5744 1348 5799; x_wconf 91' lang='lat' dir='ltr'><strong>nobis</strong></span> <span class='ocrx_word' id='word_1_752' title='bbox 1385 5743 1569 5800; x_wconf 90' lang='lat' dir='ltr'><strong>visum</strong></span> <span class='ocrx_word' id='word_1_753' title='bbox 1603 5743 1795 5810; x_wconf 88' lang='lat' dir='ltr'><strong>fuerit,</strong></span> 
     </span>
    </p>
   </div>
   <div class='ocr_carea' id='block_1_105' title="bbox 141 5836 1802 5916">
    <p class='ocr_par' dir='ltr' id='par_1_105' title="bbox 141 5836 1802 5916">
     <span class='ocr_line' id='line_1_106' title="bbox 141 5836 1802 5916; baseline -0.004 -18"><span class='ocrx_word' id='word_1_754' title='bbox 141 5846 215 5899; x_wconf 88' lang='lat' dir='ltr'><strong>ut</strong></span> <span class='ocrx_word' id='word_1_755' title='bbox 240 5840 502 5916; x_wconf 88' lang='lat' dir='ltr'><strong>indigeat</strong></span> <span class='ocrx_word' id='word_1_756' title='bbox 530 5840 782 5915; x_wconf 88' lang='lat' dir='ltr'><strong>ipsorum</strong></span> <span class='ocrx_word' id='word_1_757' title='bbox 824 5838 938 5896; x_wconf 90' lang='lat' dir='ltr'><strong>Deo</strong></span> <span class='ocrx_word' id='word_1_758' title='bbox 980 5836 1504 5897; x_wconf 85' lang='lat' dir='ltr'><strong>amantissimorum</strong></span> <span class='ocrx_word' id='word_1_759' title='bbox 1547 5836 1802 5894; x_wconf 85' lang='lat' dir='ltr'><strong>sacerdo-</strong></span> 
     </span>
    </p>
   </div>
   <div class='ocr_carea' id='block_1_106' title="bbox 1889 4629 3514 4701">
    <p class='ocr_par' dir='ltr' id='par_1_106' title="bbox 1889 4629 3514 4701">
     <span class='ocr_line' id='line_1_107' title="bbox 1889 4629 3514 4701; baseline 0.001 -17"><span class='ocrx_word' id='word_1_760' title='bbox 1889 4633 2080 4684; x_wconf 90' lang='lat' dir='ltr'><strong>autem</strong></span> <span class='ocrx_word' id='word_1_761' title='bbox 2112 4629 2171 4683; x_wconf 90' lang='lat' dir='ltr'><strong>in</strong></span> <span class='ocrx_word' id='word_1_762' title='bbox 2195 4629 2544 4684; x_wconf 90' lang='lat' dir='ltr'><strong>monasterio</strong></span> <span class='ocrx_word' id='word_1_763' title='bbox 2561 4644 2814 4696; x_wconf 90' lang='lat' dir='ltr'><strong>manere,</strong></span> <span class='ocrx_word' id='word_1_764' title='bbox 2834 4629 2912 4683; x_wconf 89' lang='lat' dir='ltr'><strong>ita</strong></span> <span class='ocrx_word' id='word_1_765' title='bbox 2936 4631 2998 4682; x_wconf 90' lang='lat' dir='ltr'><strong>ut</strong></span> <span class='ocrx_word' id='word_1_766' title='bbox 3023 4644 3112 4683; x_wconf 91' lang='lat' dir='ltr'><strong>res</strong></span> <span class='ocrx_word' id='word_1_767' title='bbox 3138 4629 3288 4701; x_wconf 90' lang='lat' dir='ltr'><strong>ipius</strong></span> <span class='ocrx_word' id='word_1_768' title='bbox 3318 4647 3514 4685; x_wconf 85' lang='lat' dir='ltr'><strong>mona-</strong></span> 
     </span>
    </p>
   </div>
   <div class='ocr_carea' id='block_1_107' title="bbox 1890 4721 3522 4795">
    <p class='ocr_par' dir='ltr' id='par_1_107' title="bbox 1890 4721 3522 4795">
     <span class='ocr_line' id='line_1_108' title="bbox 1890 4721 3522 4795; baseline 0.001 -18"><span class='ocrx_word' id='word_1_769' title='bbox 1890 4722 2047 4777; x_wconf 89' lang='lat' dir='ltr'><strong>sterii</strong></span> <span class='ocrx_word' id='word_1_770' title='bbox 2092 4722 2330 4777; x_wconf 89' lang='lat' dir='ltr'><strong>mobiles</strong></span> <span class='ocrx_word' id='word_1_771' title='bbox 2362 4728 2417 4776; x_wconf 89' lang='lat' dir='ltr'><strong>et</strong></span> <span class='ocrx_word' id='word_1_772' title='bbox 2449 4721 2789 4788; x_wconf 88' lang='lat' dir='ltr'><strong>immobiles,</strong></span> <span class='ocrx_word' id='word_1_773' title='bbox 2831 4726 2889 4775; x_wconf 90' lang='lat' dir='ltr'><strong>et</strong></span> <span class='ocrx_word' id='word_1_774' title='bbox 2917 4737 2974 4776; x_wconf 92' lang='lat' dir='ltr'><strong>se</strong></span> <span class='ocrx_word' id='word_1_775' title='bbox 3013 4727 3308 4777; x_wconf 88' lang='lat' dir='ltr'><strong>moventes</strong></span> <span class='ocrx_word' id='word_1_776' title='bbox 3335 4723 3393 4777; x_wconf 89' lang='lat' dir='ltr'><strong>hi</strong></span> <span class='ocrx_word' id='word_1_777' title='bbox 3423 4724 3522 4795; x_wconf 89' lang='lat' dir='ltr'><strong>qui</strong></span> 
     </span>
    </p>
   </div>
   <div class='ocr_carea' id='block_1_108' title="bbox 1891 4813 3519 4885">
    <p class='ocr_par' dir='ltr' id='par_1_108' title="bbox 1891 4813 3519 4885">
     <span class='ocr_line' id='line_1_109' title="bbox 1891 4813 3519 4885; baseline 0.002 -16"><span class='ocrx_word' id='word_1_778' title='bbox 1891 4819 2099 4870; x_wconf 83' lang='lat' dir='ltr'><strong>exeunt</strong></span> <span class='ocrx_word' id='word_1_779' title='bbox 2124 4831 2252 4869; x_wconf 90' lang='lat' dir='ltr'><strong>cum</strong></span> <span class='ocrx_word' id='word_1_780' title='bbox 2281 4814 2368 4868; x_wconf 89' lang='lat' dir='ltr'><strong>his</strong></span> <span class='ocrx_word' id='word_1_781' title='bbox 2400 4813 2495 4885; x_wconf 88' lang='lat' dir='ltr'><strong>qui</strong></span> <span class='ocrx_word' id='word_1_782' title='bbox 2524 4819 2779 4882; x_wconf 88' lang='lat' dir='ltr'><strong>manent,</strong></span> <span class='ocrx_word' id='word_1_783' title='bbox 2815 4829 2919 4885; x_wconf 88' lang='lat' dir='ltr'><strong>pro</strong></span> <span class='ocrx_word' id='word_1_784' title='bbox 2948 4819 3072 4869; x_wconf 87' lang='lat' dir='ltr'><strong>rata</strong></span> <span class='ocrx_word' id='word_1_785' title='bbox 3103 4814 3377 4870; x_wconf 89' lang='lat' dir='ltr'><strong>dividant.</strong></span> <span class='ocrx_word' id='word_1_786' title='bbox 3415 4818 3519 4873; x_wconf 80' lang='lat' dir='ltr'><strong>Ne-</strong></span> 
     </span>
    </p>
   </div>
   <div class='ocr_carea' id='block_1_109' title="bbox 1891 4904 3524 4981">
    <p class='ocr_par' dir='ltr' id='par_1_109' title="bbox 1891 4904 3524 4981">
     <span class='ocr_line' id='line_1_110' title="bbox 1891 4904 3524 4981; baseline 0.002 -18"><span class='ocrx_word' id='word_1_787' title='bbox 1891 4908 2142 4963; x_wconf 87' lang='lat' dir='ltr'><strong>cessariis</strong></span> <span class='ocrx_word' id='word_1_788' title='bbox 2166 4910 2355 4962; x_wconf 88' lang='lat' dir='ltr'><strong>autem</strong></span> <span class='ocrx_word' id='word_1_789' title='bbox 2381 4904 2669 4978; x_wconf 88' lang='lat' dir='ltr'><strong>responsis</strong></span> <span class='ocrx_word' id='word_1_790' title='bbox 2690 4907 2838 4977; x_wconf 91' lang='lat' dir='ltr'><strong>apud</strong></span> <span class='ocrx_word' id='word_1_791' title='bbox 2864 4924 2922 4963; x_wconf 92' lang='lat' dir='ltr'><strong>se</strong></span> <span class='ocrx_word' id='word_1_792' title='bbox 2951 4907 3279 4980; x_wconf 86' lang='lat' dir='ltr'><strong>degentium</strong></span> <span class='ocrx_word' id='word_1_793' title='bbox 3305 4927 3524 4981; x_wconf 43' lang='lat' dir='ltr'><strong>separa:</strong></span> 
     </span>
    </p>
   </div>
   <div class='ocr_carea' id='block_1_110' title="bbox 1894 5000 3521 5069">
    <p class='ocr_par' dir='ltr' id='par_1_110' title="bbox 1894 5000 3521 5069">
     <span class='ocr_line' id='line_1_111' title="bbox 1894 5000 3521 5069; baseline 0.002 -14"><span class='ocrx_word' id='word_1_794' title='bbox 1894 5003 1999 5057; x_wconf 89' lang='lat' dir='ltr'><strong>tim</strong></span> <span class='ocrx_word' id='word_1_795' title='bbox 2052 5000 2382 5069; x_wconf 90' lang='lat' dir='ltr'><strong>mulierum,</strong></span> <span class='ocrx_word' id='word_1_796' title='bbox 2432 5017 2609 5054; x_wconf 88' lang='lat' dir='ltr'><strong>unum</strong></span> <span class='ocrx_word' id='word_1_797' title='bbox 2654 5016 2852 5055; x_wconf 91' lang='lat' dir='ltr'><strong>senem</strong></span> <span class='ocrx_word' id='word_1_798' title='bbox 2895 5017 2928 5054; x_wconf 93' lang='lat' dir='ltr'><strong>a</strong></span> <span class='ocrx_word' id='word_1_799' title='bbox 2970 5004 3085 5057; x_wconf 92' lang='lat' dir='ltr'><strong>Deo</strong></span> <span class='ocrx_word' id='word_1_800' title='bbox 3125 5004 3521 5059; x_wconf 88' lang='lat' dir='ltr'><strong>amantissimo</strong></span> 
     </span>
    </p>
   </div>
   <div class='ocr_carea' id='block_1_111' title="bbox 1895 5092 3522 5167">
    <p class='ocr_par' dir='ltr' id='par_1_111' title="bbox 1895 5092 3522 5167">
     <span class='ocr_line' id='line_1_112' title="bbox 1895 5092 3522 5167; baseline 0.001 -19"><span class='ocrx_word' id='word_1_801' title='bbox 1895 5095 2156 5167; x_wconf 92' lang='lat' dir='ltr'><strong>episcopo</strong></span> <span class='ocrx_word' id='word_1_802' title='bbox 2203 5092 2444 5147; x_wconf 88' lang='lat' dir='ltr'><strong>civitatis</strong></span> <span class='ocrx_word' id='word_1_803' title='bbox 2485 5093 2781 5164; x_wconf 88' lang='lat' dir='ltr'><strong>segregari</strong></span> <span class='ocrx_word' id='word_1_804' title='bbox 2812 5111 2825 5148; x_wconf 94' lang='lat'><strong>:</strong></span> <span class='ocrx_word' id='word_1_805' title='bbox 2878 5094 2953 5148; x_wconf 91' lang='lat' dir='ltr'><strong>ad</strong></span> <span class='ocrx_word' id='word_1_806' title='bbox 2984 5095 3205 5150; x_wconf 91' lang='lat' dir='ltr'><strong>divinas</strong></span> <span class='ocrx_word' id='word_1_807' title='bbox 3229 5113 3360 5150; x_wconf 87' lang='lat' dir='ltr'><strong>vero</strong></span> <span class='ocrx_word' id='word_1_808' title='bbox 3392 5112 3522 5166; x_wconf 32' lang='lat' dir='ltr'><strong>pera</strong></span> 
     </span>
    </p>
   </div>
   <div class='ocr_carea' id='block_1_112' title="bbox 1895 5186 3525 5261">
    <p class='ocr_par' dir='ltr' id='par_1_112' title="bbox 1895 5186 3525 5261">
     <span class='ocr_line' id='line_1_113' title="bbox 1895 5186 3525 5261; baseline 0 -18"><span class='ocrx_word' id='word_1_809' title='bbox 1895 5188 2145 5261; x_wconf 87' lang='lat' dir='ltr'><strong>agendas</strong></span> <span class='ocrx_word' id='word_1_810' title='bbox 2167 5186 2424 5258; x_wconf 88' lang='lat' dir='ltr'><strong>liturgias</strong></span> <span class='ocrx_word' id='word_1_811' title='bbox 2452 5191 2509 5241; x_wconf 91' lang='lat' dir='ltr'><strong>et</strong></span> <span class='ocrx_word' id='word_1_812' title='bbox 2529 5188 2726 5241; x_wconf 87' lang='lat' dir='ltr'><strong>sancta</strong></span> <span class='ocrx_word' id='word_1_813' title='bbox 2752 5189 3159 5243; x_wconf 87' lang='lat' dir='ltr'><strong>communione</strong></span> <span class='ocrx_word' id='word_1_814' title='bbox 3186 5187 3525 5259; x_wconf 42' lang='lat' dir='ltr'><strong>participans</strong></span> 
     </span>
    </p>
   </div>
   <div class='ocr_carea' id='block_1_113' title="bbox 1895 5279 3525 5355">
    <p class='ocr_par' dir='ltr' id='par_1_113' title="bbox 1895 5279 3525 5355">
     <span class='ocr_line' id='line_1_114' title="bbox 1895 5279 3525 5355; baseline 0 -18"><span class='ocrx_word' id='word_1_815' title='bbox 1895 5283 1996 5337; x_wconf 91' lang='lat' dir='ltr'><strong>das</strong></span> <span class='ocrx_word' id='word_1_816' title='bbox 2016 5298 2196 5336; x_wconf 89' lang='lat' dir='ltr'><strong>unum</strong></span> <span class='ocrx_word' id='word_1_817' title='bbox 2223 5280 2639 5355; x_wconf 86' lang='lat' dir='ltr'><strong>presbyterum,</strong></span> <span class='ocrx_word' id='word_1_818' title='bbox 2658 5284 2714 5335; x_wconf 89' lang='lat' dir='ltr'><strong>et</strong></span> <span class='ocrx_word' id='word_1_819' title='bbox 2737 5297 2915 5335; x_wconf 90' lang='lat' dir='ltr'><strong>unum</strong></span> <span class='ocrx_word' id='word_1_820' title='bbox 2944 5279 3245 5334; x_wconf 89' lang='lat' dir='ltr'><strong>diaconum</strong></span> <span class='ocrx_word' id='word_1_821' title='bbox 3266 5280 3525 5337; x_wconf 73' lang='lat' dir='ltr'><strong>honestae</strong></span> 
     </span>
    </p>
   </div>
   <div class='ocr_carea' id='block_1_114' title="bbox 1896 5370 3520 5445">
    <p class='ocr_par' dir='ltr' id='par_1_114' title="bbox 1896 5370 3520 5445">
     <span class='ocr_line' id='line_1_115' title="bbox 1896 5370 3520 5445; baseline 0.001 -16"><span class='ocrx_word' id='word_1_822' title='bbox 1896 5374 2025 5429; x_wconf 62' lang='lat' dir='ltr'><strong>vitae</strong></span> <span class='ocrx_word' id='word_1_823' title='bbox 2057 5372 2198 5443; x_wconf 89' lang='lat' dir='ltr'><strong>dari,</strong></span> <span class='ocrx_word' id='word_1_824' title='bbox 2249 5371 2348 5445; x_wconf 90' lang='lat' dir='ltr'><strong>qui</strong></span> <span class='ocrx_word' id='word_1_825' title='bbox 2375 5374 2496 5429; x_wconf 69' lang='lat' dir='ltr'><strong>haac</strong></span> <span class='ocrx_word' id='word_1_826' title='bbox 2525 5375 2645 5429; x_wconf 87' lang='lat' dir='ltr'><strong>sola</strong></span> <span class='ocrx_word' id='word_1_827' title='bbox 2689 5370 3013 5444; x_wconf 88' lang='lat' dir='ltr'><strong>supradicta</strong></span> <span class='ocrx_word' id='word_1_828' title='bbox 3056 5388 3224 5442; x_wconf 85' lang='lat' dir='ltr'><strong>agere</strong></span> <span class='ocrx_word' id='word_1_829' title='bbox 3257 5373 3520 5445; x_wconf 89' lang='lat' dir='ltr'><strong>debeant,</strong></span> 
     </span>
    </p>
   </div>
   <div class='ocr_carea' id='block_1_115' title="bbox 1897 5465 3523 5533">
    <p class='ocr_par' dir='ltr' id='par_1_115' title="bbox 1897 5465 3523 5533">
     <span class='ocr_line' id='line_1_116' title="bbox 1897 5465 3523 5533; baseline 0.002 -11"><span class='ocrx_word' id='word_1_830' title='bbox 1897 5485 2014 5523; x_wconf 91' lang='lat' dir='ltr'><strong>non</strong></span> <span class='ocrx_word' id='word_1_831' title='bbox 2053 5467 2226 5521; x_wconf 88' lang='lat' dir='ltr'><strong>etiam</strong></span> <span class='ocrx_word' id='word_1_832' title='bbox 2266 5468 2518 5522; x_wconf 85' lang='lat' dir='ltr'><strong>convesci</strong></span> <span class='ocrx_word' id='word_1_833' title='bbox 2562 5471 2618 5521; x_wconf 89' lang='lat' dir='ltr'><strong>et</strong></span> <span class='ocrx_word' id='word_1_834' title='bbox 2662 5465 3005 5533; x_wconf 90' lang='lat' dir='ltr'><strong>conversari,</strong></span> <span class='ocrx_word' id='word_1_835' title='bbox 3051 5469 3149 5520; x_wconf 89' lang='lat' dir='ltr'><strong>aut</strong></span> <span class='ocrx_word' id='word_1_836' title='bbox 3196 5466 3523 5524; x_wconf 88' lang='lat' dir='ltr'><strong>cohabitare</strong></span> 
     </span>
    </p>
   </div>
   <div class='ocr_carea' id='block_1_116' title="bbox 1898 5554 3523 5632">
    <p class='ocr_par' dir='ltr' id='par_1_116' title="bbox 1898 5554 3523 5632">
     <span class='ocr_line' id='line_1_117' title="bbox 1898 5554 3523 5632; baseline 0.001 -16"><span class='ocrx_word' id='word_1_837' title='bbox 1898 5578 2029 5616; x_wconf 90' lang='lat' dir='ltr'><strong>cum</strong></span> <span class='ocrx_word' id='word_1_838' title='bbox 2056 5561 2208 5632; x_wconf 89' lang='lat' dir='ltr'><strong>ipsis.</strong></span> <span class='ocrx_word' id='word_1_839' title='bbox 2238 5561 2333 5615; x_wconf 89' lang='lat' dir='ltr'><strong>His</strong></span> <span class='ocrx_word' id='word_1_840' title='bbox 2361 5561 2514 5615; x_wconf 90' lang='lat' dir='ltr'><strong>enim</strong></span> <span class='ocrx_word' id='word_1_841' title='bbox 2553 5558 2801 5626; x_wconf 89' lang='lat' dir='ltr'><strong>servatis,</strong></span> <span class='ocrx_word' id='word_1_842' title='bbox 2837 5563 2895 5612; x_wconf 90' lang='lat' dir='ltr'><strong>et</strong></span> <span class='ocrx_word' id='word_1_843' title='bbox 2919 5554 3057 5629; x_wconf 89' lang='lat' dir='ltr'><strong>ipsis</strong></span> <span class='ocrx_word' id='word_1_844' title='bbox 3092 5558 3226 5615; x_wconf 80' lang='lat' dir='ltr'><strong>felix</strong></span> <span class='ocrx_word' id='word_1_845' title='bbox 3252 5561 3370 5616; x_wconf 90' lang='lat' dir='ltr'><strong>vita</strong></span> <span class='ocrx_word' id='word_1_846' title='bbox 3395 5562 3523 5631; x_wconf 91' lang='lat' dir='ltr'><strong>erit,</strong></span> 
     </span>
    </p>
   </div>
   <div class='ocr_carea' id='block_1_117' title="bbox 1898 5648 3526 5726">
    <p class='ocr_par' dir='ltr' id='par_1_117' title="bbox 1898 5648 3526 5726">
     <span class='ocr_line' id='line_1_118' title="bbox 1898 5648 3526 5726; baseline 0.001 -18"><span class='ocrx_word' id='word_1_847' title='bbox 1898 5654 1995 5726; x_wconf 89' lang='lat' dir='ltr'><strong>qui</strong></span> <span class='ocrx_word' id='word_1_848' title='bbox 2026 5654 2343 5709; x_wconf 90' lang='lat' dir='ltr'><strong>solitariam</strong></span> <span class='ocrx_word' id='word_1_849' title='bbox 2362 5654 2537 5709; x_wconf 87' lang='lat' dir='ltr'><strong>vitam</strong></span> <span class='ocrx_word' id='word_1_850' title='bbox 2558 5649 2857 5721; x_wconf 87' lang='lat' dir='ltr'><strong>elegerint,</strong></span> <span class='ocrx_word' id='word_1_851' title='bbox 2887 5648 2941 5704; x_wconf 81' lang='lat' dir='ltr'><strong>et</strong></span> <span class='ocrx_word' id='word_1_852' title='bbox 2969 5653 3294 5707; x_wconf 88' lang='lat' dir='ltr'><strong>communis</strong></span> <span class='ocrx_word' id='word_1_853' title='bbox 3316 5661 3526 5711; x_wconf 70' lang='lat' dir='ltr'><strong>nostras</strong></span> 
     </span>
    </p>
   </div>
   <div class='ocr_carea' id='block_1_118' title="bbox 1899 5743 3530 5819">
    <p class='ocr_par' dir='ltr' id='par_1_118' title="bbox 1899 5743 3530 5819">
     <span class='ocr_line' id='line_1_119' title="bbox 1899 5743 3530 5819; baseline 0.002 -19"><span class='ocrx_word' id='word_1_854' title='bbox 1899 5747 2279 5819; x_wconf 69' lang='lat' dir='ltr'><strong>reipubliqum</strong></span> <span class='ocrx_word' id='word_1_855' title='bbox 2298 5764 2388 5802; x_wconf 89' lang='lat' dir='ltr'><strong>res</strong></span> <span class='ocrx_word' id='word_1_856' title='bbox 2408 5743 2750 5818; x_wconf 87' lang='lat' dir='ltr'><strong>paratiorem</strong></span> <span class='ocrx_word' id='word_1_857' title='bbox 2778 5750 3201 5816; x_wconf 88' lang='lat' dir='ltr'><strong>consequentur</strong></span> <span class='ocrx_word' id='word_1_858' title='bbox 3217 5763 3250 5801; x_wconf 90' lang='lat' dir='ltr'><strong>a</strong></span> <span class='ocrx_word' id='word_1_859' title='bbox 3280 5747 3395 5801; x_wconf 90' lang='lat' dir='ltr'><strong>Deo</strong></span> <span class='ocrx_word' id='word_1_860' title='bbox 3421 5749 3530 5805; x_wconf 82' lang='lat' dir='ltr'><strong>cle-</strong></span> 
     </span>
    </p>
   </div>
   <div class='ocr_carea' id='block_1_119' title="bbox 1900 5837 3529 5920">
    <p class='ocr_par' dir='ltr' id='par_1_119' title="bbox 1900 5837 3529 5920">
     <span class='ocr_line' id='line_1_120' title="bbox 1900 5837 3529 5920; baseline 0.003 -26"><span class='ocrx_word' id='word_1_861' title='bbox 1900 5838 2261 5898; x_wconf 87' lang='lat' dir='ltr'><strong>mentissimo</strong></span> <span class='ocrx_word' id='word_1_862' title='bbox 2291 5857 2476 5920; x_wconf 85' lang='lat' dir='ltr'><strong>Opem.</strong></span> <span class='ocrx_word' id='word_1_863' title='bbox 2522 5838 2658 5905; x_wconf 63' lang='lat' dir='ltr'><strong>Quae</strong></span> <span class='ocrx_word' id='word_1_864' title='bbox 2709 5837 2887 5912; x_wconf 84' lang='lat' dir='ltr'><strong>igitur</strong></span> <span class='ocrx_word' id='word_1_865' title='bbox 2924 5855 3095 5913; x_wconf 90' lang='lat' dir='ltr'><strong>super</strong></span> <span class='ocrx_word' id='word_1_866' title='bbox 3133 5839 3529 5901; x_wconf 78' lang='lat' dir='ltr'><strong>communibus</strong></span> 
     </span>
    </p>
   </div>
  </div>
