4032 6232
561 284 693 337 1059

1694 270 1949 326 ΞᾹῖΟΗΙᾸ
1989 269 2179 325 SEXTI
2219 270 2771 327 SUPPLEMENTUM.

3786 268 3920 325 t060

555 390 725 444 rebus
748 392 804 441 et
828 401 980 441 nunc
1024 388 1178 438 recte
1227 378 1437 436 habere
1485 376 1949 443 existimavimus,
1983 376 2181 447 hujus-
2206 389 2264 461 Α
2284 378 2420 432 teris
2447 394 2632 448 neque
2675 375 3161 431 reverendissimis
3191 373 3460 443 diaconis,
3492 379 3591 430 aut
3618 375 3918 430 subdiaco-

556 481 714 537 modi
741 485 890 535 sunt.
920 477 1033 534 Sed
1076 480 1133 530 et
1158 472 1504 530 credidimus
1530 487 1644 525 non
1674 485 1906 540 parvam
1936 468 2073 524 hinc
2100 468 2180 523 vi-

555 592 682 630 sum
713 574 781 627 iri
806 571 1059 626 additam
1100 583 1222 622 esse
1254 566 1343 619 his
1371 581 1437 618 ex
1467 562 1655 618 divina
1684 567 1881 617 nostra
1910 561 2180 616 constitu-

557 668 713 722 tione
743 665 1066 720 utilitatem.

626 760 656 831 ἕ
687 764 734 813 l.
764 758 870 813 Sed
892 759 948 810 et
982 749 1379 808 observatione
1409 753 1471 803 et
1507 749 1727 831 cautela
1757 746 2013 819 diligenti
2042 762 2183 818 opus

554 858 656 922 est,
678 868 749 905 ne
775 851 892 904 ullo
912 845 1080 901 modo
1106 846 1521 915 praetereantur
1536 842 1677 895 haec.
1698 841 1857 906 Quod
1880 857 1994 894 non
2020 839 2184 893 aliter

554 946 865 1013 continget,
895 954 1066 1010 quam
1087 936 1135 991 si
1156 937 1271 991 Deo
1299 934 1673 989 amantissimi
1696 933 1970 1004 cujusque
1989 932 2183 987 civita-

551 1038 622 1093 tis
634 1032 881 1107 episc0pi
899 1029 1203 1101 inspiciant
1214 1027 1517 1099 diligenter
1530 1026 1956 1081 monachorum
1973 1024 2181 1095 degen-

552 1132 697 1184 tium
726 1127 787 1180 in
814 1121 1177 1180 monasteriis
1202 1120 1305 1175 sub
1332 1137 1434 1174 sua
1460 1135 1597 1174 cura
1624 1118 1918 1184 ordinatis,
1942 1133 2175 1171 conver-

550 1221 831 1284 sationes;
876 1220 933 1269 et
983 1215 1029 1269 si
1081 1213 1218 1285 quid
1264 1212 1543 1279 senserint
1593 1210 1921 1282 hujusmodi
1967 1210 2175 1280 lapsus,

551 1312 814 1369 omnibus
840 1308 1024 1363 modis
1051 1310 1413 1377 compescant
1434 1305 1544 1358 tale
1572 1304 1828 1374 ipsorum
1848 1302 2175 1372 inceptum;

550 1411 606 1461 et
632 1403 812 1476 pcenis
833 1400 1137 1471 subjiciant
1164 1415 1262 1452 eos
1284 1397 1381 1467 qui
1410 1401 1539 1468 post
1562 1400 1816 1451 nostram
1836 1393 2176 1467 prohibitio-

549 1515 687 1553 nem
712 1497 897 1551 adhuc
918 1494 1053 1548 talia
1068 1493 1397 1564 perpetrant
1414 1507 1431 1558 ;
1450 1492 1508 1543 et
1522 1494 1729 1561 cogant
1747 1492 1807 1542 ut
1835 1503 2033 1542 eorum
2048 1502 2178 1541 con-

546 1589 901 1647 versationes
931 1587 1045 1640 sint
1080 1600 1255 1656 purae,
1302 1588 1359 1637 et
1400 1585 1678 1653 separatae
1714 1581 1784 1635 ab
1832 1580 1992 1636 omni
2018 1596 2172 1634 com-

2284 466 2371 521 nis
2399 466 2624 537 nuptias
2650 465 2980 520 contrahere
2999 470 3125 535 post
3142 464 3472 534 hujusmodi
3502 464 3918 518 ordinationem

2282 558 2763 630 permittentibus,
2793 558 2889 612 sed
2931 557 3066 611 solis
3108 555 3590 611 reverendissimis
3626 556 3822 627 psaltis
3864 564 3921 611 et

2280 652 2585 707 lectoribus
2614 651 2670 706 id
2714 650 3168 718 concedentibus,
3210 649 3719 704 animadvertimus
3748 666 3915 720 quos-

2281 745 2409 800 dam
2441 744 2809 815 despicientes
2835 744 3064 815 quidem
3091 758 3275 797 sacros
3301 758 3545 797 canones
3573 759 3782 814 pueros
3810 759 3913 796 au-

2283 841 2398 893 tem
2434 841 2773 909 generantes
2813 853 2879 891 ex
2916 835 3257 907 quibusdam
3302 834 3658 904 mulieribus,
3707 835 3918 907 quibus

2281 930 2552 1003 conjungi
2577 929 2886 985 secundum
2907 927 3308 983 sacerdotalem
3330 944 3625 983 censuram
3645 944 3764 983 non
3789 944 3919 999 pos-

2279 1030 2430 1080 sunt.
2474 1023 2757 1089 Quoniam
2791 1022 2970 1094 igitur
3002 1038 3168 1092 poma
3208 1020 3474 1075 facinoris
3503 1021 3669 1092 hujus
3695 1021 3760 1075 in
3795 1023 3918 1076 sola

2278 1118 2575 1176 sacerdotii
2599 1120 2723 1172 erat
2745 1115 3067 1183 amissione,
3098 1130 3281 1169 sacros
3308 1117 3500 1169 autem
3524 1131 3769 1169 canones
3798 1132 3918 1170 non

2279 1213 2467 1268 minus
2494 1227 2665 1287 quam
2706 1210 2880 1281 leges,
2911 1208 3114 1275 valere,
3144 1207 3316 1262 etiam
3348 1209 3559 1261 nostrae
3602 1207 3804 1263 volunt
3829 1210 3914 1262 le-

2279 1322 2398 1377 ges,
2443 1305 2724 1359 sancimus
2756 1301 3011 1356 obtinere
3048 1300 3108 1354 in
3151 1299 3262 1354 illis
3300 1304 3357 1354 et
3395 1290 3523 1371 quae
3579 1301 3753 1355 sacris
3798 1300 3917 1356 visa

2277 1402 2410 1453 sunt
2445 1396 2771 1463 canonibus,
2814 1394 3049 1467 perinde
3091 1411 3155 1449 ac
3189 1394 3235 1447 si
3270 1394 3521 1448 civilibus
3567 1394 3912 1465 inscriptum

2276 1494 2421 1547 esset
2448 1490 2702 1562 legibus;
2726 1493 2784 1543 et
2818 1503 3017 1542 omnes
3044 1486 3358 1543 istiusmodi
3379 1486 3638 1541 homines
3660 1491 3778 1542 tam
3820 1504 3914 1542 sa-

2275 1584 2522 1639 cerdotio
2548 1599 2721 1654 quam
2745 1580 2934 1637 divino
2972 1580 3307 1649 ministerio,
3331 1583 3499 1651 atque
3525 1580 3699 1634 etiam
3727 1579 3917 1651 digni-

545 1682 761 1740 mercio
784 1678 1068 1736 muliebri.
1088 1678 1230 1731 Nam
1248 1675 1453 1747 etipsis
1473 1675 1588 1729 Deo
1606 1673 2014 1729 amantissimis
2033 1672 2177 1743 epis-
2272 1681 2387 1732 tate
2416 1676 2537 1747 ipsa
2560 1691 2731 1746 quam
2751 1674 2963 1729 habent
2984 1672 3203 1728 nudari.
3232 1671 3730 1737 Quemadmodum
3753 1672 3913 1727 enim

546 1776 722 1848 copis,
752 1774 797 1829 si
829 1775 937 1827 hoc
974 1774 1125 1826 recte
1153 1768 1433 1824 mstimare
1464 1767 1764 1832 voluerint,
1807 1765 2174 1836 perspicuum
2196 1753 2251 1825 Β
2275 1769 2442 1824 sacris
2477 1767 2784 1823 canonibus
2825 1766 3115 1838 prohibita
3147 1770 3281 1820 sunt
3322 1765 3475 1831 talia,
3511 1763 3591 1819 sic
3618 1770 3675 1821 et
3700 1782 3911 1820 secun-

546 1875 632 1925 est
661 1867 809 1940 quod
845 1883 909 1920 ex
940 1862 1337 1918 observatione
1375 1860 1625 1914 honestat
1669 1858 1838 1928 hujus
1885 1856 2172 1912 devotissi-

543 1978 775 2017 morum
803 1957 1216 2013 monachorum
1244 1951 1714 2018 conversationis,
1737 1954 1793 2005 et
1812 1950 1859 2004 si
1886 1950 1966 2005 eis
1992 1951 2172 2004 conti-

546 2054 696 2126 gerit
735 2051 875 2106 nihil
907 2049 1196 2115 indecens,
1230 2051 1331 2101 aut
1358 2045 1726 2099 inhonestum
1753 2043 2029 2112 accidere,
2061 2043 2172 2098 cle-

544 2162 710 2202 mens
734 2147 880 2200 Deus
909 2140 1191 2214 propitius
1222 2156 1312 2194 res
1339 2153 1674 2192 communes
1721 2141 1927 2191 nostrae
1960 2135 2170 2206 Reipu-

540 2240 703 2295 blicae
730 2235 1087 2291 secundabit.

608 2332 643 2404 ἓ
669 2334 721 2385 2.
756 2329 870 2386 Sed
900 2345 972 2382 ne
1003 2328 1088 2381 vel
1117 2325 1222 2396 ipsi
1251 2325 1366 2379 Deo
1394 2322 1765 2376 amantissimi
1794 2321 2042 2393 episcOpi
2075 2338 2169 2374 su-

538 2437 889 2499 pervacuum
922 2419 1132 2474 ducant
1155 2419 1265 2472 hoc
1297 2419 1558 2471 nostrum
1590 2418 1964 2486 przeeeptuin,
2005 2430 2169 2468 nosse

536 2522 689 2594 ipsos
714 2516 994 2580 volumus,
1023 2510 1177 2582 quod
1208 2509 1252 2563 si
1289 2509 1414 2579 quis
1452 2509 1708 2579 ipsorum
1738 2507 2069 2561 manifestus
2099 2508 2171 2561 sit

537 2629 656 2668 non
685 2625 816 2663 cum
838 2605 993 2661 omni
1022 2601 1319 2673 diligentia
1347 2601 1469 2654 hsce
1500 2600 1863 2670 investigare,
1914 2602 2012 2654 aut
2044 2616 2167 2654 ma-

536 2705 808 2760 nifestum
846 2700 1069 2769 lapsum
1099 2712 1211 2749 non
1258 2692 1575 2747 secundum
1623 2693 1925 2763 przedictos
1967 2692 2168 2747 modos

538 2795 862 2857 emendare,
878 2788 1152 2845 obnoxius
1172 2786 1408 2859 quidem
1438 2786 1546 2840 erit
1558 2784 1775 2855 judicio
1789 2785 2017 2839 Domini
2042 2785 2164 2853 Dei,

534 2895 595 2945 et
622 2886 854 2943 nuncin
878 2884 1067 2954 ipsum
1088 2881 1277 2934 veniet
1303 2878 1526 2949 imperii
1550 2878 1729 2932 nostri
1744 2877 2083 2948 indignatio,
2109 2880 2168 2931 et

534 2981 684 3036 circa
719 2978 907 3050 ipsum
946 2971 1361 3045 periclitabitur
1399 2968 1798 3036 sacerdotium,
1838 2984 2022 3040 neque
2051 2970 2165 3023 alia

532 3074 748 3143 majore
766 3085 906 3140 opus
933 3066 1041 3121 erit
1064 3063 1487 3135 indignatione.
1517 3092 1584 3100 —
1609 3060 1640 3133 §
1661 3065 1711 3116 3.
1742 3062 1857 3115 Tua
1884 3062 2061 3131 igitur
2076 3078 2165 3115 ex-

532 3164 798 3222 cellentia
841 3159 1092 3215 divinam
1143 3160 1399 3211 nostram
1449 3155 1597 3208 hanc
1640 3154 1783 3223 legis
1825 3153 2161 3224 positionem

530 3255 893 3311 manifestam
957 3250 1123 3303 faciat
1164 3247 1553 3318 cujuscunque
1606 3246 1995 3315 metropoleos
2048 3248 2162 3300 Deo

529 3344 931 3403 amantissimis
999 3340 1291 3412 spiscopis,
1333 3344 1389 3393 et
1431 3336 1760 3391 clarissimis
1826 3337 2163 3408 praesidibus

527 3437 984 3515 provinciarum:
1003 3433 1217 3488 addens
1230 3433 1421 3498 ethoc,
1443 3430 1594 3501 quod
1612 3435 1669 3484 et
1692 3429 1819 3500 ipsi,
1837 3431 1883 3484 si
1905 3447 2048 3501 opus
2065 3430 2159 3498 sit,

528 3549 705 3590 omne
730 3532 921 3585 ferant
949 3526 1223 3582 auxilium
1254 3523 1524 3596 piissimis
1549 3522 1840 3577 civitatum
1860 3523 2156 3594 episc0pis,

526 3626 601 3682 ad
612 3622 942 3695 hujusmodi
962 3618 1189 3692 [lapsus]
1217 3616 1551 3683 coercenda,
1572 3632 1701 3686 quae
1715 3616 1836 3670 tolli
1848 3615 2154 3687 jussimus;

526 3724 585 3774 et
608 3718 655 3772 si
680 3734 795 3788 qua
838 3711 1195 3786 negligentia
1224 3727 1319 3764 eos
1347 3727 1473 3764 usos
1500 3726 1618 3763 esse
1647 3708 1993 3778 invenerint,
2027 3726 2154 3764 ma-

523 3811 791 3866 nifestam
809 3823 937 3863 eam
961 3806 1124 3860 nobis
1144 3803 1372 3876 proprio
1387 3801 1598 3856 facient
1618 3801 1854 3872 indicio,
1876 3805 1941 3856 ut
1959 3802 2156 3873 utique

523 3920 730 3960 omnes
764 3903 1130 3971 cognoscant,
1157 3900 1213 3951 et
1235 3912 1497 3967 quasnam
1537 3894 1610 3949 ab
1644 3894 1778 3965 ipsis
1808 3895 2024 3949 servari
2054 3896 2152 3949 de-

519 3995 718 4065 beant,
748 3998 808 4048 et
829 4010 896 4047 ex
929 3989 1280 4062 negligentia
1326 3988 1618 4043 deﬁnitam
1664 4003 1914 4057 poenam.
1945 3988 2157 4042 Curent

520 4094 711 4143 autem
746 4090 803 4140 et
830 4086 946 4140 Deo
976 4082 1355 4138 amantissimi
1396 4080 1788 4151 metropolitaz,
1823 4079 2001 4134 etiam
2030 4081 2155 4135 aliis

520 4176 1012 4237 reverendissimis
1033 4176 1322 4231 civitatum
1340 4173 1619 4245 episcopis
1642 4173 1902 4243 ejusdem
1929 4174 2155 4245 provin-

516 4272 624 4337 cia:
650 4271 840 4328 facere
852 4270 1214 4326 manifestam
1231 4266 1480 4322 divinam
1503 4267 1648 4320 hanc
1667 4270 1918 4321 nostram
1932 4268 2148 4339 legem,

515 4378 574 4435 et
602 4363 941 4428 denuntiare
973 4361 1262 4430 omnibus,
1300 4364 1363 4414 ut
1389 4359 1547 4430 vigili
1582 4357 1772 4413 studio
1798 4359 1918 4414 haec
1958 4366 2147 4415 custo-

2275 1862 2411 1918 dum
2446 1866 2664 1917 nostras
2691 1860 2845 1931 leges
2874 1875 2995 1914 rem
3037 1858 3222 1930 ipsam
3253 1858 3577 1929 prohiberi;
3611 1861 3669 1914 et
3696 1865 3917 1931 praeter

2272 1956 2652 2027 supradictam
2671 1952 2969 2008 excidendi
2988 1969 3019 2005 a
3051 1950 3366 2006 ministerio
3393 1968 3639 2023 poenam,
3670 1971 3741 2008 ne
3768 1934 3919 2027 legi-

2272 2049 2440 2103 timos
2466 2047 2699 2119 quidem
2723 2049 2781 2100 et
2805 2044 3063 2117 proprios
3089 2060 3208 2099 esse
3229 2060 3325 2099 eos
3349 2044 3447 2116 qui
3478 2062 3547 2100 ex
3576 2045 3917 2116 hujusmodi

2270 2140 2600 2196 inordinata
2624 2136 3086 2209 constupratione
3111 2141 3444 2205 nascuntur,
3473 2143 3572 2192 aut
3589 2136 3705 2192 nati
3723 2145 3859 2193 sunt
3896 2156 3913 2193 :

2271 2234 2366 2288 sed
2394 2249 2517 2287 eam
2544 2248 2671 2304 qua:
2697 2247 2764 2286 ex
2785 2230 2995 2286 talibus
3022 2229 3333 2284 seminibus
3359 2231 3539 2285 oritur
3577 2231 3915 2302 participari

2269 2326 2682 2398 turpitudinem
2704 2342 2720 2394 ;
2744 2323 2882 2379 tales
2906 2323 3063 2379 enim
3089 2339 3187 2379 eos
3208 2339 3328 2378 csse
3352 2323 3727 2395 disponimus,
3756 2341 3910 2396 qua-

2270 2421 2352 2474 les
2388 2435 2528 2491 quos
2562 2417 2716 2489 leges
2757 2434 2827 2471 ex
2862 2417 3088 2471 incestis
3128 2422 3227 2471 aut
3251 2416 3479 2472 nefariis
3505 2422 3665 2471 natos
3690 2417 3917 2489 nuptiis

2269 2512 2567 2576 deﬁniunt,
2598 2511 2677 2566 ita
2704 2514 2765 2563 ut
2789 2525 2975 2580 neque
2993 2510 3275 2564 naturales
3300 2514 3397 2563 aut
3418 2510 3575 2564 nothi
3602 2526 3704 2565 seu
3722 2511 3912 2582 spurii

2267 2605 2678 2676 intelligantur,
2718 2601 2821 2656 sed
2862 2618 3095 2673 prorsus
3132 2608 3188 2656 et
3230 2603 3483 2673 undique
3528 2603 3802 2673 prohibiti
3849 2605 3913 2658 et

2267 2697 2633 2755 successionis
2660 2697 2984 2767 genitorum
3012 2694 3259 2767 indigni;
3298 2712 3360 2750 ac
3396 2712 3501 2750 nec
3530 2694 3909 2751 donationem

2265 2791 2335 2845 ab
2364 2791 2474 2845 illis
2500 2805 2697 2860 capere
2723 2787 2958 2860 possint,
2998 2804 3185 2859 neque
3229 2788 3288 2842 hi
3318 2803 3503 2858 neque
3528 2788 3736 2842 horum
3773 2805 3906 2843 ma-

2264 2889 2401 2951 tres,
2428 2899 2533 2937 nec
2562 2898 2666 2959 per
2690 2880 3055 2952 interpositas
3073 2881 3305 2952 quidem
3332 2897 3622 2952 personas,
3654 2880 3748 2934 scd
3780 2898 3910 2935 Olll-

2264 2976 2431 3030 nibus
2459 2976 2518 3029 in
2548 2975 2652 3029 hos
2680 2973 2892 3029 collatis
2913 2972 3212 3044 apatribus
3230 2972 3518 3027 beneﬁciis
3545 2973 3616 3027 ad
3644 2977 3909 3028 sanctam

2265 3067 2560 3122 ecclesiam
2586 3084 2654 3121 ex
2676 3082 2787 3138 qua
2817 3070 2947 3120 sunt
2967 3066 3066 3136 qui
3088 3066 3220 3119 talia
3240 3064 3603 3135 deliquerunt
3614 3071 3909 3120 reverten-

2262 3160 2432 3215 tibus.
2464 3160 2619 3224 Quod
2648 3160 2801 3215 enim
2834 3158 2976 3213 sacri
3005 3174 3247 3212 canones
3281 3157 3606 3229 prohibent,
3637 3157 3694 3213 id
3724 3159 3908 3214 etiam

2262 3258 2319 3307 et
2342 3269 2442 3307 nos
2468 3269 2571 3325 per
2598 3257 2818 3307 nostras
2848 3251 3144 3306 abolemus
3174 3252 3348 3322 leges.
3379 3250 3435 3305 Si
3469 3268 3602 3306 vero
3630 3252 3911 3307 simulata

2262 3346 2526 3418 quaedam
2553 3345 2821 3416 obligatio
2847 3344 2952 3399 sub
2979 3344 3166 3416 specie
3188 3344 3372 3398 mutui
3402 3344 3488 3398 vel
3506 3345 3739 3400 alterius
3769 3362 3911 3401 con-

2258 3442 2470 3493 tractus
2495 3438 2857 3493 instrumenti
2885 3438 3002 3505 ﬁat,
3045 3453 3175 3507 quae
3212 3437 3528 3507 obligatum
3560 3437 3732 3492 faciat
3761 3455 3908 3494 eum

2258 3531 2355 3603 qui
2395 3530 2721 3602 hujusmodi
2753 3530 3226 3601 constuprationis
3256 3529 3536 3601 particeps
3573 3532 3757 3586 factus
3787 3539 3902 3600 est,

2258 3623 2403 3678 hanc
2431 3624 2601 3678 etiam
2627 3623 2910 3678 inﬁrmam
2939 3638 3058 3677 esse
3084 3624 3359 3692 volumus,
3389 3628 3446 3678 et
3470 3624 3669 3679 talium
3698 3642 3905 3680 rerum

2256 3716 2547 3771 dationem
2576 3732 2690 3770 non
2720 3716 2790 3771 ad
2816 3731 2942 3771 eam
2982 3732 3286 3787 personam
3320 3716 3377 3770 in
3417 3732 3591 3788 quam
3622 3724 3905 3789 concepta

2255 3814 2388 3864 sunt
2413 3810 2638 3881 scripta,
2669 3809 2765 3864 sed
2812 3809 2882 3863 ad
2912 3808 3319 3863 sanctissimam
3367 3810 3659 3865 ecclesiam
3687 3828 3898 3882 perve~

2255 3902 2400 3957 nire.
2446 3903 2577 3956 Data
2615 3918 2683 3955 xv
2717 3900 2834 3956 Kal.
2884 3902 3043 3970 Nov.,
3084 3903 3184 3957 ΟΡ.
3227 3902 3425 3975 Lamp.
3458 3908 3516 3958 et
3559 3902 3756 3959 Oreste
3800 3922 3898 3962 vv.

2254 4010 2333 4048 cc.
2360 4011 2502 4050 coss.
2539 3997 2626 4049 38.

2894 4074 3019 4128 LEX
3063 4074 3234 4128 XLVI.

2326 4163 2480 4238 Idem
2505 4185 2793 4253 Augustus
2816 4180 3035 4236 Juliano
3064 4183 3124 4235 Ρ.
3157 4182 3218 4237 Ρ.

2322 4276 2633 4343 Sancimus,
2665 4275 2710 4329 si
2735 4274 2863 4346 quis
2893 4273 3142 4329 moriens
3171 4274 3325 4344 piam
3346 4274 3541 4330 fecerit
3567 4274 3900 4347 dispositio-

2250 4385 2383 4424 nem
2410 4369 2494 4423 vel
2525 4385 2628 4439 per
2655 4366 3025 4422 institutionis
3054 4366 3309 4433 modum,
3336 4368 3425 4422 vel
3462 4385 3566 4439 per
3602 4369 3895 4445 legatum,

515 4467 694 4533 diant,
717 4465 976 4518 verentes
1003 4453 1300 4512 deﬁnitam
1328 4468 1577 4525 pugnam.
1600 4482 1667 4491 —-—
1688 4451 1719 4525 §
1740 4453 1791 4506 4.
1819 4456 1895 4507 Ac
1921 4470 1994 4506 ne
2022 4469 2149 4524 pro-
2168 4459 2227 4533 Ι)
2249 4467 2347 4517 aut
2372 4461 2893 4527 ﬁdeicommissum,
2922 4466 3020 4514 aut
3061 4460 3263 4515 mortis
3290 4476 3460 4514 causa
3489 4460 3891 4536 donationem,

512 4555 954 4626 trahaturplena
977 4547 1292 4607 observatio
1321 4544 1524 4600 divina:
1549 4549 1760 4600 nostra:
1789 4545 1959 4616 hujus
1985 4546 2143 4617 legis,

514 4656 688 4726 atque
720 4648 889 4705 etiam
920 4662 994 4703 ne
1018 4642 1127 4715 ipsi
1153 4638 1614 4696 reverendissimi
1644 4638 1932 4707 monachi,
1967 4638 2146 4711 quiin

512 4742 816 4816 praesentia
842 4738 1249 4795 conversantur
1273 4747 1405 4791 cum
1425 4731 1767 4798 monastriis,
1786 4747 2024 4802 parvum
2047 4748 2148 4802 pu-

512 4841 639 4892 tent
664 4839 890 4905 tempus
916 4830 1020 4885 sibi
1057 4829 1179 4884 dari
1200 4827 1271 4882 ad
1296 4825 1545 4883 debitam
1579 4829 1635 4879 et
1664 4824 1980 4895 injunctam
2010 4824 2146 4895 ipsis

511 4926 933 5006 separatiouem
961 4921 1295 4987 faciendam,
1326 4918 1533 4972 annale
1552 4917 1690 4988 ipsis
1719 4917 2025 4973 deﬁnimus
2041 4917 2144 4971 de-

510 5027 731 5080 cretum
759 5018 830 5073 ab
856 5034 922 5071 eo
959 5015 1094 5086 [die]
1127 5030 1240 5085 quo
1274 5011 1582 5067 manifesta
1616 5011 1804 5065 divina
1828 5013 2025 5066 nostra
2056 5011 2143 5065 lex

511 5117 635 5174 haec
659 5115 808 5173 facta
838 5109 1027 5175 fuerit,
1056 5108 1138 5161 ita
1165 5110 1229 5161 ut
1253 5109 1380 5177 post
1398 5104 1540 5159 anni
1576 5104 1940 5171 curriculum,
1969 5104 2014 5158 si
2040 5123 2140 5177 ap-

509 5209 751 5279 pareant
777 5220 845 5259 ea
869 5218 997 5275 quae
1041 5199 1115 5254 ad
1161 5198 1480 5254 convictum
1531 5198 1781 5253 attinent
1824 5196 1884 5250 in
1934 5198 2140 5253 eodem

509 5315 747 5356 manere
781 5296 1094 5360 schemate,
1124 5292 1284 5347 locus
1312 5292 1384 5345 sit
1415 5291 1752 5346 omnimodo
1796 5291 2025 5345 insertis
2056 5291 2139 5346 di-

506 5394 655 5447 vinas
688 5389 819 5445 huic
848 5389 1055 5441 nostrae
1094 5386 1208 5457 legi
1244 5385 1446 5457 poenis.
1476 5385 1680 5438 Datum
1709 5399 1777 5438 xv
1806 5383 1929 5437 Kal.
1984 5384 2138 5451 Feb.,

506 5485 636 5553 CP.,
661 5482 831 5537 Decio
856 5495 910 5532 v.
939 5494 987 5531 c.
1019 5495 1160 5534 coss.
1190 5482 1312 5534 5'29.
1984 5467 1989 5471 ’

1176 5572 1300 5626 LEX
1326 5572 1473 5626 XLV.

571 5668 735 5725 Idem
762 5664 1058 5729 Augustus
1079 5662 1302 5719 Juliano
1330 5666 1392 5720 P.
1424 5666 1485 5719 P.

567 5755 756 5817 Sacris
783 5750 1101 5807 canonibus
1127 5772 1312 5833 neque
1340 5758 1454 5815 Deo
1473 5753 1881 5811 amantissimis
1908 5751 2140 5829 presby-

2247 4555 2334 4610 vel
2361 4554 2535 4609 alium
2564 4569 2961 4625 quemcunque
2990 4552 3226 4607 modum
3256 4553 3612 4625 legitimum;
3643 4556 3761 4612 sive
3790 4559 3893 4614 in-

2240 4647 2498 4718 junxerit
2522 4663 2627 4718 pro
2655 4652 2912 4717 tempore
2941 4644 3202 4717 episcopo
3230 4661 3421 4701 curam
3451 4662 3642 4718 agere,
3673 4655 3739 4705 ut
3769 4651 3891 4707 im-

2245 4741 2510 4812 pleantur
2535 4755 2663 4810 qua
2689 4738 2807 4810 ipse
2832 4739 3026 4809 voluit,
3058 4738 3173 4793 sive
3199 4744 3256 4793 et
3281 4738 3388 4794 hoc
3416 4738 3730 4812 reticuerit,
3764 4744 3895 4801 sive

2244 4833 2415 4888 etiam
2447 4832 2505 4886 in
2552 4832 2900 4887 contrarium
2936 4831 3312 4903 prohibuerit,
3350 4832 3746 4890 necessitatem
3774 4837 3892 4893 ha-

2244 4925 2380 4980 bere
2401 4925 2648 4980 haaredes
2676 4924 2731 4979 id
2761 4924 2914 4996 quod
2941 4923 3264 4980 ordinatum
3307 4928 3393 4979 est
3418 4924 3603 4981 facere
3624 4934 3681 4982 et
3702 4931 3899 4988 adim-

2244 5018 2401 5090 plere
2436 5017 2786 5072 omnimodo.
2820 5018 2982 5082 Quod
3019 5017 3065 5072 si
3100 5018 3158 5072 id
3212 5022 3411 5089 sponte
3454 5035 3571 5074 non
3609 5021 3892 5094 fecerint,

2243 5110 2537 5168 confestim
2564 5109 2669 5166 loci
2702 5111 2815 5166 Deo
2842 5110 3112 5165 amabiles
3137 5110 3446 5182 episcopos,
3476 5114 3730 5170 curiosos
3759 5134 3894 5174 esse

2243 5204 2385 5259 circa
2410 5204 2553 5271 huic,
2582 5209 2638 5258 et
2657 5203 2938 5274 postulare
2966 5206 3029 5257 ut
3056 5203 3139 5257 illi
3159 5204 3353 5259 omnio
3375 5204 3655 5275 impleant
3683 5225 3897 5267 secun-

2242 5297 2379 5352 dum
2407 5297 2754 5351 voluntatem
2801 5295 3072 5351 defuncti.
3123 5296 3227 5352 Sed
3258 5297 3302 5351 si
3342 5298 3578 5369 quidem
3626 5303 3893 5361 ecclesiae

2243 5389 2671 5444 aedificationem
2711 5388 3025 5460 injunxerit
3074 5394 3329 5459 testator,
3373 5389 3522 5445 intra
3564 5393 3891 5452 triennium

2239 5483 2449 5538 instare
2479 5499 2575 5537 eos
2611 5484 2678 5537 ut
2711 5481 3070 5552 perﬁciatur;
3096 5481 3142 5536 si
3184 5499 3316 5537 vero
3351 5486 3591 5540 xenonis
3630 5488 3887 5545 aediﬁca—

2239 5576 2473 5645 tionem,
2500 5576 2650 5629 intra
2675 5590 2857 5628 unum
2885 5591 3103 5630 annum
3128 5575 3401 5631 duntaxat
3419 5577 3478 5632 id
3496 5577 3624 5634 ﬁeri
3646 5596 3885 5653 cogere,

2238 5673 2510 5740 tanquam
2535 5666 2851 5723 sufﬁciente
2878 5672 3134 5740 tempore
3173 5669 3280 5725 hoc
3305 5671 3616 5728 constituto
3634 5673 3709 5729 ad
3739 5692 3884 5746 per-

2238 5759 2478 5818 ﬁcienda
2504 5776 2633 5836 qua
2653 5760 2989 5835 placuerunt
3008 5762 3408 5820 testatorihus:
3439 5781 3573 5822 cum
3602 5766 3677 5823 sit
3700 5771 3888 5843 possi-
