4032 6232
154 313 285 367 1061

891 310 1253 369 JI’STINIANI
1294 313 1502 368 [Εἰ]Εὸ
1537 313 1871 368 SELECTIE.
1916 312 2039 368 LIB.
2084 314 2122 377 Ι,
2165 313 2287 367 ΤῘΤ.
2330 312 2417 378 Ill,
2463 312 2587 369 LEX
2630 312 2806 369 XLVI.

3386 320 3403 376 l
3414 323 3517 376 062

147 419 284 489 bile,
302 425 360 475 et
383 421 624 475 domum
650 419 961 474 conducere
984 462 998 486 ,
1028 425 1084 475 ct
1122 420 1374 474 infirmos
1406 420 1515 475 illic
1544 420 1601 475 in
1629 421 1785 475 lectis
1807 418 1985 504 Ased
2014 418 2134 490 ipso
2170 419 2302 489 jure
2331 420 2618 475 intellecta
2656 421 2828 492 (quod
2872 421 3076 477 dicitur
3120 424 3307 495 vulgo)
3352 444 3516 483 mora

148 516 427 579 sternere,
461 514 643 567 donec
685 529 826 584 opus
864 513 1249 569 asdiﬁcationis
1277 513 1513 568 xenonis
1552 530 1653 569 seu
1681 514 1786 568 ho-

144 605 367 676 spitalis
396 606 766 676 compleatur.
796 606 857 661 Si
880 622 1012 661 vero
1051 607 1317 677 quasdam
1356 606 1477 660 dari
1514 606 1701 673 simul,
1732 612 1789 662 et

142 714 266 752 una
286 698 654 769 praestatione
670 698 729 752 in
752 698 874 769 pias
894 715 1090 753 causas
1118 698 1374 753 damnati
1398 698 1631 768 fuerint,
1655 716 1787 754 con-

141 790 337 845 festim
382 806 586 861 cogere
634 807 732 846 eos
775 791 980 859 facere,
1029 791 1137 845 hoc
1177 797 1281 859 est,
1308 793 1786 862 post,testamenti

141 883 615 952 insinuationem,
644 889 703 938 et
731 888 861 955 post
897 884 1314 954 adprehensam
1348 884 1743 938 haereditatem
1767 926 1781 954 ,

141 976 235 1030 vel
263 976 525 1048 legatum
564 976 634 1030 ab
675 976 791 1042 his,
833 976 930 1047 qui
974 977 1233 1031 honorati
1260 982 1410 1031 sunt.
1442 1006 1512 1017 -—
1537 977 1571 1048 §
1600 980 1650 1031 ί.
1682 977 1783 1031 Sin

138 1072 341 1122 autem
372 1069 662 1123 transierit
689 1068 1027 1139 praedictum
1053 1073 1303 1139 tempus,
1326 1084 1391 1122 ac
1407 1084 1594 1140 neque
1613 1069 1785 1124 eccle-

141 1160 249 1227 sia,
264 1176 457 1232 neque
480 1161 760 1232 hospitale
786 1161 1130 1216 aediﬁcatum
1156 1161 1346 1225 fuerit,
1380 1178 1568 1232 neque
1596 1162 1783 1233 hospi-

139 1253 270 1307 talis
296 1253 505 1325 aliquis
523 1252 597 1308 sit
621 1253 719 1324 qui
748 1254 856 1308 hoc
881 1254 1125 1322 ordinet,
1148 1270 1283 1308 mox
1301 1253 1455 1324 ipsos
1481 1255 1594 1309 Deo
1620 1270 1780 1308 ama-

140 1345 284 1401 biles
316 1346 614 1418 episcopos
638 1347 870 1417 exigere
899 1364 965 1401 ea
988 1363 1119 1419 quas
1146 1362 1250 1417 pro
1264 1362 1331 1401 eo
1350 1345 1609 1401 ordinata
1628 1352 1780 1415 sunt,

141 1439 282 1493 etin
310 1439 369 1493 id
395 1439 800 1494 convenienter
816 1439 1072 1510 quaesita,
1097 1444 1154 1494 et
1171 1439 1362 1493 facere
1380 1439 1783 1493 aediﬁcationes

139 1532 633 1586 sanctissimarum
664 1532 1052 1597 ecclesiarum,
1083 1536 1143 1586 et
1174 1531 1563 1602 hospitalium,
1599 1536 1656 1587 et
1682 1549 1779 1603 ge-

140 1625 658 1692 rontocomiorum,
690 1628 791 1679 aut
830 1624 1453 1695 orphanotrophiorum
1488 1641 1779 1696 praepara-

140 1718 381 1785 tionem,
413 1720 513 1771 aut
548 1717 1135 1788 ptochotrophiorum,
1184 1720 1284 1771 aut
1318 1717 1779 1772 nosocomiorum

1885 512 2258 583 praecessisse,
2287 516 2345 567 et
2373 513 2558 568 locum
2592 514 2842 568 habente
2868 515 3157 571 fructuum
3193 522 3250 572 et
3273 520 3515 577 aliarum

1886 621 2082 659 rerum
2110 606 2448 661 accessione.
2471 637 2541 646 —
2577 606 2611 678 §
2638 611 2688 661 5.
2732 608 2845 661 Hoc
2885 608 3086 663 eodem
3116 610 3426 682 obtinente,
3461 620 3517 669 et

1885 698 1932 751 si
1956 714 2072 753 non
2101 698 2172 752 ab
2198 699 2448 765 ha’rede,
2493 699 2591 754 sed
2616 718 2649 753 a
2686 700 3210 758 tideicommissario
3237 709 3336 759 aut
3358 708 3511 778 lega-

1887 791 2029 845 tario
2069 790 2331 845 relictum
2378 792 2554 846 fuerit
2599 792 2932 863 hujusmodi
2964 794 3125 863 pium
3151 796 3428 868 legatum,
3459 804 3517 854 et

1883 882 2022 938 illud
2058 883 2346 954 acceperit
2387 884 2433 938 is
2468 884 2565 955 qui
2608 885 2792 953 legato
2818 885 3135 942 honoratus
3159 892 3262 957 est,
3297 895 3355 945 et
3380 908 3515 946 mox

1885 975 2121 1045 quidem
2173 976 2465 1030 licentiam
2516 992 2637 1031 esse
2689 979 2800 1032 Deo
2843 978 3189 1034 amabilibus
3242 983 3517 1055 episcopis

1882 1083 2120 1138 poscere
2149 1069 2286 1123 tales
2314 1084 2586 1139 personas
2617 1069 2962 1139 quibusdam
3003 1072 3171 1125 rebus
3212 1074 3514 1133 honoratas

1882 1158 2068 1213 facere
2089 1159 2377 1231 disposita.
2572 1165 2580 1175 '

1953 1253 1987 1323 §
2011 1255 2062 1307 6.
2091 1252 2147 1307 Si
2171 1268 2301 1307 vero
2323 1253 2681 1324 negligentes
2700 1254 2911 1310 fuerint
2932 1256 3189 1312 locorum
3212 1259 3323 1315 Deo
3350 1278 3510 1317 ama-

1880 1344 2022 1398 biles
2048 1344 2301 1416 episcopi
2325 1346 2385 1399 id
2412 1362 2605 1417 agere,
2632 1348 2781 1402 forte
2811 1349 2999 1418 gratia
3028 1353 3280 1422 corrupti
3306 1370 3342 1408 a
3371 1356 3511 1409 scri-

1881 1437 1994 1507 ptis
2018 1436 2365 1507 haeredibus,
2395 1439 2479 1492 vel
2502 1440 2812 1509 legatariis,
2842 1441 2928 1495 vel
2955 1442 3510 1515 fideicommissariis,

1880 1530 2112 1584 licentia
2139 1530 2249 1584 erit
2268 1536 2369 1585 aut
2394 1532 2833 1603 metropolitano
2855 1535 3174 1604 provinciae,
3208 1544 3307 1593 aut
3332 1539 3514 1594 archi-

1882 1622 2152 1694 episcopo
2184 1623 2337 1678 illius
2371 1622 2696 1691 diceceseos,
2728 1626 2849 1680 haec
2877 1631 3275 1698 cognoscenti,
3322 1632 3509 1703 inqui-

1882 1735 2031 1787 rere,
2072 1725 2130 1774 et
2158 1736 2367 1791 cogere
2408 1719 2569 1791 pium
2612 1737 2756 1792 opus
2783 1726 2881 1776 aut
2922 1723 3072 1792 piam
3113 1726 3513 1783 liberalitatem

139 1809 650 1880 constructionem,
680 1814 779 1865 aut
804 1811 1156 1882 captivorum
1183 1809 1662 1881 redemptionem,
1683 1815 1782 1866 aut
1801 1804 1856 1874 Β
1881 1812 2212 1867 omnimodo
2235 1813 2493 1884 impleri;
2520 1818 2578 1868 et
2595 1813 2911 1886 cuicunque
2929 1814 3138 1872 civium
3159 1818 3311 1873 idem
3336 1822 3511 1876 etiam

141 1904 315 1958 aliam
341 1903 662 1974 quamlibet
679 1904 963 1958 actionem
993 1904 1172 1975 piam,
1204 1919 1237 1957 a
1255 1906 1525 1958 testatore
1552 1904 1777 1958 ordina-

139 2000 283 2062 tam,
314 1996 616 2066 designare
647 1996 823 2051 etiam
843 2013 944 2051 seu
963 1997 1252 2068 praeﬁcere
1273 1996 1373 2068 qui
1397 1996 1521 2051 haec
1542 1996 1781 2051 admini-

140 2093 326 2144 strent
354 2089 729 2159 xenodochos,
752 2090 842 2144 vel
872 2089 1391 2161 orphanotrophos,
1423 2090 1513 2143 vel
1538 2090 1781 2161 brepho-

141 2185 399 2255 trophos,
429 2190 885 2255 gerontocomos,
904 2185 990 2239 vel
1008 2185 1113 2239 sim
1122 2185 1347 2256 pliciter
1367 2184 1589 2256 piarum
1610 2186 1780 2239 actio.

141 2293 281 2330 num
312 2276 575 2331 dioecetas
600 2280 660 2331 et
686 2282 1018 2332 curatores:
1042 2294 1157 2333 non
1189 2277 1435 2349 amplius
1464 2278 1780 2332 valentibus

141 2375 271 2439 post
286 2370 424 2423 dicti
439 2370 714 2440 temporis
725 2371 949 2442 lapsum
963 2376 1021 2425 et
1032 2371 1243 2425 dictam
1254 2370 1677 2426 indevotionem
1690 2371 1779 2425 his

142 2461 239 2532 qui
254 2462 354 2516 illa
364 2478 484 2516 non
496 2462 740 2516 fecerint
759 2462 1083 2516 immiscere
1099 2480 1160 2517 se
1174 2462 1572 2533 prasdictarum
1585 2481 1777 2519 rerum

140 2554 645 2621 administrationi,
685 2560 785 2609 aut
814 2556 924 2609 Deo
950 2554 1230 2609 amabiles
1266 2556 1556 2628 episcopos
1593 2557 1775 2627 impe-

141 2645 264 2700 dire
293 2646 365 2700 ab
398 2646 629 2701 illarum
667 2664 862 2702 rerum
890 2647 1411 2703 administratione.
1434 2680 1501 2688 -—
1528 2650 1635 2721 §2.
1658 2649 1779 2703 Cla-

142 2739 383 2793 rissimis
410 2740 751 2810 praesidibus
794 2740 1213 2811 provinciarum
1243 2741 1647 2796 necessitatem
1676 2741 1779 2795 im-

139 2832 493 2903 ponentibns
513 2833 837 2887 haeredibus
867 2834 1199 2889 omnimodo
1224 2851 1292 2888 ea
1311 2834 1602 2905 perﬁcere;
1624 2851 1779 2888 nam-

140 2941 253 2995 que
275 2930 334 2979 et
354 2926 640 2979 veteribus
659 2925 1036 2996 prtedicatum
1049 2930 1135 2980 est
1149 2927 1370 2999 legibus
1389 2926 1779 2981 necessitatem

138 3017 366 3088 imponi
394 3017 635 3089 implere
669 3017 1060 3072 deficientium
1087 3021 1402 3074 voluntates
1430 3018 1512 3073 eis
1542 3018 1641 3089 qui
1671 3019 1775 3073 ha-

138 3110 277 3165 bere
303 3111 713 3182 permittuntur
743 3127 869 3181 quas
903 3111 981 3165 illi
1005 3112 1375 3182 reliquerunt.

1879 1905 2068 1960 facere
2088 1905 2317 1961 licentia
2336 1906 2462 1972 erit,
2487 1922 2618 1960 cum
2643 1906 2717 1960 sit
2741 1908 2897 1961 enim
2937 1912 3257 1966 communis
3286 1913 3514 1984 pietatis

1878 1994 2047 2058 ratio,
2064 2010 2396 2049 communes
2413 1998 2471 2048 et
2491 1995 2797 2065 populares
2814 1995 2975 2050 decet
2991 1998 3167 2052 etiam
3188 2000 3512 2057 affectiones

1878 2087 2147 2143 constitui
2173 2087 2380 2141 harum
2410 2103 2604 2142 rerum
2634 2089 3009 2143 exsecutionis
3038 2107 3051 2143 :
3084 2090 3349 2147 habituro
3373 2110 3514 2149 uno-

1877 2196 2106 2251 quoque
2129 2179 2419 2234 licentiam
2440 2196 2505 2234 ex
2536 2185 2727 2233 nostra
2759 2180 2864 2234 hac
2882 2182 3008 2251 lege
3028 2199 3254 2238 movere
3281 2203 3351 2240 ex
3384 2188 3510 2258 lege

1878 2272 2219 2342 condictitia,
2265 2276 2325 2326 et
2354 2273 2641 2343 postulare
2681 2272 2877 2328 relicta
2915 2273 3215 2346 adimpleri
3245 2295 3259 2331 :
3295 2278 3508 2335 sciente

1879 2366 1978 2436 qui
2001 2366 2123 2420 haac
2149 2366 2480 2436 neglexerit,
2522 2366 2636 2420 Deo
2682 2366 2913 2421 amabili
2943 2367 3205 2439 episcopo
3228 2412 3242 2436 ,
3275 2373 3429 2441 quod
3454 2380 3511 2428 et

1877 2458 2016 2530 ipse,
2039 2462 2251 2530 praeter
2267 2458 2638 2514 imminentes
2678 2476 2709 2513 e
2731 2460 2868 2514 coelo
2893 2476 3103 2531 pinnas,
3127 2463 3295 2518 etiam
3323 2463 3506 2536 impe-

1876 2548 2079 2602 rialem
2108 2552 2332 2603 motum
2353 2564 2526 2619 super
2538 2548 2866 2619 hujusmodi
2894 2553 3229 2621 contemptu
3252 2554 3508 2624 experie-

1876 2645 1989 2694 tur.
2015 2670 2083 2680 —
2109 2640 2215 2711 §7.
2244 2641 2312 2695 Ut
2341 2644 2539 2696 autem
2563 2641 2748 2695 adhuc
2769 2641 2987 2711 majore
3005 2646 3162 2697 metu
3181 2647 3510 2703 terreantur

1876 2732 2136 2786 haeredes
2162 2732 2658 2802 morientium,vel
2680 2733 2887 2788 harum
2909 2751 3102 2789 rerum
3129 2740 3510 2807 procuranda-

1877 2841 2007 2893 rum
2027 2828 2083 2878 et
2104 2826 2491 2880 faciendarum
2508 2842 2683 2880 onere
2710 2827 2946 2897 gravati,
2970 2829 3271 2897 quominus
3297 2831 3504 2888 harum

1876 2934 2073 2983 rerum
2101 2917 2360 2972 effectum
2384 2918 2669 2986 differant,
2701 2922 2758 2971 et
2784 2918 2893 2973 hoc
2915 2920 3218 2987 sancimus,
3241 2925 3306 2977 ut
3333 2925 3379 2978 si
3397 2924 3506 2981 im-

1877 3010 2039 3081 petiti
2068 3028 2101 3065 a
2126 3012 2241 3065 Deo
2264 3009 2607 3065 amabilibus
2634 3009 2929 3082 episcopis,
2959 3011 3059 3082 qui
3085 3013 3173 3066 his
3196 3014 3367 3070 rebus
3396 3018 3504 3074 ho-

1877 3103 2064 3158 norati
2095 3108 2244 3170 sunt,
2273 3106 2470 3174 postea
2503 3104 2873 3170 cessaverint,
2904 3121 2999 3159 seu
3033 3105 3394 3176 distulerint,
3426 3111 3508 3166 ita

208 3204 243 3274 §
272 3160 335 3258 3f
357 3202 467 3258 Sed
500 3204 615 3258 Deo
647 3160 925 3257 amgbiles
945 3160 1213 3274 episcojpi,
1234 3205 1281 3258 si
1308 3205 1537 3275 quidem
1558 3204 1779 3276 aliquos
1800 3160 1855 3234 ϐ
1880 3201 1944 3250 ut
1971 3197 2281 3267 prtesidum
2306 3196 2601 3251 exactione
2633 3212 2774 3267 opus
2817 3197 3008 3263 fuerit,
3041 3199 3344 3256 confestim
3380 3160 3507 3260 ⁷ηοιι

138 3296 355 3350 diserte
386 3296 448 3349 hi
477 3296 573 3368 qui
607 3295 941 3351 defecerunt
962 3298 1381 3368 praeposuerint
1398 3298 1566 3353 rebus
1586 3298 1777 3369 (veluti

137 3389 525 3456 xenodochos,
559 3389 1026 3460 ptochotrophos,
1041 3395 1139 3444 aut
1160 3406 1517 3458 nosocomos,
1537 3394 1637 3446 aut
1652 3392 1778 3446 bre-

90 3536 97 3543 ,
137 3482 516 3554 photrOphos,
533 3484 633 3535 aut
658 3482 1181 3552 orphanotrophos,
1196 3486 1296 3537 aut
1316 3489 1773 3553 gerontocomos,

137 3580 239 3630 aut
280 3574 737 3645 paramonarios,
785 3579 885 3629 aut
926 3591 1281 3642 wconomos,
1316 3582 1415 3631 aut
1443 3575 1777 3646 simpliciter

140 3666 432 3739 [dicendo]
473 3667 695 3737 piarum
733 3667 1024 3723 actionum
1067 3667 1604 3739 administratores),
1649 3668 1777 3723 illos

132 3760 375 3832 quidem
414 3759 753 3831 permittant
788 3760 1003 3815 habere
1041 3759 1638 3830 administrationem;
1668 3760 1773 3832 ipsi

134 3868 276 3908 vero
294 3868 410 3906 non
430 3836 833 3908 administrent
845 3852 1099 3924 quidem,
1114 3853 1210 3909 sed
1222 3852 1774 3908 administrationem

134 3945 371 4000 illorum
402 3944 724 4017 inspiciant,
770 3949 870 4000 aut
913 3945 1240 4015 observent,
1268 3949 1325 4000 et
1361 3950 1511 4001 recte
1540 3946 1774 4018 quidem

135 4038 454 4093 habentem
510 4039 745 4093 laudent
802 4038 861 4092 in
914 4038 1259 4109 quibusdam
1315 4042 1507 4093 autem
1556 4039 1773 4110 aliquid

133 4130 715 4202 prsetergredientem
745 4130 1072 4203 corrigant;
1104 4132 1352 4201 pessima
1377 4136 1567 4185 autem
1595 4131 1777 4186 admi-

135 4224 481 4279 nistratione
512 4224 656 4279 facta
682 4221 860 4279 etiam
889 4240 985 4279 eos
1016 4224 1316 4294 expellant,
1348 4228 1408 4278 et
1440 4224 1579 4278 alios
1609 4223 1771 4278 insti-

134 4319 329 4384 tuant,
358 4317 458 4387 qui
502 4317 756 4389 cogitent
780 4322 838 4372 et
864 4316 1057 4371 animo
1094 4316 1419 4387 concipiant
1447 4316 1641 4387 magni
1670 4317 1773 4371 Dei

133 4408 431 4474 timorem,
473 4415 531 4463 et
554 4409 866 4464 terribilem
901 4409 1100 4480 magni
1125 4412 1185 4464 et
1209 4426 1508 4480 nunquam
1537 4408 1774 4464 ﬁniendi

1877 3290 2065 3343 solum
2102 3288 2212 3359 ipsi
2248 3289 2519 3360 simplum
2567 3288 2741 3359 (quod
2771 3289 2996 3360 dicitur)
3038 3291 3358 3362 exigantur,
3405 3297 3508 3351 sed

1879 3381 2116 3436 omnino
2134 3380 2396 3452 duplum.
2416 3381 2469 3436 Si
2493 3380 2647 3436 enim
2665 3381 2817 3452 apud
2839 3387 3057 3437 veteres
3071 3385 3508 3456 erantquasdam

1875 3474 2132 3528 themata
2156 3474 2217 3528 in
2243 3474 2449 3545 quibus
2482 3489 2548 3528 ex
2586 3471 2931 3528 inﬁciatione
2963 3476 3136 3546 dupla
3160 3479 3503 3535 condemna-

1874 3564 2046 3619 tionis
2070 3564 2507 3631 inducebantur,
2542 3565 2828 3635 quomodo
2865 3565 3060 3637 utique
3091 3584 3204 3622 non
3225 3570 3397 3625 etiam
3417 3572 3507 3627 hic

1875 3672 1970 3711 eos
2005 3657 2104 3727 qui
2137 3674 2249 3712 non
2280 3658 2461 3711 solum
2494 3673 2565 3711 ne
2595 3662 2793 3728 sponte
2827 3657 3103 3727 fecerint,
3152 3662 3253 3716 sed
3283 3667 3508 3735 tempus

1875 3754 2153 3821 praeterea
2180 3750 2563 3822 protraxerint
2585 3791 2599 3819 ,
2630 3751 2693 3803 ut
2719 3753 3009 3820 postremo
3038 3751 3286 3824 impctiti
3320 3772 3352 3809 a
3391 3757 3505 3812 Deo

1874 3841 2215 3898 amabilibus
2252 3840 2532 3913 episcopis
2555 3884 2570 3910 ,
2600 3859 2664 3897 ac
2692 3842 2899 3897 deinde
2930 3860 3117 3915 neque
3149 3845 3286 3918 ipsis
3316 3848 3502 3904 statim

1872 3941 2158 4008 parentes,
2191 3952 2334 4007 opus
2355 3934 2661 3990 habuerint
2685 3934 2860 3991 etiam
2881 3937 3170 4006 praesidali
3192 3941 3503 4013 exactione,

1875 4028 2036 4099 dupli
2064 4027 2351 4083 exactione
2379 4043 2493 4081 non
2521 4027 2785 4082 convenit
2811 4028 3117 4100 castigari?

1945 4122 1979 4192 §
2003 4125 2054 4176 8.
2107 4121 2163 4177 Si
2199 4137 2330 4174 vero
2386 4120 2690 4175 morientes
2725 4138 2853 4175 suos
2892 4122 3152 4178 haeredes
3203 4126 3505 4195 voluerint,

1874 4214 2103 4287 quando
2147 4213 2412 4268 morituri
2437 4218 2625 4268 essent
2651 4213 2760 4285 ipsi
2786 4214 3063 4285 haeredes,
3090 4216 3371 4274 actionem
3400 4221 3506 4277 ali-

1874 4324 2045 4379 quam
2070 4308 2305 4379 implere
2333 4306 2510 4378 piam,
2552 4324 2669 4361 non
2696 4310 2891 4362 autem
2917 4308 2976 4362 in
3004 4309 3257 4380 ipsorum
3289 4313 3420 4383 vita,
3453 4319 3511 4369 et

1875 4401 1984 4455 hoc
2013 4400 2298 4467 custodiri,
2329 4405 2388 4454 et
2412 4416 2525 4453 non
2567 4400 2624 4453 iu
2656 4399 2849 4455 medio
2884 4400 3139 4456 haeredes
3165 4403 3291 4474 cogi
3321 4404 3505 4460 facere

129 4500 342 4571 judicii
380 4500 535 4555 diem
590 4500 664 4556 ad
703 4517 879 4573 quam
914 4501 1043 4556 illos
1088 4501 1459 4574 respicientes
1511 4500 1854 4591 convenitD
1875 4493 2012 4565 quid
2043 4510 2239 4591 eOI‘ll-m
2266 4508 2394 4562 quae
2424 4497 2663 4546 testator
2685 4497 2814 4591 post
2850 4492 3107 4591 ipsorum
3133 4496 3380 4551 mortem
3413 4512 3503 4553 vo-

137 4592 337 4648 omnia
368 4592 561 4648 facere
591 4608 722 4649 cum
762 4595 837 4649 ad
880 4596 1060 4650 Deum
1099 4595 1428 4663 οοοιεάίηειια
1457 4600 1675 4650 mente,
1717 4580 1845 4649 Si"
1878 4586 2049 4641 luerit
2072 4584 2196 4639 ﬁeri
2228 4602 2241 4638 :
2274 4601 2405 4638 cum
2436 4600 2568 4638 vero
2603 4585 2919 4638 morientur
2957 4580 3086 4656 ipsi,
3112 4587 3506 4647 necessitatem

136 4701 278 4740 vero
305 4684 600 4741 neminem
608 4684 819 4741 diserte
834 4686 890 4741 hi
911 4688 1009 4759 qui
1033 4688 1356 4744 moriuntur
1371 4686 1780 4759 prtestituerint

138 4777 646 4846 administrationi,
698 4779 797 4833 sed
838 4779 899 4834 in
940 4780 1236 4836 haeredum
1283 4782 1560 4852 potestate
1589 4783 1775 4834 totum

135 4870 460 4942 posuerint,
484 4870 543 4924 hi
569 4874 766 4926 autem
792 4887 919 4926 rem
948 4873 1340 4944 neglexerint,
1370 4871 1639 4927 continuo
1667 4870 1778 4942 ipsi

138 4964 260 5018 Deo
281 4962 556 5018 amabiles
576 4963 827 5035 episcopi
848 4966 907 5018 et
933 4964 1355 5031 administrent,
1378 4969 1434 5019 et
1462 4963 1779 5035 praeﬁciant

138 5055 557 5128 suprascriptas
582 5072 852 5127 personas
873 5056 956 5128 (ut
986 5056 1446 5127 ptochotrophos,
1478 5062 1579 5111 aut
1602 5072 1774 5111 noso-

138 5166 358 5218 comos,
382 5153 439 5204 et
470 5152 704 5205 caeteros
722 5150 1006 5225 deinceps,
1027 5150 1123 5221 qui
1144 5149 1321 5205 etiam
1340 5149 1534 5220 magni
1554 5150 1653 5204 Dei
1673 5150 1775 5204 ho-

138 5259 347 5299 norem
374 5244 570 5297 mente
597 5244 941 5314 praeferant),
964 5248 1027 5298 ut
1050 5242 1384 5298 omnimodo
1405 5246 1462 5296 et
1487 5242 1573 5296 via
1599 5246 1656 5296 et
1682 5258 1775 5296 ar-

140 5336 319 5391 titicio
344 5336 417 5390 ad
445 5336 711 5391 effectum
746 5335 1133 5407 perducantur
1168 5353 1296 5409 quae
1337 5335 1594 5391 ordinata
1623 5339 1775 5389 sunt.

139 5461 210 5470 —
236 5429 271 5501 §
301 5431 355 5485 4.
388 5429 568 5500 Supra
597 5435 790 5485 autem
829 5445 1003 5484 omne
1043 5435 1271 5501 tempus
1305 5446 1419 5501 quo
1457 5428 1782 5484 distulerint

140 5524 335 5578 facere
361 5518 634 5593 disposita
667 5522 857 5593 scripti
888 5522 1167 5589 hmredes,
1200 5540 1296 5577 eos
1326 5522 1453 5594 cogi
1481 5522 1692 5576 solvere
1724 5526 1782 5576 et

139 5616 383 5682 fructus,
409 5618 468 5669 et
486 5614 722 5683 reditus,
744 5621 802 5669 et
818 5631 1051 5670 omnem
1073 5615 1383 5686 legitimam
1401 5612 1779 5669 accessionem

139 5725 172 5763 a
198 5711 471 5778 tempore
501 5708 622 5778 ejus
652 5708 753 5779 qui
780 5708 1058 5780 disposuit
1083 5709 1284 5763 mortis
1320 5707 1630 5773 sancimus,
1663 5721 1780 5759 non

140 5800 409 5878 inspecta
427 5816 592 5858 mora
615 5801 784 5858 alitis
808 5801 1221 5860 contestatione
1253 5804 1353 5858 aut
1378 5799 1777 5870 conventione,

1878 4679 2125 4734 habeant
2165 4675 2495 4732 omnimodo
2540 4676 2648 4730 ista
2682 4676 2958 4747 implere;
2995 4678 3267 4738 dilatione
3312 4689 3507 4743 autem

1878 4771 2072 4843 aliqua
2095 4770 2166 4825 ab
2195 4770 2446 4841 ipsorum
2475 4768 2801 4824 heredibus
2822 4769 2993 4840 facta,
3012 4774 3149 4827 tunc
3175 4791 3403 4834 necesse
3425 4785 3511 4836 est

1876 4865 1975 4919 illa
2001 4864 2127 4918 fieri
2144 4879 2273 4936 quae
2297 4865 2429 4917 ante
2456 4861 2855 4934 disposuimus.
2884 4893 2953 4903 —
2978 4864 3012 4936 §
3049 4868 3101 4920 9.
3143 4867 3197 4923 Si
3241 4886 3374 4925 vero
3402 4873 3505 4927 ali-

1878 4974 1994 5029 qua
2014 4972 2213 5013 eorum
2238 4972 2365 5027 quas
2382 4959 2657 5009 vocantur
2672 4956 2904 5011 annalia
2925 4958 3133 5031 legata,
3156 4962 3353 5018 relicta
3381 4965 3507 5021 fue-

1876 5052 1994 5107 rint
2014 5056 2112 5106 aut
2131 5051 2345 5105 donata
2369 5050 2519 5103 clero
2547 5050 2710 5116 forte,
2730 5055 2830 5105 aut
2856 5054 3227 5122 monasterio,
3245 5061 3345 5111 aut
3361 5073 3509 5113 asce-

1876 5145 2021 5213 triis,
2053 5138 2152 5200 aut
2193 5141 2540 5210 diaconissis,
2569 5148 2668 5197 aut
2711 5144 2975 5214 ptochiis,
3022 5150 3122 5201 aut
3166 5149 3505 5221 xenonibus,

1877 5243 1976 5293 aut
2004 5236 2358 5304 nosocomiis,
2387 5237 2486 5290 aut
2509 5235 2993 5310 brephotrOphiis,
3012 5245 3108 5293 aut
3136 5238 3510 5299 sanctissima-

1880 5347 2009 5385 rum
2039 5330 2402 5385 ecclesiarum
2440 5328 2786 5401 pauperibus
2808 5372 2822 5396 ,
2857 5332 2956 5384 aut
2993 5327 3353 5403 (simpliciter)
3397 5351 3506 5392 cm-

1879 5424 2028 5480 tibus
2047 5422 2388 5496 quibusdam
2422 5422 2549 5493 piis,
2578 5424 2677 5476 aut
2704 5422 2940 5477 omnino
2969 5438 3081 5476 non
3109 5424 3411 5493 prohibitis
3440 5444 3511 5484 ex

1880 5517 2041 5589 plebe
2066 5515 2353 5588 collegiis;
2383 5516 2555 5570 velint
2577 5520 2769 5569 autem
2789 5513 3104 5569 secundum
3121 5516 3351 5588 aliquod
3370 5525 3513 5577 tem-

1880 5627 1986 5681 pus
2018 5609 2078 5664 hi
2104 5609 2201 5681 qni
2230 5614 2365 5663 tunc
2390 5607 2751 5678 reperiuntur
2789 5623 2928 5661 auro
2956 5614 3183 5680 accepto
3214 5627 3385 5682 super
3413 5615 3512 5669 tali

1881 5703 2102 5759 actione
2129 5701 2472 5772 transigere;
2504 5714 2618 5754 non
2642 5699 2805 5755 liceat
2831 5700 2889 5756 id
2917 5717 3108 5773 agere,
3143 5719 3328 5776 neque
3359 5707 3512 5779 quod

1880 5796 2094 5853 factum
2123 5795 2297 5852 fuerit
2321 5798 2507 5852 ratum
2526 5797 2667 5869 esto,
2688 5791 2804 5849 imo
2825 5797 2882 5850 et
2907 5794 3283 5870 privationem
3312 5816 3510 5863 rerum
