4032 6232
542 293 674 347 1063

1674 289 1932 346 ΞᾸΞΟΗΙᾸ
1968 289 2160 345 SEXTI
2197 288 2753 346 SUPPLEMENTUM.

3766 288 3899 347 1064

537 399 638 470 qui
663 398 783 452 haec
810 388 1055 451 redemit
1084 397 1167 451 vel
1192 396 1464 467 transegit
1491 396 1783 451 sustineat.
1809 398 2169 469 Quandoqui-
2190 422 2248 491 Α
2269 398 2601 452 defunctum
2640 399 2793 452 utilis
2830 397 2918 465 sit,
2960 402 3017 451 et
3056 397 3354 453 monachis
3398 414 3639 469 praeesse
3666 399 3895 471 dignus,

539 492 671 545 dem
697 506 927 544 necesse
956 491 1082 556 erit,
1111 490 1201 543 his
1226 489 1456 560 quidem
1496 489 1593 560 qui
1622 489 1811 560 aliqua
1839 496 1996 560 parte
2023 495 2164 545 tem-

538 584 692 654 poris
728 584 942 638 fuerint
978 598 1098 638 esse
1148 581 1522 652 pecuniarum
1563 582 1805 652 c0piam,
1853 583 1942 636 his
1973 588 2167 639 autem

539 676 640 747 qui
668 677 847 730 futuri
872 674 1407 730 suntomnimodam
1422 674 1750 729 relictorum
1772 675 2165 745 privationem.

537 769 644 824 Sed
665 786 769 823 nec
797 770 985 839 ipsum
1021 767 1377 820 annaliorum
1408 784 1639 837 nomen,
1680 784 1868 838 neque
1894 774 2170 839 perpetua

539 862 791 916 defuncti
812 860 1108 929 memoria,
1133 860 1204 913 ob
1226 876 1398 930 quam
1420 863 1477 915 et
1503 877 1755 915 annuum
1778 861 1886 915 hoc
1914 862 2166 932 reliquit,

537 954 980 1019 conservabitur,
1002 952 1103 1006 sed
1124 953 1313 1007 statim
1337 954 1739 1024 exstinguetur
1756 970 1873 1008 una
1892 970 2023 1008 cum
2048 954 2171 1025 ipsa

536 1047 870 1101 relictorum
890 1045 1166 1100 interiens
1189 1046 1550 1107 alienatione.
1590 1047 1812 1102 Manere
1838 1046 2016 1117 igitur
2039 1064 2167 1118 per-

536 1144 708 1210 petuo
721 1139 869 1209 ipsos
882 1139 1156 1193 obnoxios
1171 1140 1505 1210 hujusmodi
1527 1139 1847 1195 dationibus
1865 1140 2167 1206 sancimus,

535 1232 681 1285 adeo
711 1238 773 1286 ut
798 1232 845 1286 si
871 1248 986 1303 qua
1019 1233 1121 1286 ﬁat
1144 1232 1433 1298 alienatio,
1470 1237 1526 1287 et
1551 1232 1674 1302 ipsa
1712 1233 1875 1287 irrita
1906 1233 1997 1299 sit,
2027 1236 2085 1286 et
2113 1232 2172 1286 hi

536 1325 632 1395 qui
649 1324 995 1395 quandoque
1014 1329 1311 1395 praeerunt
1331 1325 1437 1395 piis
1457 1325 1596 1379 locis
1616 1325 1909 1379 licentiam
1922 1325 2173 1379 habeant

536 1419 822 1490 persequi,
867 1421 926 1472 et
961 1418 1189 1489 exigere
1237 1418 1384 1489 ipsa,
1415 1418 1573 1471 nulla
1601 1417 1879 1488 temporis
1918 1419 2173 1488 prmscri—

536 1511 729 1584 ptione
750 1510 1095 1581 opponenda
1114 1510 1267 1581 ipsis,
1297 1527 1427 1565 cum
1454 1526 1556 1581 per
1583 1527 2056 1581 unumquemque
2075 1526 2174 1564 an-

538 1622 679 1659 num
704 1604 831 1657 talis
873 1606 1140 1657 nascatur
1184 1604 1352 1658 actio.
1386 1604 1654 1668 Quinimo
1684 1604 2018 1675 hypothecze
2045 1603 2173 1657 sub-

531 1699 683 1768 jecta
706 1698 822 1750 sint
845 1697 968 1767 ejus
1001 1697 1100 1766 qui
1128 1696 1363 1766 reliquit
1388 1697 1558 1763 bona,
1594 1697 1921 1768 hujusmodi
1947 1697 2169 1768 legato-

2267 491 2363 545 ille
2394 491 2520 545 aliis
2554 492 2923 562 praeferatur;
2961 491 3008 544 si
3038 508 3170 545 vero
3201 492 3300 563 qui
3339 496 3471 563 post
3498 491 3661 545 illum
3691 498 3797 561 est,
3830 493 3897 545 si—

2268 583 2480 637 militer
2505 583 2563 637 in
2591 583 2777 654 ipsum
2816 583 3032 637 feratur
3058 583 3234 637 futuri
3268 584 3520 654 praefecti
3546 585 3822 651 calculus;
3855 584 3896 637 si

2268 692 2399 731 vero
2423 677 2612 730 nullus
2642 677 2846 731 horum
2873 676 3081 747 dignus
3101 676 3377 747 videatur,
3400 677 3701 731 confestim
3723 676 3771 729 is
3804 677 3898 747 qui

2269 784 2336 822 ex
2360 768 2623 825 omnibus
2659 768 2898 823 idoneus
2942 768 3072 834 erit,
3115 768 3501 840 cujuscunque
3547 769 3760 839 gradus
3810 769 3896 835 sit,

2270 861 2687 932 praeordinetur
2703 861 2895 928 abbas,
2913 862 3010 932 qui
3032 862 3105 915 sit
3121 862 3379 917 videlicet
3397 867 3455 916 et
3475 862 3601 917 vitae
3622 862 3899 926 honestae,

2271 960 2328 1009 et
2370 955 2625 1008 honestae
2664 953 3129 1023 conversationis,
3158 960 3216 1009 et
3254 956 3355 1027 qui
3397 971 3621 1009 servare
3660 953 3904 1009 creditos

2272 1046 2377 1100 sibi
2396 1047 2591 1118 possit,
2615 1064 2744 1101 cum
2766 1047 2838 1102 sit
2873 1048 3215 1102 conveniens
3234 1064 3469 1103 omnem
3493 1048 3902 1120 principatum,

2272 1143 2328 1194 et
2339 1156 2569 1194 omnem
2583 1140 2881 1194 hominum
2894 1140 3288 1210 praefecturam
3298 1157 3431 1207 ,non
3442 1157 3511 1195 ex
3522 1139 3904 1211 temporibus,

2273 1249 2460 1303 neque
2481 1249 2547 1286 ex
2565 1232 2830 1303 sortibus,
2855 1249 3047 1304 neque
3080 1250 3144 1287 ex
3172 1234 3416 1288 fortuitis
3442 1232 3904 1297 circumstantiis,

2273 1325 2373 1380 sed
2403 1341 2473 1379 ex
2499 1324 2775 1380 electione
2801 1331 2860 1379 et
2877 1342 2941 1379 ex
2964 1342 3032 1380 eo
3054 1326 3205 1395 quod
3237 1326 3594 1397 praestantius
3624 1331 3710 1380 est
3736 1324 3901 1392 fieri;

2272 1423 2331 1472 et
2352 1418 2572 1472 bonum
2599 1418 2752 1488 apud
2779 1434 2977 1473 omnes
3005 1418 3396 1473 testimonium
3424 1423 3480 1473 et
3504 1418 3903 1489 probationem

2272 1526 2415 1579 esse,
2472 1510 2598 1563 fieri
2640 1510 2985 1565 ordinationi
3035 1511 3316 1566 ordinem.
3348 1511 3475 1582 —§
3517 1516 3567 1566 l.
3607 1510 3907 1566 Manifesta

2272 1608 2465 1657 autem
2492 1602 2614 1656 haec
2639 1602 2763 1657 fieri
2786 1604 2897 1658 Deo
2927 1603 3159 1658 amabili
3188 1604 3473 1675 episcopo,
3490 1608 3557 1658 ut
3584 1619 3720 1658 cum
3747 1603 3797 1656 is
3827 1603 3909 1656 di-

2272 1694 2472 1749 dicerit
2499 1711 2635 1749 eum
2662 1696 2761 1766 qui
2804 1696 3013 1752 electus
3042 1700 3163 1764 est,
3196 1702 3254 1751 et
3277 1697 3385 1751 hoc
3411 1713 3469 1751 se
3498 1702 3649 1750 recte
3689 1695 3908 1749 habere

536 1807 665 1844 rum
691 1805 894 1843 causa:
930 1788 1010 1843 ita
1039 1791 1100 1841 ut
1140 1788 1430 1843 licentiam
1469 1790 1720 1843 habeant
1746 1806 1815 1842 ex
1842 1789 1980 1859 ipsis
2005 1783 2250 1854 rebusB
2273 1788 2687 1858 approbaverit,
2732 1789 3186 1844 consentientem
3228 1790 3571 1845 electoribus
3624 1790 3911 1842 calculum

539 1882 676 1938 satis
717 1881 826 1952 piis
870 1881 1137 1952 operibus
1184 1882 1392 1947 facere,
1423 1898 1532 1935 non
1578 1883 1765 1935 solum
1806 1898 1910 1952 pro
1939 1881 2171 1951 relictis,

498 2034 501 2037 _
540 1975 638 2029 sed
666 1978 724 2027 et
748 1990 851 2044 pro
886 1972 1161 2027 fructibus
1192 1973 1467 2043 ipsorum,
1516 1979 1573 2027 et
1603 1974 1898 2043 reditibus,
1930 1978 1991 2027 et
2019 1973 2176 2028 omni

536 2066 791 2137 legitima
818 2066 1134 2120 accessione
1165 2066 1469 2136 temporali
1513 2066 1595 2135 (ut
1624 2066 1839 2121 dictum
1869 2070 1993 2136 est),
2022 2067 2174 2121 nulla

536 2159 915 2215 retinentibus
934 2158 1359 2230 presseriptione
1381 2158 1684 2213 convenire
1701 2165 1975 2229 queunte,
1999 2176 2175 2230 quan-

2272 1881 2443 1947 ferat,
2470 1885 2527 1936 et
2552 1887 2881 1951 promoveat
2908 1882 3099 1953 ipsum
3119 1883 3187 1937 ad
3211 1882 3543 1953 hujusmodi
3570 1882 3793 1936 abbatis
3822 1897 3912 1934 or-

2273 1973 2486 2028 dinem.
2531 1974 2859 2045 Approbare
2888 1991 3022 2030 vero
3050 1978 3272 2047 oportet
3304 1976 3448 2029 hanc
3478 1975 3658 2045 ipsam
3682 1974 3914 2029 electio-

2276 2082 2428 2135 nem,
2458 2073 2514 2121 et
2538 2084 2639 2137 pro
2664 2076 2922 2138 tempore
2948 2069 3323 2139 patriarcham
3344 2109 3358 2136 ,
3387 2073 3444 2122 et
3469 2068 3565 2139 qui
3613 2067 3673 2121 in
3702 2067 3794 2121 his
3821 2069 3912 2121 lo-

2273 2161 2350 2214 cis
2377 2166 2527 2229 sunt,
2556 2161 2672 2214 Deo
2699 2160 2973 2215 amabiles
3001 2160 3297 2232 episcopos
3325 2204 3339 2228 ,
3369 2161 3640 2215 habentes
3669 2166 3728 2214 et
3757 2161 3917 2231 ipsos

539 2259 885 2322 tumcunque
898 2252 1025 2321 quis
1040 2251 1431 2305 numeraverit
1448 2254 1695 2322 tempus.
1718 2252 1832 2305 Nisi
1852 2252 2002 2306 inter
2019 2252 2174 2306 hunc
2265 2253 2547 2323 judicium
2578 2253 2694 2321 Dei,
2724 2256 2781 2307 et
2804 2254 3056 2309 futuram
3085 2254 3616 2310 condemnationem
3645 2257 3912 2307 metuen-

540 2350 734 2404 annali
781 2349 965 2419 legato
1004 2352 1321 2415 oneratum,
1345 2353 1401 2404 et
1443 2365 1575 2403 eum
1616 2349 1713 2420 qui
1748 2349 2061 2404 secundum
2095 2367 2177 2404 sa-

538 2460 666 2498 cros
691 2458 933 2496 canones
957 2445 1015 2496 et
1043 2447 1268 2496 nostras
1291 2442 1449 2511 leges
1478 2442 1685 2511 prtesul
1706 2442 2044 2497 constitutus
2069 2449 2172 2510 est,

536 2535 852 2590 istiusmodi
880 2534 1191 2589 exactiouis
1209 2534 1424 2589 factum
1442 2534 1616 2589 fuerit
1641 2539 1890 2604 pactum,
1913 2551 2028 2606 quo
2049 2536 2173 2606 pla-

539 2629 740 2693 cuerit,
770 2632 832 2682 ut
860 2628 1066 2682 reditus
1088 2643 1193 2696 pro
1218 2644 1399 2681 annuo
1427 2628 1602 2696 legato
1633 2628 1859 2682 daretur
1881 2645 1916 2682 a
1943 2634 2177 2695 gravata

531 2736 789 2792 persona,
820 2736 1024 2790 semper
1050 2723 1236 2789 vigens
1274 2736 1337 2773 ac
1359 2725 1687 2790 perpetuus,
1729 2724 1778 2774 et
1831 2737 1939 2775 non
1993 2723 2178 2776 multis

531 2815 769 2884 publicis
792 2814 1044 2868 oneribus
1065 2814 1361 2879 obnoxius;
1387 2814 1481 2867 sed
1497 2818 1546 2867 et
1575 2815 1931 2868 accessionem
1956 2815 2173 2876 habens,

537 2908 752 2961 omnino
777 2906 997 2975 quidem
1025 2922 1129 2960 non
1156 2908 1413 2959 minorem
1452 2912 1651 2975 quarta
1680 2911 1843 2976 parte
1865 2910 1998 2976 puri
2028 2908 2171 2961 redi-

539 3004 647 3062 tu8,
679 3004 777 3053 aut
794 3000 1050 3069 amplius,
1079 3002 1345 3067 quantum
1376 3000 1575 3053 scilicet
1599 3001 1745 3053 inter
1773 3014 1858 3053 eos
1879 3001 2170 3069 placuerit.

539 3093 596 3149 Si
626 3090 779 3146 enim
807 3092 918 3146 tale
943 3091 1215 3162 quiddam
1245 3090 1302 3144 in
1329 3091 1552 3162 scriptis
1582 3090 1678 3145 fiat
1707 3094 1955 3162 pactum,
1987 3095 2045 3145 et
2070 3092 2170 3147 da-

536 3193 628 3244 tus
672 3185 844 3244 fuerit
878 3184 1007 3239 talis
1036 3184 1270 3251 reditus,
1314 3186 1372 3237 et
1415 3188 1674 3255 receptus
1707 3184 1775 3237 in-
1813 3184 2052 3255 scriptis,
2080 3202 2175 3255 pa-

537 3278 816 3334 ctionibus
844 3280 901 3331 et
924 3276 1423 3343 transactionibus,
1465 3281 1522 3330 et
1556 3276 1614 3330 id
1658 3277 2023 3331 manifestum
2072 3293 2174 3347 per

538 3380 700 3446 gesta
737 3378 1242 3429 monumentorum
1280 3374 1652 3428 constitutum
1701 3375 1914 3439 fuerit,
1954 3392 2172 3431 cessare

537 3468 889 3524 exactionem
912 3466 1091 3521 annui
1110 3466 1282 3537 legati
1321 3470 1520 3521 contra
1544 3482 1675 3521 eum
1696 3467 1792 3538 qui
1814 3484 1881 3521 eo
1907 3473 2174 3522 oneratus

537 3570 623 3621 est
638 3566 956 3629 sancimus;
977 3580 1106 3618 eum
1131 3580 1264 3618 vero
1285 3563 1532 3618 reditum
1558 3580 1659 3634 pro
1678 3565 1863 3635 legato
1884 3565 2169 3634 constitui,

538 3664 815 3732 perpetuo
846 3658 916 3711 ad
944 3657 1004 3711 id
1031 3657 1387 3728 deputatum,
1418 3662 1472 3712 et
1499 3657 1597 3727 qui
1625 3656 1856 3711 alienari
1881 3675 1914 3711 a
1940 3658 2173 3712 nemine

538 3768 882 3825 quocunque
925 3750 1283 3805 alienationis
1313 3750 1486 3804 modo
1514 3751 1690 3820 possit
1734 3766 1747 3804 :
1794 3750 1950 3804 nullo
1978 3754 2172 3804 autem

537 3847 747 3901 horum
793 3845 1109 3911 subsecuto,
1155 3843 1445 3912 subjacere
1494 3846 1770 3913 perpetuo
1815 3845 1894 3911 (ut
1933 3847 2102 3897 antea
2140 3859 2174 3897 a

538 3939 704 3994 nobis
742 3938 956 3993 dictum
984 3937 1081 4004 est)
1125 3935 1340 3990 dationi
1372 3950 1698 3989 annuorum
1726 3937 2047 4005 legatorum
2076 3952 2174 3990 eos

540 4033 639 4104 qui
665 4033 754 4086 his
779 4029 997 4101 gravati
1023 4032 1155 4083 sunt
1189 4029 1495 4095 sancimus,
1524 4030 1589 4082 ut
1617 4034 1673 4082 et
1699 4045 1936 4095 nomen,
1966 4035 2022 4083 et
2052 4045 2171 4083 me-

539 4125 720 4180 moria
745 4123 1025 4191 defuncti,
1073 4126 1130 4176 et
1174 4122 1350 4176 annui
1395 4121 1612 4176 reditus
1638 4121 1697 4174 in
1746 4121 1881 4192 ipsis
1908 4122 2175 4193 Operibus

540 4222 814 4291 perpetuo
833 4220 1256 4271 conserventur.
1294 4217 1495 4270 Datum
1527 4230 1592 4269 xv
1615 4214 1851 4268 Kalend.
1876 4215 2171 4283 Novemb.,

537 4310 962 4381 Constantinop.
987 4310 1123 4363 Lam
1134 4308 1259 4380 pad.
1289 4313 1346 4362 et
1367 4307 1566 4361 Oreste
1593 4323 1733 4360 coss.
1764 4310 1887 4361 530.

1186 4402 1309 4455 LEX
1348 4401 1540 4455 XLVII.

611 4497 766 4553 Idem
790 4500 1079 4567 Augustus
1098 4494 1319 4550 Juliano
1342 4495 1402 4548 P.
1434 4495 1493 4547 P.

540 4592 549 4603 ’
612 4592 794 4648 Sacris
820 4590 1027 4645 nostris
1054 4587 1276 4658 legibus
1322 4586 1773 4641 existimavimus
1811 4589 2071 4658 oportere
2120 4591 2176 4640 et

539 4683 687 4741 hanc
714 4683 866 4750 addi,
895 4700 1021 4754 quae
1050 4699 1115 4736 ex
1146 4680 1372 4747 virtute,
1414 4697 1531 4735 non
1572 4684 1768 4733 autem
1808 4696 1871 4733 ex
1905 4678 2177 4750 tempori-

538 4779 664 4846 bus,
695 4776 990 4849 religiosas
1019 4774 1291 4843 abbatias,
1315 4789 1417 4827 seu
1441 4773 1812 4844 praefecturas
1836 4772 2036 4827 tribuit
2058 4790 2072 4826 :
2099 4772 2176 4826 ita

540 4871 814 4940 videlicet,
848 4876 910 4924 ut
939 4870 996 4924 in
1027 4869 1134 4940 piis
1163 4864 1519 4922 monasteriis
1543 4909 1556 4933 ,
1586 4870 1684 4920 aut
1707 4865 1994 4921 asceteriis
2014 4908 2028 4935 ,
2058 4882 2174 4919 non

540 4965 869 5022 omnimodo
899 4968 1128 5017 mortuo
1161 4960 1384 5030 abbate,
1413 4960 1495 5014 vel
1528 4959 1806 5014 abbatissa
1828 5001 1841 5028 ,
1872 4958 1936 5025 is,
1965 4959 2049 5013 vel
2076 4976 2169 5024 ea,

540 5061 660 5132 qui,
684 5059 769 5114 vel
799 5073 948 5129 quae,
990 5060 1246 5126 tempore
1288 5053 1575 5124 antiquior
1604 5058 1707 5121 est,
1754 5056 1851 5107 aut
1897 5052 2177 5107 secundus

537 5153 856 5209 secundave
882 5150 1145 5219 deinceps
1174 5147 1434 5217 eligatur.
1463 5147 1860 5203 Consentimus
1887 5147 2040 5229 enim
2068 5162 2172 5200 na-

536 5254 703 5315 turre,
737 5260 922 5316 neque
941 5258 1143 5313 omnes
1168 5240 1431 5294 similiter
1454 5240 1655 5309 bonos,
1686 5256 1871 5312 neque
1893 5256 2089 5294 omnes
2114 5238 2174 5293 in

539 5356 706 5412 aequo
724 5337 956 5393 facienti
976 5335 1177 5403 malos,
1201 5332 1301 5388 sed
1320 5349 1493 5403 quem
1518 5332 1710 5404 utique
1732 5337 1788 5388 et
1809 5332 1920 5386 vita
1939 5331 2171 5404 optima,

540 5437 599 5488 et
624 5448 816 5487 mores
836 5428 1080 5496 honesti,
1112 5431 1169 5481 et
1193 5426 1339 5480 circa
1372 5426 1528 5497 pium
1550 5425 1880 5480 exercitium
1908 5431 2170 5480 constan-

538 5529 637 5595 tia,
668 5531 725 5579 et
766 5539 1067 5578 commune
1106 5520 1456 5590 reliquorum
1487 5519 1900 5573 monachorum
1933 5519 2175 5589 comple-

538 5623 820 5683 mentum,
848 5621 945 5671 aut
966 5614 1218 5670 maxima
1246 5629 1446 5667 eorum
1491 5628 1620 5683 pars
1661 5611 1931 5665 idoneum
1971 5611 2043 5665 ad
2069 5612 2173 5665 hoc

538 5708 841 5785 putaverit,
871 5716 928 5764 et
953 5706 1125 5762 sacris
1150 5704 1467 5776 Evangeliis
1493 5703 1798 5775 propositis
1821 5701 2076 5773 elegerit,
2102 5704 2171 5758 ad

538 5803 937 5879 praefecturam
981 5798 1187 5869 vocari,
1231 5798 1312 5853 ita
1352 5802 1416 5853 ut
1453 5799 1497 5853 si
1527 5797 1759 5872 quidem
1802 5795 2022 5869 primus
2045 5801 2173 5867 post

2274 2352 2392 2413 tes,
2437 2347 2481 2399 si
2522 2363 2639 2401 non
2678 2363 2783 2417 per
2825 2347 3164 2402 electionem
3192 2391 3205 2416 ,
3252 2348 3347 2402 sed
3397 2347 3647 2418 aliquam
3699 2346 3921 2416 passio-

2277 2455 2408 2493 nem
2453 2455 2553 2494 seu
2596 2439 2961 2495 affectionem
3003 2440 3370 2511 respicientes
3419 2441 3753 2505 humanam,
3783 2455 3918 2510 pro-

2274 2537 2586 2591 motionem
2613 2538 2855 2593 fecerint
2887 2555 2900 2592 :
2931 2538 3210 2592 habituris
3250 2538 3405 2609 ipsis,
3454 2540 3513 2590 et
3540 2537 3598 2590 in
3640 2536 3743 2589 hac
3774 2535 3915 2601 vita,

2276 2636 2334 2684 et
2364 2630 2425 2684 in
2460 2631 2650 2685 futura
2674 2648 2708 2684 a
2734 2632 2848 2685 Deo
2876 2630 3190 2685 immissam
3224 2646 3476 2702 poenam,
3517 2629 3778 2683 videlicet
3820 2630 3914 2699 ip-

2276 2740 2466 2777 sorum
2505 2724 2852 2795 negligentia
2892 2724 3189 2778 animabus
3227 2723 3490 2795 plurimis
3538 2726 3921 2794 peccatorum

2274 2833 2469 2871 causas
2494 2817 2807 2888 prasbente.
2837 2847 2906 2857 —
2935 2818 2969 2889 §
2996 2822 3049 2871 2.
3081 2818 3173 2872 His
3192 2817 3456 2871 omnibus
3481 2820 3539 2870 et
3562 2816 3622 2868 in
3649 2832 3921 2869 reveren-

2274 2909 2516 2963 dissimis
2546 2910 2772 2964 feminis
2795 2915 2894 2965 aut
2919 2910 3236 2980 virginibus
3255 2926 3382 2981 qua:
3414 2909 3523 2979 piis
3549 2908 3923 2962 monasteriis

2275 3007 2532 3072 praesunt
2569 3003 2976 3057 obtinentibus.
3008 3032 3077 3043 —-
3106 3005 3138 3073 §
3179 3007 3230 3058 3.
3264 3003 3507 3072 Reliqua
3535 3001 3699 3056 omni
3747 3017 3920 3055 sacro

2275 3094 2493 3164 ordine,
2520 3112 2677 3149 sacro
2702 3095 3016 3151 ministerio
3042 3096 3352 3151 secundum
3382 3111 3511 3149 suos
3542 3094 3754 3165 gradus
3772 3111 3924 3164 prte-

2274 3188 2514 3255 sidente,
2546 3194 2602 3243 et
2625 3189 2777 3243 nulla
2806 3190 2865 3243 in
2894 3205 2955 3243 re
2983 3206 3085 3260 per
3110 3194 3451 3260 praesentem
3469 3191 3726 3241 nostram
3752 3187 3927 3241 inno-

2271 3286 2397 3336 vato
2424 3282 2633 3353 legem.
2666 3283 2789 3337 Dat.
2818 3298 2886 3336 xv
2915 3282 3150 3337 Kalend.
3196 3281 3517 3346 Deccmbr.,
3548 3281 3678 3348 CP.,
3712 3281 3924 3351 Lamp.

2273 3381 2329 3430 et
2355 3375 2550 3430 Oreste
2575 3392 2715 3429 coss.
2748 3378 2874 3431 530.

2889 3468 3015 3522 LEX
3054 3469 3275 3523 XLVIII.

2340 3562 2494 3616 Idem
2519 3564 2808 3632 Augustus
2835 3561 3040 3616 Joanni
3069 3562 3126 3615 P.
3160 3560 3219 3615 P.

2343 3654 2644 3708 Sancimus
2665 3655 2957 3709 neminem
2980 3654 3052 3708 ad
3083 3654 3471 3725 episcopatum
3496 3652 3773 3720 ordinari,
3806 3652 3930 3707 nisi

2273 3750 2331 3800 et
2358 3746 2419 3800 in
2451 3747 2577 3800 aliis
2606 3747 2775 3801 rebus
2800 3748 2951 3802 utilis
2979 3754 3036 3801 et
3060 3749 3311 3818 optimus
3345 3747 3450 3813 sit,
3479 3750 3538 3800 et
3564 3762 3750 3816 neque
3780 3762 3928 3799 mn-

2272 3838 2396 3893 lieri
2424 3839 2723 3909 cohabitet,
2758 3856 2943 3911 neque
2987 3840 3302 3895 liberorum
3343 3840 3549 3894 existat
3590 3842 3777 3910 pater,
3821 3839 3931 3892 sed

2274 3933 2395 3987 loco
2424 3933 2633 4000 uxoris,
2665 3933 2948 3988 adhaereat
2972 3933 3206 4004 quidem
3244 3938 3300 3987 et
3325 3932 3623 3987 continens
3654 3932 3728 3985 sit
3767 3931 3933 3985 circa

2275 4026 2692 4081 sanctissimam
2723 4026 3051 4095 Ecclesiam;
3085 4027 3205 4081 loco
3249 4043 3381 4080 vero
3412 4026 3743 4093 liberorum,
3788 4041 3931 4079 om-

2275 4135 2405 4174 nem
2436 4119 2816 4175 Christianum
2847 4125 2904 4174 et
2933 4119 3317 4174 orthodoxum
3352 4119 3559 4173 habeat
3586 4120 3877 4190 populum
3915 4136 3931 4173 :

2274 4229 2617 4284 cognoscens
2656 4212 2733 4266 sic
2763 4212 2835 4266 ab
2866 4212 3029 4267 initio
3065 4228 3131 4267 ea
3158 4229 3287 4283 quae
3314 4212 3386 4266 de
3422 4212 3774 4267 successione
3803 4213 3937 4267 Deo

2275 4305 2605 4360 amabilium
2626 4306 3022 4377 episcoporum
3051 4309 3187 4360 sunt
3201 4322 3303 4360 nos
3324 4305 3685 4376 disposuisse,
3709 4308 3770 4359 et
3785 4322 3936 4361 cum

2275 4398 2555 4469 ejusmodi
2583 4398 2924 4469 cogitatione
2960 4399 3299 4470 processisse
3326 4403 3577 4453 nostram
3605 4397 3830 4468 legem;
3876 4404 3937 4453 et

2192 4504 2252 4576 D
2276 4507 2374 4545 eos
2398 4491 2496 4561 qui
2524 4496 2732 4562 praeter
2760 4492 2882 4546 haec
2909 4492 3046 4563 quid
3084 4492 3319 4559 faciunt,
3344 4496 3444 4545 aut
3465 4490 3725 4558 fecerint,
3754 4493 3930 4547 omni

2276 4584 2599 4655 episcopatu
2629 4584 2893 4655 indignos
2919 4601 3070 4654 esse;
3116 4584 3215 4656 qui
3247 4585 3403 4639 enim
3437 4590 3564 4655 post
3605 4584 3762 4640 hanc
3813 4603 3929 4640 no-

2274 4682 2446 4731 stram
2459 4677 2926 4732 constitutionem
2948 4679 3131 4732 facere
3150 4677 3368 4748 aliquos
3388 4678 3683 4748 episcopos
3702 4683 3934 4749 prater

2275 4771 2397 4841 ejus
2422 4770 2558 4838 vim,
2591 4776 2688 4825 aut
2711 4770 2837 4825 ﬁeri
2861 4771 2981 4825 ausi
3018 4771 3253 4838 fuerint,
3300 4786 3486 4841 neque
3524 4771 3587 4824 in
3633 4772 3933 4844 episcopis

2274 4864 2751 4932 numerahuntur,
2781 4880 2966 4936 neque
2990 4864 3310 4918 manebunt
3341 4864 3400 4917 in
3433 4862 3626 4932 sacris,
3673 4864 3784 4919 sed
3820 4884 3932 4921 ex-

2275 4958 2421 5027 pulsi
2451 4957 2521 5011 ab
2547 4958 2655 5027 his,
2687 4958 2812 5012 aliis
2841 4957 3264 5012 dabuntlocum
3282 4956 3675 5025 ordinationis,
3692 4974 3839 5013 cum
3871 4960 3934 5015 in

2275 5049 2474 5121 primis
2499 5050 2964 5121 diligentissimae,
2981 5053 3107 5104 tum
3126 5051 3298 5105 etiam
3324 5051 3437 5104 Deo
3454 5066 3558 5120 per
3576 5052 3782 5106 omnia
3797 5055 3932 5124 pla-

2275 5143 2470 5198 centis.
2495 5143 2700 5198 Datum
2730 5160 2781 5198 ιν
2802 5144 3036 5200 Kalend.
3067 5145 3248 5215 Sept.,
3277 5143 3403 5211 CP.,
3430 5146 3559 5214 post
3580 5160 3733 5200 coss.
3766 5147 3935 5201 Lam-

2274 5235 2405 5307 pad.
2432 5239 2490 5291 et
2508 5235 2688 5291 Orest.
2713 5240 2837 5292 531.

2927 5330 3053 5384 LEX
3080 5330 3250 5385 XLIX.

2345 5423 2501 5477 Idem
2525 5423 2838 5494 imperator
2859 5422 3208 5478 Justinianus
3226 5427 3511 5495 Augustus
3530 5423 3745 5481 Joanni
3767 5424 3832 5482 P.
3865 5430 3928 5482 P.

2346 5516 2405 5570 Si
2430 5517 2559 5587 quis
2585 5516 2658 5570 ad
2676 5515 3075 5571 declinandam
3100 5517 3290 5588 legem
3315 5516 3647 5585 Falcidiam,
3671 5535 3808 5574 cum
3833 5521 3933 5575 de»

2274 5610 2483 5665 siderat
2521 5613 2699 5664 totam
2737 5626 2898 5664 suam
2938 5610 3311 5665 substantiam
3366 5627 3469 5680 pro
3520 5611 3926 5685 redemptione

2271 5703 2622 5774 captivorum
2648 5703 2993 5775 relinquere,
3027 5719 3123 5758 eos
3164 5704 3316 5775 ipsos
3343 5704 3600 5775 captivos
3632 5707 3925 5778 scripserit

2271 5797 2546 5866 heredes,
2578 5812 2649 5852 ne
2683 5797 2940 5852 videatur
2973 5796 3136 5869 quasi
3168 5797 3398 5853 incertis
3434 5799 3703 5871 personis
3731 5801 3918 5861 here-
