4032 6232
189 346 328 399 1065

183 450 356 503 dibus
386 450 660 506 institutis
686 452 968 522 judicium
994 474 1160 513 suum
1203 465 1656 533 oppugnandum
1688 467 1823 522 reli-

180 543 400 613 quisse,
434 544 720 599 sancimus
763 548 1047 618 ejusmodi
1091 556 1148 607 et
1183 556 1360 610 talem
1405 557 1822 616 institutionem

176 636 414 706 pietatis
445 637 656 694 intuitu
687 641 900 708 valere,
925 647 983 697 et
1002 662 1119 700 non
1154 663 1276 702 esse
1309 653 1720 720 respuendam.
1752 684 1821 695 -—

178 731 211 799 ς
235 732 283 782 l.
316 730 432 784 Sed
462 737 518 784 et
543 733 586 785 si
617 750 902 804 pauperes
929 737 1161 808 quidem
1211 742 1499 813 scripserit
1539 746 1818 815 hmredes,

178 826 240 874 et
261 839 379 877 non
402 825 722 880 inveniatur
736 833 955 884 certum
979 834 1513 906 ptochotrophium,
1540 840 1627 892 vel
1650 844 1820 894 certas

179 917 441 971 ecclesiae
459 935 762 990 pauperes,
779 922 847 976 de
864 924 1071 994 quibus
1087 930 1317 983 testator
1347 931 1701 1002 cogitaverit,
1721 935 1821 988 sed

177 1009 287 1063 sub
315 1010 536 1066 incerto
575 1014 849 1069 vocabulo
876 1034 1161 1089 pauperes
1191 1022 1409 1077 fuerint
1442 1025 1701 1080 haeredes
1732 1027 1818 1081 in-

178 1102 387 1170 stituti,
426 1104 592 1159 simili
623 1107 796 1161 modo
824 1116 880 1162 et
919 1111 1246 1181 hujusmodi
1278 1116 1696 1174 institutionem
1723 1137 1816 1174 va-

176 1196 301 1249 lere
336 1197 724 1254 decernimus.
757 1232 824 1240 ——
864 1205 893 1273 §
918 1207 970 1258 2.
1000 1206 1066 1258 Et
1090 1206 1134 1260 si
1158 1209 1389 1279 quidem
1416 1212 1664 1282 captivos
1691 1213 1821 1267 scri-

174 1290 360 1359 pserit
377 1291 634 1346 haeredes
651 1294 914 1364 civitatis,
947 1298 1004 1350 in
1024 1315 1138 1369 qua
1166 1304 1408 1358 testator
1425 1306 1605 1358 larem
1626 1307 1819 1360 fovere

174 1398 241 1436 ac
270 1382 482 1453 degere
514 1386 786 1455 noscitur,
811 1390 1108 1462 episcopus
1129 1397 1186 1446 et
1222 1412 1556 1452 aeconomus
1578 1399 1818 1454 haeredi-

174 1479 362 1530 tatem
385 1478 717 1550 suscipiant,
738 1485 794 1535 et
815 1484 1150 1541 omnimodo
1166 1487 1223 1540 in
1253 1489 1713 1562 redemptionem
1734 1510 1821 1547 ca-

174 1571 469 1640 ptivorum
501 1575 774 1642 procedat
799 1576 1120 1648 haereditas,
1155 1581 1270 1634 sive
1289 1599 1392 1654 per
1411 1601 1633 1640 annuos
1663 1587 1818 1641 redi-

170 1666 284 1729 tus,
315 1663 432 1717 sive
465 1681 570 1735 per
595 1669 985 1724 venditionem
1013 1674 1311 1728 mobilium
1354 1693 1453 1731 seu
1484 1695 1542 1731 se
1581 1695 1814 1734 moven-

171 1755 325 1810 tium
376 1774 573 1812 rerum
614 1760 730 1815 sit:
793 1764 950 1818 nullo
998 1767 1226 1836 penitus
1256 1784 1319 1822 cx
1361 1769 1469 1824 hoc
1511 1772 1689 1842 lucro,
1731 1775 1820 1828 vel

172 1865 499 1921 arconomo,
545 1854 631 1908 vel
683 1855 974 1928 episcOpo,
1018 1861 1106 1914 vel
1151 1868 1521 1938 sacrosancta:
1567 1867 1892 1948 ecclesizeB

172 1944 584 2015 relinquendo.
614 1947 670 2002 Si
699 1950 853 2002 enim
875 1956 1111 2022 propter
1136 1954 1245 2008 hoc
1271 1974 1301 2009 a
1333 1958 1563 2027 speciali
1583 1959 1813 2015 haerede

172 2053 465 2092 recessum
488 2044 591 2108 est,
620 2045 685 2096 ut
707 2059 826 2097 non
852 2045 1110 2101 Falcidia:
1143 2050 1290 2102 ratio
1321 2051 1644 2121 inducatur,
1678 2071 1814 2125 quo-

170 2131 353 2186 modo
379 2133 687 2189 ferendum
715 2141 819 2204 est,
849 2139 979 2206 hoc,
1017 2142 1170 2211 quod
1205 2142 1264 2196 in
1302 2161 1528 2200 sacrum
1572 2149 1809 2216 venerit,

169 2240 276 2294 per
304 2226 613 2282 Falcidiam
643 2230 732 2283 vel
757 2223 930 2286 aliam
954 2235 1314 2290 occasionem
1349 2239 1577 2294 minui?
1605 2241 1724 2313 -ἓ
1757 2245 1806 2296 3.

170 2317 279 2370 Ubi
295 2324 490 2374 autem
506 2320 838 2379 indistincte
855 2343 1142 2398 pauperes
1163 2331 1355 2401 scripti
1375 2338 1508 2387 sunt
1529 2334 1807 2404 haeredes,

169 2409 249 2463 ibi
278 2428 570 2468 xenonem
602 2417 724 2487 ejus
762 2420 1000 2474 civitatis
1034 2424 1370 2479 omnimodo
1409 2426 1808 2484 liaareditatem

169 2506 448 2575 nancisci,
483 2513 538 2563 et
557 2527 660 2580 per
674 2514 1078 2570 xenodochum
1099 2517 1156 2570 in
1181 2523 1530 2588 aegrotantes
1559 2522 1684 2576 fieri
1712 2540 1809 2594 pa-

169 2599 430 2655 trimonii
460 2602 946 2675 distributionem,
970 2612 1288 2665 secundum
1308 2613 1463 2684 quod
1484 2614 1543 2667 in
1574 2617 1808 2687 captivis

169 2693 594 2766 constituimus,
621 2699 708 2752 vel
734 2717 840 2770 per
865 2702 1159 2757 redituum
1185 2706 1484 2760 annalium
1516 2709 1802 2779 erogatio-

168 2802 332 2854 nem,
363 2789 450 2840 vel
472 2806 575 2859 per
593 2792 987 2848 venditionem
1009 2813 1203 2852 rerum
1224 2800 1554 2869 mobilium,
1577 2804 1663 2855 vel
1683 2819 1804 2856 sese

167 2881 549 2949 moventium,
586 2889 646 2937 ut
675 2902 740 2939 ex
772 2887 860 2940 his
889 2905 979 2944 res
1008 2890 1332 2946 immobiles
1374 2902 1801 2968 comparentur,

168 2977 227 3027 et
259 2990 487 3029 annuus
510 2977 690 3032 victus
726 2983 1139 3050 azgrotantibus
1168 2987 1418 3042 accedat.
1464 2989 1600 3052 Quis
1645 2991 1802 3044 enim

163 3069 482 3139 pauperior
509 3076 595 3126 est
627 3073 953 3130 hominibus
975 3077 1153 3147 quiet
1177 3080 1373 3151 inopia
1405 3084 1548 3136 tenti
1569 3088 1718 3152 sunt,
1749 3089 1805 3139 et

161 3161 224 3214 in
265 3179 488 3220 xenone
533 3167 789 3238 repositi,
828 3173 885 3222 et
922 3171 1037 3224 suis
1074 3174 1409 3243 corporibus
1447 3176 1799 3248 laborantes,

950 351 1315 408 JUSTINIANI
1357 355 1565 411 LEGES
1600 358 1933 416 SELECTA‘J.
1980 365 2102 417 LIB.
2150 367 2188 432 l,
2231 368 2354 422 ΤΙΤ.
2399 370 2490 437 ΙΙΙ,
2534 371 2664 425 LEX
2704 372 2835 426 Llll.

3427 382 3559 436 1066

1846 498 1904 571 Α
1926 470 2257 542 hujusmodi
2279 475 2793 546 gubernationibus
2819 479 3052 536 sibimet
3067 484 3452 555 acquisierint,
3469 489 3558 542 vel

1925 565 1970 619 si
1996 566 2101 620 hoc
2127 569 2406 623 committi
2433 571 2504 625 ab
2534 572 2644 626 alio
2677 575 3085 645 consenserint,
3115 582 3173 632 et
3197 595 3313 632 non
3342 581 3556 651 gravis-

1922 659 2067 714 sima
2078 677 2246 731 poena
2269 662 2812 722 etinterminatione
2846 669 3001 740 quod
3020 687 3324 743 perperam
3343 674 3558 729 factum

1921 757 2005 806 est
2033 754 2303 810 studeant
2325 758 2636 829 corrigere.

2621 881 2746 935 LEX
2782 881 2843 936 L.

1994 990 2152 1045 Idem
2180 995 2680 1064 AugustusJoanni
2710 998 2769 1052 P.
2802 999 2864 1051 P.

1991 1086 2131 1139 Cum
2162 1086 2291 1157 lege
2317 1088 2574 1142 Leonina
2594 1089 2729 1143 viris
2755 1090 3250 1146 reverendissimis
3273 1094 3556 1166 episcopis

1921 1179 1979 1229 et
2005 1178 2374 1249 presbyteris,
2411 1185 2469 1234 et
2493 1181 2748 1236 diaconis
2786 1182 3076 1254 peculium
3119 1185 3340 1240 habere
3392 1189 3557 1258 quasi

1920 1269 2205 1320 castrense
2233 1285 2565 1324 concessum
2594 1276 2698 1338 est,
2733 1287 2800 1325 eo
2817 1271 3012 1326 addito
3047 1276 3110 1326 ut
3141 1274 3283 1328 etin
3316 1275 3438 1345 ipso
3467 1281 3553 1331 te-

1920 1358 2058 1412 stari
2090 1361 2312 1430 possint
2350 1362 2719 1418 dubitabatur
2753 1365 2799 1418 si
2835 1365 3167 1436 hujusmodi
3211 1371 3554 1424 testamenta

1920 1451 2168 1506 debeant
2209 1453 2278 1508 de
2311 1453 2629 1511 inofﬁcioso
2663 1458 2899 1527 querela
2937 1461 3270 1531 expugnari,
3312 1479 3443 1516 cum
3479 1463 3550 1516 de

1921 1545 2191 1600 omnibus
2219 1548 2473 1617 personis
2494 1565 2622 1620 quae
2661 1550 2994 1621 hujusmodi
3019 1543 3305 1623 peculiu'm
3333 1572 3556 1609 merue-

1919 1641 2056 1692 runt
2074 1639 2277 1694 eadem
2297 1642 2485 1696 fuerat
2505 1644 2744 1713 quaestio
2765 1648 2958 1698 exorta
2975 1647 3002 1699 Ἰ
3019 1646 3547 1719 Sancimusitaque,

1918 1731 2052 1784 viris
2097 1735 2588 1789 reverendissimis
2637 1736 2936 1808 episcopis,
2982 1741 3039 1792 et
3081 1740 3445 1812 presbyteris,
3497 1745 3556 1796 et

1919 1824 2177 1880 diaconis
2204 1827 2303 1898 qui
2318 1829 2432 1882 tale
2447 1829 2732 1899 peculium
2752 1831 2912 1901 quasi
2931 1834 3217 1886 castrense
3239 1833 3548 1904 possident,

1916 1935 2087 1989 super
2105 1919 2193 1973 his
2224 1923 2626 1978 tantummodo
2673 1924 2844 1977 rebus
2885 1941 3012 1995 quae
3053 1926 3216 1996 quasi
3250 1926 3552 1981 castrensis

1914 2011 2098 2082 peculi
2122 2019 2270 2080 sunt,
2294 2031 2407 2068 non
2455 2016 2639 2070 solum
2669 2017 2869 2070 ultima
2896 2018 3214 2072 concedere
3235 2020 3552 2074 secundum

1912 2103 2066 2176 leges
2091 2107 2274 2177 elogia
2311 2107 2481 2162 licere
2519 2108 2693 2180 (quod
2737 2127 2804 2163 ex
2842 2111 3099 2164 Leonina
3145 2113 3549 2168 constitutione

1911 2199 2247 2269 descendit),
2278 2201 2380 2255 sed
2410 2202 2584 2256 etiam
2611 2219 2808 2257 eorum
2840 2203 3074 2258 ultimas
3092 2206 3416 2260 voluntates
3447 2223 3544 2261 su-

1910 2309 2015 2362 per
2040 2293 2128 2346 his
2156 2295 2562 2350 tantummodo
2584 2295 2811 2350 habitas
2839 2297 2907 2351 de
2934 2298 3255 2353 inofﬁcioso
3296 2301 3545 2370 querelae

1910 2385 2149 2440 minime
2176 2387 2492 2458 subjacere.
2525 2390 2649 2443 Dat.
2698 2391 2843 2443 Non.
2896 2391 3192 2463 Februar.,
3238 2395 3365 2462 (ΣΕ,
3415 2396 3546 2465 post

1909 2494 2052 2534 coss.
2085 2481 2380 2552 Lampadii
2405 2485 2464 2536 et
2488 2482 2717 2552 Orestis,
2745 2500 2896 2539 anno
2918 2488 2971 2553 2,
3001 2488 3121 2540 532.

2604 2604 2732 2658 LEX
2765 2605 2850 2658 LI.

1983 2710 2136 2764 Idem
2163 2713 2455 2783 Augustus
2484 2714 2690 2768 Joanni
2709 2716 2770 2768 P.
2805 2717 2866 2769 P.

1980 2804 2037 2858 Si
2066 2805 2192 2875 quis
2211 2805 2268 2858 in
2291 2807 2704 2861 conscribendo
2721 2807 3106 2863 instrumento
3118 2823 3230 2864 sese
3249 2809 3542 2866 confessus

1903 2896 2078 2951 fuerit
2103 2913 2209 2952 non
2228 2915 2456 2954 usurum
2471 2903 2584 2968 fori
2594 2904 3005 2972 praescriptione
3016 2907 3241 2973 propter
3255 2905 3546 2958 sacerdotii

1896 2994 2342 3061 praerogativam,
2383 2993 2670 3047 sancimus
2705 3011 2819 3048 non
2839 2995 3032 3048 ’licere
3065 2995 3117 3049 ei
3142 2996 3411 3050 adversus
3437 3013 3542 3051 sua

1902 3089 2066 3155 pacta
2091 3085 2304 3153 venire,
2335 3091 2387 3141 et
2427 3087 2832 3142 contrahentes
2868 3088 3152 3160 decipere,
3181 3105 3311 3143 cum
3341 3090 3542 3162 regula

1904 3177 1976 3232 sit
1997 3178 2145 3248 juris
2171 3179 2394 3251 antiqui
2428 3196 2441 3233 :
2463 3181 2650 3236 Omnes
2678 3182 2948 3236 licentiam
2974 3183 3168 3236 habere
3185 3184 3266 3238 his
3293 3198 3413 3252 quae
3434 3199 3539 3253 pro

163 3257 554 3312 accesserim
580 3260 790 3314 victum
810 3262 914 3316 sibi
933 3279 1051 3318 non
1077 3271 1315 3336 possunt
1344 3269 1590 3325 afferre?
1616 3272 1795 3343 -—§~’i.
1822 3246 1876 3320 C
1901 3287 1956 3326 se
1985 3273 2204 3328 indulta
2233 3279 2359 3329 sunt
2384 3276 2719 3328 renuntiare.
2747 3274 2931 3338 Quam
2976 3276 3305 3347 generalem
3344 3277 3535 3348 legem

160 3347 422 3403 Licentia
459 3353 695 3407 omnino
735 3355 926 3410 danda
957 3363 1013 3412 et
1037 3358 1097 3411 in
1129 3361 1341 3430 priore,
1371 3367 1427 3416 et
1453 3363 1511 3416 in
1550 3366 1800 3420 secunda

159 3441 375 3512 specie,
400 3448 456 3498 et
480 3445 770 3500 actionem
796 3465 1049 3517 movere,
1081 3456 1137 3505 et
1155 3452 1350 3508 debita
1378 3456 1627 3526 exigere,
1657 3464 1720 3512 ut
1739 3459 1796 3512 in

159 3536 416 3607 captivos
454 3539 541 3592 vel
576 3539 637 3594 in
677 3547 1026 3612 aegrotantes
1055 3553 1491 3604 consumantur.
1535 3551 1595 3605 Si
1643 3553 1795 3607 enim

158 3629 466 3685 heredum
489 3632 569 3686 eis
590 3637 646 3687 et
653 3635 748 3704 jus
775 3639 833 3689 et
849 3653 1066 3692 nomen
1085 3639 1369 3711 dedimus,
1386 3642 1508 3697 sine
1537 3645 1796 3700 Falcidia:

157 3726 358 3777 tamen
382 3725 522 3795 legis
549 3729 964 3801 emolumento,
990 3748 1220 3787 necesse
1249 3740 1335 3789 est
1355 3752 1449 3790 eos
1470 3737 1665 3792 debita
1688 3739 1797 3792 exi-

159 3832 322 3887 gere,
355 3821 412 3871 et
431 3819 808 3876 creditoribus
836 3827 1207 3895 respondere.
1227 3859 1295 3868 —
1325 3828 1354 3900 §
1388 3833 1437 3883 5.
1474 3831 1573 3885 Sin
1602 3837 1792 3887 autem

157 3904 471 3980 ampliores
496 3911 554 3964 in
577 3913 800 3970 civitate
818 3933 1067 3972 xenones
1085 3922 1172 3975 vel
1197 3923 1640 3994 ptochotrophia
1660 3926 1790 3994 sint,

154 4019 232 4057 ne
255 4003 475 4058 incerta
491 4005 750 4060 videatur
765 4012 1137 4079 pecuniarum
1166 4014 1342 4083 datio,
1361 4019 1499 4070 tunc
1525 4018 1578 4072 ei
1589 4019 1794 4074 xenoni

153 4097 247 4151 vel
275 4098 743 4171 ptochotrophio,
787 4104 886 4173 qui
912 4107 1222 4177 pauperior
1257 4126 1378 4164 esse
1416 4111 1788 4183 dignoscitur,

153 4191 394 4246 easdem
434 4210 527 4247 res
569 4196 656 4249 vel
701 4199 975 4267 pecunias
1011 4201 1287 4270 assignari
1325 4220 1649 4274 censemus,
1685 4207 1790 4261 hoc

150 4284 419 4346 videlicet
445 4286 799 4345 discutienda
829 4292 996 4346 aviro
1024 4297 1502 4353 reverendissimo
1531 4301 1785 4355 locorum

147 4377 408 4432 antistite
430 4384 488 4434 et
516 4381 619 4434 sub
651 4398 718 4436 eo
746 4385 1065 4440 constitutis
1095 4389 1338 4446 clericis.

222 4469 253 4543 §
281 4474 336 4525 6.
357 4471 456 4526 Sin
477 4479 672 4528 autem
693 4477 881 4531 nullus
897 4482 1158 4535 xenonin
1181 4483 1407 4539 civitate
1435 4485 1782 4556 inveniatur,

148 4572 310 4636 tunc,
327 4571 643 4626 secundum
663 4574 733 4628 de
755 4577 988 4646 captivis
1007 4581 1383 4650 sanctionem,
1405 4601 1507 4654 pro
1521 4589 1783 4657 tempore

148 4678 486 4718 (economus
514 4673 885 4723 sacrosancta:
915 4673 1167 4727 ecclesiae
1196 4677 1278 4728 vel
1331 4677 1625 4749 cpiscopus
1661 4680 1782 4734 has-

148 4755 464 4811 reditatem
491 4760 761 4831 accipiat;
798 4767 856 4816 et
885 4763 1006 4819 sine
1035 4767 1292 4824 Falcidic'e
1320 4771 1542 4826 ratione
1569 4790 1784 4846 paupe-

146 4849 311 4904 ribus
337 4851 436 4922 qui
462 4852 522 4907 in
538 4853 758 4910 civitale
771 4861 922 4928 sunt,
943 4861 1030 4913 vel
1057 4862 1284 4931 penitus
1302 4866 1780 4939 mendicantibus,

146 4944 236 4997 vel
256 4943 368 4998 alia
384 4949 801 5004 sustentatione
829 4954 1151 5022 egentibus,
1175 4958 1393 5012 easdem
1415 4962 1674 5030 pecuniae
1696 4963 1778 5017 di-

143 5036 526 5093 stribuantur.
554 5041 674 5113 —§
702 5048 754 5098 7.
776 5045 905 5099 Haec
929 5050 1115 5102 tamen
1143 5052 1339 5107 omnia
1365 5055 1555 5109 locum
1568 5057 1780 5112 habere

142 5129 457 5199 sancimus,
492 5135 722 5203 quando
749 5153 867 5192 non
894 5141 1034 5194 certi
1075 5145 1315 5199 xenonis
1357 5147 1446 5202 vel
1472 5150 1608 5204 certi
1651 5156 1776 5221 pto-

139 5223 494 5295 chotrophii,
529 5228 615 5282 vel
644 5234 814 5285 certae
841 5235 1091 5290 ecclesias
1113 5239 1434 5296 nominatio
1461 5248 1778 5299 atestatore

137 5317 453 5374 subsecuta
478 5323 691 5388 est,sed
709 5322 960 5380 incertus
993 5335 1076 5384 est
1095 5331 1218 5400 ejus
1231 5349 1444 5389 sensus.
1460 5335 1559 5390 Sin
1581 5341 1776 5392 autem

134 5412 200 5465 in
215 5427 533 5482 personam
556 5419 796 5486 certam,
819 5423 1274 5480 venerabilemve
1298 5431 1516 5483 certam
1541 5430 1777 5486 domum

134 5507 482 5576 respexerit,
513 5509 564 5563 ei
581 5513 986 5570 tantummodo
1007 5517 1407 5575 haereditatem
1425 5523 1508 5575 vel
1521 5523 1776 5593 legatum

135 5605 474 5671 competere
489 5603 798 5674 sancimus,
828 5608 986 5662 nulla
1015 5611 1259 5666 Falcidia
1285 5629 1392 5667 nec
1417 5613 1476 5668 in
1495 5616 1600 5670 hac
1616 5623 1777 5687 parte

129 5691 558 5751 intercedente.
592 5727 661 5739 —
686 5697 718 5771 §
747 5702 799 5754 8.
832 5702 894 5756 In
923 5703 1191 5759 omnibus
1218 5710 1412 5762 autem
1447 5709 1776 5779 hujusmodi

128 5786 364 5842 casibus
408 5789 666 5846 cmlestes
703 5793 1032 5851 iracundias
1058 5804 1554 5858 sacrosanctarum
1578 5817 1775 5858 rerum

125 5879 630 5941 administratores
648 5892 978 5960 exspectent
995 5892 1042 5949 si
1057 5895 1454 5971 qualecunque
1469 5899 1693 5957 lucrum
1710 5913 1777 5956 ex

342 5980 619 6049 ΡΑΤιιοι..
677 5985 912 6054 LXXII.

1899 3364 1960 3418 in
1993 3368 2261 3421 omnibus
2297 3367 2519 3421 casibus
2559 3367 2819 3423 obtinere
2839 3369 3150 3440 sancimus,
3173 3369 3271 3441 qui
3290 3371 3536 3426 necdum

1898 3474 2002 3528 per
2009 3459 2343 3528 judicialem
2359 3461 2703 3515 sententiam
2715 3463 2804 3516 vel
2825 3463 3192 3518 amicabilem
3208 3463 3536 3520 conventio-

1899 3568 2034 3605 nem
2070 3553 2240 3623 sopiti
2271 3557 2420 3608 sunt.
2449 3555 2572 3608 Dat.
2603 3556 2724 3608 Kal.
2749 3556 3040 3626 Septemb.
3051 3596 3066 3625 ,
3086 3557 3359 3628 CP.,post
3385 3575 3526 3615 coss.

1896 3645 2172 3717 Lampad.
2208 3650 2266 3700 et
2295 3647 2507 3702 Orestis
2533 3663 2620 3704 vv.
2655 3664 2735 3702 cc.
2770 3652 2893 3704 532.

2572 3767 2701 3824 LEX
2737 3768 2846 3825 LlI.

1967 3879 2123 3934 Idem
2149 3882 2439 3952 Augustus
2466 3879 2671 3934 Joanni
2700 3883 2762 3935 P.
2789 3882 2850 3935 P.

1965 3975 2316 4056 Generaliter
2334 3974 2621 4028 sancimus
2637 3990 2836 4028 omnes
2854 3973 3003 4028 viros
3015 3974 3523 4032 reverendissimos

1892 4068 2209 4139 episcopos,
2237 4085 2342 4122 nec
2366 4086 2484 4124 non
2509 4069 2898 4140 presbyteros,
2922 4068 3197 4124 diaconos
3225 4073 3284 4124 et
3302 4070 3529 4127 subdia-

1891 4179 2086 4233 conos,
2105 4166 2160 4217 et
2179 4163 2467 4234 precipue
2481 4163 2815 4231 monachos,
2845 4163 2980 4218 licet
3005 4179 3119 4217 non
3159 4163 3274 4218 sint
3315 4166 3524 4237 clerici,

1889 4255 2321 4310 immunitatem
2339 4257 2461 4327 ipso
2474 4257 2604 4327 jure
2618 4272 2819 4312 omnes
2839 4258 3055 4312 habere
3089 4259 3280 4313 tutela
3301 4258 3418 4314 sive
3445 4263 3526 4314 te-

1889 4351 2296 4418 stamentariae,
2321 4350 2435 4404 sive
2469 4350 2763 4421 legitimas,
2783 4350 2897 4406 sive
2926 4350 3130 4405 dativaa
3157 4369 3174 4420 ;
3198 4354 3256 4406 et
3284 4368 3402 4406 non
3428 4369 3520 4407 so-

1886 4443 2007 4496 lum
2033 4444 2228 4496 tutela:
2259 4459 2358 4497 eos
2384 4460 2506 4498 esse
2546 4447 2828 4514 expertes,
2867 4443 2967 4496 sed
2990 4443 3167 4497 etiam
3199 4459 3369 4512 curas,
3403 4461 3524 4500 non

1886 4537 2068 4590 solum
2113 4537 2460 4606 pupillorum
2481 4540 2540 4590 et
2584 4536 2932 4603 adulterum,
2975 4535 3073 4588 sed
3112 4541 3169 4590 et
3202 4536 3421 4607 furiosi,
3465 4544 3524 4593 et

1803 4620 1862 4692 D
1885 4629 2051 4696 muti,
2084 4634 2142 4683 et
2164 4630 2341 4696 surdi,
2371 4633 2430 4683 et
2459 4629 2699 4683 aliarum
2710 4645 3108 4699 personarum,
3135 4629 3342 4700 quibus
3364 4633 3518 4686 tuto-

1885 4741 1995 4794 res,
2013 4724 2102 4777 vel
2130 4726 2420 4778 curatores
2452 4739 2485 4778 a
2503 4723 2791 4777 veteribus
2819 4723 3041 4794 legibus
3067 4723 3294 4778 dantur.
3316 4723 3436 4797 —§
3467 4729 3515 4781 l.

1884 4819 1994 4872 Eos
2023 4821 2216 4872 tamen
2245 4816 2476 4871 clericos
2507 4820 2564 4870 et
2591 4817 2906 4871 monachos
2941 4817 3272 4888 hujusmodi
3302 4818 3518 4874 habere

1881 4912 2226 4967 beneﬁcium
2272 4911 2578 4980 sancimus,
2610 4911 2705 4982 qui
2731 4911 2886 4982 apud
2912 4916 3304 4967 sacrosanctas
3335 4914 3516 4968 eccle-

1884 5006 2012 5075 sias,
2041 5008 2127 5060 vel
2156 5005 2505 5059 monasteria
2523 5007 3018 5074 permanent,non
3045 5006 3399 5078 divagantes,
3423 5024 3520 5062 ne-

1883 5117 1994 5172 que
2015 5100 2162 5155 circa
2177 5098 2372 5153 divina
2391 5097 2714 5152 ministeria
2742 5099 2994 5170 desides;
3017 5117 3147 5155 cum
3158 5103 3394 5171 propter
3406 5100 3520 5193 hoq

1880 5196 2066 5266 ipsum
2101 5193 2440 5248 beneﬁcium
2457 5192 2537 5247 eis
2560 5191 2985 5264 indulgeamus,
3008 5199 3072 5248 ut
3097 5193 3220 5246 aliis
3250 5191 3516 5247 omnibus

1880 5288 2184 5356 derelictis,
2213 5287 2314 5342 Dei
2348 5286 2758 5357 omnipotentis
2796 5285 3123 5340 ministeriis
3171 5284 3509 5340 inhaereant.

1877 5414 1946 5423 —
1972 5383 2002 5454 §
2029 5385 2082 5437 2.
2113 5383 2180 5436 Et
2204 5382 2314 5436 hoc
2340 5398 2455 5436 non
2479 5383 2664 5437 solum
2685 5381 2744 5435 in
2766 5382 2957 5472 vetere
2986 5378 3184 5444 Roma,
3214 5378 3303 5432 vel
3318 5379 3376 5430 in
3403 5379 3512 5433 hac

1877 5478 2036 5550 regia
2061 5477 2308 5546 civitate,
2331 5475 2434 5530 sed
2465 5476 2600 5530 etin
2629 5473 2784 5529 omni
2811 5470 2978 5538 terra,
3010 5470 3330 5542 ubicunque
3356 5471 3515 5526 Chri-

1877 5572 2196 5628 stianorum
2220 5586 2435 5626 nomen
2466 5569 2688 5635 colitur,
2711 5565 2970 5620 obtinere
2997 5563 3300 5618 sancimus.

2545 5689 2673 5744 LEX
2701 5687 2840 5741 ιλιι.

1945 5807 2105 5862 Idem
2122 5809 2414 5879 Augustus
2431 5802 2632 5861 Joanni
2661 5803 2724 5856 P.
2754 5802 2816 5856 P.

1945 5900 2243 5958 Sancimus
2263 5900 2559 5958 neminem
2585 5895 2842 5963 omnino,
2865 5907 3053 5966 neque
3081 5889 3377 5965 curialem,
3409 5910 3506 5953 ne-

3113 5997 3190 6053 34
