4032 6232
492 240 626 294 1067

1627 230 1879 290 8ᾹΞΟΠΙᾸ
1920 231 2110 287 SEXTI
2152 227 2708 287 SUPPLEMENTUM.

3729 233 3748 285 1
3761 234 3862 287 068

489 361 600 417 que
625 345 932 410 taxeotam,
953 342 1280 416 episcopum
1307 347 1405 396 aut
1423 341 1816 412 presbyterum
1834 340 1903 396 de
1916 345 2119 395 caetero
2140 352 2200 425 Α
2223 345 2424 408 teram,
2452 339 2543 393 ubi
2570 339 2819 393 maxime
2845 338 3149 393 curialium
3177 337 3483 393 constituta
3508 343 3592 393 est
3602 339 3859 410 penuria.

486 438 613 494 fieri
629 456 646 507 ;
667 437 809 492 nihil
837 437 1112 492 attinente
1144 439 1243 490 aut
1263 434 1583 504 attingente
1609 434 1719 489 hac
1743 434 1871 504 lege
1899 450 1996 489 eos
2021 435 2121 505 qui

489 534 623 586 ante
675 548 804 585 eam
835 529 1165 601 hujusmodi
1194 527 1514 583 sacerdotio
1545 527 1705 599 digni
1735 527 1918 582 habiti
1945 531 2078 581 sunt
2105 544 2117 582 :

487 625 559 679 de
591 627 795 680 caetero
822 640 954 678 vero
987 622 1278 676 neminem
1304 620 1538 675 omnino
1566 621 1663 692 qui
1691 620 2027 691 supradictae
2049 620 2122 675 sit

487 717 731 772 fortuna:
763 717 834 770 ad
863 715 1166 787 praedictas
1192 714 1651 769 consecrationes
1681 714 1990 768 ascendere
2024 730 2036 767 :
2067 719 2123 768 et

486 811 735 865 maxime
765 809 812 863 si
838 814 893 862 et
912 809 1036 879 jam
1054 813 1223 863 antea
1253 807 1695 874 ministraverat,
1721 811 1819 861 aut
1834 806 2120 861 taxeoticis

486 905 757 958 servierat
777 901 1156 972 jussionibus;
1188 917 1322 955 eum
1355 901 1508 955 enim
1536 901 1634 971 qui
1660 900 1940 955 enutritus
1959 900 2118 954 estin

487 994 1388 1051 exsecutionibusvehementibus
1405 994 1526 1065 (seu
1541 993 1774 1065 asperis)
1801 997 1857 1048 et
1882 993 1970 1047 his
1989 1009 2119 1064 quae

487 1105 553 1144 ex
579 1105 644 1144 ea
673 1103 734 1142 re
758 1087 1044 1154 accidunt,
1070 1089 1341 1159 peccatis,
1374 1104 1488 1141 non
1510 1087 1708 1158 utique
1737 1103 1968 1158 tequum
1992 1086 2114 1141 fue-

482 1182 578 1247 rit,
600 1180 775 1235 modo
803 1180 1064 1252 quidem,
1090 1183 1146 1234 et
1175 1180 1321 1234 illico
1352 1197 1472 1236 esse
1492 1184 1796 1246 taxeotam,
1833 1183 1887 1234 et
1916 1179 2114 1234 buleu—

480 1280 624 1345 tam,
658 1277 716 1328 et
746 1275 928 1329 facere
957 1273 1216 1328 omnium
1245 1274 1634 1341 acerbissima,
1658 1290 1794 1327 mox
1822 1276 2010 1327 autem
2037 1289 2119 1326 sa-

482 1367 773 1422 cerdotem
799 1367 1071 1437 ordinari,
1100 1367 1170 1421 de
1198 1367 1555 1421 humanitate
1587 1370 1644 1420 et
1668 1365 1996 1420 innocentia
2018 1382 2112 1421 ex-

482 1464 794 1532 ponentem
835 1461 1128 1532 dogmata.
1163 1463 1546 1532 Praeterquam
1579 1461 1626 1514 si
1655 1460 1724 1514 ab
1763 1459 2019 1529 infantia,
2060 1463 2118 1514 et

481 1557 744 1612 nondum
768 1556 1321 1628 quidemephebiam
1340 1557 1641 1611 excedente
1658 1561 1838 1623 astate,
1863 1555 1916 1610 ei
1933 1554 2112 1610 conti-

482 1651 568 1721 git
590 1650 739 1705 inter
763 1649 1272 1704 reverendissimos
1287 1650 1597 1704 monachos
1617 1649 2042 1715 connumerari,
2059 1653 2114 1702 et

2226 433 2281 488 Si
2309 449 2444 487 vero
2480 433 2765 488 latitantes
2809 431 2891 502 (ut
2923 432 3217 503 probabile
3252 434 3354 503 est)
3385 431 3541 499 ﬁant,
3574 432 3858 486 licentiam

2223 526 2426 580 damus
2452 526 2784 595 curialibus,
2815 525 3006 580 statim
3036 525 3260 596 ingredi
3292 541 3384 580 res
3409 541 3633 594 eorum,
3664 542 3860 580 eorum

2221 624 2369 678 bona
2397 622 2673 682 detinere,
2699 623 2754 674 et
2775 619 2908 673 satis
2934 618 3038 673 sibi
3068 619 3380 674 secundum
3408 619 3593 689 legem
3631 618 3762 672 inde
3786 618 3861 672 fa-

2222 733 2369 772 cere.
2399 717 2527 769 Haec
2541 713 2719 785 igitur
2733 728 2904 783 super
2929 711 3420 766 reverendissimis
3446 711 3662 767 clericis
3678 712 3862 781 cujus-

2219 824 2444 881 cunque
2477 807 2689 878 gradus
2715 805 2968 860 obtinere
3011 805 3070 858 in
3098 810 3439 876 perpetuum
3469 805 3777 872 sancimus,
3805 810 3862 858 et

2219 903 2278 958 in
2308 903 2397 956 his
2423 918 2549 974 quae
2572 901 2694 972 jam
2723 902 3046 970 perpetrata
3064 901 3199 952 sunt
3230 898 3486 953 obtinere
3515 899 3703 968 legem
3733 914 3858 952 eam

2218 995 2470 1050 volentes
2497 1010 2626 1066 quae
2647 997 2703 1048 et
2725 992 2882 1063 prius
2901 996 3039 1046 erat.
3058 991 3337 1056 Quoniam
3356 995 3548 1046 autem
3577 996 3633 1046 et
3659 1007 3862 1062 quam-

2217 1089 2352 1144 dam
2385 1086 2854 1143 constitutionem
2889 1084 3210 1139 invenimus
3249 1085 3318 1139 de
3367 1083 3660 1139 monachis
3688 1084 3863 1139 disse-

2217 1187 2460 1250 rentem,
2489 1186 2544 1235 et
2588 1180 2870 1234 volentem
2915 1179 3067 1250 ipsos
3105 1195 3218 1232 non
3261 1178 3582 1250 relinquere
3624 1177 3861 1248 propria

2217 1273 2581 1342 monasteria,
2629 1289 2812 1344 neque
2860 1271 3095 1326 turbare
3148 1271 3418 1339 civitates,
3475 1287 3650 1342 quam
3705 1275 3762 1325 et
3786 1269 3859 1324 ad

2217 1367 2511 1439 quoddam
2534 1365 2809 1421 sancitam
2830 1381 2949 1420 esse
2973 1367 3195 1435 tempus
3219 1364 3453 1435 quidam
3473 1364 3856 1435 suspicantur,

2215 1465 2478 1533 oportere
2506 1459 2951 1515 existimavimus
2971 1458 3321 1512 occasionem
3341 1458 3472 1512 inde
3493 1457 3855 1528 accipientes,

2213 1554 2629 1626 perfectiorem,
2676 1558 2732 1608 et
2762 1553 2820 1606 in
2863 1567 3033 1606 omne
3059 1557 3282 1623 tempus
3323 1551 3494 1606 etiam
3527 1550 3634 1606 hoc
3683 1550 3858 1605 refor-

2213 1664 2391 1715 mare,
2421 1647 2501 1702 ita
2525 1652 2591 1702 ut
2633 1646 2850 1701 nemini
2891 1645 2960 1700 de
3000 1649 3202 1699 caetero
3243 1644 3856 1700 reverendissimorum

481 1742 700 1798 morari
715 1743 774 1798 in
795 1759 864 1798 eo
891 1743 1014 1814 ipso
1044 1743 1328 1798 schemate
1353 1760 1366 1809 ;
1400 1746 1535 1797 tunc
1558 1743 1714 1797 enim
1728 1742 2111 1814 permittimus
2133 1723 2189 1794 Β
2212 1741 2621 1796 monachorum
2649 1739 2878 1794 licentia
2906 1739 2998 1805 sit,
3029 1737 3142 1792 tale
3181 1737 3319 1809 quid
3345 1754 3536 1808 agere,
3569 1741 3625 1792 et
3672 1737 3856 1791 relin-

481 1833 611 1908 ipsi,
644 1839 702 1891 et
716 1835 1115 1908 presbyterum
1133 1835 1276 1905 ﬁeri,
1304 1840 1359 1890 et
1381 1835 1452 1889 ad
1475 1835 1864 1907 episcopatum
1884 1835 2108 1890 venire:

480 1945 612 1984 cum
624 1929 698 1984 sit
719 1929 1092 1983 manifestum
1106 1928 1273 1982 simul
1292 1931 1460 2000 atque
1472 1928 1587 1983 tale
1603 1928 1739 1998 quid
1752 1929 2023 1998 evenerit,
2056 1931 2114 1982 et

481 2023 693 2094 dignus
721 2021 1036 2077 sacerdotio
1057 2021 1407 2094 apparuerit,
1436 2023 1584 2093 quod
1606 2022 1900 2077 confestim
1932 2022 2108 2077 licen-

476 2116 619 2172 tiam
647 2115 886 2171 habebit
922 2132 1160 2170 manere
1197 2115 1255 2169 in
1298 2115 1648 2187 episcopatu,
1680 2120 1737 2170 et
1763 2115 2108 2182 ministrare,

479 2209 795 2264 dummodo
813 2212 1078 2280 quartam
1100 2211 1325 2280 partem
1339 2224 1455 2263 suae
1478 2209 1804 2263 substantiae
1827 2208 2111 2263 universas

476 2303 730 2373 praebeat
755 2301 1174 2369 decurionibus,
1207 2307 1264 2356 et
1292 2301 1426 2356 ﬁsco
1457 2301 1794 2374 (secundum
1823 2317 2008 2373 nuper
2037 2301 2111 2355 de

476 2399 683 2467 quarta
703 2399 862 2467 parte
881 2395 1128 2466 positam
1144 2411 1177 2448 a
1200 2395 1367 2450 nobis
1387 2395 1596 2466 legem)
1630 2400 1728 2449 aut
1749 2395 1854 2449 soli
1884 2395 2038 2463 fisco,
2065 2393 2109 2448 si

476 2489 714 2560 quidem
741 2488 1036 2543 taxeoticae
1064 2488 1308 2542 fortunas
1334 2488 1384 2542 ei
1407 2504 1528 2542 esse
1549 2488 1874 2559 contigerit.
1907 2488 1960 2543 Si
1978 2504 2109 2542 vero

477 2583 536 2634 et
576 2582 635 2635 in
680 2580 1168 2636 reverendissimis
1208 2581 1668 2636 archimandritis
1699 2585 2019 2648 censeatur,
2053 2585 2111 2636 et

473 2674 753 2729 manserit
786 2675 936 2728 inter
960 2675 1132 2745 ipsos,
1163 2679 1220 2729 et
1249 2675 1358 2730 hoc
1379 2675 1555 2729 etiam
1577 2674 1747 2729 modo
1768 2675 1969 2729 damus
1989 2675 2106 2729 forL

475 2771 632 2822 tuna:
655 2767 1066 2835 liberationem,
1089 2771 1352 2838 quartam
1373 2771 1431 2822 et
1447 2771 1580 2822 tunc
1610 2771 1831 2838 partem
1851 2784 1965 2822 sua
1983 2767 2110 2822 sub-

474 2860 800 2932 stantiae(ut
811 2859 1192 2932 praediximus)
1213 2861 1525 2932 praebituro
1550 2878 1562 2915 :
1597 2861 1762 2915 aliter
1789 2863 1981 2915 autem
2003 2877 2106 2915 ne-

474 2970 586 3025 que
623 2953 706 3008 illi
745 2953 997 3008 ordinari
1041 2953 1427 3022 concedimus,
1473 2971 1661 3026 neque
1701 2954 1964 3008 ordinato
2000 2955 2110 3008 tale

472 3045 608 3119 quid
631 3062 804 3118 agere
824 3047 1230 3117 permittimus.
1254 3047 1478 3102 Sciente
1497 3052 1596 3102 tua
1616 3047 1951 3102 excellentia
1971 3047 2107 3118 quia

441 3188 460 3204 ,
472 3138 594 3195 ι]ωο
613 3140 896 3194 observari
917 3140 1124 3195 debent
1136 3140 1205 3194 ab
1218 3140 1482 3195 omnibus
1494 3141 1606 3195 Deo
1624 3140 1962 3194 amabilibus
1983 3140 2101 3212 epi-

473 3232 683 3304 ecopis,
724 3249 952 3304 poenam
1000 3234 1404 3304 exspectaturis
1450 3233 1597 3287 circa
1627 3233 1812 3304 ipsum
1843 3234 2104 3288 sacerdo-

471 3325 638 3393 tium,
669 3325 713 3380 si
743 3325 881 3397 quid
916 3326 1030 3380 tale
1056 3325 1326 3391 fecerint;
1372 3330 1579 3397 praeter
1604 3326 1685 3396 id,
1738 3327 1891 3398 quod
1927 3327 2104 3381 etiam

472 3435 580 3474 nec
615 3417 735 3490 ipse
775 3419 1068 3474 ordinatus
1114 3419 1424 3474 sacerdotio
1468 3420 1708 3488 fruetur,
1748 3420 1878 3474 licet
1933 3420 2106 3474 fuerit

472 3515 643 3568 antea
671 3512 730 3566 in
747 3511 940 3583 aliquo
968 3511 1149 3583 gradu
1165 3512 1468 3567 sacerdotii
1489 3513 1803 3580 ordinatus,
1832 3513 1931 3568 sed
1952 3514 2100 3568 inter

467 3605 717 3677 privatos
759 3606 1071 3676 redigetur,
1103 3608 1158 3659 et
1187 3604 1501 3660 ministeria
1535 3610 1874 3678 exsequetur
1900 3606 2104 3678 quibus

471 3698 987 3770 subjacebatprius.
1005 3697 1143 3762 Quae
1167 3699 1363 3754 omnia
1380 3698 1640 3754 obtinere
1660 3699 1718 3753 in
1733 3700 1992 3753 futurum
2013 3716 2105 3754 vo-

470 3791 663 3846 lumus
679 3795 925 3864 tempus,
942 3793 1217 3863 quoniam
1230 3807 1383 3847 nunc
1394 3792 1645 3864 primum
1658 3809 1691 3847 a
1703 3791 2104 3848 nobisinventa

470 3891 621 3952 sunt,
644 3901 761 3940 non
788 3885 1113 3956 pertinente
1135 3885 1250 3940 ullo
1268 3885 1440 3941 modo
1461 3886 1566 3940 hac
1585 3887 1713 3957 lege
1736 3885 1819 3957 (ut
1839 3885 2099 3954 diximus)

471 3977 544 4032 ad
575 3994 673 4033 eos
699 3978 795 4049 qui
829 3979 1002 4032 semel
1038 3978 1145 4032 hac
1173 3978 1450 4049 dignitate
1480 3979 1816 4034 sacerdotali
1855 3979 2105 4034 decorati

471 4073 624 4137 sunt,
653 4071 753 4125 sed
787 4071 1076 4125 licentiam
1102 4071 1448 4127 habentibus
1474 4072 1611 4144 ipsis
1637 4089 1742 4144 per
1771 4072 2102 4127 substitutos

470 4164 815 4232 ministrare,
838 4164 1000 4235 juxta
1023 4165 1341 4232 Theodosii,
1369 4169 1426 4220 et
1438 4166 1821 4220 Valentiniani
1842 4165 1952 4237 piae
1978 4182 2100 4220 me-

468 4257 667 4313 moria:
684 4257 1170 4326 constitutionem,
1191 4275 1318 4330 quae
1332 4258 1405 4314 ad
1415 4259 1692 4315 Thomam
1713 4258 1983 4330 rescripta
1996 4262 2100 4314 est.

469 4381 539 4393 -—
565 4352 597 4424 §
627 4355 676 4407 1.
701 4352 788 4406 Ad
822 4352 942 4407 haec
973 4355 1032 4406 et
1059 4351 1202 4406 illud
1226 4353 1447 4423 justum
1481 4369 1622 4423 esse,
1655 4358 1710 4409 et
1735 4356 2015 4425 obtinere,
2049 4360 2105 4412 et

2127 3093 2182 3167 C

2213 1851 2384 1907 quere
2415 1833 2650 1906 quidem
2680 1832 3081 1887 monachicum
3102 1831 3381 1898 habitum,
3405 1831 3858 1902 circumcingere

2213 1933 2406 1983 autem
2439 1927 2894 1999 qualemcunque
2939 1923 3225 1991 militiam,
3269 1929 3367 1978 aut
3409 1923 3723 1994 cingulum,
3757 1928 3863 1977 aut

2213 2021 2576 2093 dignitatem,
2600 2024 2697 2074 aut
2717 2036 2913 2074 eorum
2938 2018 3034 2089 qui
3053 2018 3112 2072 in
3125 2017 3354 2089 judiciis
3375 2021 3672 2072 versantur
3692 2019 3863 2088 sequi

2209 2115 2402 2183 vitam,
2419 2117 2474 2169 et
2489 2114 2588 2169 Dei
2611 2113 2839 2169 servitio
2866 2113 3151 2167 humanas
3178 2111 3568 2182 occupationes
3586 2111 3865 2182 praeferre

2208 2213 2307 2263 aut
2331 2224 2688 2280 cognoscere,
2710 2207 2806 2262 illo
2819 2206 2917 2278 qui
2931 2208 3042 2260 tale
3067 2205 3203 2276 quid
3230 2205 3428 2260 fecerit
3455 2205 3649 2259 dando
3673 2205 3856 2259 curiae

2209 2301 2447 2357 civitatis
2475 2301 2626 2356 illius
2655 2317 2721 2356 ex
2750 2317 2863 2372 qua
2895 2303 2999 2368 est,
3019 2301 3118 2353 aut
3147 2298 3321 2354 etiam
3340 2298 3590 2367 alterius,
3623 2303 3685 2353 ut
3709 2315 3866 2370 prm-

2210 2395 2427 2450 dictum
2457 2399 2556 2464 est,
2588 2399 2643 2449 et
2684 2395 2732 2448 si
2775 2393 3008 2465 quidem
3039 2391 3289 2463 locuples
3332 2392 3423 2460 sit,
3465 2392 3633 2447 etiam
3673 2408 3860 2463 pecu-

2211 2489 2391 2543 niaria
2417 2488 2708 2542 subiturus
2738 2503 3000 2552 munera,
3030 2485 3117 2540 sin
3148 2485 3358 2554 minus,
3388 2486 3703 2557 corporalia
3728 2502 3866 2539 mu-

2208 2598 2378 2648 nera;
2409 2584 2466 2637 et
2493 2581 2584 2635 hic
2612 2580 2838 2636 licentia
2864 2580 3047 2635 danda
3076 2577 3245 2633 curiis
3271 2578 3774 2650 (utpraediximus)
3807 2579 3853 2633 si

2207 2675 2512 2730 invisibiles
2540 2674 2696 2744 ﬁant,
2729 2690 3001 2745 occupare
3028 2673 3194 2739 bona,
3228 2676 3285 2726 et
3329 2672 3434 2725 sibi
3461 2689 3530 2726 ex
3559 2673 3648 2726 his
3677 2673 3853 2728 satis-

2205 2768 2387 2823 facere
2414 2768 2732 2824 secundum
2755 2768 2964 2838 legem.
2994 2768 3054 2820 ln
3086 2765 3349 2820 omnibus
3377 2769 3568 2820 autem
3615 2766 3860 2820 casibus

2205 2862 2267 2915 in
2292 2861 2497 2932 quibus
2520 2861 2773 2932 accipere
2795 2877 2862 2915 ex
2895 2860 2983 2914 his
3013 2859 3195 2913 curias
3208 2857 3480 2928 jubemus
3509 2859 3708 2928 causis,
3744 2877 3856 2913 vo-

2206 2954 2396 3008 lumus
2421 2954 2671 3008 mediam
2693 2954 2922 3025 quidem
2945 2954 3154 3007 horum
3175 2955 3395 3022 partem
3417 2951 3656 3006 curiales
3678 2953 3864 3007 susci-

2205 3063 2340 3119 pere
2363 3064 2477 3103 non
2507 3047 2564 3101 in
2593 3063 2751 3115 auro,
2779 3047 2872 3102 sed
2901 3045 3182 3101 immobili
3208 3045 3579 3116 possessione,
3607 3046 3695 3100 vel
3717 3063 3860 3118 quae

2207 3140 2405 3204 subsit,
2444 3140 2532 3194 vel
2575 3157 2703 3212 quae
2745 3140 2817 3194 sit
2843 3130 3242 3210 'comparanda
3281 3138 3595 3193 secundum
3624 3139 3792 3210 prius
3827 3157 3864 3194 a

2201 3233 2365 3288 nobis
2383 3233 2649 3288 emissam
2677 3234 2883 3304 legem,
2915 3233 3084 3287 aliam
3117 3249 3248 3287 vero
3277 3230 3574 3286 dimidiam
3597 3234 3868 3304 generali

2208 3344 2421 3382 mensze
2450 3333 2566 3382 tute
2597 3327 2941 3382 excellentiae
2960 3327 3190 3396 inferri;
3229 3331 3290 3380 ut
3319 3333 3451 3381 tuus
3481 3326 3648 3381 etiam
3681 3327 3863 3380 thro-

2203 3437 2310 3475 nus
2340 3419 2635 3492 provideat
2661 3420 2981 3491 vigilanter,
3012 3436 3084 3474 ne
3109 3421 3250 3492 quid
3277 3421 3386 3475 tale
3438 3419 3863 3491 (commissum)

2203 3513 2395 3580 lateat,
2429 3513 2545 3580 sed,
2580 3512 2747 3567 simul
2779 3515 2947 3584 atque
2987 3513 3125 3583 quid
3165 3513 3378 3568 factum
3414 3512 3602 3581 fuerit,
3645 3528 3863 3568 conve-

2202 3606 2364 3661 niens
2410 3622 2580 3677 super
2621 3607 2730 3661 hoc
2772 3606 2870 3660 fiat
2910 3606 3149 3676 medela,
3181 3611 3568 3679 praeterquam
3612 3606 3657 3659 si
3691 3623 3863 3661 nunc

2202 3703 2310 3776 ipsi
2339 3703 2486 3758 ultro
2514 3708 2570 3758 et
2591 3709 2794 3775 sponte
2822 3703 3083 3758 militiam
3113 3704 3467 3776 reliquerint,
3497 3704 3582 3758 vel
3614 3705 3857 3776 simpli-

2202 3797 2344 3851 citer
2367 3797 2520 3868 quod
2544 3796 2760 3852 habent
2783 3798 3012 3851 schema
3029 3802 3084 3852 et
3103 3797 3175 3852 ad
3197 3798 3586 3852 monachicam
3613 3814 3862 3853 rursum

2203 3890 2351 3944 serio
2380 3895 2437 3945 et
2461 3906 2592 3945 vere
2616 3895 2976 3945 revertantur
3001 3890 3194 3960 vitam,
3222 3896 3278 3946 et
3314 3891 3465 3946 inter
3489 3892 3858 3946 reverendis-

2203 3984 2375 4039 simos
2403 3984 2636 4040 clericos
2664 3984 3066 4039 connumerari
3106 3984 3390 4040 festinent.
3439 3985 3493 4039 Si
3539 3985 3693 4039 enim
3742 3985 3864 4040 hoc

2201 4077 2439 4132 fecerint
2465 4077 2617 4132 intra
2646 4093 2860 4132 annum
2883 4093 3063 4132 unum
3081 4078 3151 4132 ab
3183 4078 3304 4132 haec
3332 4078 3457 4148 lege
3485 4076 3617 4145 lata,
3648 4078 3863 4132 remit-

2202 4169 2377 4224 timus
2410 4170 2490 4225 eis
2523 4185 2768 4242 poenam,
2799 4170 3056 4225 sufﬁcere
3083 4171 3218 4242 ipsis
3244 4187 3313 4226 ex
3347 4170 3611 4225 exercitio
3642 4176 3866 4242 putan-

2204 4265 2289 4317 tes
2314 4262 2787 4318 emendationem.
2839 4265 2963 4318 Ηωο
2983 4267 3174 4319 autem
3216 4263 3471 4318 obtinere
3500 4264 3558 4317 in
3602 4280 3864 4335 sequens

2202 4356 2461 4410 volumus
2482 4361 2727 4428 tempus,
2749 4373 2936 4429 neque
2957 4357 3085 4412 illos
3105 4361 3263 4413 extra
3283 4357 3490 4412 dictam
3517 4357 3866 4429 relinquen-

467 4444 530 4500 in
557 4462 663 4500 usu
691 4461 812 4502 esse
840 4445 1146 4514 sancimus,
1169 4445 1323 4517 quod
1345 4445 1593 4516 positum
1612 4447 1682 4502 ab
1706 4448 1891 4518 initio,
1921 4457 1977 4505 et
1997 4468 2100 4506 usu
2120 4459 2179 4531 ι)
2201 4453 2285 4504 tes
2313 4465 2559 4520 poenam,
2595 4454 2875 4522 quotquot
2916 4467 2949 4504 a
2993 4453 3184 4505 nostro
3218 4451 3538 4522 principatu
3579 4453 3864 4506 monachi

471 4539 852 4606 observatum,
880 4539 1164 4594 nescimus
1190 4555 1442 4610 quonam
1470 4541 1643 4596 modo
1668 4541 1726 4596 in
1769 4541 2098 4599 desuetudi-

471 4648 607 4688 nem
643 4633 799 4687 abiit.
846 4632 1207 4687 Meminimus
1236 4632 1392 4689 enim
1423 4650 1528 4688 nos
1553 4634 1609 4688 in
1641 4636 1865 4691 Arcadii
1895 4642 1953 4692 et
1982 4638 2096 4692 Ho-

468 4725 618 4781 norii
647 4727 756 4798 piae
777 4726 1073 4781 memoriae
1095 4726 1568 4782 Constitutionem
1596 4727 1876 4798 incidisse,
1905 4732 2097 4786 volen-

470 4821 592 4875 tem
640 4819 894 4886 clericos,
934 4820 979 4874 si
1012 4820 1369 4892 neglexerint
1411 4838 1579 4876 suum
1609 4822 1896 4892 ordinem,
1953 4828 2009 4879 et
2040 4825 2098 4880 in

468 4914 925 4986 qualemcunque
940 4917 1219 4968 armatam
1239 4914 1504 4969 militiam
1523 4915 1866 4985 transierint,
1890 4918 1976 4972 vel
1997 4918 2096 4973 de-

468 5007 644 5078 positi
666 5024 700 5064 a
730 5009 846 5064 Deo
885 5006 1226 5062 amabilibus
1241 5007 1539 5080 episcopis,
1555 5009 1802 5065 militare
1821 5011 1941 5066 ausi
1971 5012 2095 5069 fue-

466 5101 603 5172 rint,
628 5101 783 5156 mitti
810 5099 1046 5172 quidem
1067 5099 1222 5172 ipsos
1241 5100 1444 5156 militia
1455 5102 1681 5174 adepta,
1699 5103 1846 5158 tradi
1871 5120 2008 5161 vero
2026 5106 2099 5160 ci-

465 5193 708 5251 vitatum
751 5194 920 5250 curiis
954 5193 1379 5249 ministraturos
1417 5195 1477 5249 in
1514 5201 1807 5267 posterum
1845 5199 2094 5270 publico,

465 5289 694 5361 quando
734 5291 789 5343 et
815 5287 1042 5344 Domini
1066 5287 1164 5345 Dei
1191 5287 1438 5356 servitio,
1472 5291 1722 5360 quandiu
1753 5291 2090 5362 militarunt,

465 5397 525 5436 se
553 5381 978 5437 abdicaverunt.
1009 5382 1144 5446 Quae
1170 5381 1367 5436 omnia
1394 5380 1654 5438 obtinere
1679 5399 1744 5437 ex
1775 5384 1882 5439 hac
1904 5389 2097 5441 nostra

465 5470 753 5525 sancimus
795 5469 946 5541 lege,
992 5469 1264 5541 jubentes
1295 5469 1449 5541 ipsos
1478 5468 1674 5526 statim
1701 5474 1758 5525 et
1796 5473 2096 5528 confestim

463 5562 702 5618 civitatis
740 5561 890 5616 illius
919 5579 989 5616 ex
1032 5578 1146 5632 qua
1170 5567 1304 5616 sunt
1328 5562 1452 5618 fieri
1493 5562 1754 5629 curiales,
1787 5562 1895 5618 nisi
1922 5565 2092 5620 vehe-

461 5657 690 5711 menter
717 5654 1024 5709 curialibus
1053 5654 1308 5710 abundet
1336 5655 1562 5710 civitas:
1591 5672 1705 5727 quo
1736 5671 1869 5710 casu
1899 5656 2096 5712 vicinae

460 5748 570 5812 vel-
589 5745 875 5824 ulterioris
911 5746 1086 5800 etiam
1118 5763 1295 5819 usque
1322 5747 1398 5803 ad
1423 5764 1602 5803 unam
1626 5747 1979 5819 provinciam
2012 5749 2096 5805 al-

2198 4543 2330 4598 facti
2349 4544 2463 4598 tale
2491 4543 2630 4616 quid
2659 4543 2946 4613 fecerunt;
2975 4543 3034 4599 id
3061 4545 3214 4599 enim
3243 4544 3397 4616 quod
3425 4543 3720 4615 praecessit
3771 4546 3859 4600 si-

2199 4637 2320 4691 mul
2357 4637 2588 4708 quidem
2635 4637 2704 4691 ob
2749 4637 3184 4706 humanitatem,
3217 4637 3385 4692 simul
3416 4637 3587 4692 etiam
3616 4643 3865 4710 tempus

2198 4735 2454 4785 verentes
2490 4729 2849 4800 dimittimus,
2896 4731 3124 4802 quando
3160 4731 3306 4785 nihil
3330 4731 3537 4786 diserte
3558 4734 3863 4788 statutum

2197 4822 2356 4894 prius
2380 4827 2518 4879 erat.
2551 4853 2619 4864 —
2648 4824 2681 4895 §
2711 4826 2763 4878 2.
2802 4825 2936 4878 Item
2966 4823 3107 4878 illud
3143 4825 3479 4879 statuimus:
3513 4823 3628 4877 sive
3656 4831 3861 4895 pater,

2197 4915 2310 4971 sive
2336 4920 2538 4985 mater,
2573 4917 2687 4972 sive
2714 4916 2856 4970 alius
2885 4917 3014 4988 quis
3042 4934 3109 4972 ex
3137 4917 3361 4972 defectu
3387 4917 3707 4972 liberorum
3759 4936 3861 4973 re-

2197 5009 2548 5065 stitutionem
2580 5012 2679 5066 aut
2697 5009 3154 5066 substitutionem
3178 5009 3471 5066 induxerit
3489 5008 3861 5081 quibusdam

2196 5102 2313 5157 sive
2333 5103 2615 5174 masculis,
2649 5103 2764 5159 sive
2793 5103 3043 5172 feminis,
3076 5103 3137 5159 hi
3162 5108 3355 5160 autem
3381 5103 3452 5158 ad
3487 5103 3728 5175 nuptias
3764 5122 3865 5162 ve—

2194 5197 2317 5252 nire
2355 5199 2592 5270 propter
2625 5196 3064 5254 conversationis
3102 5214 3216 5253 non
3262 5196 3542 5269 elegerint
3567 5198 3853 5269 modum,

2194 5289 2442 5345 rescindi
2466 5291 2605 5346 tales
2631 5291 3017 5346 restitutiones
3047 5296 3146 5346 aut
3174 5290 3638 5359 substitutiones;
3665 5297 3732 5347 et
3753 5293 3864 5348 ha-

2191 5382 2330 5439 bere
2349 5383 2497 5455 ipsos
2509 5387 2845 5455 potestatem
2859 5384 2918 5438 in
2941 5400 3112 5455 quem
3127 5384 3408 5440 voluerint
3424 5382 3670 5439 modum
3680 5386 3858 5456 pium

2193 5480 2384 5530 tamen
2413 5493 2538 5548 quae
2575 5475 2708 5531 inde
2747 5475 3182 5547 proficiscuntur
3217 5492 3576 5544 consecrare;
3632 5482 3695 5532 et
3748 5484 3854 5534 aut

2194 5584 2529 5624 consumere
2555 5569 2898 5640 superstites,
2913 5575 3011 5625 aut
3035 5570 3356 5641 relinquere
3381 5568 3697 5624 morientes
3733 5587 3748 5624 :
3783 5571 3857 5625 si-

2194 5664 2291 5715 cut
2317 5665 2375 5717 et
2401 5663 2447 5716 si
2475 5662 2578 5717 sub
2604 5662 2927 5719 conditione
2952 5663 3267 5719 liberorum
3292 5662 3671 5734 susceptionis
3700 5663 3852 5735 ipsis

2193 5753 2330 5826 quid
2356 5754 2634 5812 relictum
2657 5755 2851 5826 fuerit,
2899 5759 3124 5832 oportet
3167 5760 3224 5813 et
3258 5756 3366 5813 hoc
3404 5755 3601 5829 ipsum
3626 5755 3849 5814 habere
