4032 6232
245 299 382 353 1069

993 294 1357 351 JUSTINIANI
1395 293 1605 351 LEGES
1640 293 1976 352 SELECTE.
2018 294 2144 351 LIB.
2187 292 2227 362 I,
2268 293 2392 349 TIT.
2433 292 2522 362 III,
2565 294 2694 350 LEX
2731 294 2859 349 LVI.

3469 299 3603 351 1070

240 421 358 471 eos,
415 403 622 458 liberos
682 402 966 474 suscipere
1021 403 1256 459 minime
1307 404 1542 458 coactos.
1611 403 1876 458 Eamdem
1897 402 2280 490 Alegitimas,
2295 401 2478 472 etjuri
2499 401 2754 473 cognitas
2773 401 3161 473 probationes,
3180 401 3299 456 sine
3317 400 3603 473 fortiprze-

243 514 473 569 quoque
503 497 643 568 legis
670 496 1029 569 positionem,
1060 503 1116 553 et
1141 497 1202 552 in
1232 497 1568 551 mulieribus
1593 496 1879 568 virginita-

243 597 360 645 tem
389 590 671 661 professis,
701 597 757 645 et
791 607 1000 646 uxores
1027 591 1232 646 ducere
1265 590 1596 644 omnimodo
1624 590 1874 660 prohibi-

241 682 313 737 tis
329 683 810 738 reverendissimis
830 684 1049 738 clericis
1069 683 1428 738 extendimus
1446 687 1501 736 et
1526 682 1875 754 reponimus,

241 781 299 830 et
326 777 472 832 hanc
497 777 744 849 gratiam
772 778 888 832 Deo
911 794 1012 848 pro
1038 777 1242 830 nostris
1267 776 1619 846 temporibus
1645 776 1879 848 dignam

241 871 561 926 referimus.
586 901 654 910 —
684 872 717 942 §
743 873 795 925 3.
829 872 914 925 Ad
953 871 1071 924 haec
1092 869 1375 924 sancimus
1402 868 1515 924 sive
1540 870 1628 924 vir
1656 870 1727 924 ad
1753 870 1880 924 soli-

241 965 444 1019 tariam
477 965 652 1019 vitam
681 964 874 1019 venire
903 964 1160 1032 voluerit,
1190 964 1303 1018 sive
1333 963 1558 1033 mulier,
1593 963 1714 1017 viro
1756 965 1880 1019 reli-

241 1062 352 1126 cto,
385 1058 456 1112 ad
488 1058 952 1112 exercitationem
987 1057 1378 1112 monachicam
1404 1056 1642 1125 venerit,
1675 1073 1748 1112 ne
1773 1058 1880 1111 hoc

241 1151 441 1205 damni
461 1167 688 1205 causam
701 1152 956 1222 praebeat
978 1169 993 1220 ;
1025 1152 1121 1206 sed
1150 1155 1215 1205 ut
1240 1167 1342 1205 sua
1372 1150 1699 1205 omnimodo
1734 1151 1876 1206 reci—

241 1246 380 1314 piat,
412 1243 489 1298 ita
516 1247 581 1297 ut
599 1245 763 1298 liceat
792 1245 952 1298 uxori
991 1242 1086 1315 [et]
1115 1245 1304 1298 dotem
1333 1245 1582 1315 recipere
1615 1261 1796 1314 suam,
1826 1251 1882 1300 et

243 1340 478 1407 propter
508 1338 734 1408 nuptias
761 1338 1126 1392 donationem
1148 1337 1201 1392 ei
1220 1338 1320 1408 qui
1351 1354 1480 1391 cum
1507 1354 1573 1392 ea
1597 1339 1882 1393 cohabita-

243 1432 428 1499 verat;
467 1434 524 1485 et
568 1431 714 1500 quod
747 1431 878 1486 inde
923 1431 1076 1486 venit
1117 1431 1359 1498 lucrum,
1409 1448 1522 1484 non
1571 1431 1881 1486 secundum

241 1540 370 1578 eam
408 1540 536 1594 qua:
569 1541 671 1594 per
698 1526 1003 1596 repudium
1035 1526 1098 1578 lit
1124 1523 1558 1595 disjunctionem
1574 1525 1878 1595 vindicare,

239 1621 343 1671 aut
382 1633 612 1671 manere
649 1619 802 1688 apud
831 1636 962 1672 eum
1002 1618 1099 1689 qui
1142 1634 1258 1672 non
1292 1618 1536 1684 divertit,
1567 1619 1665 1672 sed
1689 1635 1882 1673 secun-

241 1711 387 1764 dum
414 1712 567 1782 quod
589 1711 647 1764 in
672 1728 866 1766 casum
891 1713 1089 1767 mortis
1114 1712 1329 1766 factum
1352 1717 1434 1766 est
1457 1717 1720 1782 pactum;
1749 1729 1882 1783 qua-

1977 497 2302 568 scriptione,
2334 495 2646 550 durissimis
2675 496 2853 568 poenis
2875 495 3143 563 afﬁciant,
3168 500 3223 550 et
3251 495 3448 550 mortis
3473 512 3602 551 con-

1977 591 2248 646 demnent
2271 589 2568 661 supplicio.
2591 591 2742 644 Bona
2769 595 2963 646 autem
2997 605 3217 660 eorum,
3242 589 3288 644 si
3311 590 3418 644 hoc
3448 607 3602 645 com-

1977 685 2216 740 missum
2241 683 2412 739 fuerit
2430 685 2490 738 in
2510 683 2995 740 sanctimonialem
3029 683 3330 754 virginem,
3353 699 3482 754 quae
3518 685 3605 739 vel

1979 778 2041 832 in
2067 779 2359 847 asceterio,
2392 778 2478 834 vel
2505 778 2845 834 monasterio
2874 777 3050 850 degit,
3079 778 3194 832 sive
3221 777 3421 832 eadem
3445 777 3604 849 virgo

1981 872 2286 927 diaconissa
2309 872 2608 927 constituta
2634 872 2724 938 sit,
2765 873 2878 927 sive
2919 889 3056 941 non,
3097 872 3284 926 eidem
3318 874 3604 926 monaste-

1980 965 2084 1033 rio,
2121 965 2210 1020 vel
2251 966 2520 1021 asceterio
2546 966 2644 1020 ubi
2668 969 2990 1021 consecrata
3029 968 3114 1020 est
3149 965 3508 1033 addicantur,
3545 971 3610 1020 ut

1981 1074 2051 1114 ex
2075 1059 2164 1114 his
2194 1059 2364 1114 rebus
2390 1065 2446 1114 et
2472 1059 2594 1130 ipsa
2623 1059 2885 1114 solatium
2904 1059 3131 1129 habeat,
3160 1059 3298 1114 dum
3325 1059 3478 1128 vivit,
3494 1058 3606 1114 suf-

1980 1144 2195 1219 ﬁciens,
2223 1153 2279 1204 et
2306 1166 2398 1203 res
2424 1165 2622 1203 omnes
2663 1154 3087 1204 sacrosanctum
3128 1149 3464 1205 asceterium
3508 1164 3609 1204 seu

1980 1242 2390 1297 monasterium
2421 1243 2584 1314 pleno
2610 1241 2814 1297 habeat
2831 1243 3118 1312 dominio;
3149 1243 3238 1296 sin
3267 1247 3457 1297 autem
3485 1241 3606 1296 dia-

1981 1335 2201 1390 conissa
2225 1337 2610 1406 cujuscunque
2631 1336 2880 1390 ecclesiae
2908 1335 2998 1404 sit,
3021 1335 3082 1390 in
3107 1335 3261 1390 nullo
3279 1340 3473 1390 tamen
3493 1351 3611 1390 mo-

1981 1429 2246 1499 nasterio,
2281 1429 2366 1484 vel
2401 1430 2671 1484 asceterio
2719 1430 3044 1499 constituta,
3075 1429 3172 1484 sed
3201 1445 3304 1500 per
3332 1445 3391 1484 se
3431 1428 3607 1500 degit,

1980 1523 2223 1594 raptoris
2253 1524 2301 1594 ej
2311 1540 2373 1577 us
2397 1518 2711 1578 substantia
2736 1524 2984 1578 ecclesiae
3003 1523 3166 1594 cujus
3193 1522 3502 1578 diaconissa
3527 1527 3613 1578 est

1980 1617 2322 1688 assignetur,
2349 1623 2414 1672 ut
2431 1634 2501 1672 ex
2529 1618 2618 1672 his
2646 1617 3004 1673 facultatibus
3023 1617 3144 1688 ipsa
3167 1616 3397 1688 quidem
3422 1632 3612 1671 usum-

1979 1711 2404 1780 fructum,dum
2422 1716 2697 1782 superest,
2727 1711 2798 1765 ab
2824 1711 3022 1766 eadem
3049 1711 3284 1764 ecclesia
3308 1727 3615 1781 consequa-

241 1805 293 1858 si
325 1805 581 1858 videatur
605 1805 654 1857 is
697 1805 796 1875 qui
835 1806 1061 1860 divertit
1101 1824 1132 1860 a
1176 1806 1466 1859 communi
1495 1805 1726 1860 alterius
1752 1789 1958 1861 ωτι-Β
1981 1808 2106 1873 tur;
2130 1805 2365 1859 ecclesia
2400 1821 2530 1858 vero
2574 1820 2804 1859 omnem
2837 1803 3245 1875 proprietatem
3293 1809 3350 1858 et
3383 1804 3614 1875 plenam

238 1898 392 1951 victu
422 1901 679 1952 mortuus
705 1915 824 1954 esse
853 1900 912 1952 in
943 1899 1177 1954 alterius
1211 1899 1602 1969 contubernio,
1636 1916 1766 1953 cum
1785 1917 1879 1954 co-

235 1990 521 2045 habitanti
547 1991 620 2045 sit
645 1992 880 2046 omnino
907 1992 1154 2060 inutilis;
1185 1992 1461 2064 quidquid
1487 1998 1681 2046 autem
1702 1993 1759 2048 in
1789 1993 1880 2048 do-

236 2085 449 2138 talibus
479 2085 872 2140 instrumentis
891 2089 1186 2156 receptum
1213 2086 1386 2140 fuerit
1409 2102 1479 2140 ex
1506 2086 1680 2156 pactis
1705 2087 1766 2140 in
1786 2103 1878 2140 ca-

238 2193 373 2230 sum
396 2178 611 2246 mortis,
640 2179 714 2246 id
750 2177 1006 2232 debitum
1053 2177 1423 2248 intelligatur.
1471 2179 1591 2232 Non
1617 2179 1881 2234 audiente

237 2269 482 2325 muliere
511 2274 641 2324 ante
669 2271 804 2325 anni
834 2271 1055 2342 lapsum
1102 2271 1160 2324 in
1203 2271 1355 2325 aliud
1384 2273 1662 2342 respicere
1690 2272 1882 2327 matri-

234 2364 522 2433 monium,
553 2370 784 2435 propter
811 2364 1194 2434 generationis
1222 2364 1338 2434 (aut
1369 2365 1618 2435 seminis)
1646 2365 1878 2420 incerti-

235 2458 519 2511 tudinem.
552 2458 658 2512 Sed
697 2458 743 2510 si
782 2458 919 2529 quid
960 2459 1066 2512 tale
1107 2459 1364 2512 futurum
1393 2457 1483 2525 sit,
1513 2458 1705 2512 statim
1732 2459 1879 2514 mitti

237 2550 572 2618 divortium,
616 2551 770 2621 quod
798 2549 1006 2606 idcirco
1041 2551 1188 2605 bona
1216 2551 1398 2622 gratia
1434 2557 1685 2620 vocatur,
1715 2552 1786 2606 ab
1813 2569 1879 2607 ea

238 2659 376 2714 quae
431 2644 855 2698 conversionem
907 2662 1019 2698 non
1061 2644 1220 2715 eligit
1270 2661 1534 2715 persona,
1585 2650 1753 2716 atque
1802 2646 1881 2700 ita

236 2743 376 2808 agat
398 2739 550 2808 quod
576 2738 834 2806 voluerit,
868 2738 1039 2792 lucris
1071 2739 1152 2807 (ut
1177 2743 1308 2793 ante
1337 2739 1548 2794 dictum
1572 2742 1672 2810 est)
1703 2740 1773 2793 ad
1798 2739 1880 2810 ip-

238 2847 366 2884 sam
405 2831 838 2902 pertinentibus.
889 2832 1034 2887 Sane
1067 2848 1134 2886 eo
1162 2832 1316 2904 quod
1356 2833 1694 2888 lucrandum
1736 2839 1881 2888 esset

239 2939 314 2978 ex
345 2925 442 2978 tali
479 2941 666 2993 causa,
696 2925 1043 2994 omnimodo,
1097 2926 1143 2978 si
1187 2926 1325 2980 etin
1353 2926 1638 2998 prioribus
1666 2926 1878 2997 nuptiis

239 3018 331 3071 vel
371 3018 454 3072 vir
483 3019 570 3072 vel
599 3018 806 3074 mulier
837 3019 1218 3088 mansisssent,
1243 3020 1638 3074 communibus
1691 3020 1880 3074 liberis

241 3127 314 3166 ex
347 3127 413 3166 eo
443 3113 804 3166 matrimonio
829 3112 996 3183 natis,
1022 3113 1068 3166 si
1097 3113 1196 3184 qui
1223 3113 1454 3181 fuerint,
1474 3115 1872 3169 conservando.

240 3205 368 3259 Dat.
400 3222 430 3258 ν
462 3206 682 3260 calend.
741 3206 999 3261 Decemb.
1047 3207 1173 3275 CP.,
1201 3210 1330 3278 post
1347 3224 1486 3262 coss.
1525 3207 1791 3279 Lampad.
1823 3215 1880 3264 et

239 3299 423 3354 Orest.
457 3316 552 3354 an.
578 3302 634 3370 2,
666 3301 788 3354 532.

911 3395 1036 3449 LEX
1075 3395 1204 3450 LIV.

314 3486 468 3541 ldem
505 3488 796 3559 Augustus
845 3489 1188 3560 Hermogeni
1229 3489 1503 3560 magistro
1540 3490 1878 3548 ofﬁciorum.

316 3581 589 3651 Raptores
617 3581 930 3653 virginum,
959 3583 1046 3638 vel
1071 3583 1395 3654 viduarum,
1430 3586 1514 3640 vel
1542 3585 1877 3640 diaconissa-

240 3690 396 3742 rum,
425 3691 554 3745 quae
581 3676 691 3729 Deo
724 3676 939 3731 fuerint
969 3676 1266 3747 dedicatae,
1301 3678 1543 3748 pessima
1570 3679 1879 3734 criminum

240 3773 559 3839 peccantes,
608 3767 806 3840 capitis
843 3769 1120 3840 supplicio
1158 3771 1482 3841 plectendos
1529 3788 1649 3828 esse
1675 3754 1880 3828 (decer-

240 3862 454 3932 nimus,
483 3863 638 3933 quod
666 3880 781 3917 non
806 3864 992 3918 solum
1021 3864 1093 3919 ad
1117 3865 1390 3935 injuriam
1427 3866 1748 3934 hominum,
1777 3866 1879 3922 sed

243 3959 298 4010 et
322 3956 393 4009 ad
420 3955 598 4027 ipsius
622 3957 1028 4028 omnipotentis
1052 3957 1149 4013 Dei
1175 3958 1603 4014 irreverentiam
1626 3961 1881 4016 commit-

240 4047 401 4104 titur.
431 4050 537 4114 Qui
566 4050 760 4122 itaque
786 4051 884 4122 huj
895 4053 1118 4126 usmodi
1143 4052 1359 4109 crimen
1387 4053 1795 4123 commiserint,
1824 4060 1880 4110 et

241 4143 338 4213 qui
367 4143 448 4198 eis
475 4144 754 4199 auxilium
780 4150 1034 4217 tempore
1061 4146 1365 4202 invasionis
1385 4147 1752 4219 praebuerint,
1784 4148 1879 4202 ubi

240 4235 456 4290 inventi
485 4237 701 4292 fuerint
735 4237 794 4292 in
843 4239 964 4310 ipsa
1007 4240 1224 4311 rapina,
1277 4245 1334 4295 et
1363 4241 1548 4296 adhuc
1601 4242 1878 4312 ﬂagrante

239 4330 478 4386 crimine
497 4330 838 4401 deprehensi
857 4334 1228 4404 aparentibus
1252 4335 1750 4390 sanctimonialum
1775 4335 1881 4390 vir-

244 4424 464 4493 ginum,
496 4427 584 4479 vel
614 4425 936 4494 viduarum,
959 4429 1046 4483 vel
1081 4428 1522 4484 diaconissarum
1552 4433 1653 4484 aut
1680 4445 1879 4484 earum

241 4519 700 4589 consanguineis,
739 4521 825 4575 vel
861 4522 1164 4589 tutoribus,
1189 4539 1290 4577 seu
1329 4522 1702 4588 curatoribus,
1740 4540 1876 4579 con-

239 4611 371 4666 victi
398 4612 831 4669 interﬁciantur.
861 4615 954 4670 Sin
977 4621 1170 4671 autem
1197 4621 1326 4687 post
1359 4617 1732 4672 commissum
1757 4623 1878 4673 tam

238 4705 566 4762 detestabile
607 4707 846 4778 crimen,
890 4715 988 4764 aut
1031 4714 1324 4780 potentatu
1362 4709 1555 4781 raptor
1583 4727 1642 4767 se
1689 4711 1878 4768 defen-

239 4799 398 4870 dere,
417 4806 518 4856 aut
537 4801 676 4873 fuga
694 4802 929 4858 evadere
953 4803 1223 4875 potuerit,
1245 4805 1304 4858 in
1330 4804 1435 4858 hac
1456 4805 1691 4876 quidem
1716 4806 1879 4878 regia

237 4895 378 4950 urbe
407 4899 523 4949 tam
552 4895 659 4950 viri
693 4897 898 4951 excelsi
936 4897 1184 4968 praefecti
1218 4899 1504 4969 praetorio,
1534 4916 1704 4971 quam
1749 4900 1874 4972 glo-

234 4987 582 5043 riosissimus
609 4989 914 5060 praefectus
931 4991 1081 5061 urbi,
1109 4991 1167 5046 in
1191 4992 1496 5062 provinciis
1523 4998 1736 5062 autem,
1761 4996 1877 5048 tam

233 5081 340 5134 viri
371 5082 816 5138 eminentissimi
853 5083 1104 5154 praefecti
1133 5085 1400 5156 praetorio
1438 5102 1542 5156 per
1571 5085 1874 5160 Illyricum,

236 5181 292 5228 et
312 5175 580 5244 Africam,
604 5192 779 5248 quam
805 5178 1067 5249 magistri
1099 5178 1352 5233 militum
1375 5195 1479 5251 per
1508 5181 1752 5235 diversas
1779 5197 1876 5235 no-

235 5269 338 5322 stri
365 5269 520 5322 orbis
549 5271 830 5340 regiones,
856 5287 962 5327 nec
988 5287 1102 5327 non
1120 5273 1208 5327 vir
1234 5273 1552 5344 spectabilis
1578 5275 1877 5346 praefectus

233 5361 484 5432 Egypti,
515 5367 573 5417 et
597 5363 809 5434 vicarii,
865 5370 922 5420 et
968 5367 1350 5438 proconsules,
1403 5373 1459 5422 et
1506 5368 1876 5424 nihilominus

229 5454 337 5509 viri
361 5456 691 5526 spectabiles
721 5458 912 5527 duces,
932 5465 989 5514 et
1015 5461 1118 5514 viri
1144 5460 1439 5515 clarissimi
1463 5463 1711 5517 rectores
1740 5480 1875 5535 pro-

228 5548 570 5620 vinciarum,
608 5567 713 5606 nec
754 5568 871 5606 non
907 5553 1006 5607 alii
1053 5553 1358 5624 cujuslibet
1383 5553 1594 5609 ordinis
1626 5555 1872 5627 judices,

224 5642 332 5713 qui
358 5642 420 5697 in
438 5642 574 5698 locis
600 5642 712 5698 illis
735 5643 953 5700 inventi
975 5645 1204 5716 fuerint,
1233 5645 1418 5701 simile
1451 5647 1702 5703 studium
1741 5664 1873 5704 cum

223 5749 438 5807 magna
471 5737 848 5794 sollicitudine
873 5738 1198 5809 adhibeant,
1228 5744 1296 5796 ut
1333 5757 1431 5796 eos
1457 5740 1671 5813 possint
1721 5758 1872 5797 com-

228 5829 590 5902 prehendere
617 5848 638 5907 ;
667 5835 726 5890 et
751 5834 1190 5906 comprehensos
1213 5833 1274 5890 in
1309 5835 1409 5891 tali
1455 5835 1713 5908 crimine,
1750 5840 1878 5909 post

1898 3160 1953 3234 C

1981 1899 2392 1968 possessionem
2418 1899 2750 1953 earumdem
2793 1913 2987 1952 rerum
3030 1903 3222 1952 nostro
3267 1897 3472 1952 habeat
3511 1897 3610 1953 be-

1979 1990 2203 2058 neﬁcio,
2236 1991 2463 2045 nemine
2493 1991 2583 2044 vel
2603 1991 2814 2062 judice,
2847 1991 2932 2046 vel
2962 2007 3298 2062 quacunque
3325 1991 3438 2044 alia
3479 2007 3614 2063 per-

1980 2101 2115 2139 sona
2141 2086 2261 2139 haec
2281 2086 2523 2141 audente
2565 2088 2951 2139 contemnere.
2995 2085 3191 2138 Poenas
3233 2087 3444 2153 autem,
3474 2101 3614 2155 quas

1980 2178 2350 2249 praediximus
2382 2178 2456 2246 (id
2496 2184 2600 2247 est,
2629 2177 2829 2232 mortis
2872 2183 2929 2232 et
2961 2177 3612 2249 bonorumamissionis)

1980 2272 2373 2326 constituimus
2412 2289 2527 2326 non
2580 2274 2805 2326 tantum
2852 2271 3123 2325 adversus
3179 2275 3461 2342 raptores,
3514 2272 3614 2327 sed

1981 2365 2154 2420 etiam
2177 2370 2369 2420 contra
2397 2382 2490 2420 eos
2516 2365 2614 2438 qui
2652 2366 2754 2420 hos
2799 2365 3052 2420 comitati
3079 2364 3138 2418 in
3178 2364 3300 2435 ipsa
3325 2365 3613 2420 invasione

1980 2463 2036 2513 et
2060 2459 2259 2530 rapina
2284 2459 2516 2514 fuerint.
2544 2460 2787 2529 Caeteros
2821 2463 3012 2513 autem
3037 2475 3234 2513 omnes
3275 2459 3374 2530 qui
3403 2458 3613 2514 conscii

1979 2554 2037 2606 et
2084 2553 2327 2606 ministri
2364 2553 2689 2623 hujusmodi
2725 2551 2978 2607 criminis
3018 2552 3229 2624 reperti
3275 2556 3332 2606 et
3373 2550 3613 2606 convicti

1976 2644 2208 2714 fuerint,
2236 2645 2322 2700 vel
2352 2662 2447 2700 eos
2471 2646 2842 2717 susceperint,
2873 2645 2961 2700 vel
2997 2661 3397 2718 quamcunque
3442 2661 3611 2715 opem

1978 2738 2059 2793 eis
2079 2739 2331 2806 tulerint,
2363 2741 2476 2793 sive
2518 2740 2773 2808 masculi,
2813 2740 2928 2794 sive
2965 2739 3194 2794 feminae
3235 2739 3367 2808 sint,
3414 2739 3606 2808 cujus-

1978 2848 2204 2903 cunque
2229 2832 2587 2902 conditionis,
2610 2833 2697 2887 vel
2720 2832 2947 2903 gradus,
2976 2833 3063 2887 vel
3089 2832 3401 2903 dignitatis,
3431 2847 3612 2902 paenae

1976 2925 2199 2996 capitali
2213 2927 2604 2981 tantummodo
2621 2926 3048 2997 subjicimus.Ut
3060 2925 3193 2980 huic
3212 2941 3394 2996 pcenaa
3406 2941 3606 2981 omnes

1974 3018 2321 3089 subjaceant,
2355 3019 2469 3073 sive
2494 3019 2836 3087 volentibus,
2876 3019 2989 3074 sive
3033 3019 3355 3075 nolentibus
3397 3018 3604 3073 sancti-

1976 3111 2318 3166 monialibus
2343 3112 2674 3184 virginibus,
2702 3113 2818 3167 sive
2849 3113 2974 3167 aliis
2999 3112 3334 3184 supradictis
3351 3113 3607 3168 mulieri-

1980 3206 2105 3277 bus,
2133 3207 2242 3261 tale
2265 3207 2482 3262 facinus
2508 3206 2680 3261 fuerit
2703 3212 3110 3278 perpetratum.
3151 3209 3253 3262 Dat
3277 3223 3348 3262 xv
3375 3207 3608 3264 Kalend.

1981 3301 2203 3357 Decem.
2235 3301 2364 3371 CP.,
2396 3301 2494 3357 dn.
2519 3301 2834 3356 Justiniano
2855 3303 2915 3358 P.
2947 3303 3009 3357 P.
3035 3304 3103 3356 A.
3131 3317 3193 3356 IlI
3219 3317 3333 3357 cos.
3377 3304 3502 3358 533.

2657 3449 2783 3504 LEX
2829 3449 2936 3504 LV.

2054 3529 2206 3584 ldem
2231 3532 2540 3600 Augustus.

2054 3623 2120 3676 Ut
2157 3638 2272 3676 non
2300 3621 2464 3676 liceat
2498 3619 2830 3692 parentibus
2876 3619 3152 3692 impedire
3182 3622 3489 3693 quominus
3536 3624 3608 3679 li-

1977 3714 2102 3769 beri
2131 3731 2335 3770 eorum
2363 3714 2614 3769 volentes
2638 3712 2901 3769 monachi
2941 3716 3042 3768 aut
3083 3714 3269 3769 clerici
3310 3716 3471 3785 ﬂant,
3513 3723 3613 3773 aut

1980 3824 2104 3863 eam
2131 3808 2203 3862 ob
2229 3809 2404 3862 solam
2447 3825 2678 3863 causam
2721 3807 3082 3863 exhaeredare
3126 3824 3139 3862 :
3182 3809 3279 3864 sed
3312 3810 3358 3864 si
3387 3811 3496 3882 ipsi
3520 3815 3606 3868 te-

1980 3906 2323 3956 stamentum
2367 3901 2631 3972 condant,
2671 3912 2898 3957 necesse
2941 3902 3189 3957 habento
3235 3903 3611 3974 quadrantem

1978 3996 2087 4050 illis
2113 3995 2462 4068 relinquere;
2491 3996 2578 4050 sin
2622 4001 2814 4051 autem
2855 3997 2962 4051 hoc
3003 4012 3120 4052 non
3153 3996 3411 4068 fecerint,
3457 3998 3612 4055 locus

1978 4089 2049 4144 sit
2068 4089 2137 4143 ab
2167 4089 2450 4146 intestato.

2049 4185 2082 4256 §
2115 4187 2163 4240 l.
2207 4184 2368 4248 Quod
2402 4186 2448 4238 si
2484 4185 2568 4239 illi
2613 4185 2956 4241 monasteria
2996 4190 3095 4242 aut
3141 4187 3401 4243 ecclesias
3431 4187 3608 4243 relin-

1979 4283 2193 4350 quant;
2226 4283 2393 4350 atque
2433 4279 2706 4334 muudani
2748 4279 2907 4350 ﬁant,
2937 4297 3106 4336 omne
3134 4282 3390 4353 ipsorum
3406 4281 3504 4353 jus
3537 4282 3609 4337 ad

1977 4373 2390 4428 monasterium
2415 4379 2515 4430 aut
2542 4374 2832 4430 ecclesiam
2856 4374 3121 4446 pertinet.

2638 4507 2762 4562 LEX
2814 4508 2943 4563 LVI.

2048 4615 2204 4670 ldem
2224 4615 2511 4685 Augustus
2529 4613 2728 4668 Joanni
2749 4615 2854 4668 PP.

2048 4709 2163 4764 Deo
2187 4707 2350 4762 nobis
2369 4705 2646 4761 auxilium
2671 4707 2978 4779 praebente,
3002 4712 3193 4769 omnia
3219 4731 3348 4788 quas
3375 4735 3478 4790 pro
3504 4717 3602 4777 ho-

1976 4819 2115 4859 nore
2139 4804 2344 4857 sancta:
2365 4800 2625 4856 Ecclesiae
2650 4801 2936 4857 catholicas
2955 4805 3026 4860 ad
3063 4807 3160 4862 Dei
3189 4811 3460 4880 placitum
3479 4815 3604 4872 ﬁeri

1978 4911 2371 4969 properamus,
2399 4895 2621 4966 legibus
2659 4896 2998 4954 constituere
3045 4905 3102 4956 et
3132 4906 3401 4975 operibus
3429 4910 3610 4964 adim-

1977 4991 2133 5062 plere
2156 4989 2561 5045 desideramus.
2591 4991 2658 5043 Et
2689 4990 2812 5060 jam
2840 4992 3073 5063 quidem
3100 4999 3279 5054 multa
3310 5017 3440 5055 cum
3484 5002 3606 5072 ejus

1975 5084 2184 5140 auxilio
2211 5083 2511 5137 statuimus
2534 5099 2664 5154 quae
2702 5084 3086 5144 ecclesiasticae
3127 5091 3394 5147 doctrinm
3436 5099 3607 5167 atque

1977 5177 2144 5234 statui
2169 5176 2512 5232 conveniunt
2539 5193 2552 5231 :
2580 5177 2641 5232 in
2667 5181 2934 5249 praesenti
2960 5199 3093 5237 vero
3134 5185 3240 5238 hoc
3264 5185 3362 5256 pia
3389 5186 3606 5245 delibe-

1976 5271 2192 5325 ratione
2219 5270 2484 5326 duximus
2505 5271 2926 5343 corrigendum,
2943 5276 3095 5346 quod
3121 5276 3396 5334 hactenus
3413 5286 3607 5337 contra

1976 5366 2078 5421 Dei
2102 5365 2366 5420 timorem
2377 5365 2566 5421 ﬁebat.
2593 5366 2896 5437 Cognitum
2912 5367 3124 5422 etenim
3141 5370 3305 5426 nobis
3327 5377 3432 5444 est,
3455 5376 3607 5447 quod

1975 5460 2022 5516 si
2050 5458 2178 5533 quis
2203 5475 2464 5533 sponsus,
2488 5460 2575 5516 vel
2617 5475 2841 5532 sponsa,
2877 5465 3011 5532 post
3046 5461 3203 5519 datas
3243 5471 3303 5521 et
3351 5472 3606 5541 acceptas

1975 5555 2189 5624 arrhas,
2227 5555 2498 5611 voluisset
2533 5569 2592 5608 se
2637 5552 2824 5608 divino
2873 5553 3148 5626 deputare
3199 5560 3448 5630 servitio,
3478 5568 3536 5619 et
3578 5579 3613 5618 a

1975 5650 2228 5704 saeculari
2248 5647 2668 5706 conversatione
2698 5647 2982 5718 recedere,
3027 5666 3092 5706 ac
3118 5655 3610 5711 sanctimonialem

1974 5744 2147 5799 vitam
2174 5745 2380 5814 vivere,
2409 5746 2582 5814 atque
2607 5742 2666 5795 in
2695 5742 2795 5796 Dei
2819 5742 3021 5800 timore
3052 5762 3412 5821 permanere,
3442 5767 3602 5806 com-

1973 5837 2296 5908 pellebatur
2320 5837 2374 5894 vi
2399 5836 2636 5909 quidem
2664 5851 2728 5891 ea
2756 5853 2884 5908 quae
2910 5838 3212 5898 arrharum
3241 5844 3474 5903 nomine
3513 5845 3615 5902 de-
