4032 6232
443 319 566 372 1071

1579 313 1834 370 ΞΕΟΗΙᾸ
1873 313 2068 369 SEXTI
2112 310 2664 368 SUPPLEMENTUM.

3663 314 3803 368 l072

437 427 601 497 perat
622 423 902 492 amittere,
923 439 1131 496 sponsa
1156 440 1288 480 vero
1315 424 1373 477 in
1399 423 1638 493 duplum
1666 422 1721 477 id
1742 421 1893 493 quod
1917 438 2067 477 acce-
2089 440 2148 513 Α
2167 421 2315 475 senti
2340 420 2464 492 lege
2495 419 2839 490 eripiantur;
2871 423 2928 476 et
2955 435 3050 476 eos
3081 423 3198 474 tam
3228 418 3452 491 judices
3492 418 3802 490 provincia-

435 523 597 590 peret
623 518 875 572 reddere.
898 519 1058 582 Quod
1095 521 1302 572 nostra
1326 515 1772 581 mansuetudini,
1805 515 2067 586 religioni

437 611 784 667 contrarium
824 629 963 680 esse,
1003 612 1185 666 visum
1231 616 1333 664 est.
1385 610 1539 663 Unde
1578 626 1680 679 per
1729 613 2068 680 praesentem

435 705 622 776 legem
649 704 709 758 in
737 708 1082 776 perpetuum
1108 704 1412 757 valituram
1429 703 1698 773 jubemus
1727 719 1740 756 :
1771 707 1835 756 ut
1865 703 1910 755 si
1940 703 2066 773 quis

435 813 677 870 sponsus
691 799 779 852 vel
795 814 1016 869 sponsa,
1053 796 1471 868 [desideraverit
1497 796 1688 850 saeculi
1709 796 1868 850 istius
1895 795 2067 850 vitam

434 898 820 956 contemnere,
849 896 904 944 et
923 891 983 944 in
1004 890 1521 944 sanctimonialium
1545 889 1968 944 conversatione
1992 889 2068 942 vi-

433 984 582 1058 vere]
620 1001 858 1055 sponsus
885 983 1118 1053 quidem
1143 982 1330 1037 omnia
1359 999 1488 1053 quas
1515 983 1815 1036 arrharum
1836 981 2066 1036 nomine

433 1077 610 1132 futuri
637 1093 804 1131 causa
828 1077 1080 1148 conjugii
1103 1077 1259 1131 dedit
1285 1076 1405 1130 sine
1426 1075 1542 1129 ulla
1554 1075 1942 1130 deminutione
1973 1092 2064 1129 re-

435 1171 640 1242 cipiat;
672 1186 875 1241 sponsa
903 1175 1095 1224 autem
1131 1186 1248 1224 non
1293 1169 1534 1239 duplum
1563 1169 1722 1237 (sicut
1747 1168 2064 1238 hactenus),

435 1264 531 1320 sed
552 1264 658 1319 hoc
672 1264 1063 1318 tantummodo
1090 1279 1296 1334 sponso
1317 1262 1575 1317 restituat
1600 1263 1750 1333 quod
1768 1263 2068 1316 arrharum

432 1357 667 1413 nomine
697 1361 1009 1427 acceperat,
1039 1363 1095 1412 et
1123 1357 1266 1411 nihil
1290 1356 1532 1428 amplius
1558 1356 1790 1410 reddere
1822 1355 2069 1426 compel-

432 1450 600 1519 latur,
620 1449 727 1504 nisi
747 1451 896 1522 quod
924 1450 1161 1521 probata
1185 1450 1358 1505 fuerit
1384 1449 1682 1520 accepisse.
1715 1451 1855 1503 Nam
1880 1453 1936 1503 et
1954 1465 2070 1503 ma-

432 1543 558 1598 ritis
588 1547 645 1597 et
667 1543 941 1597 uxoribus
967 1544 1065 1614 qui
1093 1544 1300 1598 saeculo
1329 1544 1662 1598 renuntiant
1680 1543 1803 1613 jam
1829 1543 2070 1597 anterio-

431 1653 494 1692 re
525 1637 650 1708 lege
684 1653 717 1690 a
749 1636 910 1691 nobis
944 1637 1235 1707 provisum
1265 1641 1350 1691 est
1380 1654 1392 1690 :
1425 1641 1486 1690 ut
1508 1636 1633 1708 :sive
1662 1636 1919 1704 maritus,
1954 1636 2068 1691 sive

430 1745 577 1785 uxor
603 1729 892 1800 religionis
929 1746 1097 1784 causa
1120 1746 1153 1783 a
1178 1730 1442 1801 conjugio
1480 1729 1787 1798 recesserit,
1847 1733 1904 1783 et
1932 1729 2064 1783 soli-

433 1823 641 1878 tariam
669 1823 846 1877 vitam
872 1823 1130 1894 elegerit,
1152 1823 1544 1894 unusquisque
1587 1839 1785 1877 eorum
1810 1838 1900 1877 res
1941 1839 2069 1877 suas
2088 1811 2144 1883 B

430 1916 685 1988 recipiat,
729 1932 868 1987 quas
907 1932 1011 1987 pro
1051 1916 1179 1970 dote
1213 1917 1300 1970 vel
1341 1918 1470 1970 ante
1504 1916 1730 1986 nuptias
1770 1915 2070 1972 donatione

429 2009 788 2081 prmetiterat,
822 2014 878 2063 et
902 2009 1009 2063 hoc
1028 2009 1420 2064 tantummodo
1449 2009 1590 2063 lucri
1615 2009 1847 2064 nomine
1867 2025 2066 2064 conse-

430 2107 637 2174 quatur
659 2103 728 2157 ab
761 2119 827 2158 eo
855 2102 954 2174 qui
981 2102 1286 2158 solitariam
1316 2103 1494 2156 vitam
1523 2102 1775 2174 elegerit,
1799 2102 1953 2174 quod
1978 2103 2070 2159 de-

427 2195 552 2251 buit
577 2196 829 2268 legitime
858 2195 946 2250 vel
975 2213 1043 2252 ex
1061 2202 1226 2267 pacto
1255 2212 1357 2267 per
1377 2213 1569 2250 casum
1589 2197 1792 2251 mortis
1819 2196 2064 2267 exigere.

502 2290 535 2361 §
567 2293 617 2344 l.
650 2292 763 2344 Hoc
783 2291 957 2345 etiam
986 2290 1281 2360 cognitum
1305 2290 1468 2344 nobis
1498 2290 1843 2345 correctione
1876 2295 2070 2344 nostra

430 2383 673 2454 dignum
696 2399 814 2438 esse
833 2383 1182 2453 judicamus,
1212 2388 1275 2437 ut
1293 2383 1340 2437 si
1363 2383 1488 2454 quis
1507 2384 1568 2437 in
1588 2389 1897 2454 parentum
1916 2389 2070 2454 pote-

428 2481 570 2531 state
601 2477 942 2532 constitutus
967 2478 1054 2531 vel
1076 2476 1399 2543 constituta,
1423 2477 1506 2529 vel
1528 2477 1715 2530 forsan
1735 2477 2068 2547 hujusmodi

421 2569 554 2640 jure
594 2570 883 2625 absolutus
910 2569 998 2624 vel
1036 2569 1317 2636 absoluta,
1358 2569 1595 2638 elegerit
1625 2586 1681 2624 se
1722 2571 2067 2625 monasterio

429 2663 518 2716 vel
542 2663 693 2717 clero
725 2663 957 2729 sociare,
986 2669 1042 2718 et
1071 2663 1356 2734 reliquum
1382 2663 1509 2717 vitae
1537 2679 1653 2716 suae
1679 2669 1909 2734 tempus
1945 2680 2066 2718 san-

429 2755 831 2810 ctimonialiter
855 2757 1059 2827 degere
1085 2756 1346 2823 voluerit,
1377 2773 1491 2810 non
1535 2756 1698 2811 liceat
1741 2757 2067 2828 parentibus

429 2849 656 2904 eosdem
668 2849 754 2905 vel
773 2850 998 2904 easdem
1013 2843 1374 2921 quocumque
1401 2850 1568 2904 modo
1596 2851 1939 2918 abstrahere,
1978 2851 2067 2905 vel

426 2948 660 3014 propter
687 2943 833 2998 hanc
860 2943 1260 2998 tantummodo
1297 2960 1528 2998 causam
1575 2944 1735 3014 quasi
1776 2943 2065 3014 ingratum

428 3035 516 3090 vel
559 3036 846 3107 ingratam
889 3052 922 3089 a
963 3053 1062 3090 sua
1103 3037 1429 3091 haereditate
1471 3037 1557 3091 vel
1598 3037 1945 3091 successione
1975 3052 2063 3092 re—

427 3128 657 3198 pellere,
684 3130 782 3184 sed
811 3145 1035 3184 necesse
1063 3130 1136 3183 sit
1165 3129 1244 3184 eis
1271 3130 1622 3198 omnimodo,
1648 3147 1776 3184 cum
1803 3130 2065 3185 ultimam

428 3221 782 3277 voluntatem
807 3238 996 3290 suam,
1018 3222 1132 3276 sive
1175 3239 1277 3293 per
1302 3223 1667 3294 scripturam,
1699 3225 1811 3277 sive
1843 3224 1952 3278 alio
1981 3225 2062 3278 le-
2087 3180 2141 3254 Ο

431 3315 632 3386 gitimo
659 3316 826 3369 modo
855 3314 1179 3385 perﬁciunt,
1205 3321 1464 3386 quartam
1485 3317 1715 3387 quidem
1742 3318 2067 3388 portionem

373 3431 375 3433 ί
428 3409 742 3463 secundum
768 3408 922 3479 leges
941 3415 1162 3462 nostras
1193 3409 1272 3463 eis
1300 3409 1620 3480 relinquere
1644 3427 1656 3464 :
1686 3410 1773 3464 sin
1799 3416 1990 3465 autem
2013 3415 2069 3465 et

430 3501 674 3572 amplius
717 3500 998 3555 voluerint
1031 3500 1111 3555 eis
1151 3501 1370 3572 largiri,
1410 3502 1516 3555 hoc
1549 3519 1747 3557 eorum
1791 3503 2067 3558 voluntati

429 3593 808 3648 concedimus.
841 3592 942 3647 Sin
976 3609 1106 3647 vero
1132 3593 1399 3648 ultimam
1428 3595 1777 3649 voluntatem
1804 3601 2067 3666 parentes

429 3702 614 3757 neque
648 3690 1009 3755 testamento,
1044 3703 1230 3759 neque
1267 3687 1374 3741 alio
1417 3689 1618 3743 ultimo
1663 3689 1845 3760 elogio
1891 3690 2068 3744 decla-

427 3796 578 3836 rasse
608 3781 912 3836 monstrati
937 3779 1170 3847 fuerint,
1206 3797 1440 3835 omnem
1475 3787 1777 3852 parentum
1805 3783 2064 3836 substan-

423 3873 563 3927 tiam
591 3873 866 3940 haaredes,
898 3873 1105 3944 quibus
1135 3873 1204 3927 ab
1233 3875 1501 3930 intestato
1527 3876 1816 3946 competit,
1862 3892 2064 3930 secun-

428 3966 568 4021 dum
593 3967 747 4038 leges
772 3970 990 4020 nostras
1015 3966 1118 4021 sibi
1148 3967 1471 4037 defendant,
1503 3969 1660 4022 nullo
1703 3970 1784 4023 eis
1820 3968 2064 4041 impedi-

431 4064 625 4114 mento
682 4076 746 4114 ex
790 4059 1206 4114 sanctimoniali
1239 4062 1664 4116 conversatione
1721 4064 2063 4133 generando,

429 4153 545 4206 sive
565 4152 684 4219 soli,
719 4152 835 4207 sive
881 4170 1012 4207 cum
1050 4153 1176 4207 aliis
1205 4154 1279 4208 ad
1317 4154 1731 4209 successionem
1773 4160 2062 4212 vocantur.

428 4246 616 4319 —-§2.
648 4246 824 4316 Hujus
857 4251 1049 4302 autem
1077 4251 1370 4318 perpetua:
1389 4253 1599 4301 nostrae
1620 4248 1762 4319 legis
1793 4249 2068 4303 beneﬁcia

429 4356 523 4394 eos
548 4340 804 4394 volumus
832 4340 1108 4410 obtinere,
1138 4341 1234 4412 qui
1267 4341 1327 4394 in
1350 4341 1694 4396 monasterio
1724 4343 1808 4396 vel
1839 4343 2068 4398 clerica.

429 4437 491 4488 tu
511 4434 1011 4505 perseveraverint.
1039 4435 1185 4488 Nam
1215 4434 1260 4487 si
1280 4434 1378 4504 qui
1400 4450 1597 4488 eorum
1614 4436 1683 4490 de
1697 4436 1900 4507 quibus
1924 4453 2066 4507 prae-

2166 530 2300 568 rum
2326 530 2498 586 quam
2525 518 2890 568 sacrosanctae
2912 514 3161 569 ecclesiae
3185 514 3532 580 defensores,
3554 529 3659 567 nec
3682 529 3799 566 non

2164 608 2475 662 beatissimi
2504 607 2771 678 episcopi,
2799 607 3122 674 defendant,
3145 607 3287 661 nihil
3307 623 3410 678 pro
3439 622 3637 660 eorum
3673 623 3807 677 pre-

2166 701 2259 755 tiis
2307 701 2534 772 penitus
2578 701 2981 772 accipientibus
3028 702 3297 756 dominis.
3359 700 3520 764 Quod
3566 699 3612 752 si
3657 699 3804 752 forte

2173 795 2410 864 posthac
2437 786 2610 848 etiam
2635 794 2743 866 ipsi
2769 795 2984 849 domini
3014 811 3212 850 eorum
3239 795 3310 848 ad
3330 793 3711 848 orthodoxam
3743 791 3806 844 fi-

2168 887 2302 940 dem
2343 889 2595 942 conversi
2633 888 2866 955 fuerint,
2912 904 3030 942 non
3065 889 3229 942 liceat
3267 887 3347 942 eis
3374 886 3448 940 ad
3473 886 3805 940 servitutem

2168 980 2438 1034 reducere
2461 980 2580 1035 illos
2606 980 2702 1052 qui
2727 998 2819 1036 eos
2835 981 2904 1035 ad
2930 982 3099 1035 ﬁdem
3121 981 3488 1035 orthodoxam
3504 993 3806 1050 praecesse-

2167 1079 2321 1128 runt.
2352 1074 2461 1128 Sed
2482 1075 2527 1128 si
2561 1075 2686 1146 quis
2712 1075 2842 1128 talia
2859 1076 3231 1146 usurpaverit,
3253 1075 3438 1146 pcenis
3461 1071 3804 1144 gravissimis

2168 1166 2496 1237 subjacebit.
2541 1170 2668 1222 Haec
2706 1169 2884 1240 igitur
2923 1169 3116 1222 omnia
3147 1183 3276 1239 quae
3323 1166 3546 1238 pietatis
3588 1164 3806 1218 intuitu

2166 1265 2358 1314 nostra
2381 1261 2568 1316 sanxit
2593 1262 2892 1330 aeternitas,
2927 1277 3123 1316 omnes
3139 1260 3380 1332 judices,
3412 1262 3469 1314 et
3493 1258 3802 1330 religiosis-

2168 1355 2298 1408 simi
2327 1355 2624 1422 antistites,
2654 1356 2767 1409 sive
2811 1355 3085 1410 Africanaa
3121 1354 3420 1408 dioeceseos
3446 1353 3521 1412 (in
3548 1369 3663 1423 qua
3687 1366 3806 1404 ma-

2167 1449 2319 1503 xime
2349 1449 2678 1518 hujusmodi
2703 1448 2836 1502 vitia
2859 1448 3209 1519 frequentari
3249 1445 3658 1518 cognovimus),
3688 1445 3808 1499 sive

2167 1542 2405 1596 aliarum
2433 1541 2874 1614 provinciarum,
2910 1542 3156 1612 graviter
3182 1543 3239 1595 et
3280 1539 3684 1595 studiosissime
3713 1537 3811 1591 ob-

2168 1636 2378 1691 servari
2404 1640 2728 1705 procurent.
2743 1636 2881 1689 Nam
2909 1641 3320 1705 contemptores
3340 1651 3454 1687 non
3480 1633 3672 1687 solum
3697 1647 3802 1702 pe-

2169 1729 2422 1784 cuniaria
2447 1729 2645 1798 multa,
2673 1729 2771 1783 sed
2800 1728 2970 1784 etiam
2999 1728 3195 1800 capitis
3209 1727 3484 1799 supplicio
3501 1726 3804 1781 ferientur.

2819 1827 2944 1880 LEX
2983 1827 3136 1881 LVII.

2239 1919 2394 1973 ldem
2418 1919 2705 1988 Augustus
2729 1916 2932 1970 Joanni
2959 1916 3017 1969 P.
3051 1917 3109 1969 P.

2237 2013 2485 2066 Praesens
2505 2010 2595 2064 lex
2625 2010 2686 2064 in
2714 2008 2943 2063 alterius
2972 2008 3113 2078 legis
3144 2007 3367 2078 scriptas
3391 2022 3423 2060 a
3440 2004 3603 2059 nobis
3628 2003 3806 2058 refer-

2169 2107 2264 2159 tnr
2289 2104 2656 2171 mentionem,
2685 2119 2858 2174 quam
2901 2100 3272 2172 proculdubio
3298 2105 3354 2154 et
3378 2099 3566 2153 denuo
3590 2097 3804 2151 confir-

2169 2215 2328 2252 mare
2352 2213 2484 2252 cum
2514 2196 2758 2268 quadam
2786 2195 3022 2249 meliore
3059 2194 3380 2266 putavimus
3410 2196 3671 2263 oportere
3697 2190 3803 2244 ad-

2160 2292 2426 2362 jectione,
2456 2291 2734 2361 majorem
2759 2305 2984 2360 pennam
3020 2293 3213 2342 contra
3240 2286 3639 2356 delinquentes
3664 2299 3805 2354 pro-

2167 2385 2400 2438 ferendo
2421 2401 2437 2452 ;
2467 2400 2581 2436 non
2607 2382 2742 2454 quia
2765 2381 3090 2452 augmentis
3119 2380 3474 2435 delectemur
3499 2391 3807 2448 pmnarum

2172 2478 2334 2547 (nihil
2364 2478 2520 2531 enim
2537 2477 2697 2530 nobis
2722 2482 2838 2530 tam
2870 2481 3094 2546 gratum
3123 2478 3208 2528 est
3231 2489 3400 2544 quam
3428 2471 3804 2539 humanitas),

2167 2572 2264 2625 sed
2291 2577 2353 2625 ut
2376 2573 2534 2624 metu
2563 2585 2744 2640 poena!
2771 2585 2864 2624 eos
2892 2569 2993 2640 qui
3037 2569 3107 2622 ad
3139 2565 3486 2638 peccandum
3529 2563 3810 2635 proclives

2167 2668 2300 2718 sunt
2325 2681 2358 2717 a
2381 2663 2662 2733 peccando
2688 2678 3002 2716 arceamus.
3050 2661 3269 2715 Scimus
3312 2658 3489 2728 igitur
3524 2673 3628 2710 nos
3672 2654 3810 2709 scri-

2165 2757 2339 2828 psisse
2365 2757 2556 2828 legem
2578 2756 2860 2810 dicentem
2881 2755 3099 2808 nullam
3127 2769 3246 2808 esse
3262 2752 3548 2806 licentiam
3571 2749 3812 2803 sanctis-

2167 2850 2441 2905 simarum
2470 2849 2828 2904 ecclesiaram
2853 2847 3179 2914 ceconomis,
3201 2851 3298 2900 aut
3326 2843 3672 2898 antistitibus
3701 2858 3803 2896 xe-

2165 2961 2403 3012 nonum,
2435 2949 2533 2998 aut
2559 2943 3030 3009 nosocomiorum,
3053 2946 3152 2994 aut
3170 2939 3549 3010 ptochiorum,
3574 2941 3809 2990 autmo-

2165 3038 2562 3106 nasteriorum,
2595 3037 2708 3090 sive
2735 3036 3006 3104 virorum,
3039 3034 3153 3088 sive
3189 3033 3515 3096 mulierum,
3542 3035 3642 3084 aut
3669 3028 3807 3082 alio-

2166 3148 2296 3186 rnm
2334 3131 2536 3185 talium
2565 3147 2888 3200 corporum,
2930 3144 3174 3199 quorum
3209 3125 3441 3196 praefata
3474 3123 3805 3177 constitutio

2168 3224 2449 3292 meminit,
2467 3240 2534 3279 ea
2554 3240 2681 3294 quae
2702 3224 2760 3276 in
2781 3227 3124 3293 perpetuum
3138 3220 3250 3273 illis
3277 3218 3468 3272 relicta
3489 3221 3642 3283 sunt,
3673 3231 3807 3286 quae

2166 3318 2392 3372 annalia
2418 3322 2617 3371 vocant
2642 3317 2817 3388 leges,
2852 3315 3162 3370 secundum
3190 3312 3418 3383 aliquod
3443 3313 3676 3381 pactum
3705 3313 3810 3363 aut

2166 3427 2302 3465 auro
2327 3410 2637 3465 distrahere
2667 3414 2842 3479 certo,
2865 3414 2964 3462 aut
2991 3408 3236 3462 alienare
3275 3405 3440 3459 aliter
3462 3419 3566 3474 per
3591 3418 3804 3473 quem-

2166 3516 2389 3575 cunque
2419 3505 2674 3566 modum,
2699 3506 2756 3557 et
2782 3501 3022 3574 posteris
3046 3501 3298 3555 adimere
3325 3498 3382 3552 id
3408 3496 3560 3568 quod
3585 3495 3668 3549 eis
3708 3495 3810 3549 ob-

2165 3597 2383 3652 veniret
2410 3597 2612 3652 exinde
2641 3597 2903 3650 solatium
2933 3600 3010 3649 :et
3035 3592 3430 3648 convenientes
3457 3589 3572 3660 legi
3599 3589 3810 3659 adjeci-

2166 3709 2294 3746 mus
2321 3691 2582 3760 rationes,
2615 3695 2680 3744 ut
2703 3689 2834 3761 quia
2860 3705 2974 3742 non
2990 3687 3232 3758 amplius
3259 3687 3492 3757 propter
3515 3683 3631 3737 tale
3644 3698 3806 3736 com—

2166 3790 2445 3853 mentum,
2478 3801 2582 3839 nec
2609 3783 2908 3855 appellatio
2935 3782 3168 3853 quidem
3200 3779 3378 3834 annui
3412 3781 3803 3843 conservetur,

2166 3880 2271 3934 nisi
2301 3896 2405 3952 per
2431 3879 2683 3950 singulos
2702 3893 2884 3932 annos
2903 3874 3194 3945 contingat
3212 3872 3493 3944 praestari,
3515 3870 3613 3925 sed
3627 3869 3807 3924 semel

2167 3978 2653 4045 repraesentatum,
2683 3975 2881 4043 postea
2903 3969 3152 4040 perfecte
3168 3971 3378 4038 pereat.
3407 3965 3559 4018 Hanc
3592 3964 3806 4018 iterum

2167 4083 2296 4122 cum
2323 4067 2511 4138 aliqua
2529 4065 2845 4136 adjectione
2874 4066 3208 4117 renovantes
3245 4060 3432 4130 legem
3464 4057 3754 4111 sancimus
3787 4073 3801 4110 :

2168 4161 2214 4215 si
2260 4161 2388 4231 quis
2427 4161 2525 4212 aut
2559 4157 3158 4212 reverendissimorum
3198 4167 3650 4217 osconomorum,
3705 4153 3808 4204 aut

2166 4254 2647 4319 xenodochorum,
2695 4253 2794 4304 aut
2831 4264 3287 4315 nosocomorum,
3332 4249 3432 4299 aut
3465 4245 3806 4316 ptochotro-

2165 4349 2432 4419 phorum,
2461 4350 2560 4400 aut
2605 4348 3155 4416 gerontocomorum,
3198 4345 3297 4395 aut
3335 4336 3806 4409 brephotropho-

2165 4457 2315 4510 rum,
2332 4445 2432 4494 aut
2445 4439 3061 4510 orphanotrophorum,
3080 4440 3177 4490 aut
3201 4431 3806 4500 archimandritarum,

429 4532 648 4582 sentem
691 4529 880 4598 legem
910 4528 1202 4599 posuimus
1244 4527 1731 4585 sanctimonialem
1759 4530 1929 4585 vitam
1961 4530 2067 4585 ele—
2086 4544 2145 4616 D
2166 4539 2264 4589 aut
2285 4534 2526 4588 aliarum
2545 4535 2938 4588 contentarum
2953 4530 3137 4602 priore
3148 4532 3340 4582 nostra
3358 4525 3550 4580 divina
3588 4524 3808 4579 consti-

429 4621 637 4691 gerint,
668 4621 739 4675 ad
764 4622 1099 4675 saecularem
1141 4625 1331 4675 autem
1357 4623 1838 4678 conversationem
1868 4629 2064 4695 postea

428 4714 827 4784 remeaverint,
851 4715 1122 4785 jubemus
1143 4731 1338 4770 omnes
1359 4732 1558 4770 eorum
1581 4733 1670 4772 res
1691 4717 1760 4772 ad
1770 4718 1903 4787 jura
1923 4718 1971 4789 ej
1981 4735 2067 4773 us-

429 4807 560 4863 dem
590 4807 835 4864 ecclesia:
863 4808 957 4864 vel
987 4808 1317 4864 monasterii
1346 4827 1379 4863 a
1406 4827 1520 4880 quo
1545 4811 1880 4866 recesserint
1900 4812 2068 4882 perti-

428 4915 585 4955 nere.
608 4931 677 4943 —-
703 4901 735 4973 §
755 4904 808 4956 3.
837 4901 930 4954 liis
956 4901 1038 4956 ita
1061 4901 1370 4973 dispositis,
1393 4903 1634 4974 repetita
1652 4905 1780 4974 lege
1795 4904 2065 4974 jubemus

428 4998 494 5048 ut
517 4995 706 5049 nullus
733 4993 979 5063 Judams,
1011 4995 1097 5048 vel
1123 5011 1396 5065 paganus,
1434 4996 1520 5050 vel
1545 4997 1845 5050 haereticus
1876 5013 2066 5052 servos

427 5086 777 5144 Christianos
814 5086 1039 5141 habeat.
1067 5088 1225 5150 Quod
1251 5089 1297 5140 si
1316 5088 1530 5144 inventi
1554 5090 1615 5143 in
1641 5090 1737 5144 tali
1765 5096 1927 5146 reatu
1947 5091 2067 5145 fue-

428 5181 562 5247 rint,
593 5180 877 5235 sancimus
914 5195 1102 5234 servos
1140 5181 1404 5236 omnibus
1452 5184 1632 5237 modis
1666 5184 1875 5239 liberos
1918 5201 2062 5254 esse,

426 5274 744 5330 secundum
763 5273 1104 5330 anteriorem
1131 5280 1452 5330 nostrarum
1479 5277 1673 5347 legum
1701 5281 1977 5333 tenorem.
2001 5281 2063 5333 In

426 5367 694 5438 praesenti
719 5373 909 5422 autem
925 5369 1030 5424 hoc
1045 5368 1290 5439 amplius
1309 5369 1686 5437 decernimus,
1704 5375 1769 5425 ut
1787 5371 1832 5425 si
1849 5372 1974 5443 quis
1995 5388 2065 5426 ex

345 5454 353 5460 ’
425 5459 710 5531 praedictis
729 5460 957 5532 Iudaeis,
984 5463 1070 5516 vel
1093 5463 1351 5533 paganis,
1379 5469 1478 5518 aut
1494 5464 1774 5518 haereticis
1801 5465 2066 5520 habuerit

427 5570 615 5608 servos
654 5554 911 5609 nondum
941 5555 1231 5610 catholicas
1275 5555 1404 5610 ﬁdei
1456 5556 1820 5611 sanctissimis
1853 5564 2063 5630 myste-

426 5647 527 5699 riis
553 5643 823 5712 imbutos,
859 5652 914 5702 et
939 5647 1197 5718 praedicti
1228 5648 1372 5702 servi
1415 5648 1856 5704 desideraverint
1874 5651 1945 5705 ad
1971 5667 2063 5704 or-

425 5737 737 5792 thodoxam
760 5738 932 5794 ﬁdem
943 5739 1159 5809 venire,
1178 5744 1480 5812 postquam
1505 5741 1797 5796 catholicas
1815 5743 2065 5798 ecclesiae

421 5828 621 5888 sociati
647 5828 879 5899 fuerint,
910 5833 971 5887 in
992 5832 1312 5888 libertatem
1337 5835 1519 5890 modis
1546 5833 1810 5890 omnibus
1828 5850 1900 5891 ex
1923 5851 2068 5907 prte-

2165 4627 2384 4684 tutione
2415 4626 2880 4698 personarum,id
2895 4624 3050 4696 quod
3080 4623 3139 4676 in
3168 4625 3510 4694 perpetuum
3536 4618 3808 4673 relictum

2165 4725 2247 4776 est
2271 4721 2681 4776 venerabilibus
2708 4719 2969 4774 domibus
3020 4717 3226 4788 quibus
3273 4717 3546 4786 praesunt,
3591 4713 3712 4766 sive
3743 4711 3810 4765 in

2165 4833 2324 4884 auro,
2353 4818 2465 4872 sive
2481 4817 2539 4869 in
2555 4815 2680 4868 aliis
2695 4813 2861 4868 rebus
2879 4810 3181 4867 tentaverit
3204 4811 3610 4872 transmutare,
3629 4822 3703 4859 ne
3724 4805 3812 4859 vi-

2171 4912 2375 4968 deatur
2394 4926 2514 4964 esse
2542 4905 3010 4980 perpetuum,sed
3038 4901 3508 4958 transactionibus
3535 4903 3636 4953 aut
3660 4915 3808 4956 ven-

2165 5004 2489 5072 ditionibus,
2523 5008 2620 5057 aut
2646 5000 2986 5072 quibusdam
3013 4997 3136 5051 aliis
3172 4993 3714 5060 machinationibus,
3739 4999 3812 5047 ut

2164 5099 2318 5170 quod
2344 5100 2687 5169 perpetuum
2711 5108 2945 5148 manere
2967 5090 3208 5145 debebat
3226 5087 3589 5156 terminetur,
3620 5090 3815 5140 tenta-

2163 5192 2324 5259 verit,
2357 5194 2568 5262 printer
2593 5189 2708 5242 vim
2734 5205 2768 5242 a
2797 5185 2958 5241 nobis
2984 5200 3168 5255 nuper
3191 5182 3462 5253 profectae
3498 5180 3560 5233 in
3594 5179 3812 5249 hujus-

2164 5286 2317 5341 modi
2347 5284 2516 5338 rebus
2545 5282 2751 5337 divinee
2782 5279 2942 5351 legis,
2971 5277 3189 5332 nullam
3218 5275 3430 5330 habere
3455 5273 3577 5328 ullo
3625 5273 3814 5328 modo

2165 5373 2449 5430 licentiam
2474 5373 2579 5426 hoc
2616 5371 2803 5425 facere
2823 5386 2841 5438 ;
2885 5367 2983 5422 sed
3011 5371 3068 5421 et
3095 5367 3143 5420 si
3169 5363 3382 5430 fecerit,
3417 5361 3651 5416 irritum
3679 5377 3813 5417 esse

2165 5467 2317 5539 quod
2343 5467 2555 5522 factum
2590 5463 2802 5530 fuerit;
2843 5465 2901 5516 et
2939 5460 3229 5515 licentiam
3269 5473 3386 5512 esse
3430 5455 3483 5508 ei
3526 5453 3631 5525 qui
3676 5458 3817 5524 post

2163 5561 2351 5632 ipsum
2380 5558 2645 5614 eamdem
2675 5554 2941 5626 suscipiet
2967 5569 3182 5619 curam,
3209 5551 3298 5605 vel
3322 5549 3496 5604 etiam
3522 5563 3593 5602 eo
3628 5546 3818 5617 negli-

2168 5657 2335 5725 gente
2363 5654 2444 5724 (ut
2466 5651 2589 5706 ﬁeri
2615 5648 2818 5720 potest)
2839 5652 3070 5702 caeteros
3096 5644 3358 5714 deinceps
3386 5656 3590 5696 omnes
3617 5639 3817 5695 statim

2164 5759 2426 5799 revocare
2457 5741 2514 5796 id
2540 5739 2692 5812 quod
2717 5737 2891 5792 fuerit
2915 5737 3146 5804 factum,
3174 5736 3232 5789 et
3258 5733 3334 5787 ita
3356 5730 3660 5786 inﬁrmum
3698 5729 3805 5783 de.

2165 5835 2573 5903 clarare,atque
2585 5830 2631 5885 si
2647 5828 2718 5885 ab
2729 5826 2892 5886 initio
2904 5841 3020 5881 non
3034 5821 3487 5897 processisset,ut
3493 5824 3552 5876 et
3571 5818 3803 5876 fructus
