4032 6232
231 367 363 418 I073

949 361 1317 417 JUSTINIANI
1357 362 1565 417 LEGES
1601 361 1934 416 SELECTIE.
1979 361 2104 414 LIB.
2148 363 2187 424 l,
2228 362 2352 415 TIT.
2397 364 2480 425 IV,
2525 364 2650 418 LEX
2694 365 2872 419 XXIV.

3463 375 3594 426 I071

223 470 400 525 medii
427 469 718 541 temporis,
752 473 809 523 et
850 486 1070 538 usuras,
1102 474 1159 526 et
1196 487 1424 524 omnem
1455 471 1752 524 utilitatem
1785 471 1855 525 ad
1879 479 1936 551 Α
1959 468 2121 532 Quod
2149 469 2194 522 si
2223 485 2338 524 non
2371 469 2443 522 sit
2475 471 2616 523 alius
2649 471 3078 528 administrator
3101 475 3296 546 civilis,
3325 479 3410 532 vel
3439 480 3588 534 mili-

223 565 386 635 pium
444 564 728 634 pertinere
795 564 1119 618 omnimodo
1162 565 1374 631 locum,
1421 563 1683 618 omnibus
1729 583 1857 636 quae

223 658 413 712 medio
440 663 698 727 tempore
724 661 994 712 attentam
1020 663 1151 712 sunt
1171 659 1610 728 quiescentibus.
1637 659 1858 712 Homini

221 751 436 806 etenim
467 751 670 822 cuique
699 767 896 805 cursus
914 767 1060 805 unus
1075 754 1160 804 est
1184 751 1310 805 vitae
1343 753 1412 805 ab
1442 753 1641 822 opiﬁce
1670 753 1854 819 datus,

222 847 388 914 cujus
437 846 565 900 linis
611 850 694 900 est
731 845 962 898 omnino
1000 861 1154 898 mors
1201 862 1213 899 :
1258 846 1674 899 venerabilibus
1727 862 1857 899 vero

220 939 510 1007 domibus,
565 944 621 992 et
673 955 867 992 earum
927 938 1181 1004 caatibus,
1243 939 1627 994 indesinenter
1676 957 1709 993 a
1746 942 1857 995 Deo

219 1033 534 1106 custoditis,
571 1049 686 1087 non
720 1039 802 1086 est
835 1049 1021 1103 neque
1061 1033 1373 1088 secundum
1405 1050 1604 1087 earum
1634 1050 1854 1105 posses-

219 1128 407 1182 siones
430 1128 698 1182 inducere
727 1127 974 1198 aliquam
1003 1133 1212 1181 metam
1248 1145 1260 1181 :
1295 1127 1394 1181 sed
1419 1144 1713 1199 quousque
1755 1130 1857 1182 uti-

220 1240 334 1295 que
356 1222 776 1294 permanserint
797 1222 1141 1275 venerabiles
1165 1222 1364 1276 domus
1385 1222 1640 1291 (manent
1664 1228 1857 1277 autem

219 1319 278 1371 in
310 1322 674 1389 perpetuum,
703 1321 758 1370 et
787 1333 964 1386 usque
989 1317 1058 1370 ad
1092 1316 1258 1385 hujus
1278 1315 1467 1370 seaculi
1488 1332 1852 1370 consumma-

216 1413 456 1478 tionem,
491 1427 785 1482 quousque
825 1410 1272 1464 Christianorum
1315 1426 1525 1464 nomen
1559 1411 1710 1480 apud
1749 1411 1853 1464 ho-

219 1505 406 1560 mines
437 1505 541 1559 erit
571 1509 626 1559 et
654 1505 908 1571 coletur),
935 1520 1165 1574 aequum
1193 1503 1390 1557 itidem
1416 1507 1500 1558 est
1529 1520 1777 1571 manere,
1801 1508 1856 1558 et

219 1599 278 1654 in
323 1603 666 1671 perpetuum
700 1598 924 1652 relictas
964 1598 1316 1667 erogationes
1363 1605 1460 1651 aut
1499 1597 1711 1652 reditus
1741 1597 1852 1651 im-

219 1694 490 1748 mortales
516 1709 745 1764 semper
769 1693 876 1763 piis
903 1691 1214 1746 actionibus
1237 1709 1532 1761 nunquam
1557 1691 1855 1746 cessaturis

218 1789 546 1840 servituros.
589 1789 730 1841 Eum
775 1787 952 1856 igitur
988 1786 1085 1857 qui
1123 1787 1234 1839 tale
1271 1785 1407 1855 quid
1442 1785 1765 1857 deliquerit,
1798 1790 1855 1841 et

218 1881 528 1934 transferre
559 1896 682 1933 rem
713 1896 851 1934 auro
880 1885 1129 1950 accepto,
1169 1884 1266 1934 aut
1291 1896 1395 1950 per
1423 1879 1592 1934 aliam
1618 1880 1853 1934 occasio-

216 1991 355 2028 nem
380 1974 831 2044 prmsumpserit,
857 1974 1131 2027 damnum
1153 1974 1385 2045 quidem
1407 1974 1630 2028 nullum
1666 1974 1854 2029 induci

219 2068 556 2134 (secundum
599 2084 662 2121 ea
705 2084 832 2138 quae
869 2067 1139 2138 prasdicta
1183 2073 1329 2136 sunt)
1361 2067 1448 2121 his
1481 2071 1675 2121 contra
1715 2085 1856 2138 quas

219 2161 350 2216 talia
379 2165 779 2232 perpetrarunt
798 2161 1077 2228 domibus,
1108 2161 1204 2215 sed
1235 2161 1358 2214 illas
1383 2160 1612 2232 quidem
1635 2161 1850 2229 domos,

219 2260 277 2310 et
293 2273 521 2321 aurum,
538 2259 592 2310 et
605 2271 724 2308 rem
738 2255 964 2322 lucrari,
984 2272 1155 2326 quam
1176 2259 1546 2324 acceperunt;
1577 2255 1852 2310 etnihilo-

216 2350 410 2404 minus
437 2350 696 2403 relictum
734 2349 960 2419 exigere
1001 2349 1213 2419 absque
1253 2349 1364 2402 ulla
1391 2365 1727 2420 quacunque
1763 2351 1852 2405 di-

215 2443 561 2510 minutione,
592 2447 712 2496 tam
736 2442 804 2495 ab
833 2442 952 2512 ipso
981 2443 1077 2511 qui
1106 2443 1211 2496 hoc
1251 2442 1386 2511 egit,
1420 2459 1595 2513 quam
1625 2443 1694 2497 ab
1733 2444 1854 2514 ejus

216 2536 540 2591 haeredibus
576 2541 632 2590 et
669 2535 1106 2602 successoribus,
1159 2540 1216 2589 et
1253 2535 1402 2590 illius
1444 2552 1531 2590 res
1602 2541 1657 2590 et
1704 2537 1854 2592 bona

217 2630 465 2699 obligari
506 2628 612 2699 ipsi
641 2629 736 2698 qui
766 2645 896 2682 cum
924 2645 990 2681 eo
1013 2629 1322 2696 contraxit;
1354 2634 1409 2683 et
1435 2645 1500 2684 ea
1528 2629 1645 2700 ipse
1678 2630 1855 2684 vindi-

215 2729 322 2789 cet,
361 2727 476 2776 tam
501 2727 697 2776 contra
740 2722 890 2775 illius
919 2737 1218 2792 personam
1260 2739 1432 2792 quam
1463 2723 1613 2777 bona
1655 2724 1849 2793 ipsius,

214 2833 399 2888 usque
439 2816 511 2868 ad
550 2816 780 2885 plenam
824 2820 880 2869 et
923 2820 1338 2886 competentem
1364 2816 1469 2886 ipsi
1505 2817 1849 2871 indemnita-

214 2916 354 2975 tem,
378 2927 452 2964 ne
484 2909 694 2963 scilicet
731 2913 930 2963 contra
973 2909 1356 2963 venerabilem
1386 2910 1642 2977 domum,
1678 2927 1852 2981 quam

215 3007 415 3057 contra
437 3003 520 3056 fas
545 3001 844 3070 fraudavit,
868 3003 1035 3056 ullam
1059 3006 1245 3072 speret
1265 3003 1524 3056 datorum
1553 3019 1847 3074 recupera-

215 3097 451 3162 tionem,
482 3100 580 3150 aut
611 3096 750 3165 ejus,
785 3096 935 3167 quod
962 3096 1173 3150 factum
1206 3100 1308 3163 est,
1342 3095 1847 3152 instaurationem:

213 3191 366 3260 quod
413 3193 608 3243 autem
663 3189 731 3243 ad
778 3191 966 3259 ipsum
1021 3205 1267 3259 quocum
1309 3191 1588 3245 contraxit
1629 3193 1927 3284 attinet,C

213 3299 450 3338 omnem
478 3282 687 3336 habent
722 3299 755 3335 a
797 3282 1018 3352 legibus
1057 3283 1344 3336 licentiam
1382 3284 1610 3354 regredi
1660 3291 1853 3339 contra

211 3377 427 3448 ipsum,
457 3381 513 3429 et
556 3375 814 3429 haeredes
846 3375 986 3444 ejus,
1018 3380 1073 3429 et
1109 3393 1199 3429 res
1229 3377 1369 3446 ejus,
1399 3381 1454 3431 et
1485 3378 1633 3446 quod
1660 3378 1855 3433 datum

213 3475 316 3537 est,
351 3470 396 3522 si
424 3469 622 3540 possit,
660 3469 922 3538 exigere;
952 3472 1036 3535 ut,
1066 3469 1110 3522 si
1141 3469 1327 3522 minus
1356 3469 1427 3523 ob
1473 3471 1573 3523 Dei
1611 3476 1850 3537 metum,

213 3568 374 3617 metu
392 3563 593 3616 saltem
620 3562 862 3632 propriae
892 3562 1142 3632 ipsorum
1161 3563 1506 3630 substantias,
1535 3569 1590 3617 et
1620 3580 1854 3619 suorum

212 3657 516 3711 haeredum
552 3656 826 3709 tardiores
857 3655 995 3709 ﬁant
1047 3656 1116 3710 ad
1156 3656 1478 3725 hujusmodi
1519 3657 1850 3728 pactiones;

211 3767 355 3821 quas
380 3749 439 3802 in
468 3750 720 3803 confesso
743 3752 827 3802 est
853 3764 946 3802 eos
974 3748 1182 3802 nullius
1209 3748 1529 3803 bonicausa
1545 3751 1849 3820 celebrare,

213 3844 312 3897 sed
343 3843 431 3897 vel
458 3842 712 3914 pecuniis
733 3847 1049 3914 corruptos,
1086 3842 1171 3896 vel
1199 3842 1588 3897 affectionibus
1617 3844 1849 3915 quibus-

213 3936 346 3991 dam
377 3939 689 4006 superatos.
715 3937 850 4000 Quae
883 3936 1075 3989 omnia
1103 3952 1202 4006 per
1229 3936 1373 3989 hanc
1393 3935 1644 3990 divinam
1667 3938 1852 4007 legem

210 4028 580 4100 prohibentes
617 4033 672 4082 et
701 4029 881 4099 ipsam
913 4029 1083 4082 sacris
1116 4029 1320 4082 nostris
1365 4029 1592 4082 inscribi
1630 4029 1852 4100 legibus

210 4122 520 4185 sancimus,
550 4127 605 4176 et
621 4121 910 4176 offerimus
936 4122 1042 4193 ipsi
1064 4123 1140 4174 Do
1155 4122 1310 4176 mino
1332 4121 1720 4176 universorum
1740 4125 1850 4178 Deo

211 4219 267 4270 et
295 4215 572 4270 Salvatori
602 4220 794 4269 nostro
824 4217 954 4269 Iesu
981 4215 1218 4280 Christo,
1247 4215 1550 4285 pulchrum
1567 4217 1854 4287 quoddam

213 4315 270 4363 et
297 4308 638 4362 conveniens
681 4309 784 4379 ipsi
829 4308 1163 4362 sacrificium
1191 4312 1248 4362 et
1277 4309 1458 4379 ipsam
1487 4309 1849 4365 adducentes.

210 4404 420 4457 Datum
451 4401 600 4471 prid.
635 4401 717 4456 Id.
751 4401 1062 4472 Septemb.,
1085 4402 1212 4468 CP.,
1236 4402 1332 4456 dn.
1355 4401 1649 4457 Justinian.
1683 4405 1742 4457 P.
1768 4405 1849 4470 P.,

213 4498 276 4550 Α.
317 4512 391 4562 Iv,
427 4499 486 4550 et
511 4495 750 4550 Paulino
778 4512 830 4549 v.
859 4511 906 4549 c.
937 4511 1101 4561 coss.,
1133 4496 1254 4550 534.

736 4703 884 4766 LIB.
927 4703 972 4777 Ι,
1022 4703 1170 4767 ΤΙΤ.
1221 4703 1320 4766 IV.

209 4809 286 4861 De
307 4807 601 4875 episcopali
625 4807 907 4861 audientia.
927 4812 977 4860 et
1004 4807 1230 4862 diversis
1257 4809 1509 4876 capitulis
1532 4822 1652 4876 qua
1673 4807 1750 4860 ad
1758 4807 1856 4875 jus

311 4892 604 4946 curamque
631 4883 680 4932 et
705 4881 1060 4932 reverentiam
1079 4881 1354 4947 pertinent
1375 4879 1756 4949 pontiﬁcalem.

887 5047 1010 5100 LEX
1057 5049 1182 5102 XXI.

285 5142 612 5210 Imperator
635 5140 986 5194 Justinianus
1022 5145 1305 5211 Augustus
1343 5143 1582 5197 Mennaz.
1623 5145 1682 5198 P.
1723 5145 1783 5198 P.

286 5233 340 5288 Si
382 5249 634 5303 praesens
675 5233 906 5304 quidem
944 5235 1016 5288 sit
1055 5236 1153 5305 qui
1192 5236 1495 5306 pecuniam
1526 5254 1857 5292 numerasse

207 5327 302 5382 vel
330 5326 468 5380 alias
498 5343 589 5380 res
618 5327 840 5382 dedisse
866 5327 1106 5399 scriptus
1130 5331 1232 5396 est,
1257 5329 1509 5399 aliquam
1530 5348 1662 5385 vero
1682 5331 1860 5385 admi-

208 5421 617 5476 nistrationem
649 5421 705 5475 in
734 5421 1040 5492 provinciis
1067 5427 1250 5491 gerat,
1288 5427 1349 5476 ut
1375 5423 1602 5478 difﬁcile
1631 5441 1750 5479 esse
1775 5424 1858 5478 vi-

211 5516 444 5580 deatur,
469 5514 973 5569 denuntiationem
1002 5516 1191 5570 eidem
1216 5533 1331 5570 non
1358 5521 1674 5571 numerata:
1696 5535 1860 5589 pecu-

210 5609 326 5662 nia:
349 5609 603 5674 mittere,
627 5608 914 5662 licentiam
939 5610 1144 5663 damus
1165 5610 1214 5663 ei
1239 5610 1336 5679 qui
1359 5615 1674 5664 memorata
1696 5627 1857 5666 cxce-

209 5701 416 5772 ptione
447 5702 524 5755 uti
553 5701 709 5768 velit,
737 5702 878 5755 alios
895 5702 1121 5771 judices
1139 5702 1316 5768 adire,
1341 5707 1397 5756 et
1417 5719 1519 5773 per
1545 5719 1638 5758 eos
1661 5703 1712 5756 ei
1737 5719 1859 5756 ma-

211 5795 484 5850 nifestare
501 5794 635 5866 quia
653 5795 1046 5866 exceptionem
1069 5796 1399 5866 hujusmodi
1416 5797 1630 5867 objicit,
1649 5797 1857 5850 factam

211 5907 246 5944 ει
287 5905 346 5944 se
390 5905 565 5960 super
601 5905 716 5945 non
759 5895 1056 5944 numerata
1100 5889 1342 5962 pecunia
1381 5891 1674 5962 querelam
1719 5906 1858 5944 esse.

1867 4576 1928 4648 D

1956 561 2112 630 taris,
2143 562 2232 614 vel
2258 580 2361 632 per
2385 563 2630 634 aliquam
2657 582 2884 620 causam
2914 567 2965 620 ei
2992 567 3064 621 sit
3089 569 3336 637 difficile,
3361 572 3456 642 qui
3478 589 3593 628 me-

1958 661 2244 710 moratam
2280 655 2570 727 querelam
2605 659 2859 728 opponit,
2895 676 3030 714 eum
3073 661 3251 728 adire,
3284 668 3339 717 et
3371 681 3430 717 ea
3464 683 3592 735 quas

1958 749 2107 803 dicta
2137 754 2267 804 sunt
2297 750 2480 804 facere
2509 767 2521 804 :
2547 749 2832 804 licentiam
2863 752 3063 807 damus
3091 754 3259 809 etiam
3284 773 3387 826 per
3409 758 3593 813 virum

1957 843 2487 897 reverendissimum
2508 844 2839 915 episcopum
2857 847 3122 902 eamdem
3142 865 3301 903 suam
3321 853 3596 922 exceptio-

1956 953 2091 990 nem
2133 936 2401 990 creditori
2439 937 2825 1007 manifestare,
2858 942 2915 993 et
2952 940 3032 994 ita
3063 944 3287 1012 tempus
3318 947 3594 1001 statutum

1955 1029 2534 1102 interrumpere.—§
2563 1035 2612 1086 I.
2636 1031 2802 1095 Quod
2828 1033 3001 1086 etiam
3028 1034 3086 1088 in
3118 1037 3451 1107 exceptione
3483 1056 3595 1094 non

1958 1129 2269 1177 numerata:
2297 1123 2440 1178 dotis
2470 1125 2654 1179 locum
2690 1126 2897 1179 habere
2930 1133 3222 1198 receptum
3248 1135 3350 1184 est.
3385 1132 3592 1188 Datum

1957 1217 2186 1272 Kalend.
2218 1219 2350 1285 Jul.,
2385 1218 2756 1284 Constantin.,
2785 1219 2880 1275 du.
2910 1220 3245 1278 Iustiniano.
3283 1225 3348 1278 A.
3385 1241 3442 1292 η,
3477 1243 3590 1282 cos.

1957 1313 2080 1365 528.

2611 1382 2739 1438 LEX
2779 1384 2929 1438 XXII.

2027 1478 2333 1546 Imperator
2360 1479 2709 1534 Justinianus
2738 1484 3024 1551 Augustus
3053 1484 3266 1538 Menum
3298 1486 3356 1540 P.
3393 1487 3455 1540 P.

2027 1570 2325 1624 Neminem
2371 1573 2632 1626 volumus
2675 1574 2731 1628 in
2773 1575 3086 1630 custodiam
3133 1578 3335 1648 conjici
3378 1579 3592 1651 absque

1947 1665 2108 1736 jussu
2153 1665 2712 1736 gloriosissimorum,
2750 1670 2836 1722 vel
2878 1669 3202 1740 illustrium,
3236 1673 3322 1725 vel
3353 1673 3592 1727 clarissi-

1955 1775 2184 1812 morum
2223 1758 2660 1829 magistratuum
2703 1761 2872 1831 hujus
2909 1762 3248 1818 felicissima:
3287 1765 3462 1834 urbis,
3504 1767 3595 1821 vel

1873 1845 1930 1916 B
1954 1853 2394 1923 provinciarum,
2424 1856 2521 1906 aut
2549 1854 2910 1909 defensorum
2942 1856 3256 1912 civitatum.

2024 1947 2057 2016 §
2090 1950 2138 2000 l.
2168 1947 2242 1999 De
2283 1946 2368 1999 his
2407 1949 2599 2000 autem
2636 1948 2962 2030 quicupque
3001 1951 3243 2020 conjecti
3279 1956 3376 2006 aut
3416 1954 3591 2024 conji-

1954 2039 2139 2094 ciendi
2160 2043 2308 2105 sunt,
2335 2039 2443 2094 Deo
2464 2040 2736 2094 amabiles
2755 2042 3008 2096 locorum
3025 2043 3318 2114 episcopos
3327 2045 3596 2115 jubemus

1954 2148 2057 2204 per
2093 2148 2266 2186 unam
2299 2133 2568 2204 cujusque
2605 2134 2982 2189 hebdomadas
3019 2136 3191 2205 diem,
3232 2137 3287 2192 id
3324 2143 3425 2207 est,
3455 2140 3596 2194 feria

1956 2229 2176 2296 quarta,
2204 2230 2301 2279 aut
2327 2231 2501 2291 sexta,
2541 2243 2668 2296 quae
2699 2233 2754 2282 et
2783 2229 3085 2283 Parasceve
3124 2231 3464 2301 appellatur,
3500 2250 3594 2288 eos

1955 2319 2054 2390 qui
2094 2319 2153 2372 in
2189 2318 2439 2372 custodia
2480 2319 2766 2374 habentur
2800 2320 3048 2389 visitare,
3084 2325 3141 2376 et
3167 2323 3473 2393 diligenter
3502 2326 3589 2379 in-

1954 2415 2180 2486 quirere
2215 2430 2439 2467 causam
2477 2414 2547 2468 ob
2587 2431 2757 2486 quam
2794 2415 3156 2485 detinentur;
3194 2421 3251 2472 et
3289 2419 3403 2472 sive
3447 2419 3591 2474 servi

1955 2507 2068 2562 sint
2103 2508 2216 2561 sive
2246 2507 2430 2576 liberi,
2465 2507 2577 2562 sive
2610 2525 2710 2578 pro
2747 2509 3016 2579 pecuniis,
3047 2511 3160 2565 sive
3197 2528 3299 2582 pro
3326 2512 3448 2565 aliis
3479 2514 3590 2568 cri-

1953 2600 2380 2667 minationibus,
2408 2600 2520 2654 sive
2553 2617 2654 2671 pro
2689 2601 3006 2656 homicidiis
3041 2604 3296 2673 conjecti,
3330 2605 3592 2660 illustris-

1954 2694 2149 2761 simos,
2178 2699 2233 2747 et
2263 2693 2616 2764 spectabiles,
2647 2700 2703 2749 et
2731 2695 3072 2750 clarissimos
3099 2698 3466 2767 magistratus
3491 2700 3590 2752 ad-

1952 2803 2208 2852 monere,
2253 2790 2370 2840 tam
2408 2804 2506 2842 eos
2547 2787 2642 2858 qui
2683 2793 2814 2841 sunt
2857 2789 2916 2842 in
2964 2789 3067 2842 hac
3096 2789 3416 2844 felicissima
3450 2792 3592 2846 urbe

1953 2897 2122 2952 quam
2167 2879 2264 2950 qui
2319 2886 2447 2934 sunt
2491 2880 2552 2934 in
2603 2881 2936 2951 provinciis,
2985 2887 3048 2936 ut
3098 2899 3167 2936 ea
3210 2889 3596 2953 exsequantur

1951 2974 2100 3027 circa
2130 2974 2279 3044 ipsos
2301 2990 2428 3045 qua;
2455 2973 2652 3028 divalis
2679 2979 2870 3028 nostra
2895 2975 3223 3030 constitutio
3247 2977 3319 3030 ad
3344 2976 3594 3032 illustres

1953 3066 2246 3137 prazfectos
2288 3083 2353 3121 ea
2395 3067 2462 3121 de
2506 3084 2564 3122 re
2609 3066 2814 3120 emissa
2837 3068 3110 3142 przecipit
3148 3085 3160 3122 :
3200 3069 3428 3124 licentia
3463 3070 3593 3125 data

1954 3161 2071 3214 Deo
2098 3159 2442 3215 charissimis
2468 3178 2569 3231 pro
2594 3165 2849 3231 tempore
2883 3162 3184 3233 episcopis,
3215 3162 3261 3216 si
3288 3179 3459 3234 quam
3488 3181 3588 3218 ue-

1955 3255 2284 3326 gligentiam
2322 3254 2626 3308 admissam
2665 3255 3038 3323 cognoverint
3088 3255 3158 3308 ab
3200 3256 3594 3311 illustrissimis

1952 3352 2007 3402 et
2035 3347 2612 3419 magnificentissimis
2643 3353 2812 3418 atque
2850 3348 3175 3402 clarissimis
3200 3365 3303 3420 pro
3331 3355 3590 3422 tempore

1955 3441 2398 3512 magistratibus,
2433 3443 2517 3495 vel
2544 3441 2612 3494 iis
2643 3459 2768 3512 qua:
2797 3441 2905 3495 illis
2935 3446 3139 3512 parcnt
3167 3443 3388 3511 ofﬁciis,
3424 3446 3591 3498 talem

1950 3536 2206 3606 ipsorum
2275 3534 2686 3604 negligentiam
2746 3533 3062 3603 indicandi,
3123 3539 3184 3587 ut
3246 3537 3591 3589 conveniens

1952 3628 2220 3681 adversus
2255 3626 2607 3696 negligentes
2646 3625 2822 3680 animi
2862 3627 3039 3680 nostri
3080 3631 3268 3680 motus
3312 3628 3588 3698 insurgat.

1952 3722 2154 3775 Datum
2185 3736 2255 3773 xv
2285 3718 2519 3772 Kalend.
2561 3719 2850 3786 Februar.,
2892 3721 3018 3788 CP.,
3052 3719 3216 3774 Decio
3245 3737 3360 3775 cos.
3392 3725 3515 3776 5'29.

2601 3845 2727 3898 LEX
2767 3845 2940 3900 XXIII.

2024 3943 2175 3997 Idem
2215 3945 2498 4013 Augustus
2528 3941 2746 3996 Mennaa
2778 3943 2876 3996 PP.

2023 4035 2267 4090 Privatos
2290 4051 2544 4091 carceres
2569 4035 2750 4090 modis
2777 4035 3043 4090 omnibus
3070 4035 3128 4089 in
3162 4035 3395 4090 urbibus
3423 4041 3601 4108 atque

1951 4129 2009 4184 in
2038 4129 2172 4184 vicis
2191 4129 2454 4184 constitui
2473 4133 2728 4184 vetemus
2752 4147 2764 4184 :
2792 4129 2929 4201 ipsis
2949 4129 3049 4202 qui
3072 4129 3474 4185 custodiuntur
3495 4131 3592 4186 Dei

1951 4223 2424 4278 amicissimorum
2456 4223 2563 4278 loci
2603 4223 3000 4294 episcoporum
3040 4223 3394 4296 providentia
3430 4241 3462 4278 a
3493 4224 3589 4278 de-

1951 4317 2201 4372 tentione
2237 4317 2503 4372 remissis.
2542 4317 2660 4372 Dat.
2693 4333 2768 4372 xu
2810 4318 3045 4373 Kalend.
3082 4318 3232 4384 Feb.,
3269 4319 3396 4388 CP.,
3427 4317 3592 4374 Decio

1953 4427 2068 4465 cos.
2096 4413 2220 4465 529.

2600 4482 2725 4535 LEX
2777 4481 2948 4535 XXIV.

2021 4579 2176 4633 Idem
2204 4581 2491 4649 Augustus
2519 4578 2885 4633 Demostheni
2917 4580 2975 4633 P.
3007 4580 3068 4633 P.

2025 4671 2248 4726 Nemini
2271 4672 2443 4728 licere
2469 4672 2749 4738 volumus,
2784 4671 2898 4725 sive
2928 4672 2998 4726 ab
3025 4672 3291 4743 ingenuis
3320 4672 3591 4745 genitori-

1953 4767 2059 4820 bus
2083 4782 2226 4837 puer
2251 4767 2517 4836 parvulus
2539 4769 2882 4836 procreatus,
2909 4766 3024 4819 sive
3056 4783 3089 4820 a
3111 4765 3377 4822 libertina
3395 4784 3596 4840 proge-

1954 4859 2067 4928 nie,
2102 4859 2217 4913 sive
2255 4860 2437 4914 servili
2470 4859 2797 4914 conditione
2835 4859 3150 4914 maculatus
3184 4862 3472 4932 expositus
3503 4863 3594 4929 sit,

1958 4970 2089 5007 eum
2113 4970 2360 5026 puerum
2387 4954 2445 5008 in
2473 4970 2640 5007 suum
2670 4953 2995 5008 dominium
3027 4955 3338 5024 vindicare,
3363 4957 3475 5011 sive
3502 4973 3598 5010 n0-

1957 5047 2112 5102 mine
2144 5047 2400 5116 dominii,
2437 5047 2550 5101 sive
2588 5047 2936 5119 ascriptitiaz,
2976 5049 3090 5103 sive
3132 5050 3428 5104 colonariaz
3459 5066 3595 5103 cou-

1958 5141 2205 5195 ditionis.
2240 5141 2344 5195 Sed
2385 5156 2569 5212 neque
2616 5142 2704 5196 his
2740 5141 2838 5213 qui
2875 5159 2968 5197 eos
3002 5143 3333 5197 nutriendos
3359 5144 3598 5197 sustule-

1957 5235 2092 5303 rint,
2123 5234 2406 5289 licentiam
2435 5235 2799 5290 concedimus
2826 5236 3053 5307 penitus
3080 5252 3212 5290 cum
3244 5236 3487 5306 quadam
3519 5235 3598 5289 di-

1959 5329 2257 5385 stinctione
2291 5345 2390 5384 eos
2429 5330 2644 5392 tollere.
2679 5330 2788 5385 Sed
2831 5330 2986 5383 nullo
3027 5328 3350 5383 discrimine
3380 5327 3595 5394 habito,

1960 5424 2019 5478 hi
2046 5423 2140 5494 qui
2172 5423 2242 5477 ab
2273 5423 2600 5494 hujusmodi
2626 5422 2952 5476 hominibus
2985 5421 3228 5489 educati,
3258 5421 3344 5476 vel
3375 5422 3596 5488 nutriti,

1959 5518 2045 5573 vel
2083 5517 2233 5572 aucti
2268 5521 2420 5582 sunt,
2459 5517 2622 5570 liberi
2661 5521 2719 5570 et
2755 5514 2990 5585 ingenui
3027 5519 3362 5586 appareant,
3397 5520 3453 5569 et
3493 5515 3598 5570 sibi

1957 5611 2275 5682 acquirant,
2297 5615 2354 5664 et
2369 5610 2429 5662 in
2452 5608 2844 5681 posteritatem
2871 5623 3033 5662 suam
3058 5607 3147 5660 vel
3169 5611 3466 5663 extraneos
3487 5609 3599 5662 hae-

1959 5704 2120 5758 redes
2161 5703 2356 5758 omnia
2397 5717 2526 5774 quae
2567 5700 2887 5767 habuerint,
2930 5717 3043 5772 quo
3082 5701 3250 5755 modo
3292 5701 3596 5770 voluerint,

1960 5797 2371 5854 transmittant.
2390 5798 2516 5852 Haec
2537 5795 2961 5851 observantibus
2986 5811 3101 5850 non
3129 5795 3313 5850 solum
3338 5793 3599 5866 praesidi-

1961 5891 2067 5944 bus
2111 5893 2558 5962 provinciarum,
2613 5891 2711 5947 sed
2760 5891 2931 5946 etiam
2985 5890 3116 5947 viris
3165 5888 3602 5963 religiosissimis
