  <div class='ocr_page' id='page_1' title='image "/cluster/home/n/w/nwhite01/storage/ocr_20150623/72/uva.x000827084/761.png"; bbox 0 0 4032 6232; ppageno 0'>
   <div class='ocr_carea' id='block_1_1' title="bbox 462 363 596 414">
    <p class='ocr_par' dir='ltr' id='par_1_1' title="bbox 462 363 596 414">
     <span class='ocr_line' id='line_1_1' title="bbox 462 363 596 414; baseline -0.015 0"><span class='ocrx_word' id='word_1_1' title='bbox 462 363 596 414; x_wconf 68' lang='grc'><strong>1075</strong></span> 
     </span>
    </p>
   </div>
   <div class='ocr_carea' id='block_1_2' title="bbox 1598 361 2671 420">
    <p class='ocr_par' dir='ltr' id='par_1_2' title="bbox 1598 361 2671 420">
     <span class='ocr_line' id='line_1_2' title="bbox 1598 361 2671 420; baseline 0.003 -4"><span class='ocrx_word' id='word_1_2' title='bbox 1598 361 1851 418; x_wconf 56' lang='lat' dir='ltr'><strong>SJECULI</strong></span> <span class='ocrx_word' id='word_1_3' title='bbox 1891 363 2081 418; x_wconf 83' lang='lat' dir='ltr'><strong>SEXTI</strong></span> <span class='ocrx_word' id='word_1_4' title='bbox 2120 361 2671 420; x_wconf 81' lang='lat' dir='ltr'><strong>SUPPLEMENTUM.</strong></span> 
     </span>
    </p>
   </div>
   <div class='ocr_carea' id='block_1_3' title="bbox 3685 373 3820 425">
    <p class='ocr_par' dir='ltr' id='par_1_3' title="bbox 3685 373 3820 425">
     <span class='ocr_line' id='line_1_3' title="bbox 3685 373 3820 425; baseline 0.007 -1"><span class='ocrx_word' id='word_1_5' title='bbox 3685 373 3820 425; x_wconf 78' lang='grc'><strong>1076</strong></span> 
     </span>
    </p>
   </div>
   <div class='ocr_carea' id='block_1_4' title="bbox 445 465 3821 556">
    <p class='ocr_par' dir='ltr' id='par_1_4' title="bbox 445 465 3821 556">
     <span class='ocr_line' id='line_1_4' title="bbox 445 465 3821 556; baseline 0.003 -37"><span class='ocrx_word' id='word_1_6' title='bbox 445 465 742 537; x_wconf 80' lang='lat' dir='ltr'><strong>episcopis.</strong></span> <span class='ocrx_word' id='word_1_7' title='bbox 805 466 1015 521; x_wconf 83' lang='lat' dir='ltr'><strong>Datum</strong></span> <span class='ocrx_word' id='word_1_8' title='bbox 1061 467 1446 530; x_wconf 88' lang='lat' dir='ltr'><strong>Chalcedone,</strong></span> <span class='ocrx_word' id='word_1_9' title='bbox 1504 485 1597 523; x_wconf 80' lang='lat' dir='ltr'><strong>VIII</strong></span> <span class='ocrx_word' id='word_1_10' title='bbox 1650 470 1887 525; x_wconf 84' lang='lat' dir='ltr'><strong>Kalend.</strong></span> <span class='ocrx_word' id='word_1_11' title='bbox 1940 472 2072 537; x_wconf 87' lang='lat' dir='ltr'><strong>Jul.,</strong></span> <span class='ocrx_word' id='word_1_12' title='bbox 2097 468 2449 556; x_wconf 73' lang='lat' dir='ltr'><strong>Ablicarum</strong></span> <span class='ocrx_word' id='word_1_13' title='bbox 2476 469 2760 526; x_wconf 82' lang='lat' dir='ltr'><strong>rationum</strong></span> <span class='ocrx_word' id='word_1_14' title='bbox 2787 469 3228 525; x_wconf 84' lang='lat' dir='ltr'><strong>exsecutionem.</strong></span> <span class='ocrx_word' id='word_1_15' title='bbox 3259 470 3368 526; x_wconf 90' lang='lat' dir='ltr'><strong>Sed</strong></span> <span class='ocrx_word' id='word_1_16' title='bbox 3399 472 3444 526; x_wconf 89' lang='lat' dir='ltr'><strong>si</strong></span> <span class='ocrx_word' id='word_1_17' title='bbox 3473 473 3612 545; x_wconf 86' lang='lat' dir='ltr'><strong>quid</strong></span> <span class='ocrx_word' id='word_1_18' title='bbox 3655 476 3821 547; x_wconf 84' lang='lat' dir='ltr'><strong>hujus</strong></span> 
     </span>
    </p>
   </div>
   <div class='ocr_carea' id='block_1_5' title="bbox 444 559 1610 633">
    <p class='ocr_par' dir='ltr' id='par_1_5' title="bbox 444 559 1610 633">
     <span class='ocr_line' id='line_1_5' title="bbox 444 559 1610 633; baseline -0.001 -15"><span class='ocrx_word' id='word_1_19' title='bbox 444 559 754 633; x_wconf 85' lang='lat' dir='ltr'><strong>Lampadio</strong></span> <span class='ocrx_word' id='word_1_20' title='bbox 781 565 837 616; x_wconf 89' lang='lat' dir='ltr'><strong>et</strong></span> <span class='ocrx_word' id='word_1_21' title='bbox 861 559 1057 616; x_wconf 89' lang='lat' dir='ltr'><strong>Oreste</strong></span> <span class='ocrx_word' id='word_1_22' title='bbox 1087 577 1174 616; x_wconf 91' lang='lat' dir='ltr'><strong>vv.</strong></span> <span class='ocrx_word' id='word_1_23' title='bbox 1203 577 1284 616; x_wconf 92' lang='lat' dir='ltr'><strong>cc.</strong></span> <span class='ocrx_word' id='word_1_24' title='bbox 1313 577 1452 615; x_wconf 88' lang='lat' dir='ltr'><strong>coss.</strong></span> <span class='ocrx_word' id='word_1_25' title='bbox 1489 565 1610 616; x_wconf 78' lang='lat'><strong>530.</strong></span> 
     </span>
    </p>
   </div>
   <div class='ocr_carea' id='block_1_6' title="bbox 1112 677 1420 734">
    <p class='ocr_par' dir='ltr' id='par_1_6' title="bbox 1112 677 1420 734">
     <span class='ocr_line' id='line_1_6' title="bbox 1112 677 1420 734; baseline 0.006 -4"><span class='ocrx_word' id='word_1_26' title='bbox 1112 677 1237 734; x_wconf 84' lang='lat' dir='ltr'><strong>LEX</strong></span> <span class='ocrx_word' id='word_1_27' title='bbox 1273 678 1420 732; x_wconf 85' lang='lat' dir='ltr'><strong>XXV.</strong></span> 
     </span>
    </p>
   </div>
   <div class='ocr_carea' id='block_1_7' title="bbox 516 770 1550 842">
    <p class='ocr_par' dir='ltr' id='par_1_7' title="bbox 516 770 1550 842">
     <span class='ocr_line' id='line_1_7' title="bbox 516 770 1550 842; baseline 0.002 -17"><span class='ocrx_word' id='word_1_28' title='bbox 516 771 670 828; x_wconf 86' lang='lat' dir='ltr'><strong>Idem</strong></span> <span class='ocrx_word' id='word_1_29' title='bbox 701 773 985 842; x_wconf 83' lang='lat' dir='ltr'><strong>Augustus</strong></span> <span class='ocrx_word' id='word_1_30' title='bbox 1009 770 1374 826; x_wconf 79' lang='lat' dir='ltr'><strong>Demostheni</strong></span> <span class='ocrx_word' id='word_1_31' title='bbox 1400 773 1459 827; x_wconf 89' lang='lat' dir='ltr'><strong>P.</strong></span> <span class='ocrx_word' id='word_1_32' title='bbox 1491 773 1550 827; x_wconf 92' lang='lat' dir='ltr'><strong>P.</strong></span> 
     </span>
    </p>
   </div>
   <div class='ocr_carea' id='block_1_8' title="bbox 513 863 2074 935">
    <p class='ocr_par' dir='ltr' id='par_1_8' title="bbox 513 863 2074 935">
     <span class='ocr_line' id='line_1_8' title="bbox 513 863 2074 935; baseline 0.001 -15"><span class='ocrx_word' id='word_1_33' title='bbox 513 866 649 930; x_wconf 78' lang='lat' dir='ltr'><strong>Quae</strong></span> <span class='ocrx_word' id='word_1_34' title='bbox 679 866 748 921; x_wconf 91' lang='lat' dir='ltr'><strong>de</strong></span> <span class='ocrx_word' id='word_1_35' title='bbox 790 865 911 921; x_wconf 90' lang='lat' dir='ltr'><strong>alea</strong></span> <span class='ocrx_word' id='word_1_36' title='bbox 940 864 1052 920; x_wconf 88' lang='lat' dir='ltr'><strong>sive</strong></span> <span class='ocrx_word' id='word_1_37' title='bbox 1084 863 1165 935; x_wconf 91' lang='lat' dir='ltr'><strong>(ut</strong></span> <span class='ocrx_word' id='word_1_38' title='bbox 1190 866 1408 932; x_wconf 89' lang='lat' dir='ltr'><strong>vocant)</strong></span> <span class='ocrx_word' id='word_1_39' title='bbox 1443 865 1630 934; x_wconf 89' lang='lat' dir='ltr'><strong>cottis,</strong></span> <span class='ocrx_word' id='word_1_40' title='bbox 1664 884 1727 921; x_wconf 90' lang='lat' dir='ltr'><strong>ac</strong></span> <span class='ocrx_word' id='word_1_41' title='bbox 1764 867 1833 921; x_wconf 90' lang='lat' dir='ltr'><strong>de</strong></span> <span class='ocrx_word' id='word_1_42' title='bbox 1872 883 2074 921; x_wconf 91' lang='lat' dir='ltr'><strong>eorum</strong></span> 
     </span>
    </p>
   </div>
   <div class='ocr_carea' id='block_1_9' title="bbox 442 956 2077 1031">
    <p class='ocr_par' dir='ltr' id='par_1_9' title="bbox 442 956 2077 1031">
     <span class='ocr_line' id='line_1_9' title="bbox 442 956 2077 1031; baseline 0 -17"><span class='ocrx_word' id='word_1_43' title='bbox 442 959 846 1031; x_wconf 84' lang='lat' dir='ltr'><strong>prohibitione,</strong></span> <span class='ocrx_word' id='word_1_44' title='bbox 874 975 906 1011; x_wconf 91' lang='lat' dir='ltr'><strong>a</strong></span> <span class='ocrx_word' id='word_1_45' title='bbox 935 956 1098 1012; x_wconf 90' lang='lat' dir='ltr'><strong>nobis</strong></span> <span class='ocrx_word' id='word_1_46' title='bbox 1123 959 1340 1013; x_wconf 89' lang='lat' dir='ltr'><strong>sancita</strong></span> <span class='ocrx_word' id='word_1_47' title='bbox 1360 965 1509 1030; x_wconf 90' lang='lat' dir='ltr'><strong>sunt,</strong></span> <span class='ocrx_word' id='word_1_48' title='bbox 1534 976 1598 1014; x_wconf 90' lang='lat' dir='ltr'><strong>ea</strong></span> <span class='ocrx_word' id='word_1_49' title='bbox 1624 960 1785 1014; x_wconf 90' lang='lat' dir='ltr'><strong>liceat</strong></span> <span class='ocrx_word' id='word_1_50' title='bbox 1814 960 1910 1014; x_wconf 90' lang='lat' dir='ltr'><strong>Dei</strong></span> <span class='ocrx_word' id='word_1_51' title='bbox 1937 960 2077 1014; x_wconf 83' lang='lat' dir='ltr'><strong>ami-</strong></span> 
     </span>
    </p>
   </div>
   <div class='ocr_carea' id='block_1_10' title="bbox 442 1051 2070 1123">
    <p class='ocr_par' dir='ltr' id='par_1_10' title="bbox 442 1051 2070 1123">
     <span class='ocr_line' id='line_1_10' title="bbox 442 1051 2070 1123; baseline 0.001 -16"><span class='ocrx_word' id='word_1_52' title='bbox 442 1052 678 1107; x_wconf 86' lang='lat' dir='ltr'><strong>cissimis</strong></span> <span class='ocrx_word' id='word_1_53' title='bbox 695 1051 973 1123; x_wconf 88' lang='lat' dir='ltr'><strong>episc0pis</strong></span> <span class='ocrx_word' id='word_1_54' title='bbox 997 1053 1052 1105; x_wconf 91' lang='lat' dir='ltr'><strong>et</strong></span> <span class='ocrx_word' id='word_1_55' title='bbox 1075 1053 1437 1122; x_wconf 86' lang='lat' dir='ltr'><strong>perscrutari,</strong></span> <span class='ocrx_word' id='word_1_56' title='bbox 1461 1057 1518 1108; x_wconf 91' lang='lat' dir='ltr'><strong>et</strong></span> <span class='ocrx_word' id='word_1_57' title='bbox 1543 1053 1826 1120; x_wconf 90' lang='lat' dir='ltr'><strong>cohibere,</strong></span> <span class='ocrx_word' id='word_1_58' title='bbox 1851 1053 1896 1107; x_wconf 91' lang='lat' dir='ltr'><strong>si</strong></span> <span class='ocrx_word' id='word_1_59' title='bbox 1916 1053 2070 1120; x_wconf 86' lang='lat' dir='ltr'><strong>ﬁant,</strong></span> 
     </span>
    </p>
   </div>
   <div class='ocr_carea' id='block_1_11' title="bbox 441 1145 2070 1219">
    <p class='ocr_par' dir='ltr' id='par_1_11' title="bbox 441 1145 2070 1219">
     <span class='ocr_line' id='line_1_11' title="bbox 441 1145 2070 1219; baseline -0.001 -18"><span class='ocrx_word' id='word_1_60' title='bbox 441 1149 497 1201; x_wconf 89' lang='lat' dir='ltr'><strong>et</strong></span> <span class='ocrx_word' id='word_1_61' title='bbox 521 1145 827 1216; x_wconf 87' lang='lat' dir='ltr'><strong>ﬂagitiosos</strong></span> <span class='ocrx_word' id='word_1_62' title='bbox 851 1161 954 1216; x_wconf 88' lang='lat' dir='ltr'><strong>per</strong></span> <span class='ocrx_word' id='word_1_63' title='bbox 973 1145 1313 1201; x_wconf 88' lang='lat' dir='ltr'><strong>clarissimos</strong></span> <span class='ocrx_word' id='word_1_64' title='bbox 1338 1147 1610 1218; x_wconf 65' lang='lat' dir='ltr'><strong>praesides</strong></span> <span class='ocrx_word' id='word_1_65' title='bbox 1631 1147 2070 1219; x_wconf 84' lang='lat' dir='ltr'><strong>provinciarum,</strong></span> 
     </span>
    </p>
   </div>
   <div class='ocr_carea' id='block_1_12' title="bbox 440 1239 2074 1310">
    <p class='ocr_par' dir='ltr' id='par_1_12' title="bbox 440 1239 2074 1310">
     <span class='ocr_line' id='line_1_12' title="bbox 440 1239 2074 1310; baseline 0 -16"><span class='ocrx_word' id='word_1_66' title='bbox 440 1243 497 1294; x_wconf 88' lang='lat' dir='ltr'><strong>et</strong></span> <span class='ocrx_word' id='word_1_67' title='bbox 544 1242 731 1310; x_wconf 83' lang='lat' dir='ltr'><strong>patres</strong></span> <span class='ocrx_word' id='word_1_68' title='bbox 785 1239 1223 1310; x_wconf 85' lang='lat' dir='ltr'><strong>defensoresque</strong></span> <span class='ocrx_word' id='word_1_69' title='bbox 1273 1240 1562 1296; x_wconf 79' lang='lat' dir='ltr'><strong>civitatum</strong></span> <span class='ocrx_word' id='word_1_70' title='bbox 1618 1241 1689 1296; x_wconf 89' lang='lat' dir='ltr'><strong>ad</strong></span> <span class='ocrx_word' id='word_1_71' title='bbox 1737 1241 2074 1295; x_wconf 88' lang='lat' dir='ltr'><strong>modestiam</strong></span> 
     </span>
    </p>
   </div>
   <div class='ocr_carea' id='block_1_13' title="bbox 440 1331 2068 1405">
    <p class='ocr_par' dir='ltr' id='par_1_13' title="bbox 440 1331 2068 1405">
     <span class='ocr_line' id='line_1_13' title="bbox 440 1331 2068 1405; baseline 0.004 -19"><span class='ocrx_word' id='word_1_72' title='bbox 440 1331 730 1389; x_wconf 85' lang='lat' dir='ltr'><strong>reducere.</strong></span> <span class='ocrx_word' id='word_1_73' title='bbox 777 1333 979 1389; x_wconf 84' lang='lat' dir='ltr'><strong>Datum</strong></span> <span class='ocrx_word' id='word_1_74' title='bbox 1020 1349 1055 1389; x_wconf 91' lang='lat' dir='ltr'><strong>x</strong></span> <span class='ocrx_word' id='word_1_75' title='bbox 1097 1333 1218 1388; x_wconf 88' lang='lat' dir='ltr'><strong>Kal.</strong></span> <span class='ocrx_word' id='word_1_76' title='bbox 1267 1333 1517 1404; x_wconf 87' lang='lat' dir='ltr'><strong>Octobr.,</strong></span> <span class='ocrx_word' id='word_1_77' title='bbox 1563 1334 1690 1405; x_wconf 86' lang='lat' dir='ltr'><strong>CP.,</strong></span> <span class='ocrx_word' id='word_1_78' title='bbox 1746 1333 1911 1389; x_wconf 89' lang='lat' dir='ltr'><strong>Decio</strong></span> <span class='ocrx_word' id='word_1_79' title='bbox 1957 1349 2068 1392; x_wconf 90' lang='lat' dir='ltr'><strong>cos.</strong></span> 
     </span>
    </p>
   </div>
   <div class='ocr_carea' id='block_1_14' title="bbox 441 1428 566 1483">
    <p class='ocr_par' dir='ltr' id='par_1_14' title="bbox 441 1428 566 1483">
     <span class='ocr_line' id='line_1_14' title="bbox 441 1428 566 1483; baseline -0.008 0"><span class='ocrx_word' id='word_1_80' title='bbox 441 1428 566 1483; x_wconf 77' lang='lat'><strong>529.</strong></span> 
     </span>
    </p>
   </div>
   <div class='ocr_carea' id='block_1_15' title="bbox 1090 1499 1427 1555">
    <p class='ocr_par' dir='ltr' id='par_1_15' title="bbox 1090 1499 1427 1555">
     <span class='ocr_line' id='line_1_15' title="bbox 1090 1499 1427 1555; baseline 0.006 -3"><span class='ocrx_word' id='word_1_81' title='bbox 1090 1499 1218 1554; x_wconf 83' lang='lat' dir='ltr'><strong>LEX</strong></span> <span class='ocrx_word' id='word_1_82' title='bbox 1256 1499 1427 1555; x_wconf 80' lang='lat' dir='ltr'><strong>XXVI.</strong></span> 
     </span>
    </p>
   </div>
   <div class='ocr_carea' id='block_1_16' title="bbox 506 1592 1396 1664">
    <p class='ocr_par' dir='ltr' id='par_1_16' title="bbox 506 1592 1396 1664">
     <span class='ocr_line' id='line_1_16' title="bbox 506 1592 1396 1664; baseline -0.001 -15"><span class='ocrx_word' id='word_1_83' title='bbox 506 1593 663 1649; x_wconf 88' lang='lat' dir='ltr'><strong>Idem</strong></span> <span class='ocrx_word' id='word_1_84' title='bbox 689 1594 972 1664; x_wconf 83' lang='lat' dir='ltr'><strong>Augustus</strong></span> <span class='ocrx_word' id='word_1_85' title='bbox 1000 1592 1220 1647; x_wconf 76' lang='lat' dir='ltr'><strong>Iuliano</strong></span> <span class='ocrx_word' id='word_1_86' title='bbox 1246 1594 1306 1647; x_wconf 87' lang='lat' dir='ltr'><strong>P.</strong></span> <span class='ocrx_word' id='word_1_87' title='bbox 1334 1594 1396 1648; x_wconf 91' lang='lat' dir='ltr'><strong>P.</strong></span> 
     </span>
    </p>
   </div>
   <div class='ocr_carea' id='block_1_17' title="bbox 509 1685 2075 1758">
    <p class='ocr_par' dir='ltr' id='par_1_17' title="bbox 509 1685 2075 1758">
     <span class='ocr_line' id='line_1_17' title="bbox 509 1685 2075 1758; baseline 0.001 -17"><span class='ocrx_word' id='word_1_88' title='bbox 509 1687 588 1741; x_wconf 91' lang='lat' dir='ltr'><strong>De</strong></span> <span class='ocrx_word' id='word_1_89' title='bbox 628 1685 718 1741; x_wconf 91' lang='lat' dir='ltr'><strong>his</strong></span> <span class='ocrx_word' id='word_1_90' title='bbox 756 1703 886 1758; x_wconf 81' lang='lat' dir='ltr'><strong>quae</strong></span> <span class='ocrx_word' id='word_1_91' title='bbox 921 1686 1161 1758; x_wconf 81' lang='lat' dir='ltr'><strong>singulis</strong></span> <span class='ocrx_word' id='word_1_92' title='bbox 1193 1686 1355 1741; x_wconf 90' lang='lat' dir='ltr'><strong>annis</strong></span> <span class='ocrx_word' id='word_1_93' title='bbox 1392 1685 1464 1740; x_wconf 91' lang='lat' dir='ltr'><strong>ad</strong></span> <span class='ocrx_word' id='word_1_94' title='bbox 1502 1686 1750 1742; x_wconf 83' lang='lat' dir='ltr'><strong>civitates</strong></span> <span class='ocrx_word' id='word_1_95' title='bbox 1786 1688 2075 1758; x_wconf 81' lang='lat' dir='ltr'><strong>pertinent</strong></span> 
     </span>
    </p>
   </div>
   <div class='ocr_carea' id='block_1_18' title="bbox 438 1779 2074 1852">
    <p class='ocr_par' dir='ltr' id='par_1_18' title="bbox 438 1779 2074 1852">
     <span class='ocr_line' id='line_1_18' title="bbox 438 1779 2074 1852; baseline 0.002 -19"><span class='ocrx_word' id='word_1_96' title='bbox 438 1779 572 1850; x_wconf 84' lang='lat' dir='ltr'><strong>(sive</strong></span> <span class='ocrx_word' id='word_1_97' title='bbox 601 1779 788 1834; x_wconf 91' lang='lat' dir='ltr'><strong>civiles</strong></span> <span class='ocrx_word' id='word_1_98' title='bbox 812 1779 1025 1835; x_wconf 90' lang='lat' dir='ltr'><strong>reditus</strong></span> <span class='ocrx_word' id='word_1_99' title='bbox 1046 1779 1176 1847; x_wconf 91' lang='lat' dir='ltr'><strong>sint,</strong></span> <span class='ocrx_word' id='word_1_100' title='bbox 1199 1780 1310 1834; x_wconf 90' lang='lat' dir='ltr'><strong>sive</strong></span> <span class='ocrx_word' id='word_1_101' title='bbox 1335 1779 1569 1848; x_wconf 91' lang='lat' dir='ltr'><strong>fructus,</strong></span> <span class='ocrx_word' id='word_1_102' title='bbox 1590 1796 1657 1834; x_wconf 90' lang='lat' dir='ltr'><strong>ex</strong></span> <span class='ocrx_word' id='word_1_103' title='bbox 1686 1780 1944 1852; x_wconf 88' lang='lat' dir='ltr'><strong>publicis,</strong></span> <span class='ocrx_word' id='word_1_104' title='bbox 1974 1785 2074 1836; x_wconf 90' lang='lat' dir='ltr'><strong>aut</strong></span> 
     </span>
    </p>
   </div>
   <div class='ocr_carea' id='block_1_19' title="bbox 2179 562 3821 635">
    <p class='ocr_par' dir='ltr' id='par_1_19' title="bbox 2179 562 3821 635">
     <span class='ocr_line' id='line_1_19' title="bbox 2179 562 3821 635; baseline 0.004 -18"><span class='ocrx_word' id='word_1_105' title='bbox 2179 563 2333 617; x_wconf 90' lang='lat' dir='ltr'><strong>modi</strong></span> <span class='ocrx_word' id='word_1_106' title='bbox 2363 562 2524 617; x_wconf 90' lang='lat' dir='ltr'><strong>nobis</strong></span> <span class='ocrx_word' id='word_1_107' title='bbox 2550 562 2944 634; x_wconf 81' lang='lat' dir='ltr'><strong>ignorantibus</strong></span> <span class='ocrx_word' id='word_1_108' title='bbox 2970 562 3086 632; x_wconf 73' lang='lat' dir='ltr'><strong>fiet,</strong></span> <span class='ocrx_word' id='word_1_109' title='bbox 3118 563 3163 618; x_wconf 91' lang='lat' dir='ltr'><strong>si</strong></span> <span class='ocrx_word' id='word_1_110' title='bbox 3194 563 3430 635; x_wconf 86' lang='lat' dir='ltr'><strong>quidem</strong></span> <span class='ocrx_word' id='word_1_111' title='bbox 3459 583 3615 620; x_wconf 86' lang='lat' dir='ltr'><strong>sacra</strong></span> <span class='ocrx_word' id='word_1_112' title='bbox 3641 568 3821 623; x_wconf 89' lang='lat' dir='ltr'><strong>forma</strong></span> 
     </span>
    </p>
   </div>
   <div class='ocr_carea' id='block_1_20' title="bbox 2176 656 3819 728">
    <p class='ocr_par' dir='ltr' id='par_1_20' title="bbox 2176 656 3819 728">
     <span class='ocr_line' id='line_1_20' title="bbox 2176 656 3819 728; baseline 0.004 -19"><span class='ocrx_word' id='word_1_113' title='bbox 2176 656 2247 711; x_wconf 90' lang='lat' dir='ltr'><strong>ad</strong></span> <span class='ocrx_word' id='word_1_114' title='bbox 2279 656 2498 727; x_wconf 90' lang='lat' dir='ltr'><strong>aliquos</strong></span> <span class='ocrx_word' id='word_1_115' title='bbox 2521 673 2625 728; x_wconf 90' lang='lat' dir='ltr'><strong>per</strong></span> <span class='ocrx_word' id='word_1_116' title='bbox 2649 657 3072 728; x_wconf 87' lang='lat' dir='ltr'><strong>subreptionem</strong></span> <span class='ocrx_word' id='word_1_117' title='bbox 3100 659 3468 726; x_wconf 89' lang='lat' dir='ltr'><strong>emanaverit,</strong></span> <span class='ocrx_word' id='word_1_118' title='bbox 3499 659 3662 715; x_wconf 89' lang='lat' dir='ltr'><strong>liceat</strong></span> <span class='ocrx_word' id='word_1_119' title='bbox 3687 662 3819 716; x_wconf 90' lang='lat' dir='ltr'><strong>reli-</strong></span> 
     </span>
    </p>
   </div>
   <div class='ocr_carea' id='block_1_21' title="bbox 2178 749 3817 826">
    <p class='ocr_par' dir='ltr' id='par_1_21' title="bbox 2178 749 3817 826">
     <span class='ocr_line' id='line_1_21' title="bbox 2178 749 3817 826; baseline 0.005 -23"><span class='ocrx_word' id='word_1_120' title='bbox 2178 749 2489 820; x_wconf 90' lang='lat' dir='ltr'><strong>giosissimo</strong></span> <span class='ocrx_word' id='word_1_121' title='bbox 2522 750 2782 822; x_wconf 87' lang='lat' dir='ltr'><strong>episcopo</strong></span> <span class='ocrx_word' id='word_1_122' title='bbox 2823 751 2944 822; x_wconf 85' lang='lat' dir='ltr'><strong>ejus</strong></span> <span class='ocrx_word' id='word_1_123' title='bbox 2989 751 3226 806; x_wconf 87' lang='lat' dir='ltr'><strong>civitatis</strong></span> <span class='ocrx_word' id='word_1_124' title='bbox 3257 752 3546 824; x_wconf 88' lang='lat' dir='ltr'><strong>suscipere</strong></span> <span class='ocrx_word' id='word_1_125' title='bbox 3588 754 3817 826; x_wconf 88' lang='lat' dir='ltr'><strong>quidem</strong></span> 
     </span>
    </p>
   </div>
   <div class='ocr_carea' id='block_1_22' title="bbox 2176 845 3820 915">
    <p class='ocr_par' dir='ltr' id='par_1_22' title="bbox 2176 845 3820 915">
     <span class='ocr_line' id='line_1_22' title="bbox 2176 845 3820 915; baseline 0.004 -18"><span class='ocrx_word' id='word_1_126' title='bbox 2176 857 2392 898; x_wconf 88' lang='lat' dir='ltr'><strong>sacram</strong></span> <span class='ocrx_word' id='word_1_127' title='bbox 2422 845 2685 913; x_wconf 88' lang='lat' dir='ltr'><strong>formam,</strong></span> <span class='ocrx_word' id='word_1_128' title='bbox 2722 845 3049 900; x_wconf 92' lang='lat' dir='ltr'><strong>renuntiare</strong></span> <span class='ocrx_word' id='word_1_129' title='bbox 3077 849 3267 900; x_wconf 80' lang='lat' dir='ltr'><strong>tamen</strong></span> <span class='ocrx_word' id='word_1_130' title='bbox 3294 846 3479 915; x_wconf 89' lang='lat' dir='ltr'><strong>nobis,</strong></span> <span class='ocrx_word' id='word_1_131' title='bbox 3516 853 3578 902; x_wconf 88' lang='lat' dir='ltr'><strong>ut</strong></span> <span class='ocrx_word' id='word_1_132' title='bbox 3607 864 3712 903; x_wconf 88' lang='lat' dir='ltr'><strong>nos</strong></span> <span class='ocrx_word' id='word_1_133' title='bbox 3735 866 3820 905; x_wconf 91' lang='lat' dir='ltr'><strong>co-</strong></span> 
     </span>
    </p>
   </div>
   <div class='ocr_carea' id='block_1_23' title="bbox 2176 939 3813 1013">
    <p class='ocr_par' dir='ltr' id='par_1_23' title="bbox 2176 939 3813 1013">
     <span class='ocr_line' id='line_1_23' title="bbox 2176 939 3813 1013; baseline 0.004 -22"><span class='ocrx_word' id='word_1_134' title='bbox 2176 953 2512 1008; x_wconf 89' lang='lat' dir='ltr'><strong>gnoscamus</strong></span> <span class='ocrx_word' id='word_1_135' title='bbox 2532 955 2602 992; x_wconf 86' lang='lat' dir='ltr'><strong>an</strong></span> <span class='ocrx_word' id='word_1_136' title='bbox 2631 954 2698 992; x_wconf 87' lang='lat' dir='ltr'><strong>ex</strong></span> <span class='ocrx_word' id='word_1_137' title='bbox 2724 941 2913 993; x_wconf 90' lang='lat' dir='ltr'><strong>nostra</strong></span> <span class='ocrx_word' id='word_1_138' title='bbox 2935 940 3004 994; x_wconf 92' lang='lat' dir='ltr'><strong>ad</strong></span> <span class='ocrx_word' id='word_1_139' title='bbox 3025 939 3188 993; x_wconf 89' lang='lat' dir='ltr'><strong>illum</strong></span> <span class='ocrx_word' id='word_1_140' title='bbox 3214 940 3517 1011; x_wconf 60' lang='lat' dir='ltr'><strong>praesidem</strong></span> <span class='ocrx_word' id='word_1_141' title='bbox 3536 943 3813 1013; x_wconf 88' lang='lat' dir='ltr'><strong>jussione,</strong></span> 
     </span>
    </p>
   </div>
   <div class='ocr_carea' id='block_1_24' title="bbox 2174 1031 3816 1106">
    <p class='ocr_par' dir='ltr' id='par_1_24' title="bbox 2174 1031 3816 1106">
     <span class='ocr_line' id='line_1_24' title="bbox 2174 1031 3816 1106; baseline 0.004 -22"><span class='ocrx_word' id='word_1_142' title='bbox 2174 1047 2246 1084; x_wconf 91' lang='lat' dir='ltr'><strong>an</strong></span> <span class='ocrx_word' id='word_1_143' title='bbox 2271 1047 2374 1102; x_wconf 89' lang='lat' dir='ltr'><strong>per</strong></span> <span class='ocrx_word' id='word_1_144' title='bbox 2398 1031 2792 1102; x_wconf 90' lang='lat' dir='ltr'><strong>obreptionem</strong></span> <span class='ocrx_word' id='word_1_145' title='bbox 2811 1033 2955 1087; x_wconf 82' lang='lat' dir='ltr'><strong>facta</strong></span> <span class='ocrx_word' id='word_1_146' title='bbox 2983 1033 3072 1099; x_wconf 85' lang='lat' dir='ltr'><strong>sit,</strong></span> <span class='ocrx_word' id='word_1_147' title='bbox 3098 1036 3163 1087; x_wconf 91' lang='lat' dir='ltr'><strong>ut</strong></span> <span class='ocrx_word' id='word_1_148' title='bbox 3189 1034 3233 1087; x_wconf 92' lang='lat' dir='ltr'><strong>si</strong></span> <span class='ocrx_word' id='word_1_149' title='bbox 3259 1051 3366 1105; x_wconf 88' lang='lat' dir='ltr'><strong>per</strong></span> <span class='ocrx_word' id='word_1_150' title='bbox 3386 1035 3816 1106; x_wconf 90' lang='lat' dir='ltr'><strong>subreptionem</strong></span> 
     </span>
    </p>
   </div>
   <div class='ocr_carea' id='block_1_25' title="bbox 2173 1124 3819 1197">
    <p class='ocr_par' dir='ltr' id='par_1_25' title="bbox 2173 1124 3819 1197">
     <span class='ocr_line' id='line_1_25' title="bbox 2173 1124 3819 1197; baseline 0.003 -18"><span class='ocrx_word' id='word_1_151' title='bbox 2173 1124 2318 1179; x_wconf 87' lang='lat' dir='ltr'><strong>facta</strong></span> <span class='ocrx_word' id='word_1_152' title='bbox 2354 1141 2473 1180; x_wconf 89' lang='lat' dir='ltr'><strong>esse</strong></span> <span class='ocrx_word' id='word_1_153' title='bbox 2509 1125 2767 1180; x_wconf 86' lang='lat' dir='ltr'><strong>videatur</strong></span> <span class='ocrx_word' id='word_1_154' title='bbox 2805 1126 2956 1197; x_wconf 92' lang='lat' dir='ltr'><strong>quod</strong></span> <span class='ocrx_word' id='word_1_155' title='bbox 2999 1127 3211 1181; x_wconf 87' lang='lat' dir='ltr'><strong>factum</strong></span> <span class='ocrx_word' id='word_1_156' title='bbox 3248 1127 3336 1194; x_wconf 90' lang='lat' dir='ltr'><strong>sit,</strong></span> <span class='ocrx_word' id='word_1_157' title='bbox 3370 1128 3569 1183; x_wconf 88' lang='lat' dir='ltr'><strong>inutile</strong></span> <span class='ocrx_word' id='word_1_158' title='bbox 3607 1130 3722 1197; x_wconf 86' lang='lat' dir='ltr'><strong>tiat,</strong></span> <span class='ocrx_word' id='word_1_159' title='bbox 3761 1135 3819 1184; x_wconf 90' lang='lat' dir='ltr'><strong>et</strong></span> 
     </span>
    </p>
   </div>
   <div class='ocr_carea' id='block_1_26' title="bbox 2174 1219 3816 1292">
    <p class='ocr_par' dir='ltr' id='par_1_26' title="bbox 2174 1219 3816 1292">
     <span class='ocr_line' id='line_1_26' title="bbox 2174 1219 3816 1292; baseline 0.002 -18"><span class='ocrx_word' id='word_1_160' title='bbox 2174 1219 2495 1292; x_wconf 91' lang='lat' dir='ltr'><strong>periculum</strong></span> <span class='ocrx_word' id='word_1_161' title='bbox 2525 1220 2724 1275; x_wconf 86' lang='lat' dir='ltr'><strong>subeat</strong></span> <span class='ocrx_word' id='word_1_162' title='bbox 2751 1220 2849 1290; x_wconf 89' lang='lat' dir='ltr'><strong>qui</strong></span> <span class='ocrx_word' id='word_1_163' title='bbox 2881 1236 3006 1275; x_wconf 90' lang='lat' dir='ltr'><strong>eam</strong></span> <span class='ocrx_word' id='word_1_164' title='bbox 3037 1221 3315 1292; x_wconf 53' lang='lat' dir='ltr'><strong>quaesivit.</strong></span> <span class='ocrx_word' id='word_1_165' title='bbox 3348 1222 3404 1277; x_wconf 92' lang='lat' dir='ltr'><strong>Si</strong></span> <span class='ocrx_word' id='word_1_166' title='bbox 3439 1239 3573 1278; x_wconf 93' lang='lat' dir='ltr'><strong>vero</strong></span> <span class='ocrx_word' id='word_1_167' title='bbox 3605 1223 3676 1276; x_wconf 90' lang='lat' dir='ltr'><strong>ab</strong></span> <span class='ocrx_word' id='word_1_168' title='bbox 3707 1223 3816 1277; x_wconf 92' lang='lat' dir='ltr'><strong>ali-</strong></span> 
     </span>
    </p>
   </div>
   <div class='ocr_carea' id='block_1_27' title="bbox 2176 1313 3818 1385">
    <p class='ocr_par' dir='ltr' id='par_1_27' title="bbox 2176 1313 3818 1385">
     <span class='ocr_line' id='line_1_27' title="bbox 2176 1313 3818 1385; baseline 0.002 -18"><span class='ocrx_word' id='word_1_169' title='bbox 2176 1329 2288 1384; x_wconf 90' lang='lat' dir='ltr'><strong>quo</strong></span> <span class='ocrx_word' id='word_1_170' title='bbox 2318 1330 2349 1368; x_wconf 91' lang='lat' dir='ltr'><strong>e</strong></span> <span class='ocrx_word' id='word_1_171' title='bbox 2373 1313 2579 1368; x_wconf 91' lang='lat' dir='ltr'><strong>nostris</strong></span> <span class='ocrx_word' id='word_1_172' title='bbox 2610 1313 2891 1385; x_wconf 63' lang='lat' dir='ltr'><strong>praefectis</strong></span> <span class='ocrx_word' id='word_1_173' title='bbox 2915 1314 3185 1369; x_wconf 90' lang='lat' dir='ltr'><strong>emissum</strong></span> <span class='ocrx_word' id='word_1_174' title='bbox 3214 1315 3510 1370; x_wconf 90' lang='lat' dir='ltr'><strong>decretum</strong></span> <span class='ocrx_word' id='word_1_175' title='bbox 3536 1321 3636 1370; x_wconf 90' lang='lat' dir='ltr'><strong>aut</strong></span> <span class='ocrx_word' id='word_1_176' title='bbox 3664 1333 3818 1371; x_wconf 87' lang='lat' dir='ltr'><strong>com-</strong></span> 
     </span>
    </p>
   </div>
   <div class='ocr_carea' id='block_1_28' title="bbox 2174 1406 3818 1480">
    <p class='ocr_par' dir='ltr' id='par_1_28' title="bbox 2174 1406 3818 1480">
     <span class='ocr_line' id='line_1_28' title="bbox 2174 1406 3818 1480; baseline 0.002 -19"><span class='ocrx_word' id='word_1_177' title='bbox 2174 1407 2542 1462; x_wconf 90' lang='lat' dir='ltr'><strong>monitorium</strong></span> <span class='ocrx_word' id='word_1_178' title='bbox 2557 1406 2649 1475; x_wconf 88' lang='lat' dir='ltr'><strong>sit,</strong></span> <span class='ocrx_word' id='word_1_179' title='bbox 2663 1412 2761 1462; x_wconf 91' lang='lat' dir='ltr'><strong>aut</strong></span> <span class='ocrx_word' id='word_1_180' title='bbox 2776 1410 3124 1479; x_wconf 64' lang='lat' dir='ltr'><strong>prtaceptum</strong></span> <span class='ocrx_word' id='word_1_181' title='bbox 3146 1409 3394 1480; x_wconf 88' lang='lat' dir='ltr'><strong>aliquod,</strong></span> <span class='ocrx_word' id='word_1_182' title='bbox 3411 1415 3509 1464; x_wconf 91' lang='lat' dir='ltr'><strong>aut</strong></span> <span class='ocrx_word' id='word_1_183' title='bbox 3523 1410 3818 1465; x_wconf 86' lang='lat' dir='ltr'><strong>rationum</strong></span> 
     </span>
    </p>
   </div>
   <div class='ocr_carea' id='block_1_29' title="bbox 2175 1500 3819 1574">
    <p class='ocr_par' dir='ltr' id='par_1_29' title="bbox 2175 1500 3819 1574">
     <span class='ocr_line' id='line_1_29' title="bbox 2175 1500 3819 1574; baseline 0.001 -20"><span class='ocrx_word' id='word_1_184' title='bbox 2175 1500 2469 1572; x_wconf 88' lang='lat' dir='ltr'><strong>scriptura,</strong></span> <span class='ocrx_word' id='word_1_185' title='bbox 2501 1504 2558 1555; x_wconf 89' lang='lat' dir='ltr'><strong>et</strong></span> <span class='ocrx_word' id='word_1_186' title='bbox 2587 1501 2655 1556; x_wconf 89' lang='lat' dir='ltr'><strong>de</strong></span> <span class='ocrx_word' id='word_1_187' title='bbox 2683 1500 2872 1572; x_wconf 89' lang='lat' dir='ltr'><strong>aliquo</strong></span> <span class='ocrx_word' id='word_1_188' title='bbox 2902 1517 2969 1556; x_wconf 86' lang='lat' dir='ltr'><strong>ex</strong></span> <span class='ocrx_word' id='word_1_189' title='bbox 3000 1501 3286 1572; x_wconf 65' lang='lat' dir='ltr'><strong>praedictis</strong></span> <span class='ocrx_word' id='word_1_190' title='bbox 3316 1501 3501 1573; x_wconf 91' lang='lat' dir='ltr'><strong>capite</strong></span> <span class='ocrx_word' id='word_1_191' title='bbox 3528 1503 3819 1574; x_wconf 87' lang='lat' dir='ltr'><strong>permitta-</strong></span> 
     </span>
    </p>
   </div>
   <div class='ocr_carea' id='block_1_30' title="bbox 2173 1593 3819 1668">
    <p class='ocr_par' dir='ltr' id='par_1_30' title="bbox 2173 1593 3819 1668">
     <span class='ocr_line' id='line_1_30' title="bbox 2173 1593 3819 1668; baseline 0.001 -20"><span class='ocrx_word' id='word_1_192' title='bbox 2173 1594 2285 1663; x_wconf 87' lang='lat' dir='ltr'><strong>tur,</strong></span> <span class='ocrx_word' id='word_1_193' title='bbox 2315 1595 2576 1649; x_wconf 89' lang='lat' dir='ltr'><strong>volumus</strong></span> <span class='ocrx_word' id='word_1_194' title='bbox 2613 1599 2674 1648; x_wconf 92' lang='lat' dir='ltr'><strong>ut</strong></span> <span class='ocrx_word' id='word_1_195' title='bbox 2706 1594 2889 1650; x_wconf 91' lang='lat' dir='ltr'><strong>modis</strong></span> <span class='ocrx_word' id='word_1_196' title='bbox 2919 1593 3180 1649; x_wconf 91' lang='lat' dir='ltr'><strong>omnibus</strong></span> <span class='ocrx_word' id='word_1_197' title='bbox 3209 1612 3328 1651; x_wconf 91' lang='lat' dir='ltr'><strong>non</strong></span> <span class='ocrx_word' id='word_1_198' title='bbox 3359 1595 3482 1666; x_wconf 88' lang='lat' dir='ltr'><strong>ejus</strong></span> <span class='ocrx_word' id='word_1_199' title='bbox 3511 1596 3666 1650; x_wconf 86' lang='lat' dir='ltr'><strong>urbis</strong></span> <span class='ocrx_word' id='word_1_200' title='bbox 3704 1597 3819 1668; x_wconf 86' lang='lat' dir='ltr'><strong>epi-</strong></span> 
     </span>
    </p>
   </div>
   <div class='ocr_carea' id='block_1_31' title="bbox 2173 1687 3815 1760">
    <p class='ocr_par' dir='ltr' id='par_1_31' title="bbox 2173 1687 3815 1760">
     <span class='ocr_line' id='line_1_31' title="bbox 2173 1687 3815 1760; baseline 0.002 -20"><span class='ocrx_word' id='word_1_201' title='bbox 2173 1703 2394 1758; x_wconf 90' lang='lat' dir='ltr'><strong>scopus,</strong></span> <span class='ocrx_word' id='word_1_202' title='bbox 2435 1692 2491 1742; x_wconf 90' lang='lat' dir='ltr'><strong>et</strong></span> <span class='ocrx_word' id='word_1_203' title='bbox 2528 1687 2699 1758; x_wconf 88' lang='lat' dir='ltr'><strong>primi</strong></span> <span class='ocrx_word' id='word_1_204' title='bbox 2729 1687 3018 1742; x_wconf 86' lang='lat' dir='ltr'><strong>civitatum</strong></span> <span class='ocrx_word' id='word_1_205' title='bbox 3055 1688 3166 1742; x_wconf 88' lang='lat' dir='ltr'><strong>illis</strong></span> <span class='ocrx_word' id='word_1_206' title='bbox 3201 1689 3370 1743; x_wconf 89' lang='lat' dir='ltr'><strong>rebus</strong></span> <span class='ocrx_word' id='word_1_207' title='bbox 3406 1689 3815 1760; x_wconf 65' lang='lat' dir='ltr'><strong>praeficiantur,</strong></span> 
     </span>
    </p>
   </div>
   <div class='ocr_carea' id='block_1_32' title="bbox 2174 1780 3818 1854">
    <p class='ocr_par' dir='ltr' id='par_1_32' title="bbox 2174 1780 3818 1854">
     <span class='ocr_line' id='line_1_32' title="bbox 2174 1780 3818 1854; baseline 0.002 -20"><span class='ocrx_word' id='word_1_208' title='bbox 2174 1780 2266 1834; x_wconf 90' lang='lat' dir='ltr'><strong>sed</strong></span> <span class='ocrx_word' id='word_1_209' title='bbox 2309 1780 2474 1835; x_wconf 89' lang='lat' dir='ltr'><strong>liceat</strong></span> <span class='ocrx_word' id='word_1_210' title='bbox 2515 1781 2818 1852; x_wconf 63' lang='lat' dir='ltr'><strong>provincim</strong></span> <span class='ocrx_word' id='word_1_211' title='bbox 2860 1781 3110 1853; x_wconf 65' lang='lat' dir='ltr'><strong>praesidi,</strong></span> <span class='ocrx_word' id='word_1_212' title='bbox 3145 1785 3202 1836; x_wconf 92' lang='lat' dir='ltr'><strong>et</strong></span> <span class='ocrx_word' id='word_1_213' title='bbox 3239 1782 3374 1853; x_wconf 90' lang='lat' dir='ltr'><strong>ipsis</strong></span> <span class='ocrx_word' id='word_1_214' title='bbox 3403 1784 3818 1854; x_wconf 86' lang='lat' dir='ltr'><strong>possessoribus</strong></span> 
     </span>
    </p>
   </div>
   <div class='ocr_carea' id='block_1_33' title="bbox 436 1861 3815 1948">
    <p class='ocr_par' dir='ltr' id='par_1_33' title="bbox 436 1861 3815 1948">
     <span class='ocr_line' id='line_1_33' title="bbox 436 1861 3815 1948; baseline 0.001 -20"><span class='ocrx_word' id='word_1_215' title='bbox 436 1873 667 1946; x_wconf 88' lang='lat' dir='ltr'><strong>privatis</strong></span> <span class='ocrx_word' id='word_1_216' title='bbox 683 1873 956 1944; x_wconf 88' lang='lat' dir='ltr'><strong>pecuniis,</strong></span> <span class='ocrx_word' id='word_1_217' title='bbox 979 1873 1190 1945; x_wconf 70' lang='lat' dir='ltr'><strong>quazab</strong></span> <span class='ocrx_word' id='word_1_218' title='bbox 1213 1873 1494 1945; x_wconf 88' lang='lat' dir='ltr'><strong>aliquibus</strong></span> <span class='ocrx_word' id='word_1_219' title='bbox 1513 1873 1612 1942; x_wconf 91' lang='lat' dir='ltr'><strong>eis,</strong></span> <span class='ocrx_word' id='word_1_220' title='bbox 1629 1879 1728 1929; x_wconf 91' lang='lat' dir='ltr'><strong>aut</strong></span> <span class='ocrx_word' id='word_1_221' title='bbox 1746 1871 2075 1946; x_wconf 86' lang='lat' dir='ltr'><strong>relinquun-</strong></span> <span class='ocrx_word' id='word_1_222' title='bbox 2092 1861 2149 1933; x_wconf 87' lang='lat' dir='ltr'><strong>B</strong></span> <span class='ocrx_word' id='word_1_223' title='bbox 2172 1889 2236 1927; x_wconf 91' lang='lat' dir='ltr'><strong>ac</strong></span> <span class='ocrx_word' id='word_1_224' title='bbox 2269 1874 2483 1928; x_wconf 89' lang='lat' dir='ltr'><strong>civibus</strong></span> <span class='ocrx_word' id='word_1_225' title='bbox 2515 1874 2799 1945; x_wconf 88' lang='lat' dir='ltr'><strong>jussiones</strong></span> <span class='ocrx_word' id='word_1_226' title='bbox 2837 1875 3090 1945; x_wconf 91' lang='lat' dir='ltr'><strong>rejicere,</strong></span> <span class='ocrx_word' id='word_1_227' title='bbox 3119 1892 3184 1930; x_wconf 91' lang='lat' dir='ltr'><strong>ac</strong></span> <span class='ocrx_word' id='word_1_228' title='bbox 3214 1893 3286 1931; x_wconf 91' lang='lat' dir='ltr'><strong>ne</strong></span> <span class='ocrx_word' id='word_1_229' title='bbox 3324 1876 3554 1931; x_wconf 91' lang='lat' dir='ltr'><strong>obolum</strong></span> <span class='ocrx_word' id='word_1_230' title='bbox 3582 1877 3815 1948; x_wconf 88' lang='lat' dir='ltr'><strong>quidem</strong></span> 
     </span>
    </p>
   </div>
   <div class='ocr_carea' id='block_1_34' title="bbox 439 1966 2076 2040">
    <p class='ocr_par' dir='ltr' id='par_1_34' title="bbox 439 1966 2076 2040">
     <span class='ocr_line' id='line_1_34' title="bbox 439 1966 2076 2040; baseline 0 -18"><span class='ocrx_word' id='word_1_231' title='bbox 439 1970 553 2035; x_wconf 92' lang='lat' dir='ltr'><strong>tur,</strong></span> <span class='ocrx_word' id='word_1_232' title='bbox 599 1972 697 2022; x_wconf 90' lang='lat' dir='ltr'><strong>aut</strong></span> <span class='ocrx_word' id='word_1_233' title='bbox 731 1967 1036 2036; x_wconf 89' lang='lat' dir='ltr'><strong>donantur,</strong></span> <span class='ocrx_word' id='word_1_234' title='bbox 1073 1970 1171 2021; x_wconf 89' lang='lat' dir='ltr'><strong>aut</strong></span> <span class='ocrx_word' id='word_1_235' title='bbox 1199 1966 1306 2020; x_wconf 88' lang='lat' dir='ltr'><strong>alio</strong></span> <span class='ocrx_word' id='word_1_236' title='bbox 1340 1969 1506 2038; x_wconf 92' lang='lat' dir='ltr'><strong>pacto</strong></span> <span class='ocrx_word' id='word_1_237' title='bbox 1534 1966 1945 2040; x_wconf 82' lang='lat' dir='ltr'><strong>excogitantur,</strong></span> <span class='ocrx_word' id='word_1_238' title='bbox 1977 1971 2076 2023; x_wconf 88' lang='lat' dir='ltr'><strong>aut</strong></span> 
     </span>
    </p>
   </div>
   <div class='ocr_carea' id='block_1_35' title="bbox 436 2059 2075 2132">
    <p class='ocr_par' dir='ltr' id='par_1_35' title="bbox 436 2059 2075 2132">
     <span class='ocr_line' id='line_1_35' title="bbox 436 2059 2075 2132; baseline -0.001 -15"><span class='ocrx_word' id='word_1_239' title='bbox 436 2061 831 2129; x_wconf 90' lang='lat' dir='ltr'><strong>instituuntur,</strong></span> <span class='ocrx_word' id='word_1_240' title='bbox 871 2060 984 2116; x_wconf 89' lang='lat' dir='ltr'><strong>sive</strong></span> <span class='ocrx_word' id='word_1_241' title='bbox 1017 2059 1087 2115; x_wconf 91' lang='lat' dir='ltr'><strong>ad</strong></span> <span class='ocrx_word' id='word_1_242' title='bbox 1126 2077 1320 2132; x_wconf 88' lang='lat' dir='ltr'><strong>opera,</strong></span> <span class='ocrx_word' id='word_1_243' title='bbox 1355 2061 1470 2116; x_wconf 91' lang='lat' dir='ltr'><strong>sive</strong></span> <span class='ocrx_word' id='word_1_244' title='bbox 1503 2060 1572 2116; x_wconf 92' lang='lat' dir='ltr'><strong>ad</strong></span> <span class='ocrx_word' id='word_1_245' title='bbox 1608 2075 1734 2116; x_wconf 91' lang='lat' dir='ltr'><strong>rem</strong></span> <span class='ocrx_word' id='word_1_246' title='bbox 1766 2062 2075 2117; x_wconf 84' lang='lat' dir='ltr'><strong>frumenta-</strong></span> 
     </span>
    </p>
   </div>
   <div class='ocr_carea' id='block_1_36' title="bbox 436 2153 2072 2226">
    <p class='ocr_par' dir='ltr' id='par_1_36' title="bbox 436 2153 2072 2226">
     <span class='ocr_line' id='line_1_36' title="bbox 436 2153 2072 2226; baseline 0.001 -17"><span class='ocrx_word' id='word_1_247' title='bbox 436 2156 606 2224; x_wconf 91' lang='lat' dir='ltr'><strong>riam,</strong></span> <span class='ocrx_word' id='word_1_248' title='bbox 639 2155 752 2209; x_wconf 90' lang='lat' dir='ltr'><strong>sive</strong></span> <span class='ocrx_word' id='word_1_249' title='bbox 780 2155 851 2209; x_wconf 91' lang='lat' dir='ltr'><strong>ad</strong></span> <span class='ocrx_word' id='word_1_250' title='bbox 885 2153 1138 2226; x_wconf 89' lang='lat' dir='ltr'><strong>publicos</strong></span> <span class='ocrx_word' id='word_1_251' title='bbox 1167 2154 1554 2226; x_wconf 59' lang='lat' dir='ltr'><strong>aquaeductus,</strong></span> <span class='ocrx_word' id='word_1_252' title='bbox 1595 2154 1710 2210; x_wconf 86' lang='lat' dir='ltr'><strong>sive</strong></span> <span class='ocrx_word' id='word_1_253' title='bbox 1741 2155 1812 2210; x_wconf 93' lang='lat' dir='ltr'><strong>ad</strong></span> <span class='ocrx_word' id='word_1_254' title='bbox 1842 2155 2072 2211; x_wconf 90' lang='lat' dir='ltr'><strong>balneo-</strong></span> 
     </span>
    </p>
   </div>
   <div class='ocr_carea' id='block_1_37' title="bbox 434 2245 2074 2320">
    <p class='ocr_par' dir='ltr' id='par_1_37' title="bbox 434 2245 2074 2320">
     <span class='ocr_line' id='line_1_37' title="bbox 434 2245 2074 2320; baseline 0.001 -17"><span class='ocrx_word' id='word_1_255' title='bbox 434 2265 567 2304; x_wconf 90' lang='lat' dir='ltr'><strong>rum</strong></span> <span class='ocrx_word' id='word_1_256' title='bbox 593 2247 1036 2314; x_wconf 83' lang='lat' dir='ltr'><strong>calefactionem,</strong></span> <span class='ocrx_word' id='word_1_257' title='bbox 1059 2249 1174 2303; x_wconf 90' lang='lat' dir='ltr'><strong>sive</strong></span> <span class='ocrx_word' id='word_1_258' title='bbox 1199 2245 1271 2303; x_wconf 91' lang='lat' dir='ltr'><strong>ad</strong></span> <span class='ocrx_word' id='word_1_259' title='bbox 1294 2253 1512 2320; x_wconf 87' lang='lat' dir='ltr'><strong>portus,</strong></span> <span class='ocrx_word' id='word_1_260' title='bbox 1536 2248 1649 2303; x_wconf 88' lang='lat' dir='ltr'><strong>sive</strong></span> <span class='ocrx_word' id='word_1_261' title='bbox 1678 2249 1747 2304; x_wconf 90' lang='lat' dir='ltr'><strong>ad</strong></span> <span class='ocrx_word' id='word_1_262' title='bbox 1774 2266 2074 2306; x_wconf 89' lang='lat' dir='ltr'><strong>murorum</strong></span> 
     </span>
    </p>
   </div>
   <div class='ocr_carea' id='block_1_38' title="bbox 435 2341 2073 2416">
    <p class='ocr_par' dir='ltr' id='par_1_38' title="bbox 435 2341 2073 2416">
     <span class='ocr_line' id='line_1_38' title="bbox 435 2341 2073 2416; baseline 0.001 -18"><span class='ocrx_word' id='word_1_263' title='bbox 435 2345 534 2398; x_wconf 88' lang='lat' dir='ltr'><strong>aut</strong></span> <span class='ocrx_word' id='word_1_264' title='bbox 562 2342 807 2399; x_wconf 90' lang='lat' dir='ltr'><strong>turrium</strong></span> <span class='ocrx_word' id='word_1_265' title='bbox 848 2342 1305 2412; x_wconf 85' lang='lat' dir='ltr'><strong>aediﬁcationem,</strong></span> <span class='ocrx_word' id='word_1_266' title='bbox 1342 2343 1455 2398; x_wconf 91' lang='lat' dir='ltr'><strong>sive</strong></span> <span class='ocrx_word' id='word_1_267' title='bbox 1493 2341 1564 2398; x_wconf 89' lang='lat' dir='ltr'><strong>ad</strong></span> <span class='ocrx_word' id='word_1_268' title='bbox 1602 2343 1864 2414; x_wconf 90' lang='lat' dir='ltr'><strong>pontium</strong></span> <span class='ocrx_word' id='word_1_269' title='bbox 1899 2347 2073 2416; x_wconf 90' lang='lat' dir='ltr'><strong>atque</strong></span> 
     </span>
    </p>
   </div>
   <div class='ocr_carea' id='block_1_39' title="bbox 433 2434 2073 2509">
    <p class='ocr_par' dir='ltr' id='par_1_39' title="bbox 433 2434 2073 2509">
     <span class='ocr_line' id='line_1_39' title="bbox 433 2434 2073 2509; baseline 0.001 -19"><span class='ocrx_word' id='word_1_270' title='bbox 433 2437 658 2492; x_wconf 90' lang='lat' dir='ltr'><strong>viarum</strong></span> <span class='ocrx_word' id='word_1_271' title='bbox 682 2435 1075 2506; x_wconf 85' lang='lat' dir='ltr'><strong>refectionem,</strong></span> <span class='ocrx_word' id='word_1_272' title='bbox 1099 2435 1214 2490; x_wconf 90' lang='lat' dir='ltr'><strong>sive</strong></span> <span class='ocrx_word' id='word_1_273' title='bbox 1239 2436 1313 2491; x_wconf 89' lang='lat' dir='ltr'><strong>ad</strong></span> <span class='ocrx_word' id='word_1_274' title='bbox 1337 2434 1586 2508; x_wconf 90' lang='lat' dir='ltr'><strong>publicas</strong></span> <span class='ocrx_word' id='word_1_275' title='bbox 1607 2436 1854 2509; x_wconf 90' lang='lat' dir='ltr'><strong>denique</strong></span> <span class='ocrx_word' id='word_1_276' title='bbox 1875 2455 2073 2493; x_wconf 90' lang='lat' dir='ltr'><strong>causas</strong></span> 
     </span>
    </p>
   </div>
   <div class='ocr_carea' id='block_1_40' title="bbox 435 2529 2072 2603">
    <p class='ocr_par' dir='ltr' id='par_1_40' title="bbox 435 2529 2072 2603">
     <span class='ocr_line' id='line_1_40' title="bbox 435 2529 2072 2603; baseline 0 -17"><span class='ocrx_word' id='word_1_277' title='bbox 435 2530 800 2603; x_wconf 90' lang='lat' dir='ltr'><strong>pertineant),</strong></span> <span class='ocrx_word' id='word_1_278' title='bbox 828 2534 946 2585; x_wconf 90' lang='lat' dir='ltr'><strong>tam</strong></span> <span class='ocrx_word' id='word_1_279' title='bbox 973 2545 1038 2585; x_wconf 84' lang='lat' dir='ltr'><strong>ex</strong></span> <span class='ocrx_word' id='word_1_280' title='bbox 1056 2529 1299 2602; x_wconf 88' lang='lat' dir='ltr'><strong>publicis</strong></span> <span class='ocrx_word' id='word_1_281' title='bbox 1319 2545 1494 2602; x_wconf 88' lang='lat' dir='ltr'><strong>quam</strong></span> <span class='ocrx_word' id='word_1_282' title='bbox 1519 2547 1586 2586; x_wconf 82' lang='lat' dir='ltr'><strong>ex</strong></span> <span class='ocrx_word' id='word_1_283' title='bbox 1604 2529 1859 2602; x_wconf 87' lang='lat' dir='ltr'><strong>privatis,</strong></span> <span class='ocrx_word' id='word_1_284' title='bbox 1877 2536 1942 2587; x_wconf 93' lang='lat' dir='ltr'><strong>ut</strong></span> <span class='ocrx_word' id='word_1_285' title='bbox 1961 2529 2072 2586; x_wconf 84' lang='lat' dir='ltr'><strong>dic-</strong></span> 
     </span>
    </p>
   </div>
   <div class='ocr_carea' id='block_1_41' title="bbox 433 2623 2068 2693">
    <p class='ocr_par' dir='ltr' id='par_1_41' title="bbox 433 2623 2068 2693">
     <span class='ocr_line' id='line_1_41' title="bbox 433 2623 2068 2693; baseline 0.001 -14"><span class='ocrx_word' id='word_1_286' title='bbox 433 2629 560 2679; x_wconf 89' lang='lat' dir='ltr'><strong>tum</strong></span> <span class='ocrx_word' id='word_1_287' title='bbox 585 2627 688 2693; x_wconf 89' lang='lat' dir='ltr'><strong>est,</strong></span> <span class='ocrx_word' id='word_1_288' title='bbox 711 2623 912 2693; x_wconf 89' lang='lat' dir='ltr'><strong>causis,</strong></span> <span class='ocrx_word' id='word_1_289' title='bbox 932 2623 1219 2679; x_wconf 89' lang='lat' dir='ltr'><strong>sancimus</strong></span> <span class='ocrx_word' id='word_1_290' title='bbox 1245 2623 1393 2679; x_wconf 90' lang='lat' dir='ltr'><strong>utin</strong></span> <span class='ocrx_word' id='word_1_291' title='bbox 1412 2640 1592 2679; x_wconf 90' lang='lat' dir='ltr'><strong>unum</strong></span> <span class='ocrx_word' id='word_1_292' title='bbox 1615 2623 1953 2680; x_wconf 88' lang='lat' dir='ltr'><strong>conveniant</strong></span> <span class='ocrx_word' id='word_1_293' title='bbox 1977 2642 2068 2681; x_wconf 90' lang='lat' dir='ltr'><strong>re-</strong></span> 
     </span>
    </p>
   </div>
   <div class='ocr_carea' id='block_1_42' title="bbox 431 2716 2067 2790">
    <p class='ocr_par' dir='ltr' id='par_1_42' title="bbox 431 2716 2067 2790">
     <span class='ocr_line' id='line_1_42' title="bbox 431 2716 2067 2790; baseline 0.001 -17"><span class='ocrx_word' id='word_1_294' title='bbox 431 2716 826 2790; x_wconf 89' lang='lat' dir='ltr'><strong>ligiosissimus</strong></span> <span class='ocrx_word' id='word_1_295' title='bbox 853 2718 1173 2790; x_wconf 91' lang='lat' dir='ltr'><strong>episcopus,</strong></span> <span class='ocrx_word' id='word_1_296' title='bbox 1193 2734 1257 2772; x_wconf 90' lang='lat' dir='ltr'><strong>ac</strong></span> <span class='ocrx_word' id='word_1_297' title='bbox 1281 2723 1396 2773; x_wconf 89' lang='lat' dir='ltr'><strong>tres</strong></span> <span class='ocrx_word' id='word_1_298' title='bbox 1416 2718 1584 2773; x_wconf 80' lang='lat' dir='ltr'><strong>bonae</strong></span> <span class='ocrx_word' id='word_1_299' title='bbox 1611 2718 2067 2786; x_wconf 78' lang='lat' dir='ltr'><strong>existimationis,</strong></span> 
     </span>
    </p>
   </div>
   <div class='ocr_carea' id='block_1_43' title="bbox 435 2809 2070 2883">
    <p class='ocr_par' dir='ltr' id='par_1_43' title="bbox 435 2809 2070 2883">
     <span class='ocr_line' id='line_1_43' title="bbox 435 2809 2070 2883; baseline 0 -16"><span class='ocrx_word' id='word_1_300' title='bbox 435 2814 491 2867; x_wconf 90' lang='lat' dir='ltr'><strong>et</strong></span> <span class='ocrx_word' id='word_1_301' title='bbox 533 2810 631 2883; x_wconf 90' lang='lat' dir='ltr'><strong>qui</strong></span> <span class='ocrx_word' id='word_1_302' title='bbox 668 2809 888 2866; x_wconf 66' lang='lat' dir='ltr'><strong>caeteris</strong></span> <span class='ocrx_word' id='word_1_303' title='bbox 929 2815 1201 2882; x_wconf 81' lang='lat' dir='ltr'><strong>praestant</strong></span> <span class='ocrx_word' id='word_1_304' title='bbox 1242 2812 1302 2866; x_wconf 93' lang='lat' dir='ltr'><strong>in</strong></span> <span class='ocrx_word' id='word_1_305' title='bbox 1344 2827 1410 2866; x_wconf 90' lang='lat' dir='ltr'><strong>ea</strong></span> <span class='ocrx_word' id='word_1_306' title='bbox 1444 2810 1684 2882; x_wconf 88' lang='lat' dir='ltr'><strong>civitate,</strong></span> <span class='ocrx_word' id='word_1_307' title='bbox 1725 2829 1789 2868; x_wconf 89' lang='lat' dir='ltr'><strong>ac</strong></span> <span class='ocrx_word' id='word_1_308' title='bbox 1832 2812 2070 2883; x_wconf 86' lang='lat' dir='ltr'><strong>singulis</strong></span> 
     </span>
    </p>
   </div>
   <div class='ocr_carea' id='block_1_44' title="bbox 433 2904 2071 2976">
    <p class='ocr_par' dir='ltr' id='par_1_44' title="bbox 433 2904 2071 2976">
     <span class='ocr_line' id='line_1_44' title="bbox 433 2904 2071 2976; baseline 0 -16"><span class='ocrx_word' id='word_1_309' title='bbox 433 2904 597 2960; x_wconf 90' lang='lat' dir='ltr'><strong>annis</strong></span> <span class='ocrx_word' id='word_1_310' title='bbox 627 2904 930 2976; x_wconf 87' lang='lat' dir='ltr'><strong>inspiciant</strong></span> <span class='ocrx_word' id='word_1_311' title='bbox 959 2920 1129 2975; x_wconf 89' lang='lat' dir='ltr'><strong>opera</strong></span> <span class='ocrx_word' id='word_1_312' title='bbox 1152 2904 1328 2975; x_wconf 82' lang='lat' dir='ltr'><strong>facta;</strong></span> <span class='ocrx_word' id='word_1_313' title='bbox 1354 2907 1411 2960; x_wconf 89' lang='lat' dir='ltr'><strong>et</strong></span> <span class='ocrx_word' id='word_1_314' title='bbox 1439 2909 1637 2960; x_wconf 88' lang='lat' dir='ltr'><strong>curent</strong></span> <span class='ocrx_word' id='word_1_315' title='bbox 1661 2911 1725 2961; x_wconf 89' lang='lat' dir='ltr'><strong>ut</strong></span> <span class='ocrx_word' id='word_1_316' title='bbox 1751 2909 1809 2960; x_wconf 91' lang='lat' dir='ltr'><strong>et</strong></span> <span class='ocrx_word' id='word_1_317' title='bbox 1832 2905 2071 2961; x_wconf 89' lang='lat' dir='ltr'><strong>metian-</strong></span> 
     </span>
    </p>
   </div>
   <div class='ocr_carea' id='block_1_45' title="bbox 434 2997 2072 3070">
    <p class='ocr_par' dir='ltr' id='par_1_45' title="bbox 434 2997 2072 3070">
     <span class='ocr_line' id='line_1_45' title="bbox 434 2997 2072 3070; baseline 0.001 -17"><span class='ocrx_word' id='word_1_318' title='bbox 434 3001 547 3067; x_wconf 89' lang='lat' dir='ltr'><strong>tur,</strong></span> <span class='ocrx_word' id='word_1_319' title='bbox 583 3001 641 3053; x_wconf 91' lang='lat' dir='ltr'><strong>et</strong></span> <span class='ocrx_word' id='word_1_320' title='bbox 679 2998 960 3053; x_wconf 89' lang='lat' dir='ltr'><strong>rationem</strong></span> <span class='ocrx_word' id='word_1_321' title='bbox 990 2997 1290 3054; x_wconf 85' lang='lat' dir='ltr'><strong>conﬁciant</strong></span> <span class='ocrx_word' id='word_1_322' title='bbox 1317 2999 1415 3070; x_wconf 89' lang='lat' dir='ltr'><strong>qui</strong></span> <span class='ocrx_word' id='word_1_323' title='bbox 1443 3015 1512 3054; x_wconf 91' lang='lat' dir='ltr'><strong>ea</strong></span> <span class='ocrx_word' id='word_1_324' title='bbox 1548 2998 1946 3054; x_wconf 88' lang='lat' dir='ltr'><strong>administrant</strong></span> <span class='ocrx_word' id='word_1_325' title='bbox 1973 3003 2072 3054; x_wconf 91' lang='lat' dir='ltr'><strong>aut</strong></span> 
     </span>
    </p>
   </div>
   <div class='ocr_carea' id='block_1_46' title="bbox 434 3091 2069 3165">
    <p class='ocr_par' dir='ltr' id='par_1_46' title="bbox 434 3091 2069 3165">
     <span class='ocr_line' id='line_1_46' title="bbox 434 3091 2069 3165; baseline 0.001 -18"><span class='ocrx_word' id='word_1_326' title='bbox 434 3092 533 3164; x_wconf 92' lang='lat' dir='ltr'><strong>qui</strong></span> <span class='ocrx_word' id='word_1_327' title='bbox 553 3091 1115 3161; x_wconf 87' lang='lat' dir='ltr'><strong>administraverunt,</strong></span> <span class='ocrx_word' id='word_1_328' title='bbox 1133 3095 1191 3146; x_wconf 91' lang='lat' dir='ltr'><strong>et</strong></span> <span class='ocrx_word' id='word_1_329' title='bbox 1210 3092 1270 3146; x_wconf 91' lang='lat' dir='ltr'><strong>in</strong></span> <span class='ocrx_word' id='word_1_330' title='bbox 1287 3096 1793 3147; x_wconf 88' lang='lat' dir='ltr'><strong>monumentorum</strong></span> <span class='ocrx_word' id='word_1_331' title='bbox 1814 3093 2069 3165; x_wconf 88' lang='lat' dir='ltr'><strong>gestione</strong></span> 
     </span>
    </p>
   </div>
   <div class='ocr_carea' id='block_1_47' title="bbox 435 3185 2065 3257">
    <p class='ocr_par' dir='ltr' id='par_1_47' title="bbox 435 3185 2065 3257">
     <span class='ocr_line' id='line_1_47' title="bbox 435 3185 2065 3257; baseline 0.001 -17"><span class='ocrx_word' id='word_1_332' title='bbox 435 3186 732 3241; x_wconf 88' lang='lat' dir='ltr'><strong>ostendant</strong></span> <span class='ocrx_word' id='word_1_333' title='bbox 767 3185 1164 3256; x_wconf 89' lang='lat' dir='ltr'><strong>impletionem</strong></span> <span class='ocrx_word' id='word_1_334' title='bbox 1201 3202 1460 3257; x_wconf 89' lang='lat' dir='ltr'><strong>operum,</strong></span> <span class='ocrx_word' id='word_1_335' title='bbox 1491 3189 1589 3240; x_wconf 89' lang='lat' dir='ltr'><strong>aut</strong></span> <span class='ocrx_word' id='word_1_336' title='bbox 1621 3186 2065 3243; x_wconf 84' lang='lat' dir='ltr'><strong>administratio-</strong></span> 
     </span>
    </p>
   </div>
   <div class='ocr_carea' id='block_1_48' title="bbox 435 3277 2072 3350">
    <p class='ocr_par' dir='ltr' id='par_1_48' title="bbox 435 3277 2072 3350">
     <span class='ocr_line' id='line_1_48' title="bbox 435 3277 2072 3350; baseline 0.001 -16"><span class='ocrx_word' id='word_1_337' title='bbox 435 3295 569 3334; x_wconf 90' lang='lat' dir='ltr'><strong>nem</strong></span> <span class='ocrx_word' id='word_1_338' title='bbox 587 3277 976 3345; x_wconf 89' lang='lat' dir='ltr'><strong>sitonicarum,</strong></span> <span class='ocrx_word' id='word_1_339' title='bbox 1006 3281 1062 3332; x_wconf 90' lang='lat' dir='ltr'><strong>et</strong></span> <span class='ocrx_word' id='word_1_340' title='bbox 1089 3277 1512 3333; x_wconf 90' lang='lat' dir='ltr'><strong>balneariarum</strong></span> <span class='ocrx_word' id='word_1_341' title='bbox 1540 3280 1931 3350; x_wconf 88' lang='lat' dir='ltr'><strong>pecuniarum,</strong></span> <span class='ocrx_word' id='word_1_342' title='bbox 1958 3282 2072 3336; x_wconf 88' lang='lat' dir='ltr'><strong>sive</strong></span> 
     </span>
    </p>
   </div>
   <div class='ocr_carea' id='block_1_49' title="bbox 439 3373 2072 3446">
    <p class='ocr_par' dir='ltr' id='par_1_49' title="bbox 439 3373 2072 3446">
     <span class='ocr_line' id='line_1_49' title="bbox 439 3373 2072 3446; baseline 0.002 -17"><span class='ocrx_word' id='word_1_343' title='bbox 439 3391 566 3446; x_wconf 83' lang='lat' dir='ltr'><strong>quae</strong></span> <span class='ocrx_word' id='word_1_344' title='bbox 599 3375 659 3428; x_wconf 91' lang='lat' dir='ltr'><strong>in</strong></span> <span class='ocrx_word' id='word_1_345' title='bbox 697 3373 799 3427; x_wconf 91' lang='lat' dir='ltr'><strong>viis</strong></span> <span class='ocrx_word' id='word_1_346' title='bbox 837 3373 1184 3442; x_wconf 89' lang='lat' dir='ltr'><strong>muniendis,</strong></span> <span class='ocrx_word' id='word_1_347' title='bbox 1216 3378 1313 3428; x_wconf 88' lang='lat' dir='ltr'><strong>aut</strong></span> <span class='ocrx_word' id='word_1_348' title='bbox 1339 3374 1788 3446; x_wconf 84' lang='lat' dir='ltr'><strong>aquaeductibus,</strong></span> <span class='ocrx_word' id='word_1_349' title='bbox 1821 3379 1920 3431; x_wconf 91' lang='lat' dir='ltr'><strong>aut</strong></span> <span class='ocrx_word' id='word_1_350' title='bbox 1949 3377 2072 3432; x_wconf 91' lang='lat' dir='ltr'><strong>aliis</strong></span> 
     </span>
    </p>
   </div>
   <div class='ocr_carea' id='block_1_50' title="bbox 436 3468 2072 3541">
    <p class='ocr_par' dir='ltr' id='par_1_50' title="bbox 436 3468 2072 3541">
     <span class='ocr_line' id='line_1_50' title="bbox 436 3468 2072 3541; baseline 0.001 -17"><span class='ocrx_word' id='word_1_351' title='bbox 436 3469 606 3524; x_wconf 91' lang='lat' dir='ltr'><strong>rebus</strong></span> <span class='ocrx_word' id='word_1_352' title='bbox 640 3470 1075 3524; x_wconf 90' lang='lat' dir='ltr'><strong>consumuntur.</strong></span> <span class='ocrx_word' id='word_1_353' title='bbox 1105 3469 1240 3532; x_wconf 74' lang='lat' dir='ltr'><strong>Quae</strong></span> <span class='ocrx_word' id='word_1_354' title='bbox 1275 3468 1465 3522; x_wconf 90' lang='lat' dir='ltr'><strong>omnia</strong></span> <span class='ocrx_word' id='word_1_355' title='bbox 1502 3485 1797 3541; x_wconf 85' lang='lat' dir='ltr'><strong>nunquam</strong></span> <span class='ocrx_word' id='word_1_356' title='bbox 1840 3471 2072 3526; x_wconf 89' lang='lat' dir='ltr'><strong>omnino</strong></span> 
     </span>
    </p>
   </div>
   <div class='ocr_carea' id='block_1_51' title="bbox 440 3562 2075 3637">
    <p class='ocr_par' dir='ltr' id='par_1_51' title="bbox 440 3562 2075 3637">
     <span class='ocr_line' id='line_1_51' title="bbox 440 3562 2075 3637; baseline 0.001 -19"><span class='ocrx_word' id='word_1_357' title='bbox 440 3563 625 3618; x_wconf 89' lang='lat' dir='ltr'><strong>minui</strong></span> <span class='ocrx_word' id='word_1_358' title='bbox 647 3562 930 3618; x_wconf 90' lang='lat' dir='ltr'><strong>volumus.</strong></span> <span class='ocrx_word' id='word_1_359' title='bbox 949 3565 1010 3617; x_wconf 90' lang='lat' dir='ltr'><strong>In</strong></span> <span class='ocrx_word' id='word_1_360' title='bbox 1031 3566 1534 3617; x_wconf 86' lang='lat' dir='ltr'><strong>monumentorum</strong></span> <span class='ocrx_word' id='word_1_361' title='bbox 1553 3579 1685 3618; x_wconf 87' lang='lat' dir='ltr'><strong>vero</strong></span> <span class='ocrx_word' id='word_1_362' title='bbox 1705 3564 1959 3636; x_wconf 89' lang='lat' dir='ltr'><strong>gestione</strong></span> <span class='ocrx_word' id='word_1_363' title='bbox 1980 3583 2075 3637; x_wconf 89' lang='lat' dir='ltr'><strong>ap-</strong></span> 
     </span>
    </p>
   </div>
   <div class='ocr_carea' id='block_1_52' title="bbox 435 3655 2075 3730">
    <p class='ocr_par' dir='ltr' id='par_1_52' title="bbox 435 3655 2075 3730">
     <span class='ocr_line' id='line_1_52' title="bbox 435 3655 2075 3730; baseline 0.001 -18"><span class='ocrx_word' id='word_1_364' title='bbox 435 3661 651 3730; x_wconf 89' lang='lat' dir='ltr'><strong>pareat,</strong></span> <span class='ocrx_word' id='word_1_365' title='bbox 683 3657 827 3712; x_wconf 86' lang='lat' dir='ltr'><strong>sitne</strong></span> <span class='ocrx_word' id='word_1_366' title='bbox 852 3655 1072 3712; x_wconf 90' lang='lat' dir='ltr'><strong>solutus</strong></span> <span class='ocrx_word' id='word_1_367' title='bbox 1096 3673 1170 3711; x_wconf 91' lang='lat' dir='ltr'><strong>an</strong></span> <span class='ocrx_word' id='word_1_368' title='bbox 1196 3655 1477 3728; x_wconf 90' lang='lat' dir='ltr'><strong>obligatus</strong></span> <span class='ocrx_word' id='word_1_369' title='bbox 1503 3657 1601 3728; x_wconf 89' lang='lat' dir='ltr'><strong>qui</strong></span> <span class='ocrx_word' id='word_1_370' title='bbox 1627 3674 1694 3712; x_wconf 91' lang='lat' dir='ltr'><strong>ea</strong></span> <span class='ocrx_word' id='word_1_371' title='bbox 1723 3658 2075 3713; x_wconf 88' lang='lat' dir='ltr'><strong>administra-</strong></span> 
     </span>
    </p>
   </div>
   <div class='ocr_carea' id='block_1_53' title="bbox 437 3745 2072 3818">
    <p class='ocr_par' dir='ltr' id='par_1_53' title="bbox 437 3745 2072 3818">
     <span class='ocr_line' id='line_1_53' title="bbox 437 3745 2072 3818; baseline 0.001 -16"><span class='ocrx_word' id='word_1_372' title='bbox 437 3747 535 3816; x_wconf 92' lang='lat' dir='ltr'><strong>vit,</strong></span> <span class='ocrx_word' id='word_1_373' title='bbox 557 3751 613 3802; x_wconf 91' lang='lat' dir='ltr'><strong>et</strong></span> <span class='ocrx_word' id='word_1_374' title='bbox 637 3764 708 3801; x_wconf 91' lang='lat' dir='ltr'><strong>an</strong></span> <span class='ocrx_word' id='word_1_375' title='bbox 739 3747 889 3818; x_wconf 90' lang='lat' dir='ltr'><strong>quod</strong></span> <span class='ocrx_word' id='word_1_376' title='bbox 917 3745 1114 3801; x_wconf 90' lang='lat' dir='ltr'><strong>debuit</strong></span> <span class='ocrx_word' id='word_1_377' title='bbox 1142 3745 1388 3811; x_wconf 88' lang='lat' dir='ltr'><strong>solverit,</strong></span> <span class='ocrx_word' id='word_1_378' title='bbox 1419 3750 1589 3817; x_wconf 88' lang='lat' dir='ltr'><strong>atque</strong></span> <span class='ocrx_word' id='word_1_379' title='bbox 1616 3747 1691 3802; x_wconf 87' lang='lat' dir='ltr'><strong>ita</strong></span> <span class='ocrx_word' id='word_1_380' title='bbox 1713 3748 1819 3803; x_wconf 91' lang='lat' dir='ltr'><strong>erit</strong></span> <span class='ocrx_word' id='word_1_381' title='bbox 1844 3753 2072 3803; x_wconf 88' lang='lat' dir='ltr'><strong>cautum</strong></span> 
     </span>
    </p>
   </div>
   <div class='ocr_carea' id='block_1_54' title="bbox 439 3837 2074 3912">
    <p class='ocr_par' dir='ltr' id='par_1_54' title="bbox 439 3837 2074 3912">
     <span class='ocr_line' id='line_1_54' title="bbox 439 3837 2074 3912; baseline 0 -17"><span class='ocrx_word' id='word_1_382' title='bbox 439 3840 491 3895; x_wconf 91' lang='lat' dir='ltr'><strong>ei</strong></span> <span class='ocrx_word' id='word_1_383' title='bbox 521 3841 620 3912; x_wconf 91' lang='lat' dir='ltr'><strong>qui</strong></span> <span class='ocrx_word' id='word_1_384' title='bbox 646 3856 774 3895; x_wconf 91' lang='lat' dir='ltr'><strong>eam</strong></span> <span class='ocrx_word' id='word_1_385' title='bbox 801 3855 998 3894; x_wconf 91' lang='lat' dir='ltr'><strong>curam</strong></span> <span class='ocrx_word' id='word_1_386' title='bbox 1023 3837 1284 3909; x_wconf 90' lang='lat' dir='ltr'><strong>suscepit.</strong></span> <span class='ocrx_word' id='word_1_387' title='bbox 1313 3838 1597 3895; x_wconf 86' lang='lat' dir='ltr'><strong>Mittemus</strong></span> <span class='ocrx_word' id='word_1_388' title='bbox 1619 3841 1773 3896; x_wconf 90' lang='lat' dir='ltr'><strong>enim</strong></span> <span class='ocrx_word' id='word_1_389' title='bbox 1797 3857 1920 3910; x_wconf 92' lang='lat' dir='ltr'><strong>nos,</strong></span> <span class='ocrx_word' id='word_1_390' title='bbox 1943 3857 2074 3896; x_wconf 91' lang='lat' dir='ltr'><strong>cum</strong></span> 
     </span>
    </p>
   </div>
   <div class='ocr_carea' id='block_1_55' title="bbox 435 3931 2071 4006">
    <p class='ocr_par' dir='ltr' id='par_1_55' title="bbox 435 3931 2071 4006">
     <span class='ocr_line' id='line_1_55' title="bbox 435 3931 2071 4006; baseline -0.001 -17"><span class='ocrx_word' id='word_1_391' title='bbox 435 3933 735 4005; x_wconf 90' lang='lat' dir='ltr'><strong>placuerit,</strong></span> <span class='ocrx_word' id='word_1_392' title='bbox 769 3949 945 4005; x_wconf 90' lang='lat' dir='ltr'><strong>quem</strong></span> <span class='ocrx_word' id='word_1_393' title='bbox 972 3931 1339 3987; x_wconf 91' lang='lat' dir='ltr'><strong>commodum</strong></span> <span class='ocrx_word' id='word_1_394' title='bbox 1363 3933 1488 4001; x_wconf 89' lang='lat' dir='ltr'><strong>erit,</strong></span> <span class='ocrx_word' id='word_1_395' title='bbox 1524 3937 1586 3988; x_wconf 90' lang='lat' dir='ltr'><strong>ut</strong></span> <span class='ocrx_word' id='word_1_396' title='bbox 1612 3933 1873 4006; x_wconf 88' lang='lat' dir='ltr'><strong>inspiciat</strong></span> <span class='ocrx_word' id='word_1_397' title='bbox 1901 3933 2071 3989; x_wconf 92' lang='lat' dir='ltr'><strong>ratio-</strong></span> 
     </span>
    </p>
   </div>
   <div class='ocr_carea' id='block_1_56' title="bbox 437 4027 2070 4100">
    <p class='ocr_par' dir='ltr' id='par_1_56' title="bbox 437 4027 2070 4100">
     <span class='ocr_line' id='line_1_56' title="bbox 437 4027 2070 4100; baseline 0 -18"><span class='ocrx_word' id='word_1_398' title='bbox 437 4044 540 4082; x_wconf 89' lang='lat' dir='ltr'><strong>nes</strong></span> <span class='ocrx_word' id='word_1_399' title='bbox 565 4028 635 4082; x_wconf 89' lang='lat' dir='ltr'><strong>ab</strong></span> <span class='ocrx_word' id='word_1_400' title='bbox 667 4027 747 4081; x_wconf 91' lang='lat' dir='ltr'><strong>eis</strong></span> <span class='ocrx_word' id='word_1_401' title='bbox 775 4027 978 4096; x_wconf 87' lang='lat' dir='ltr'><strong>factas;</strong></span> <span class='ocrx_word' id='word_1_402' title='bbox 1009 4029 1067 4080; x_wconf 90' lang='lat' dir='ltr'><strong>et</strong></span> <span class='ocrx_word' id='word_1_403' title='bbox 1091 4042 1220 4081; x_wconf 90' lang='lat' dir='ltr'><strong>cum</strong></span> <span class='ocrx_word' id='word_1_404' title='bbox 1247 4029 1395 4082; x_wconf 87' lang='lat' dir='ltr'><strong>recte</strong></span> <span class='ocrx_word' id='word_1_405' title='bbox 1432 4028 1603 4082; x_wconf 88' lang='lat' dir='ltr'><strong>factas</strong></span> <span class='ocrx_word' id='word_1_406' title='bbox 1635 4044 1753 4083; x_wconf 89' lang='lat' dir='ltr'><strong>esse</strong></span> <span class='ocrx_word' id='word_1_407' title='bbox 1780 4029 2070 4100; x_wconf 90' lang='lat' dir='ltr'><strong>repererit,</strong></span> 
     </span>
    </p>
   </div>
   <div class='ocr_carea' id='block_1_57' title="bbox 439 4119 2071 4193">
    <p class='ocr_par' dir='ltr' id='par_1_57' title="bbox 439 4119 2071 4193">
     <span class='ocr_line' id='line_1_57' title="bbox 439 4119 2071 4193; baseline 0 -17"><span class='ocrx_word' id='word_1_408' title='bbox 439 4120 721 4176; x_wconf 88' lang='lat' dir='ltr'><strong>calculum</strong></span> <span class='ocrx_word' id='word_1_409' title='bbox 755 4119 900 4176; x_wconf 91' lang='lat' dir='ltr'><strong>feret</strong></span> <span class='ocrx_word' id='word_1_410' title='bbox 933 4135 1046 4192; x_wconf 90' lang='lat' dir='ltr'><strong>quo</strong></span> <span class='ocrx_word' id='word_1_411' title='bbox 1075 4120 1211 4191; x_wconf 90' lang='lat' dir='ltr'><strong>ipsis</strong></span> <span class='ocrx_word' id='word_1_412' title='bbox 1247 4121 1686 4193; x_wconf 70' lang='lat' dir='ltr'><strong>hazredibusque</strong></span> <span class='ocrx_word' id='word_1_413' title='bbox 1711 4127 1765 4178; x_wconf 87' lang='lat' dir='ltr'><strong>et</strong></span> <span class='ocrx_word' id='word_1_414' title='bbox 1791 4138 2071 4177; x_wconf 89' lang='lat' dir='ltr'><strong>successo-</strong></span> 
     </span>
    </p>
   </div>
   <div class='ocr_carea' id='block_1_58' title="bbox 440 4213 2072 4285">
    <p class='ocr_par' dir='ltr' id='par_1_58' title="bbox 440 4213 2072 4285">
     <span class='ocr_line' id='line_1_58' title="bbox 440 4213 2072 4285; baseline 0.001 -16"><span class='ocrx_word' id='word_1_415' title='bbox 440 4214 597 4270; x_wconf 86' lang='lat' dir='ltr'><strong>ribus</strong></span> <span class='ocrx_word' id='word_1_416' title='bbox 624 4213 966 4282; x_wconf 89' lang='lat' dir='ltr'><strong>consuletur,</strong></span> <span class='ocrx_word' id='word_1_417' title='bbox 1002 4230 1186 4285; x_wconf 90' lang='lat' dir='ltr'><strong>neque</strong></span> <span class='ocrx_word' id='word_1_418' title='bbox 1213 4215 1458 4270; x_wconf 88' lang='lat' dir='ltr'><strong>aliarum</strong></span> <span class='ocrx_word' id='word_1_419' title='bbox 1486 4216 1770 4271; x_wconf 89' lang='lat' dir='ltr'><strong>rationum</strong></span> <span class='ocrx_word' id='word_1_420' title='bbox 1805 4220 1904 4271; x_wconf 92' lang='lat' dir='ltr'><strong>aut</strong></span> <span class='ocrx_word' id='word_1_421' title='bbox 1937 4232 2072 4270; x_wconf 90' lang='lat' dir='ltr'><strong>con-</strong></span> 
     </span>
    </p>
   </div>
   <div class='ocr_carea' id='block_1_59' title="bbox 441 4307 2076 4382">
    <p class='ocr_par' dir='ltr' id='par_1_59' title="bbox 441 4307 2076 4382">
     <span class='ocr_line' id='line_1_59' title="bbox 441 4307 2076 4382; baseline 0.001 -20"><span class='ocrx_word' id='word_1_422' title='bbox 441 4307 842 4364; x_wconf 90' lang='lat' dir='ltr'><strong>troversiarum</strong></span> <span class='ocrx_word' id='word_1_423' title='bbox 876 4307 1092 4363; x_wconf 90' lang='lat' dir='ltr'><strong>occasio</strong></span> <span class='ocrx_word' id='word_1_424' title='bbox 1126 4309 1500 4380; x_wconf 89' lang='lat' dir='ltr'><strong>relinquetur.</strong></span> <span class='ocrx_word' id='word_1_425' title='bbox 1529 4309 1731 4364; x_wconf 90' lang='lat' dir='ltr'><strong>Omnia</strong></span> <span class='ocrx_word' id='word_1_426' title='bbox 1764 4326 1919 4379; x_wconf 91' lang='lat' dir='ltr'><strong>vero,</strong></span> <span class='ocrx_word' id='word_1_427' title='bbox 1949 4326 2076 4382; x_wconf 83' lang='lat' dir='ltr'><strong>pro-</strong></span> 
     </span>
    </p>
   </div>
   <div class='ocr_carea' id='block_1_60' title="bbox 440 4401 2077 4474">
    <p class='ocr_par' dir='ltr' id='par_1_60' title="bbox 440 4401 2077 4474">
     <span class='ocr_line' id='line_1_60' title="bbox 440 4401 2077 4474; baseline 0.001 -16"><span class='ocrx_word' id='word_1_428' title='bbox 440 4401 635 4474; x_wconf 89' lang='lat' dir='ltr'><strong>positis</strong></span> <span class='ocrx_word' id='word_1_429' title='bbox 674 4401 877 4457; x_wconf 89' lang='lat' dir='ltr'><strong>sanctis</strong></span> <span class='ocrx_word' id='word_1_430' title='bbox 915 4401 1250 4474; x_wconf 89' lang='lat' dir='ltr'><strong>Evangeliis,</strong></span> <span class='ocrx_word' id='word_1_431' title='bbox 1289 4402 1596 4474; x_wconf 89' lang='lat' dir='ltr'><strong>diligenter</strong></span> <span class='ocrx_word' id='word_1_432' title='bbox 1626 4403 1784 4473; x_wconf 81' lang='lat' dir='ltr'><strong>fiant,</strong></span> <span class='ocrx_word' id='word_1_433' title='bbox 1826 4420 1958 4458; x_wconf 91' lang='lat' dir='ltr'><strong>nam</strong></span> <span class='ocrx_word' id='word_1_434' title='bbox 1995 4404 2077 4459; x_wconf 86' lang='lat' dir='ltr'><strong>in-</strong></span> 
     </span>
    </p>
   </div>
   <div class='ocr_carea' id='block_1_61' title="bbox 441 4494 2079 4569">
    <p class='ocr_par' dir='ltr' id='par_1_61' title="bbox 441 4494 2079 4569">
     <span class='ocr_line' id='line_1_61' title="bbox 441 4494 2079 4569; baseline 0.001 -18"><span class='ocrx_word' id='word_1_435' title='bbox 441 4495 806 4568; x_wconf 90' lang='lat' dir='ltr'><strong>quisitionem</strong></span> <span class='ocrx_word' id='word_1_436' title='bbox 834 4512 939 4550; x_wconf 91' lang='lat' dir='ltr'><strong>nos</strong></span> <span class='ocrx_word' id='word_1_437' title='bbox 968 4512 1100 4550; x_wconf 90' lang='lat' dir='ltr'><strong>cum</strong></span> <span class='ocrx_word' id='word_1_438' title='bbox 1126 4494 1357 4550; x_wconf 91' lang='lat' dir='ltr'><strong>libuerit</strong></span> <span class='ocrx_word' id='word_1_439' title='bbox 1383 4494 1506 4550; x_wconf 85' lang='lat' dir='ltr'><strong>ﬁeri</strong></span> <span class='ocrx_word' id='word_1_440' title='bbox 1523 4495 1872 4566; x_wconf 88' lang='lat' dir='ltr'><strong>jubebimus.</strong></span> <span class='ocrx_word' id='word_1_441' title='bbox 1903 4497 2079 4569; x_wconf 91' lang='lat' dir='ltr'><strong>Opor-</strong></span> 
     </span>
    </p>
   </div>
   <div class='ocr_carea' id='block_1_62' title="bbox 2175 1967 3816 2038">
    <p class='ocr_par' dir='ltr' id='par_1_62' title="bbox 2175 1967 3816 2038">
     <span class='ocr_line' id='line_1_62' title="bbox 2175 1967 3816 2038; baseline 0.002 -17"><span class='ocrx_word' id='word_1_442' title='bbox 2175 1982 2245 2021; x_wconf 92' lang='lat' dir='ltr'><strong>ea</strong></span> <span class='ocrx_word' id='word_1_443' title='bbox 2273 1967 2342 2022; x_wconf 91' lang='lat' dir='ltr'><strong>de</strong></span> <span class='ocrx_word' id='word_1_444' title='bbox 2379 1983 2548 2021; x_wconf 91' lang='lat' dir='ltr'><strong>causa</strong></span> <span class='ocrx_word' id='word_1_445' title='bbox 2575 1972 2860 2038; x_wconf 55' lang='lat' dir='ltr'><strong>prastare.</strong></span> <span class='ocrx_word' id='word_1_446' title='bbox 2896 1968 2949 2024; x_wconf 89' lang='lat' dir='ltr'><strong>Si</strong></span> <span class='ocrx_word' id='word_1_447' title='bbox 2978 1984 3110 2024; x_wconf 91' lang='lat' dir='ltr'><strong>vero</strong></span> <span class='ocrx_word' id='word_1_448' title='bbox 3143 1968 3202 2022; x_wconf 91' lang='lat' dir='ltr'><strong>in</strong></span> <span class='ocrx_word' id='word_1_449' title='bbox 3241 1985 3307 2024; x_wconf 91' lang='lat' dir='ltr'><strong>ea</strong></span> <span class='ocrx_word' id='word_1_450' title='bbox 3337 1985 3397 2024; x_wconf 91' lang='lat' dir='ltr'><strong>re</strong></span> <span class='ocrx_word' id='word_1_451' title='bbox 3433 1970 3816 2024; x_wconf 86' lang='lat' dir='ltr'><strong>sanctissimus</strong></span> 
     </span>
    </p>
   </div>
   <div class='ocr_carea' id='block_1_63' title="bbox 2175 2060 3814 2132">
    <p class='ocr_par' dir='ltr' id='par_1_63' title="bbox 2175 2060 3814 2132">
     <span class='ocr_line' id='line_1_63' title="bbox 2175 2060 3814 2132; baseline 0.002 -18"><span class='ocrx_word' id='word_1_452' title='bbox 2175 2060 2470 2132; x_wconf 90' lang='lat' dir='ltr'><strong>episcopus</strong></span> <span class='ocrx_word' id='word_1_453' title='bbox 2521 2061 2825 2132; x_wconf 85' lang='lat' dir='ltr'><strong>negligens</strong></span> <span class='ocrx_word' id='word_1_454' title='bbox 2884 2061 3072 2131; x_wconf 90' lang='lat' dir='ltr'><strong>fuerit,</strong></span> <span class='ocrx_word' id='word_1_455' title='bbox 3123 2061 3352 2117; x_wconf 90' lang='lat' dir='ltr'><strong>habebit</strong></span> <span class='ocrx_word' id='word_1_456' title='bbox 3403 2066 3461 2117; x_wconf 92' lang='lat' dir='ltr'><strong>et</strong></span> <span class='ocrx_word' id='word_1_457' title='bbox 3508 2063 3814 2118; x_wconf 90' lang='lat' dir='ltr'><strong>Dominum</strong></span> 
     </span>
    </p>
   </div>
   <div class='ocr_carea' id='block_1_64' title="bbox 2174 2155 3814 2226">
    <p class='ocr_par' dir='ltr' id='par_1_64' title="bbox 2174 2155 3814 2226">
     <span class='ocr_line' id='line_1_64' title="bbox 2174 2155 3814 2226; baseline 0.001 -17"><span class='ocrx_word' id='word_1_458' title='bbox 2174 2156 2356 2210; x_wconf 90' lang='lat' dir='ltr'><strong>Deum</strong></span> <span class='ocrx_word' id='word_1_459' title='bbox 2387 2157 2647 2209; x_wconf 90' lang='lat' dir='ltr'><strong>nostrum</strong></span> <span class='ocrx_word' id='word_1_460' title='bbox 2682 2155 2989 2224; x_wconf 90' lang='lat' dir='ltr'><strong>infensum,</strong></span> <span class='ocrx_word' id='word_1_461' title='bbox 3019 2159 3075 2210; x_wconf 92' lang='lat' dir='ltr'><strong>et</strong></span> <span class='ocrx_word' id='word_1_462' title='bbox 3112 2155 3468 2226; x_wconf 88' lang='lat' dir='ltr'><strong>imperialem</strong></span> <span class='ocrx_word' id='word_1_463' title='bbox 3504 2155 3814 2210; x_wconf 78' lang='lat' dir='ltr'><strong>vindictam</strong></span> 
     </span>
    </p>
   </div>
   <div class='ocr_carea' id='block_1_65' title="bbox 2175 2247 3817 2320">
    <p class='ocr_par' dir='ltr' id='par_1_65' title="bbox 2175 2247 3817 2320">
     <span class='ocr_line' id='line_1_65' title="bbox 2175 2247 3817 2320; baseline 0.001 -17"><span class='ocrx_word' id='word_1_464' title='bbox 2175 2247 2536 2319; x_wconf 87' lang='lat' dir='ltr'><strong>exspectabit,</strong></span> <span class='ocrx_word' id='word_1_465' title='bbox 2559 2248 2606 2302; x_wconf 91' lang='lat' dir='ltr'><strong>si</strong></span> <span class='ocrx_word' id='word_1_466' title='bbox 2633 2264 2698 2303; x_wconf 87' lang='lat' dir='ltr'><strong>ea</strong></span> <span class='ocrx_word' id='word_1_467' title='bbox 2721 2248 2911 2302; x_wconf 89' lang='lat' dir='ltr'><strong>servili</strong></span> <span class='ocrx_word' id='word_1_468' title='bbox 2935 2248 3156 2304; x_wconf 89' lang='lat' dir='ltr'><strong>silentio</strong></span> <span class='ocrx_word' id='word_1_469' title='bbox 3182 2249 3622 2320; x_wconf 86' lang='lat' dir='ltr'><strong>sacerdotalique</strong></span> <span class='ocrx_word' id='word_1_470' title='bbox 3645 2249 3817 2304; x_wconf 90' lang='lat' dir='ltr'><strong>licen-</strong></span> 
     </span>
    </p>
   </div>
   <div class='ocr_carea' id='block_1_66' title="bbox 2174 2341 3817 2414">
    <p class='ocr_par' dir='ltr' id='par_1_66' title="bbox 2174 2341 3817 2414">
     <span class='ocr_line' id='line_1_66' title="bbox 2174 2341 3817 2414; baseline 0.002 -19"><span class='ocrx_word' id='word_1_471' title='bbox 2174 2341 2250 2395; x_wconf 90' lang='lat' dir='ltr'><strong>tia</strong></span> <span class='ocrx_word' id='word_1_472' title='bbox 2273 2341 2533 2412; x_wconf 87' lang='lat' dir='ltr'><strong>indigno,</strong></span> <span class='ocrx_word' id='word_1_473' title='bbox 2560 2342 2920 2413; x_wconf 64' lang='lat' dir='ltr'><strong>praeterierit.</strong></span> <span class='ocrx_word' id='word_1_474' title='bbox 2937 2372 3006 2382; x_wconf 92' lang='lat'><strong>—-</strong></span> <span class='ocrx_word' id='word_1_475' title='bbox 3034 2343 3137 2414; x_wconf 84' lang='lat'><strong>§2.</strong></span> <span class='ocrx_word' id='word_1_476' title='bbox 3162 2342 3213 2398; x_wconf 94' lang='lat' dir='ltr'><strong>Si</strong></span> <span class='ocrx_word' id='word_1_477' title='bbox 3241 2343 3367 2414; x_wconf 90' lang='lat' dir='ltr'><strong>quis</strong></span> <span class='ocrx_word' id='word_1_478' title='bbox 3392 2346 3589 2397; x_wconf 86' lang='lat' dir='ltr'><strong>autem</strong></span> <span class='ocrx_word' id='word_1_479' title='bbox 3613 2344 3671 2397; x_wconf 89' lang='lat' dir='ltr'><strong>in</strong></span> <span class='ocrx_word' id='word_1_480' title='bbox 3691 2360 3817 2414; x_wconf 88' lang='lat' dir='ltr'><strong>pro-</strong></span> 
     </span>
    </p>
   </div>
   <div class='ocr_carea' id='block_1_67' title="bbox 2173 2435 3817 2507">
    <p class='ocr_par' dir='ltr' id='par_1_67' title="bbox 2173 2435 3817 2507">
     <span class='ocr_line' id='line_1_67' title="bbox 2173 2435 3817 2507; baseline 0.002 -19"><span class='ocrx_word' id='word_1_481' title='bbox 2173 2435 2357 2490; x_wconf 90' lang='lat' dir='ltr'><strong>vincia</strong></span> <span class='ocrx_word' id='word_1_482' title='bbox 2377 2436 2788 2490; x_wconf 86' lang='lat' dir='ltr'><strong>renuntiaverit</strong></span> <span class='ocrx_word' id='word_1_483' title='bbox 2802 2435 3242 2507; x_wconf 84' lang='lat' dir='ltr'><strong>magistratuum</strong></span> <span class='ocrx_word' id='word_1_484' title='bbox 3265 2441 3365 2490; x_wconf 89' lang='lat' dir='ltr'><strong>aut</strong></span> <span class='ocrx_word' id='word_1_485' title='bbox 3383 2437 3677 2491; x_wconf 87' lang='lat' dir='ltr'><strong>consulum</strong></span> <span class='ocrx_word' id='word_1_486' title='bbox 3692 2454 3817 2507; x_wconf 84' lang='lat' dir='ltr'><strong>pro-</strong></span> 
     </span>
    </p>
   </div>
   <div class='ocr_carea' id='block_1_68' title="bbox 2173 2529 3817 2601">
    <p class='ocr_par' dir='ltr' id='par_1_68' title="bbox 2173 2529 3817 2601">
     <span class='ocr_line' id='line_1_68' title="bbox 2173 2529 3817 2601; baseline 0 -17"><span class='ocrx_word' id='word_1_487' title='bbox 2173 2529 2486 2598; x_wconf 88' lang='lat' dir='ltr'><strong>cessiones,</strong></span> <span class='ocrx_word' id='word_1_488' title='bbox 2530 2530 2643 2584; x_wconf 89' lang='lat' dir='ltr'><strong>sive</strong></span> <span class='ocrx_word' id='word_1_489' title='bbox 2684 2529 2982 2601; x_wconf 89' lang='lat' dir='ltr'><strong>generales</strong></span> <span class='ocrx_word' id='word_1_490' title='bbox 3023 2529 3234 2584; x_wconf 86' lang='lat' dir='ltr'><strong>formas</strong></span> <span class='ocrx_word' id='word_1_491' title='bbox 3275 2530 3817 2600; x_wconf 87' lang='lat' dir='ltr'><strong>gloriosissimorum</strong></span> 
     </span>
    </p>
   </div>
   <div class='ocr_carea' id='block_1_69' title="bbox 2171 2623 3816 2695">
    <p class='ocr_par' dir='ltr' id='par_1_69' title="bbox 2171 2623 3816 2695">
     <span class='ocr_line' id='line_1_69' title="bbox 2171 2623 3816 2695; baseline 0.001 -19"><span class='ocrx_word' id='word_1_492' title='bbox 2171 2623 2590 2694; x_wconf 63' lang='lat' dir='ltr'><strong>praefectorum,</strong></span> <span class='ocrx_word' id='word_1_493' title='bbox 2625 2627 2725 2677; x_wconf 90' lang='lat' dir='ltr'><strong>aut</strong></span> <span class='ocrx_word' id='word_1_494' title='bbox 2765 2623 3006 2694; x_wconf 86' lang='lat' dir='ltr'><strong>alicujus</strong></span> <span class='ocrx_word' id='word_1_495' title='bbox 3044 2623 3273 2678; x_wconf 89' lang='lat' dir='ltr'><strong>alterius</strong></span> <span class='ocrx_word' id='word_1_496' title='bbox 3311 2638 3341 2677; x_wconf 91' lang='lat' dir='ltr'><strong>e</strong></span> <span class='ocrx_word' id='word_1_497' title='bbox 3377 2623 3585 2678; x_wconf 88' lang='lat' dir='ltr'><strong>nostris</strong></span> <span class='ocrx_word' id='word_1_498' title='bbox 3627 2623 3816 2695; x_wconf 87' lang='lat' dir='ltr'><strong>magi-</strong></span> 
     </span>
    </p>
   </div>
   <div class='ocr_carea' id='block_1_70' title="bbox 2171 2716 3820 2784">
    <p class='ocr_par' dir='ltr' id='par_1_70' title="bbox 2171 2716 3820 2784">
     <span class='ocr_line' id='line_1_70' title="bbox 2171 2716 3820 2784; baseline 0.001 -14"><span class='ocrx_word' id='word_1_499' title='bbox 2171 2717 2460 2784; x_wconf 87' lang='lat' dir='ltr'><strong>stratibus,</strong></span> <span class='ocrx_word' id='word_1_500' title='bbox 2495 2716 2610 2773; x_wconf 90' lang='lat' dir='ltr'><strong>sive</strong></span> <span class='ocrx_word' id='word_1_501' title='bbox 2648 2716 3134 2784; x_wconf 87' lang='lat' dir='ltr'><strong>constitutionem,</strong></span> <span class='ocrx_word' id='word_1_502' title='bbox 3172 2716 3286 2772; x_wconf 91' lang='lat' dir='ltr'><strong>sive</strong></span> <span class='ocrx_word' id='word_1_503' title='bbox 3318 2733 3539 2771; x_wconf 90' lang='lat' dir='ltr'><strong>sacrum</strong></span> <span class='ocrx_word' id='word_1_504' title='bbox 3569 2733 3820 2772; x_wconf 90' lang='lat' dir='ltr'><strong>commo-</strong></span> 
     </span>
    </p>
   </div>
   <div class='ocr_carea' id='block_1_71' title="bbox 2168 2809 3818 2881">
    <p class='ocr_par' dir='ltr' id='par_1_71' title="bbox 2168 2809 3818 2881">
     <span class='ocr_line' id='line_1_71' title="bbox 2168 2809 3818 2881; baseline 0 -15"><span class='ocrx_word' id='word_1_505' title='bbox 2168 2810 2462 2879; x_wconf 91' lang='lat' dir='ltr'><strong>nitorium,</strong></span> <span class='ocrx_word' id='word_1_506' title='bbox 2519 2809 2634 2866; x_wconf 92' lang='lat' dir='ltr'><strong>sive</strong></span> <span class='ocrx_word' id='word_1_507' title='bbox 2677 2811 2971 2881; x_wconf 85' lang='lat' dir='ltr'><strong>generales</strong></span> <span class='ocrx_word' id='word_1_508' title='bbox 3017 2810 3256 2879; x_wconf 87' lang='lat' dir='ltr'><strong>litteras,</strong></span> <span class='ocrx_word' id='word_1_509' title='bbox 3309 2809 3422 2866; x_wconf 90' lang='lat' dir='ltr'><strong>sive</strong></span> <span class='ocrx_word' id='word_1_510' title='bbox 3471 2811 3818 2866; x_wconf 89' lang='lat' dir='ltr'><strong>erectionem</strong></span> 
     </span>
    </p>
   </div>
   <div class='ocr_carea' id='block_1_72' title="bbox 2168 2903 3820 2976">
    <p class='ocr_par' dir='ltr' id='par_1_72' title="bbox 2168 2903 3820 2976">
     <span class='ocr_line' id='line_1_72' title="bbox 2168 2903 3820 2976; baseline 0 -16"><span class='ocrx_word' id='word_1_511' title='bbox 2168 2903 2549 2976; x_wconf 88' lang='lat' dir='ltr'><strong>imperialium</strong></span> <span class='ocrx_word' id='word_1_512' title='bbox 2588 2905 2905 2958; x_wconf 88' lang='lat' dir='ltr'><strong>statuarum</strong></span> <span class='ocrx_word' id='word_1_513' title='bbox 2944 2903 3298 2974; x_wconf 89' lang='lat' dir='ltr'><strong>indicaverit,</strong></span> <span class='ocrx_word' id='word_1_514' title='bbox 3339 2920 3457 2958; x_wconf 91' lang='lat' dir='ltr'><strong>non</strong></span> <span class='ocrx_word' id='word_1_515' title='bbox 3500 2904 3664 2959; x_wconf 90' lang='lat' dir='ltr'><strong>liceat</strong></span> <span class='ocrx_word' id='word_1_516' title='bbox 3703 2922 3820 2960; x_wconf 83' lang='lat' dir='ltr'><strong>am-</strong></span> 
     </span>
    </p>
   </div>
   <div class='ocr_carea' id='block_1_73' title="bbox 2169 2997 3817 3070">
    <p class='ocr_par' dir='ltr' id='par_1_73' title="bbox 2169 2997 3817 3070">
     <span class='ocr_line' id='line_1_73' title="bbox 2169 2997 3817 3070; baseline 0.001 -18"><span class='ocrx_word' id='word_1_517' title='bbox 2169 2997 2319 3070; x_wconf 90' lang='lat' dir='ltr'><strong>plius</strong></span> <span class='ocrx_word' id='word_1_518' title='bbox 2340 3013 2434 3053; x_wconf 85' lang='lat' dir='ltr'><strong>sex</strong></span> <span class='ocrx_word' id='word_1_519' title='bbox 2453 2997 2706 3052; x_wconf 89' lang='lat' dir='ltr'><strong>nummis</strong></span> <span class='ocrx_word' id='word_1_520' title='bbox 2727 2997 2916 3052; x_wconf 90' lang='lat' dir='ltr'><strong>aureis</strong></span> <span class='ocrx_word' id='word_1_521' title='bbox 2936 2997 2996 3052; x_wconf 93' lang='lat' dir='ltr'><strong>in</strong></span> <span class='ocrx_word' id='word_1_522' title='bbox 3017 2997 3268 3069; x_wconf 89' lang='lat' dir='ltr'><strong>singulas</strong></span> <span class='ocrx_word' id='word_1_523' title='bbox 3291 2997 3695 3066; x_wconf 91' lang='lat' dir='ltr'><strong>nuntiationes,</strong></span> <span class='ocrx_word' id='word_1_524' title='bbox 3719 3003 3817 3053; x_wconf 88' lang='lat' dir='ltr'><strong>aut</strong></span> 
     </span>
    </p>
   </div>
   <div class='ocr_carea' id='block_1_74' title="bbox 2168 3090 3818 3163">
    <p class='ocr_par' dir='ltr' id='par_1_74' title="bbox 2168 3090 3818 3163">
     <span class='ocr_line' id='line_1_74' title="bbox 2168 3090 3818 3163; baseline 0.001 -17"><span class='ocrx_word' id='word_1_525' title='bbox 2168 3092 2230 3146; x_wconf 91' lang='lat' dir='ltr'><strong>in</strong></span> <span class='ocrx_word' id='word_1_526' title='bbox 2249 3090 2498 3163; x_wconf 88' lang='lat' dir='ltr'><strong>singulas</strong></span> <span class='ocrx_word' id='word_1_527' title='bbox 2517 3091 2750 3160; x_wconf 85' lang='lat' dir='ltr'><strong>formas,</strong></span> <span class='ocrx_word' id='word_1_528' title='bbox 2776 3094 2874 3145; x_wconf 91' lang='lat' dir='ltr'><strong>aut</strong></span> <span class='ocrx_word' id='word_1_529' title='bbox 2895 3091 3344 3161; x_wconf 89' lang='lat' dir='ltr'><strong>constitutiones,</strong></span> <span class='ocrx_word' id='word_1_530' title='bbox 3369 3094 3469 3146; x_wconf 89' lang='lat' dir='ltr'><strong>aut</strong></span> <span class='ocrx_word' id='word_1_531' title='bbox 3486 3108 3645 3146; x_wconf 87' lang='lat' dir='ltr'><strong>sacra</strong></span> <span class='ocrx_word' id='word_1_532' title='bbox 3665 3108 3818 3147; x_wconf 88' lang='lat' dir='ltr'><strong>com-</strong></span> 
     </span>
    </p>
   </div>
   <div class='ocr_carea' id='block_1_75' title="bbox 2172 3185 3819 3257">
    <p class='ocr_par' dir='ltr' id='par_1_75' title="bbox 2172 3185 3819 3257">
     <span class='ocr_line' id='line_1_75' title="bbox 2172 3185 3819 3257; baseline 0.001 -17"><span class='ocrx_word' id='word_1_533' title='bbox 2172 3185 2499 3254; x_wconf 89' lang='lat' dir='ltr'><strong>monitoria,</strong></span> <span class='ocrx_word' id='word_1_534' title='bbox 2521 3189 2619 3240; x_wconf 90' lang='lat' dir='ltr'><strong>aut</strong></span> <span class='ocrx_word' id='word_1_535' title='bbox 2649 3185 2941 3257; x_wconf 89' lang='lat' dir='ltr'><strong>generales</strong></span> <span class='ocrx_word' id='word_1_536' title='bbox 2967 3185 3204 3254; x_wconf 88' lang='lat' dir='ltr'><strong>litteras,</strong></span> <span class='ocrx_word' id='word_1_537' title='bbox 3235 3188 3334 3239; x_wconf 88' lang='lat' dir='ltr'><strong>aut</strong></span> <span class='ocrx_word' id='word_1_538' title='bbox 3361 3187 3676 3240; x_wconf 88' lang='lat' dir='ltr'><strong>statuarum</strong></span> <span class='ocrx_word' id='word_1_539' title='bbox 3701 3202 3819 3242; x_wconf 84' lang='lat' dir='ltr'><strong>ere-</strong></span> 
     </span>
    </p>
   </div>
   <div class='ocr_carea' id='block_1_76' title="bbox 2172 3278 3816 3350">
    <p class='ocr_par' dir='ltr' id='par_1_76' title="bbox 2172 3278 3816 3350">
     <span class='ocr_line' id='line_1_76' title="bbox 2172 3278 3816 3350; baseline 0.001 -16"><span class='ocrx_word' id='word_1_540' title='bbox 2172 3279 2384 3334; x_wconf 89' lang='lat' dir='ltr'><strong>ctiones</strong></span> <span class='ocrx_word' id='word_1_541' title='bbox 2408 3278 2660 3349; x_wconf 90' lang='lat' dir='ltr'><strong>accipere</strong></span> <span class='ocrx_word' id='word_1_542' title='bbox 2688 3278 2746 3333; x_wconf 92' lang='lat' dir='ltr'><strong>in</strong></span> <span class='ocrx_word' id='word_1_543' title='bbox 2779 3279 3020 3350; x_wconf 89' lang='lat' dir='ltr'><strong>singulis</strong></span> <span class='ocrx_word' id='word_1_544' title='bbox 3045 3278 3362 3350; x_wconf 89' lang='lat' dir='ltr'><strong>provinciis,</strong></span> <span class='ocrx_word' id='word_1_545' title='bbox 3391 3279 3465 3332; x_wconf 90' lang='lat' dir='ltr'><strong>ad</strong></span> <span class='ocrx_word' id='word_1_546' title='bbox 3498 3295 3640 3350; x_wconf 81' lang='lat' dir='ltr'><strong>quas</strong></span> <span class='ocrx_word' id='word_1_547' title='bbox 3666 3278 3816 3335; x_wconf 87' lang='lat' dir='ltr'><strong>litte-</strong></span> 
     </span>
    </p>
   </div>
   <div class='ocr_carea' id='block_1_77' title="bbox 2173 3371 3817 3452">
    <p class='ocr_par' dir='ltr' id='par_1_77' title="bbox 2173 3371 3817 3452">
     <span class='ocr_line' id='line_1_77' title="bbox 2173 3371 3817 3452; baseline 0 -25"><span class='ocrx_word' id='word_1_548' title='bbox 2173 3390 2262 3428; x_wconf 87' lang='lat' dir='ltr'><strong>ras</strong></span> <span class='ocrx_word' id='word_1_549' title='bbox 2288 3371 2534 3443; x_wconf 84' lang='lat' dir='ltr'><strong>accepit;</strong></span> <span class='ocrx_word' id='word_1_550' title='bbox 2567 3389 2650 3442; x_wconf 91' lang='lat' dir='ltr'><strong>ac,</strong></span> <span class='ocrx_word' id='word_1_551' title='bbox 2680 3371 2813 3427; x_wconf 90' lang='lat' dir='ltr'><strong>licet</strong></span> <span class='ocrx_word' id='word_1_552' title='bbox 2839 3372 3035 3427; x_wconf 56' lang='lat' dir='ltr'><strong>multa».</strong></span> <span class='ocrx_word' id='word_1_553' title='bbox 3065 3372 3176 3452; x_wconf 85' lang='lat' dir='ltr'><strong>sint</strong></span> <span class='ocrx_word' id='word_1_554' title='bbox 3205 3371 3267 3426; x_wconf 92' lang='lat' dir='ltr'><strong>in</strong></span> <span class='ocrx_word' id='word_1_555' title='bbox 3301 3389 3368 3427; x_wconf 88' lang='lat' dir='ltr'><strong>ea</strong></span> <span class='ocrx_word' id='word_1_556' title='bbox 3392 3372 3689 3443; x_wconf 88' lang='lat' dir='ltr'><strong>provincia</strong></span> <span class='ocrx_word' id='word_1_557' title='bbox 3718 3389 3817 3428; x_wconf 89' lang='lat' dir='ltr'><strong>ur-</strong></span> 
     </span>
    </p>
   </div>
   <div class='ocr_carea' id='block_1_78' title="bbox 2171 3465 3817 3538">
    <p class='ocr_par' dir='ltr' id='par_1_78' title="bbox 2171 3465 3817 3538">
     <span class='ocr_line' id='line_1_78' title="bbox 2171 3465 3817 3538; baseline -0.001 -16"><span class='ocrx_word' id='word_1_558' title='bbox 2171 3467 2289 3535; x_wconf 89' lang='lat' dir='ltr'><strong>bes,</strong></span> <span class='ocrx_word' id='word_1_559' title='bbox 2323 3466 2466 3522; x_wconf 89' lang='lat' dir='ltr'><strong>nihil</strong></span> <span class='ocrx_word' id='word_1_560' title='bbox 2493 3465 2737 3538; x_wconf 90' lang='lat' dir='ltr'><strong>amplius</strong></span> <span class='ocrx_word' id='word_1_561' title='bbox 2770 3469 3092 3536; x_wconf 65' lang='lat' dir='ltr'><strong>praastetur,</strong></span> <span class='ocrx_word' id='word_1_562' title='bbox 3121 3482 3295 3537; x_wconf 89' lang='lat' dir='ltr'><strong>quam</strong></span> <span class='ocrx_word' id='word_1_563' title='bbox 3324 3465 3405 3520; x_wconf 89' lang='lat' dir='ltr'><strong>illi</strong></span> <span class='ocrx_word' id='word_1_564' title='bbox 3434 3482 3534 3520; x_wconf 85' lang='lat' dir='ltr'><strong>sex</strong></span> <span class='ocrx_word' id='word_1_565' title='bbox 3567 3466 3817 3521; x_wconf 91' lang='lat' dir='ltr'><strong>nummi.</strong></span> 
     </span>
    </p>
   </div>
   <div class='ocr_carea' id='block_1_79' title="bbox 2173 3558 3820 3631">
    <p class='ocr_par' dir='ltr' id='par_1_79' title="bbox 2173 3558 3820 3631">
     <span class='ocr_line' id='line_1_79' title="bbox 2173 3558 3820 3631; baseline -0.002 -14"><span class='ocrx_word' id='word_1_566' title='bbox 2173 3560 2229 3617; x_wconf 91' lang='lat' dir='ltr'><strong>Si</strong></span> <span class='ocrx_word' id='word_1_567' title='bbox 2255 3561 2391 3631; x_wconf 89' lang='lat' dir='ltr'><strong>quid</strong></span> <span class='ocrx_word' id='word_1_568' title='bbox 2419 3576 2553 3616; x_wconf 90' lang='lat' dir='ltr'><strong>vero</strong></span> <span class='ocrx_word' id='word_1_569' title='bbox 2581 3558 2826 3630; x_wconf 87' lang='lat' dir='ltr'><strong>amplius</strong></span> <span class='ocrx_word' id='word_1_570' title='bbox 2853 3559 3147 3630; x_wconf 88' lang='lat' dir='ltr'><strong>acceperit,</strong></span> <span class='ocrx_word' id='word_1_571' title='bbox 3172 3559 3295 3629; x_wconf 88' lang='lat' dir='ltr'><strong>ejus</strong></span> <span class='ocrx_word' id='word_1_572' title='bbox 3320 3560 3708 3631; x_wconf 89' lang='lat' dir='ltr'><strong>quadruplum</strong></span> <span class='ocrx_word' id='word_1_573' title='bbox 3738 3576 3820 3614; x_wconf 87' lang='lat' dir='ltr'><strong>re-</strong></span> 
     </span>
    </p>
   </div>
   <div class='ocr_carea' id='block_1_80' title="bbox 2174 3652 3817 3725">
    <p class='ocr_par' dir='ltr' id='par_1_80' title="bbox 2174 3652 3817 3725">
     <span class='ocr_line' id='line_1_80' title="bbox 2174 3652 3817 3725; baseline -0.001 -16"><span class='ocrx_word' id='word_1_574' title='bbox 2174 3655 2367 3710; x_wconf 88' lang='lat' dir='ltr'><strong>stituet</strong></span> <span class='ocrx_word' id='word_1_575' title='bbox 2383 3672 2400 3724; x_wconf 84' lang='lat'><strong>;</strong></span> <span class='ocrx_word' id='word_1_576' title='bbox 2430 3654 2705 3725; x_wconf 90' lang='lat' dir='ltr'><strong>liceatque</strong></span> <span class='ocrx_word' id='word_1_577' title='bbox 2734 3654 2857 3724; x_wconf 88' lang='lat' dir='ltr'><strong>ejus</strong></span> <span class='ocrx_word' id='word_1_578' title='bbox 2882 3652 3038 3708; x_wconf 89' lang='lat' dir='ltr'><strong>urbis</strong></span> <span class='ocrx_word' id='word_1_579' title='bbox 3067 3652 3328 3724; x_wconf 91' lang='lat' dir='ltr'><strong>episcopo</strong></span> <span class='ocrx_word' id='word_1_580' title='bbox 3356 3653 3462 3708; x_wconf 92' lang='lat' dir='ltr'><strong>hoc</strong></span> <span class='ocrx_word' id='word_1_581' title='bbox 3486 3653 3817 3725; x_wconf 87' lang='lat' dir='ltr'><strong>prohibere.</strong></span> 
     </span>
    </p>
   </div>
   <div class='ocr_carea' id='block_1_81' title="bbox 2173 3745 3822 3819">
    <p class='ocr_par' dir='ltr' id='par_1_81' title="bbox 2173 3745 3822 3819">
     <span class='ocr_line' id='line_1_81' title="bbox 2173 3745 3822 3819; baseline -0.001 -16"><span class='ocrx_word' id='word_1_582' title='bbox 2173 3748 2382 3803; x_wconf 90' lang='lat' dir='ltr'><strong>Eadem</strong></span> <span class='ocrx_word' id='word_1_583' title='bbox 2409 3752 2600 3803; x_wconf 89' lang='lat' dir='ltr'><strong>tamen</strong></span> <span class='ocrx_word' id='word_1_584' title='bbox 2627 3763 2795 3819; x_wconf 86' lang='lat' dir='ltr'><strong>poena</strong></span> <span class='ocrx_word' id='word_1_585' title='bbox 2822 3747 3018 3802; x_wconf 92' lang='lat' dir='ltr'><strong>decem</strong></span> <span class='ocrx_word' id='word_1_586' title='bbox 3037 3745 3317 3800; x_wconf 90' lang='lat' dir='ltr'><strong>librarum</strong></span> <span class='ocrx_word' id='word_1_587' title='bbox 3343 3747 3486 3814; x_wconf 91' lang='lat' dir='ltr'><strong>auri,</strong></span> <span class='ocrx_word' id='word_1_588' title='bbox 3512 3751 3571 3801; x_wconf 92' lang='lat' dir='ltr'><strong>et</strong></span> <span class='ocrx_word' id='word_1_589' title='bbox 3597 3747 3822 3818; x_wconf 89' lang='lat' dir='ltr'><strong>provin-</strong></span> 
     </span>
    </p>
   </div>
   <div class='ocr_carea' id='block_1_82' title="bbox 2174 3839 3823 3912">
    <p class='ocr_par' dir='ltr' id='par_1_82' title="bbox 2174 3839 3823 3912">
     <span class='ocr_line' id='line_1_82' title="bbox 2174 3839 3823 3912; baseline 0 -16"><span class='ocrx_word' id='word_1_590' title='bbox 2174 3840 2274 3896; x_wconf 56' lang='lat' dir='ltr'><strong>cia</strong></span> <span class='ocrx_word' id='word_1_591' title='bbox 2296 3842 2546 3912; x_wconf 75' lang='lat' dir='ltr'><strong>prassidi,</strong></span> <span class='ocrx_word' id='word_1_592' title='bbox 2575 3845 2631 3896; x_wconf 91' lang='lat' dir='ltr'><strong>et</strong></span> <span class='ocrx_word' id='word_1_593' title='bbox 2656 3842 2709 3896; x_wconf 90' lang='lat' dir='ltr'><strong>ei</strong></span> <span class='ocrx_word' id='word_1_594' title='bbox 2731 3840 2956 3895; x_wconf 91' lang='lat' dir='ltr'><strong>subdito</strong></span> <span class='ocrx_word' id='word_1_595' title='bbox 2977 3839 3178 3909; x_wconf 82' lang='lat' dir='ltr'><strong>oﬂicio,</strong></span> <span class='ocrx_word' id='word_1_596' title='bbox 3203 3844 3262 3894; x_wconf 91' lang='lat' dir='ltr'><strong>et</strong></span> <span class='ocrx_word' id='word_1_597' title='bbox 3288 3840 3550 3912; x_wconf 88' lang='lat' dir='ltr'><strong>episcopo</strong></span> <span class='ocrx_word' id='word_1_598' title='bbox 3579 3841 3823 3912; x_wconf 89' lang='lat' dir='ltr'><strong>imponi-</strong></span> 
     </span>
    </p>
   </div>
   <div class='ocr_carea' id='block_1_83' title="bbox 2174 3933 3824 4006">
    <p class='ocr_par' dir='ltr' id='par_1_83' title="bbox 2174 3933 3824 4006">
     <span class='ocr_line' id='line_1_83' title="bbox 2174 3933 3824 4006; baseline 0.001 -17"><span class='ocrx_word' id='word_1_599' title='bbox 2174 3938 2288 4004; x_wconf 91' lang='lat' dir='ltr'><strong>tur,</strong></span> <span class='ocrx_word' id='word_1_600' title='bbox 2318 3935 2364 3989; x_wconf 89' lang='lat' dir='ltr'><strong>si</strong></span> <span class='ocrx_word' id='word_1_601' title='bbox 2394 3935 2501 3989; x_wconf 88' lang='lat' dir='ltr'><strong>illis</strong></span> <span class='ocrx_word' id='word_1_602' title='bbox 2537 3935 2874 4006; x_wconf 87' lang='lat' dir='ltr'><strong>permittant</strong></span> <span class='ocrx_word' id='word_1_603' title='bbox 2909 3935 3035 4005; x_wconf 91' lang='lat' dir='ltr'><strong>plus</strong></span> <span class='ocrx_word' id='word_1_604' title='bbox 3078 3937 3293 4005; x_wconf 90' lang='lat' dir='ltr'><strong>petere,</strong></span> <span class='ocrx_word' id='word_1_605' title='bbox 3321 3950 3510 4005; x_wconf 88' lang='lat' dir='ltr'><strong>neque</strong></span> <span class='ocrx_word' id='word_1_606' title='bbox 3549 3933 3606 3988; x_wconf 91' lang='lat' dir='ltr'><strong>id</strong></span> <span class='ocrx_word' id='word_1_607' title='bbox 3635 3935 3824 3990; x_wconf 83' lang='lat' dir='ltr'><strong>modis</strong></span> 
     </span>
    </p>
   </div>
   <div class='ocr_carea' id='block_1_84' title="bbox 2175 4027 3823 4100">
    <p class='ocr_par' dir='ltr' id='par_1_84' title="bbox 2175 4027 3823 4100">
     <span class='ocr_line' id='line_1_84' title="bbox 2175 4027 3823 4100; baseline -0.001 -17"><span class='ocrx_word' id='word_1_608' title='bbox 2175 4029 2439 4083; x_wconf 90' lang='lat' dir='ltr'><strong>omnibus</strong></span> <span class='ocrx_word' id='word_1_609' title='bbox 2463 4028 2880 4100; x_wconf 89' lang='lat' dir='ltr'><strong>prohibuerint.</strong></span> <span class='ocrx_word' id='word_1_610' title='bbox 2912 4059 2980 4068; x_wconf 92' lang='lat'>—</span> <span class='ocrx_word' id='word_1_611' title='bbox 3009 4028 3042 4099; x_wconf 91' lang='lat'>§</span> <span class='ocrx_word' id='word_1_612' title='bbox 3070 4030 3122 4082; x_wconf 89' lang='lat'><strong>3.</strong></span> <span class='ocrx_word' id='word_1_613' title='bbox 3151 4027 3379 4082; x_wconf 91' lang='lat' dir='ltr'><strong>Nemini</strong></span> <span class='ocrx_word' id='word_1_614' title='bbox 3406 4027 3561 4082; x_wconf 91' lang='lat' dir='ltr'><strong>enim</strong></span> <span class='ocrx_word' id='word_1_615' title='bbox 3588 4028 3823 4083; x_wconf 89' lang='lat' dir='ltr'><strong>omnino</strong></span> 
     </span>
    </p>
   </div>
   <div class='ocr_carea' id='block_1_85' title="bbox 2175 4121 3825 4194">
    <p class='ocr_par' dir='ltr' id='par_1_85' title="bbox 2175 4121 3825 4194">
     <span class='ocr_line' id='line_1_85' title="bbox 2175 4121 3825 4194; baseline 0 -17"><span class='ocrx_word' id='word_1_616' title='bbox 2175 4122 2562 4194; x_wconf 87' lang='lat' dir='ltr'><strong>permittimus</strong></span> <span class='ocrx_word' id='word_1_617' title='bbox 2614 4126 2940 4177; x_wconf 90' lang='lat' dir='ltr'><strong>nostrorum</strong></span> <span class='ocrx_word' id='word_1_618' title='bbox 2993 4121 3435 4192; x_wconf 88' lang='lat' dir='ltr'><strong>magistratuum</strong></span> <span class='ocrx_word' id='word_1_619' title='bbox 3487 4123 3825 4193; x_wconf 89' lang='lat' dir='ltr'><strong>hujusmodi</strong></span> 
     </span>
    </p>
   </div>
   <div class='ocr_carea' id='block_1_86' title="bbox 2174 4213 3826 4288">
    <p class='ocr_par' dir='ltr' id='par_1_86' title="bbox 2174 4213 3826 4288">
     <span class='ocr_line' id='line_1_86' title="bbox 2174 4213 3826 4288; baseline 0 -18"><span class='ocrx_word' id='word_1_620' title='bbox 2174 4215 2385 4271; x_wconf 88' lang='lat' dir='ltr'><strong>formas</strong></span> <span class='ocrx_word' id='word_1_621' title='bbox 2413 4215 2562 4270; x_wconf 90' lang='lat' dir='ltr'><strong>circa</strong></span> <span class='ocrx_word' id='word_1_622' title='bbox 2593 4215 2912 4288; x_wconf 89' lang='lat' dir='ltr'><strong>provincias</strong></span> <span class='ocrx_word' id='word_1_623' title='bbox 2939 4214 3198 4270; x_wconf 90' lang='lat' dir='ltr'><strong>emittere</strong></span> <span class='ocrx_word' id='word_1_624' title='bbox 3225 4213 3295 4270; x_wconf 93' lang='lat' dir='ltr'><strong>de</strong></span> <span class='ocrx_word' id='word_1_625' title='bbox 3325 4214 3600 4282; x_wconf 89' lang='lat' dir='ltr'><strong>rivorum,</strong></span> <span class='ocrx_word' id='word_1_626' title='bbox 3631 4221 3733 4270; x_wconf 90' lang='lat' dir='ltr'><strong>aut</strong></span> <span class='ocrx_word' id='word_1_627' title='bbox 3758 4216 3826 4270; x_wconf 91' lang='lat' dir='ltr'><strong>de</strong></span> 
     </span>
    </p>
   </div>
   <div class='ocr_carea' id='block_1_87' title="bbox 2176 4307 3824 4380">
    <p class='ocr_par' dir='ltr' id='par_1_87' title="bbox 2176 4307 3824 4380">
     <span class='ocr_line' id='line_1_87' title="bbox 2176 4307 3824 4380; baseline 0 -16"><span class='ocrx_word' id='word_1_628' title='bbox 2176 4309 2501 4364; x_wconf 89' lang='lat' dir='ltr'><strong>cloacarum</strong></span> <span class='ocrx_word' id='word_1_629' title='bbox 2526 4309 2881 4380; x_wconf 87' lang='lat' dir='ltr'><strong>purgatione,</strong></span> <span class='ocrx_word' id='word_1_630' title='bbox 2900 4312 2999 4363; x_wconf 90' lang='lat' dir='ltr'><strong>aut</strong></span> <span class='ocrx_word' id='word_1_631' title='bbox 3017 4308 3085 4364; x_wconf 93' lang='lat' dir='ltr'><strong>de</strong></span> <span class='ocrx_word' id='word_1_632' title='bbox 3103 4307 3430 4363; x_wconf 90' lang='lat' dir='ltr'><strong>amolitione</strong></span> <span class='ocrx_word' id='word_1_633' title='bbox 3451 4308 3824 4364; x_wconf 67' lang='lat' dir='ltr'><strong>mdiﬁciorum</strong></span> 
     </span>
    </p>
   </div>
   <div class='ocr_carea' id='block_1_88' title="bbox 2176 4401 3825 4474">
    <p class='ocr_par' dir='ltr' id='par_1_88' title="bbox 2176 4401 3825 4474">
     <span class='ocr_line' id='line_1_88' title="bbox 2176 4401 3825 4474; baseline 0 -16"><span class='ocrx_word' id='word_1_634' title='bbox 2176 4420 2210 4458; x_wconf 92' lang='lat' dir='ltr'><strong>a</strong></span> <span class='ocrx_word' id='word_1_635' title='bbox 2237 4401 2436 4468; x_wconf 90' lang='lat' dir='ltr'><strong>muris,</strong></span> <span class='ocrx_word' id='word_1_636' title='bbox 2467 4406 2565 4456; x_wconf 91' lang='lat' dir='ltr'><strong>aut</strong></span> <span class='ocrx_word' id='word_1_637' title='bbox 2583 4401 2898 4457; x_wconf 89' lang='lat' dir='ltr'><strong>stationum</strong></span> <span class='ocrx_word' id='word_1_638' title='bbox 2924 4418 2956 4455; x_wconf 91' lang='lat' dir='ltr'><strong>a</strong></span> <span class='ocrx_word' id='word_1_639' title='bbox 2981 4401 3309 4473; x_wconf 90' lang='lat' dir='ltr'><strong>porticibus,</strong></span> <span class='ocrx_word' id='word_1_640' title='bbox 3339 4404 3439 4456; x_wconf 88' lang='lat' dir='ltr'><strong>aut</strong></span> <span class='ocrx_word' id='word_1_641' title='bbox 3468 4418 3674 4457; x_wconf 90' lang='lat' dir='ltr'><strong>eorum</strong></span> <span class='ocrx_word' id='word_1_642' title='bbox 3696 4419 3825 4474; x_wconf 71' lang='lat' dir='ltr'><strong>qua:</strong></span> 
     </span>
    </p>
   </div>
   <div class='ocr_carea' id='block_1_89' title="bbox 2177 4495 3828 4569">
    <p class='ocr_par' dir='ltr' id='par_1_89' title="bbox 2177 4495 3828 4569">
     <span class='ocr_line' id='line_1_89' title="bbox 2177 4495 3828 4569; baseline 0.001 -19"><span class='ocrx_word' id='word_1_643' title='bbox 2177 4495 2438 4569; x_wconf 92' lang='lat' dir='ltr'><strong>produlia</strong></span> <span class='ocrx_word' id='word_1_644' title='bbox 2462 4495 2840 4566; x_wconf 89' lang='lat' dir='ltr'><strong>appellantur,</strong></span> <span class='ocrx_word' id='word_1_645' title='bbox 2878 4500 2979 4551; x_wconf 88' lang='lat' dir='ltr'><strong>aut</strong></span> <span class='ocrx_word' id='word_1_646' title='bbox 3012 4495 3080 4550; x_wconf 91' lang='lat' dir='ltr'><strong>de</strong></span> <span class='ocrx_word' id='word_1_647' title='bbox 3110 4495 3385 4550; x_wconf 86' lang='lat' dir='ltr'><strong>ruderum</strong></span> <span class='ocrx_word' id='word_1_648' title='bbox 3417 4511 3482 4550; x_wconf 92' lang='lat' dir='ltr'><strong>ac</strong></span> <span class='ocrx_word' id='word_1_649' title='bbox 3508 4495 3828 4552; x_wconf 88' lang='lat' dir='ltr'><strong>dimidiata-</strong></span> 
     </span>
    </p>
   </div>
   <div class='ocr_carea' id='block_1_90' title="bbox 440 4587 3829 4676">
    <p class='ocr_par' dir='ltr' id='par_1_90' title="bbox 440 4587 3829 4676">
     <span class='ocr_line' id='line_1_90' title="bbox 440 4587 3829 4676; baseline -0 -31"><span class='ocrx_word' id='word_1_650' title='bbox 440 4593 526 4645; x_wconf 89' lang='lat' dir='ltr'><strong>tet</strong></span> <span class='ocrx_word' id='word_1_651' title='bbox 549 4589 742 4660; x_wconf 90' lang='lat' dir='ltr'><strong>itaque</strong></span> <span class='ocrx_word' id='word_1_652' title='bbox 765 4589 991 4644; x_wconf 81' lang='lat' dir='ltr'><strong>studere</strong></span> <span class='ocrx_word' id='word_1_653' title='bbox 1011 4588 1502 4660; x_wconf 90' lang='lat' dir='ltr'><strong>religiosissimum</strong></span> <span class='ocrx_word' id='word_1_654' title='bbox 1521 4588 1870 4662; x_wconf 90' lang='lat' dir='ltr'><strong>episcopum,</strong></span> <span class='ocrx_word' id='word_1_655' title='bbox 1899 4595 1956 4646; x_wconf 90' lang='lat' dir='ltr'><strong>et</strong></span> <span class='ocrx_word' id='word_1_656' title='bbox 1980 4590 2076 4663; x_wconf 91' lang='lat' dir='ltr'><strong>qui</strong></span> <span class='ocrx_word' id='word_1_657' title='bbox 2095 4603 2155 4676; x_wconf 84' lang='lat' dir='ltr'><strong>D</strong></span> <span class='ocrx_word' id='word_1_658' title='bbox 2177 4606 2309 4645; x_wconf 91' lang='lat' dir='ltr'><strong>rum</strong></span> <span class='ocrx_word' id='word_1_659' title='bbox 2337 4589 2732 4644; x_wconf 89' lang='lat' dir='ltr'><strong>columnarum</strong></span> <span class='ocrx_word' id='word_1_660' title='bbox 2760 4587 3069 4658; x_wconf 90' lang='lat' dir='ltr'><strong>eversione,</strong></span> <span class='ocrx_word' id='word_1_661' title='bbox 3099 4592 3197 4643; x_wconf 90' lang='lat' dir='ltr'><strong>aut</strong></span> <span class='ocrx_word' id='word_1_662' title='bbox 3226 4588 3295 4643; x_wconf 90' lang='lat' dir='ltr'><strong>de</strong></span> <span class='ocrx_word' id='word_1_663' title='bbox 3324 4587 3699 4659; x_wconf 86' lang='lat' dir='ltr'><strong>imaginibus,</strong></span> <span class='ocrx_word' id='word_1_664' title='bbox 3733 4596 3829 4644; x_wconf 88' lang='lat' dir='ltr'><strong>aut</strong></span> 
     </span>
    </p>
   </div>
   <div class='ocr_carea' id='block_1_91' title="bbox 444 4682 2080 4755">
    <p class='ocr_par' dir='ltr' id='par_1_91' title="bbox 444 4682 2080 4755">
     <span class='ocr_line' id='line_1_91' title="bbox 444 4682 2080 4755; baseline 0.001 -17"><span class='ocrx_word' id='word_1_665' title='bbox 444 4699 576 4738; x_wconf 92' lang='lat' dir='ltr'><strong>cum</strong></span> <span class='ocrx_word' id='word_1_666' title='bbox 624 4699 692 4738; x_wconf 92' lang='lat' dir='ltr'><strong>eo</strong></span> <span class='ocrx_word' id='word_1_667' title='bbox 742 4683 986 4738; x_wconf 87' lang='lat' dir='ltr'><strong>rationes</strong></span> <span class='ocrx_word' id='word_1_668' title='bbox 1029 4682 1353 4753; x_wconf 85' lang='lat' dir='ltr'><strong>conﬁciunt,</strong></span> <span class='ocrx_word' id='word_1_669' title='bbox 1399 4687 1465 4738; x_wconf 92' lang='lat' dir='ltr'><strong>ut</strong></span> <span class='ocrx_word' id='word_1_670' title='bbox 1505 4699 1674 4755; x_wconf 90' lang='lat' dir='ltr'><strong>opera</strong></span> <span class='ocrx_word' id='word_1_671' title='bbox 1711 4683 1772 4739; x_wconf 90' lang='lat' dir='ltr'><strong>in</strong></span> <span class='ocrx_word' id='word_1_672' title='bbox 1816 4683 2080 4754; x_wconf 77' lang='lat' dir='ltr'><strong>ingentes</strong></span> 
     </span>
    </p>
   </div>
   <div class='ocr_carea' id='block_1_92' title="bbox 446 4775 2079 4849">
    <p class='ocr_par' dir='ltr' id='par_1_92' title="bbox 446 4775 2079 4849">
     <span class='ocr_line' id='line_1_92' title="bbox 446 4775 2079 4849; baseline 0.001 -18"><span class='ocrx_word' id='word_1_673' title='bbox 446 4779 706 4848; x_wconf 89' lang='lat' dir='ltr'><strong>sumptus</strong></span> <span class='ocrx_word' id='word_1_674' title='bbox 725 4776 1054 4848; x_wconf 83' lang='lat' dir='ltr'><strong>praescripta</strong></span> <span class='ocrx_word' id='word_1_675' title='bbox 1080 4775 1317 4848; x_wconf 87' lang='lat' dir='ltr'><strong>singulis</strong></span> <span class='ocrx_word' id='word_1_676' title='bbox 1341 4776 1503 4831; x_wconf 90' lang='lat' dir='ltr'><strong>annis</strong></span> <span class='ocrx_word' id='word_1_677' title='bbox 1529 4777 1829 4849; x_wconf 90' lang='lat' dir='ltr'><strong>diligenter</strong></span> <span class='ocrx_word' id='word_1_678' title='bbox 1851 4778 1991 4832; x_wconf 85' lang='lat' dir='ltr'><strong>fiant</strong></span> <span class='ocrx_word' id='word_1_679' title='bbox 2009 4795 2079 4833; x_wconf 87' lang='lat' dir='ltr'><strong>ex</strong></span> 
     </span>
    </p>
   </div>
   <div class='ocr_carea' id='block_1_93' title="bbox 444 4868 2080 4942">
    <p class='ocr_par' dir='ltr' id='par_1_93' title="bbox 444 4868 2080 4942">
     <span class='ocr_line' id='line_1_93' title="bbox 444 4868 2080 4942; baseline 0.001 -17"><span class='ocrx_word' id='word_1_680' title='bbox 444 4869 689 4942; x_wconf 90' lang='lat' dir='ltr'><strong>publicis</strong></span> <span class='ocrx_word' id='word_1_681' title='bbox 710 4868 982 4924; x_wconf 89' lang='lat' dir='ltr'><strong>fructibus</strong></span> <span class='ocrx_word' id='word_1_682' title='bbox 1009 4873 1177 4942; x_wconf 91' lang='lat' dir='ltr'><strong>atque</strong></span> <span class='ocrx_word' id='word_1_683' title='bbox 1204 4871 1476 4926; x_wconf 88' lang='lat' dir='ltr'><strong>reditibus</strong></span> <span class='ocrx_word' id='word_1_684' title='bbox 1496 4873 1828 4942; x_wconf 90' lang='lat' dir='ltr'><strong>reparanda.</strong></span> <span class='ocrx_word' id='word_1_685' title='bbox 1860 4872 1958 4927; x_wconf 91' lang='lat' dir='ltr'><strong>Sin</strong></span> <span class='ocrx_word' id='word_1_686' title='bbox 1985 4888 2080 4926; x_wconf 87' lang='lat' dir='ltr'><strong>au-</strong></span> 
     </span>
    </p>
   </div>
   <div class='ocr_carea' id='block_1_94' title="bbox 443 4962 2076 5036">
    <p class='ocr_par' dir='ltr' id='par_1_94' title="bbox 443 4962 2076 5036">
     <span class='ocr_line' id='line_1_94' title="bbox 443 4962 2076 5036; baseline 0.001 -17"><span class='ocrx_word' id='word_1_687' title='bbox 443 4968 561 5019; x_wconf 89' lang='lat' dir='ltr'><strong>tem</strong></span> <span class='ocrx_word' id='word_1_688' title='bbox 589 4962 843 5017; x_wconf 90' lang='lat' dir='ltr'><strong>noluerit</strong></span> <span class='ocrx_word' id='word_1_689' title='bbox 883 4962 1192 5017; x_wconf 87' lang='lat' dir='ltr'><strong>rationibus</strong></span> <span class='ocrx_word' id='word_1_690' title='bbox 1221 4964 1444 5019; x_wconf 90' lang='lat' dir='ltr'><strong>subesse</strong></span> <span class='ocrx_word' id='word_1_691' title='bbox 1474 4965 1572 5036; x_wconf 89' lang='lat' dir='ltr'><strong>qui</strong></span> <span class='ocrx_word' id='word_1_692' title='bbox 1607 4981 1673 5020; x_wconf 92' lang='lat' dir='ltr'><strong>ea</strong></span> <span class='ocrx_word' id='word_1_693' title='bbox 1700 4965 2076 5034; x_wconf 88' lang='lat' dir='ltr'><strong>administrat,</strong></span> 
     </span>
    </p>
   </div>
   <div class='ocr_carea' id='block_1_95' title="bbox 445 5055 2080 5130">
    <p class='ocr_par' dir='ltr' id='par_1_95' title="bbox 445 5055 2080 5130">
     <span class='ocr_line' id='line_1_95' title="bbox 445 5055 2080 5130; baseline 0 -18"><span class='ocrx_word' id='word_1_694' title='bbox 445 5074 633 5130; x_wconf 88' lang='lat' dir='ltr'><strong>neque</strong></span> <span class='ocrx_word' id='word_1_695' title='bbox 659 5057 805 5111; x_wconf 89' lang='lat' dir='ltr'><strong>ferat</strong></span> <span class='ocrx_word' id='word_1_696' title='bbox 831 5055 1249 5111; x_wconf 91' lang='lat' dir='ltr'><strong>sanctissimum</strong></span> <span class='ocrx_word' id='word_1_697' title='bbox 1277 5057 1398 5129; x_wconf 90' lang='lat' dir='ltr'><strong>ejus</strong></span> <span class='ocrx_word' id='word_1_698' title='bbox 1422 5057 1527 5112; x_wconf 94' lang='lat' dir='ltr'><strong>loci</strong></span> <span class='ocrx_word' id='word_1_699' title='bbox 1558 5059 1906 5130; x_wconf 88' lang='lat' dir='ltr'><strong>episcopum,</strong></span> <span class='ocrx_word' id='word_1_700' title='bbox 1936 5063 1992 5114; x_wconf 84' lang='lat' dir='ltr'><strong>et</strong></span> <span class='ocrx_word' id='word_1_701' title='bbox 2017 5059 2080 5112; x_wconf 89' lang='lat' dir='ltr'><strong>il-</strong></span> 
     </span>
    </p>
   </div>
   <div class='ocr_carea' id='block_1_96' title="bbox 443 5149 2081 5225">
    <p class='ocr_par' dir='ltr' id='par_1_96' title="bbox 443 5149 2081 5225">
     <span class='ocr_line' id='line_1_96' title="bbox 443 5149 2081 5225; baseline 0.001 -19"><span class='ocrx_word' id='word_1_702' title='bbox 443 5151 527 5206; x_wconf 92' lang='lat' dir='ltr'><strong>los</strong></span> <span class='ocrx_word' id='word_1_703' title='bbox 546 5164 899 5222; x_wconf 90' lang='lat' dir='ltr'><strong>possessores</strong></span> <span class='ocrx_word' id='word_1_704' title='bbox 927 5149 1024 5219; x_wconf 90' lang='lat' dir='ltr'><strong>qui</strong></span> <span class='ocrx_word' id='word_1_705' title='bbox 1050 5151 1120 5205; x_wconf 89' lang='lat' dir='ltr'><strong>ad</strong></span> <span class='ocrx_word' id='word_1_706' title='bbox 1149 5167 1274 5204; x_wconf 90' lang='lat' dir='ltr'><strong>eam</strong></span> <span class='ocrx_word' id='word_1_707' title='bbox 1300 5167 1425 5206; x_wconf 89' lang='lat' dir='ltr'><strong>rem</strong></span> <span class='ocrx_word' id='word_1_708' title='bbox 1449 5152 1886 5221; x_wconf 89' lang='lat' dir='ltr'><strong>constituuntur,</strong></span> <span class='ocrx_word' id='word_1_709' title='bbox 1909 5155 1965 5208; x_wconf 93' lang='lat' dir='ltr'><strong>et</strong></span> <span class='ocrx_word' id='word_1_710' title='bbox 1983 5153 2081 5225; x_wconf 90' lang='lat' dir='ltr'><strong>qui</strong></span> 
     </span>
    </p>
   </div>
   <div class='ocr_carea' id='block_1_97' title="bbox 446 5243 2080 5318">
    <p class='ocr_par' dir='ltr' id='par_1_97' title="bbox 446 5243 2080 5318">
     <span class='ocr_line' id='line_1_97' title="bbox 446 5243 2080 5318; baseline 0.001 -18"><span class='ocrx_word' id='word_1_711' title='bbox 446 5245 516 5300; x_wconf 91' lang='lat' dir='ltr'><strong>ad</strong></span> <span class='ocrx_word' id='word_1_712' title='bbox 547 5243 794 5298; x_wconf 89' lang='lat' dir='ltr'><strong>rationes</strong></span> <span class='ocrx_word' id='word_1_713' title='bbox 821 5243 1133 5299; x_wconf 89' lang='lat' dir='ltr'><strong>reddendas</strong></span> <span class='ocrx_word' id='word_1_714' title='bbox 1157 5260 1288 5298; x_wconf 90' lang='lat' dir='ltr'><strong>eum</strong></span> <span class='ocrx_word' id='word_1_715' title='bbox 1319 5249 1543 5312; x_wconf 88' lang='lat' dir='ltr'><strong>vocant,</strong></span> <span class='ocrx_word' id='word_1_716' title='bbox 1572 5251 1806 5318; x_wconf 88' lang='lat' dir='ltr'><strong>cogatur</strong></span> <span class='ocrx_word' id='word_1_717' title='bbox 1829 5245 1885 5301; x_wconf 94' lang='lat' dir='ltr'><strong>id</strong></span> <span class='ocrx_word' id='word_1_718' title='bbox 1912 5263 2080 5317; x_wconf 91' lang='lat' dir='ltr'><strong>agere</strong></span> 
     </span>
    </p>
   </div>
   <div class='ocr_carea' id='block_1_98' title="bbox 445 5336 2081 5410">
    <p class='ocr_par' dir='ltr' id='par_1_98' title="bbox 445 5336 2081 5410">
     <span class='ocr_line' id='line_1_98' title="bbox 445 5336 2081 5410; baseline 0.002 -17"><span class='ocrx_word' id='word_1_719' title='bbox 445 5356 551 5409; x_wconf 89' lang='lat' dir='ltr'><strong>per</strong></span> <span class='ocrx_word' id='word_1_720' title='bbox 590 5336 962 5391; x_wconf 87' lang='lat' dir='ltr'><strong>clarissimum</strong></span> <span class='ocrx_word' id='word_1_721' title='bbox 999 5336 1305 5409; x_wconf 72' lang='lat' dir='ltr'><strong>provinciae</strong></span> <span class='ocrx_word' id='word_1_722' title='bbox 1347 5339 1650 5410; x_wconf 68' lang='lat' dir='ltr'><strong>praesidem</strong></span> <span class='ocrx_word' id='word_1_723' title='bbox 1695 5345 1750 5395; x_wconf 88' lang='lat' dir='ltr'><strong>et</strong></span> <span class='ocrx_word' id='word_1_724' title='bbox 1791 5341 2081 5395; x_wconf 90' lang='lat' dir='ltr'><strong>cohortem</strong></span> 
     </span>
    </p>
   </div>
   <div class='ocr_carea' id='block_1_99' title="bbox 447 5429 2082 5505">
    <p class='ocr_par' dir='ltr' id='par_1_99' title="bbox 447 5429 2082 5505">
     <span class='ocr_line' id='line_1_99' title="bbox 447 5429 2082 5505; baseline 0.004 -22"><span class='ocrx_word' id='word_1_725' title='bbox 447 5446 579 5501; x_wconf 75' lang='lat' dir='ltr'><strong>quas</strong></span> <span class='ocrx_word' id='word_1_726' title='bbox 607 5429 658 5483; x_wconf 91' lang='lat' dir='ltr'><strong>ei</strong></span> <span class='ocrx_word' id='word_1_727' title='bbox 676 5446 874 5500; x_wconf 88' lang='lat' dir='ltr'><strong>parere</strong></span> <span class='ocrx_word' id='word_1_728' title='bbox 903 5432 1041 5487; x_wconf 88' lang='lat' dir='ltr'><strong>solet</strong></span> <span class='ocrx_word' id='word_1_729' title='bbox 1064 5448 1076 5486; x_wconf 92' lang='lat'>:</span> <span class='ocrx_word' id='word_1_730' title='bbox 1103 5448 1165 5486; x_wconf 92' lang='lat' dir='ltr'><strong>ac</strong></span> <span class='ocrx_word' id='word_1_731' title='bbox 1191 5430 1312 5488; x_wconf 90' lang='lat' dir='ltr'><strong>sine</strong></span> <span class='ocrx_word' id='word_1_732' title='bbox 1338 5433 1454 5487; x_wconf 92' lang='lat' dir='ltr'><strong>ullo</strong></span> <span class='ocrx_word' id='word_1_733' title='bbox 1482 5433 1688 5488; x_wconf 89' lang='lat' dir='ltr'><strong>damno</strong></span> <span class='ocrx_word' id='word_1_734' title='bbox 1711 5433 2082 5505; x_wconf 90' lang='lat' dir='ltr'><strong>compellatur</strong></span> 
     </span>
    </p>
   </div>
   <div class='ocr_carea' id='block_1_100' title="bbox 447 5523 2080 5597">
    <p class='ocr_par' dir='ltr' id='par_1_100' title="bbox 447 5523 2080 5597">
     <span class='ocr_line' id='line_1_100' title="bbox 447 5523 2080 5597; baseline 0.004 -20"><span class='ocrx_word' id='word_1_735' title='bbox 447 5527 512 5578; x_wconf 92' lang='lat' dir='ltr'><strong>ut</strong></span> <span class='ocrx_word' id='word_1_736' title='bbox 537 5523 719 5577; x_wconf 89' lang='lat' dir='ltr'><strong>modis</strong></span> <span class='ocrx_word' id='word_1_737' title='bbox 756 5524 1019 5579; x_wconf 91' lang='lat' dir='ltr'><strong>omnibus</strong></span> <span class='ocrx_word' id='word_1_738' title='bbox 1052 5525 1304 5580; x_wconf 91' lang='lat' dir='ltr'><strong>rationes</strong></span> <span class='ocrx_word' id='word_1_739' title='bbox 1335 5525 1632 5581; x_wconf 89' lang='lat' dir='ltr'><strong>submittat</strong></span> <span class='ocrx_word' id='word_1_740' title='bbox 1658 5523 2080 5597; x_wconf 78' lang='lat' dir='ltr'><strong>religiosissimo</strong></span> 
     </span>
    </p>
   </div>
   <div class='ocr_carea' id='block_1_101' title="bbox 451 5610 2083 5692">
    <p class='ocr_par' dir='ltr' id='par_1_101' title="bbox 451 5610 2083 5692">
     <span class='ocr_line' id='line_1_101' title="bbox 451 5610 2083 5692; baseline 0.006 -26"><span class='ocrx_word' id='word_1_741' title='bbox 451 5616 735 5684; x_wconf 73' lang='lat' dir='ltr'><strong>episcopo,</strong></span> <span class='ocrx_word' id='word_1_742' title='bbox 763 5619 818 5669; x_wconf 88' lang='lat' dir='ltr'><strong>et</strong></span> <span class='ocrx_word' id='word_1_743' title='bbox 841 5616 1040 5686; x_wconf 87' lang='lat' dir='ltr'><strong>primis</strong></span> <span class='ocrx_word' id='word_1_744' title='bbox 1059 5618 1212 5672; x_wconf 90' lang='lat' dir='ltr'><strong>illius</strong></span> <span class='ocrx_word' id='word_1_745' title='bbox 1238 5610 1504 5686; x_wconf 76' lang='lat' dir='ltr'><strong>civitatis,-</strong></span> <span class='ocrx_word' id='word_1_746' title='bbox 1531 5619 1794 5692; x_wconf 87' lang='lat' dir='ltr'><strong>quodque</strong></span> <span class='ocrx_word' id='word_1_747' title='bbox 1814 5627 2083 5691; x_wconf 88' lang='lat' dir='ltr'><strong>appareat</strong></span> 
     </span>
    </p>
   </div>
   <div class='ocr_carea' id='block_1_102' title="bbox 454 5705 2083 5783">
    <p class='ocr_par' dir='ltr' id='par_1_102' title="bbox 454 5705 2083 5783">
     <span class='ocr_line' id='line_1_102' title="bbox 454 5705 2083 5783; baseline 0.007 -27"><span class='ocrx_word' id='word_1_748' title='bbox 454 5705 523 5756; x_wconf 90' lang='lat' dir='ltr'><strong>ab</strong></span> <span class='ocrx_word' id='word_1_749' title='bbox 545 5721 610 5757; x_wconf 93' lang='lat' dir='ltr'><strong>eo</strong></span> <span class='ocrx_word' id='word_1_750' title='bbox 632 5705 846 5774; x_wconf 89' lang='lat' dir='ltr'><strong>deberi,</strong></span> <span class='ocrx_word' id='word_1_751' title='bbox 867 5708 1076 5764; x_wconf 89' lang='lat' dir='ltr'><strong>civitati</strong></span> <span class='ocrx_word' id='word_1_752' title='bbox 1093 5710 1386 5766; x_wconf 88' lang='lat' dir='ltr'><strong>reddatur.</strong></span> <span class='ocrx_word' id='word_1_753' title='bbox 1409 5711 1526 5783; x_wconf 89' lang='lat'><strong>—-§</strong></span> <span class='ocrx_word' id='word_1_754' title='bbox 1551 5715 1598 5766; x_wconf 88' lang='grc'><strong>1.</strong></span> <span class='ocrx_word' id='word_1_755' title='bbox 1613 5712 1853 5766; x_wconf 89' lang='lat' dir='ltr'><strong>Omnem</strong></span> <span class='ocrx_word' id='word_1_756' title='bbox 1872 5728 2002 5767; x_wconf 91' lang='lat' dir='ltr'><strong>vero</strong></span> <span class='ocrx_word' id='word_1_757' title='bbox 2021 5713 2083 5768; x_wconf 91' lang='lat' dir='ltr'><strong>li-</strong></span> 
     </span>
    </p>
   </div>
   <div class='ocr_carea' id='block_1_103' title="bbox 454 5791 2083 5876">
    <p class='ocr_par' dir='ltr' id='par_1_103' title="bbox 454 5791 2083 5876">
     <span class='ocr_line' id='line_1_103' title="bbox 454 5791 2083 5876; baseline 0.01 -33"><span class='ocrx_word' id='word_1_758' title='bbox 454 5791 729 5876; x_wconf 81' lang='lat' dir='ltr'><strong>bertatem</strong></span> <span class='ocrx_word' id='word_1_759' title='bbox 741 5796 994 5853; x_wconf 88' lang='lat' dir='ltr'><strong>tollimus</strong></span> <span class='ocrx_word' id='word_1_760' title='bbox 1003 5802 1213 5855; x_wconf 87' lang='lat' dir='ltr'><strong>nostris</strong></span> <span class='ocrx_word' id='word_1_761' title='bbox 1224 5803 1558 5872; x_wconf 67' lang='lat' dir='ltr'><strong>praesidibus</strong></span> <span class='ocrx_word' id='word_1_762' title='bbox 1569 5803 1833 5859; x_wconf 88' lang='lat' dir='ltr'><strong>mittendi</strong></span> <span class='ocrx_word' id='word_1_763' title='bbox 1846 5803 1905 5859; x_wconf 94' lang='lat' dir='ltr'><strong>in</strong></span> <span class='ocrx_word' id='word_1_764' title='bbox 1917 5821 2083 5876; x_wconf 87' lang='lat' dir='ltr'><strong>agros</strong></span> 
     </span>
    </p>
   </div>
   <div class='ocr_carea' id='block_1_104' title="bbox 456 5875 2083 5967">
    <p class='ocr_par' dir='ltr' id='par_1_104' title="bbox 456 5875 2083 5967">
     <span class='ocr_line' id='line_1_104' title="bbox 456 5875 2083 5967; baseline 0.017 -43"><span class='ocrx_word' id='word_1_765' title='bbox 456 5875 924 5948; x_wconf 83' lang='lat' dir='ltr'><strong>discussores,aut</strong></span> <span class='ocrx_word' id='word_1_766' title='bbox 935 5886 1375 5959; x_wconf 85' lang='lat' dir='ltr'><strong>ratiocinatores,</strong></span> <span class='ocrx_word' id='word_1_767' title='bbox 1390 5895 1488 5947; x_wconf 90' lang='lat' dir='ltr'><strong>aut</strong></span> <span class='ocrx_word' id='word_1_768' title='bbox 1498 5895 1885 5965; x_wconf 58' lang='lat' dir='ltr'><strong>exequatores</strong></span> <span class='ocrx_word' id='word_1_769' title='bbox 1899 5875 2083 5967; x_wconf 85' lang='lat' dir='ltr'><strong>adpu-</strong></span> 
     </span>
    </p>
   </div>
   <div class='ocr_carea' id='block_1_105' title="bbox 2179 4681 3828 4754">
    <p class='ocr_par' dir='ltr' id='par_1_105' title="bbox 2179 4681 3828 4754">
     <span class='ocr_line' id='line_1_105' title="bbox 2179 4681 3828 4754; baseline 0.001 -17"><span class='ocrx_word' id='word_1_770' title='bbox 2179 4682 2225 4738; x_wconf 92' lang='lat' dir='ltr'><strong>si</strong></span> <span class='ocrx_word' id='word_1_771' title='bbox 2254 4681 2392 4754; x_wconf 89' lang='lat' dir='ltr'><strong>quid</strong></span> <span class='ocrx_word' id='word_1_772' title='bbox 2419 4682 2530 4737; x_wconf 92' lang='lat' dir='ltr'><strong>alio</strong></span> <span class='ocrx_word' id='word_1_773' title='bbox 2558 4686 2724 4753; x_wconf 90' lang='lat' dir='ltr'><strong>pacto</strong></span> <span class='ocrx_word' id='word_1_774' title='bbox 2751 4681 2823 4737; x_wconf 91' lang='lat' dir='ltr'><strong>sit</strong></span> <span class='ocrx_word' id='word_1_775' title='bbox 2847 4683 3252 4753; x_wconf 83' lang='lat' dir='ltr'><strong>excogitatum,</strong></span> <span class='ocrx_word' id='word_1_776' title='bbox 3273 4684 3373 4736; x_wconf 89' lang='lat' dir='ltr'><strong>aut</strong></span> <span class='ocrx_word' id='word_1_777' title='bbox 3399 4681 3573 4736; x_wconf 84' lang='lat' dir='ltr'><strong>etiam</strong></span> <span class='ocrx_word' id='word_1_778' title='bbox 3601 4684 3673 4739; x_wconf 92' lang='lat' dir='ltr'><strong>de</strong></span> <span class='ocrx_word' id='word_1_779' title='bbox 3701 4684 3828 4740; x_wconf 79' lang='lat' dir='ltr'><strong>civi-</strong></span> 
     </span>
    </p>
   </div>
   <div class='ocr_carea' id='block_1_106' title="bbox 2177 4775 3824 4848">
    <p class='ocr_par' dir='ltr' id='par_1_106' title="bbox 2177 4775 3824 4848">
     <span class='ocr_line' id='line_1_106' title="bbox 2177 4775 3824 4848; baseline 0.002 -18"><span class='ocrx_word' id='word_1_780' title='bbox 2177 4775 2325 4831; x_wconf 90' lang='lat' dir='ltr'><strong>libus</strong></span> <span class='ocrx_word' id='word_1_781' title='bbox 2354 4775 2786 4847; x_wconf 88' lang='lat' dir='ltr'><strong>quibuscunque</strong></span> <span class='ocrx_word' id='word_1_782' title='bbox 2817 4775 3230 4831; x_wconf 89' lang='lat' dir='ltr'><strong>controversiis.</strong></span> <span class='ocrx_word' id='word_1_783' title='bbox 3265 4775 3376 4831; x_wconf 91' lang='lat' dir='ltr'><strong>Sed</strong></span> <span class='ocrx_word' id='word_1_784' title='bbox 3409 4775 3577 4832; x_wconf 90' lang='lat' dir='ltr'><strong>liceat</strong></span> <span class='ocrx_word' id='word_1_785' title='bbox 3607 4779 3824 4848; x_wconf 89' lang='lat' dir='ltr'><strong>episco-</strong></span> 
     </span>
    </p>
   </div>
   <div class='ocr_carea' id='block_1_107' title="bbox 2179 4868 3828 4941">
    <p class='ocr_par' dir='ltr' id='par_1_107' title="bbox 2179 4868 3828 4941">
     <span class='ocr_line' id='line_1_107' title="bbox 2179 4868 3828 4941; baseline 0.001 -18"><span class='ocrx_word' id='word_1_786' title='bbox 2179 4886 2252 4940; x_wconf 90' lang='lat' dir='ltr'><strong>po</strong></span> <span class='ocrx_word' id='word_1_787' title='bbox 2289 4872 2346 4925; x_wconf 91' lang='lat' dir='ltr'><strong>et</strong></span> <span class='ocrx_word' id='word_1_788' title='bbox 2383 4869 2452 4923; x_wconf 92' lang='lat' dir='ltr'><strong>iis</strong></span> <span class='ocrx_word' id='word_1_789' title='bbox 2487 4869 2588 4940; x_wconf 90' lang='lat' dir='ltr'><strong>qui</strong></span> <span class='ocrx_word' id='word_1_790' title='bbox 2621 4868 2793 4940; x_wconf 88' lang='lat' dir='ltr'><strong>primi</strong></span> <span class='ocrx_word' id='word_1_791' title='bbox 2834 4873 2965 4922; x_wconf 87' lang='lat' dir='ltr'><strong>sunt</strong></span> <span class='ocrx_word' id='word_1_792' title='bbox 3003 4868 3123 4939; x_wconf 89' lang='lat' dir='ltr'><strong>ejus</strong></span> <span class='ocrx_word' id='word_1_793' title='bbox 3165 4869 3344 4938; x_wconf 89' lang='lat' dir='ltr'><strong>urbis,</strong></span> <span class='ocrx_word' id='word_1_794' title='bbox 3387 4875 3445 4925; x_wconf 90' lang='lat' dir='ltr'><strong>et</strong></span> <span class='ocrx_word' id='word_1_795' title='bbox 3483 4870 3828 4941; x_wconf 75' lang='lat' dir='ltr'><strong>praesidibus</strong></span> 
     </span>
    </p>
   </div>
   <div class='ocr_carea' id='block_1_108' title="bbox 2179 4962 3828 5035">
    <p class='ocr_par' dir='ltr' id='par_1_108' title="bbox 2179 4962 3828 5035">
     <span class='ocr_line' id='line_1_108' title="bbox 2179 4962 3828 5035; baseline 0 -17"><span class='ocrx_word' id='word_1_796' title='bbox 2179 4962 2616 5035; x_wconf 90' lang='lat' dir='ltr'><strong>provinciarum,</strong></span> <span class='ocrx_word' id='word_1_797' title='bbox 2650 4965 2707 5017; x_wconf 89' lang='lat' dir='ltr'><strong>et</strong></span> <span class='ocrx_word' id='word_1_798' title='bbox 2739 4962 3152 5034; x_wconf 90' lang='lat' dir='ltr'><strong>possessoribus</strong></span> <span class='ocrx_word' id='word_1_799' title='bbox 3181 4979 3245 5016; x_wconf 91' lang='lat' dir='ltr'><strong>ac</strong></span> <span class='ocrx_word' id='word_1_800' title='bbox 3280 4963 3497 5018; x_wconf 90' lang='lat' dir='ltr'><strong>civibus</strong></span> <span class='ocrx_word' id='word_1_801' title='bbox 3534 4963 3828 5020; x_wconf 88' lang='lat' dir='ltr'><strong>insinuata</strong></span> 
     </span>
    </p>
   </div>
   <div class='ocr_carea' id='block_1_109' title="bbox 2181 5055 3826 5128">
    <p class='ocr_par' dir='ltr' id='par_1_109' title="bbox 2181 5055 3826 5128">
     <span class='ocr_line' id='line_1_109' title="bbox 2181 5055 3826 5128; baseline 0 -17"><span class='ocrx_word' id='word_1_802' title='bbox 2181 5056 2370 5128; x_wconf 88' lang='lat' dir='ltr'><strong>aliqua</strong></span> <span class='ocrx_word' id='word_1_803' title='bbox 2397 5055 2602 5125; x_wconf 91' lang='lat' dir='ltr'><strong>forma,</strong></span> <span class='ocrx_word' id='word_1_804' title='bbox 2634 5055 2685 5110; x_wconf 91' lang='lat' dir='ltr'><strong>ei</strong></span> <span class='ocrx_word' id='word_1_805' title='bbox 2712 5055 2946 5127; x_wconf 90' lang='lat' dir='ltr'><strong>quidem</strong></span> <span class='ocrx_word' id='word_1_806' title='bbox 2974 5072 3090 5110; x_wconf 92' lang='lat' dir='ltr'><strong>non</strong></span> <span class='ocrx_word' id='word_1_807' title='bbox 3117 5055 3354 5125; x_wconf 90' lang='lat' dir='ltr'><strong>deferre,</strong></span> <span class='ocrx_word' id='word_1_808' title='bbox 3389 5057 3488 5112; x_wconf 91' lang='lat' dir='ltr'><strong>sed</strong></span> <span class='ocrx_word' id='word_1_809' title='bbox 3513 5058 3826 5128; x_wconf 88' lang='lat' dir='ltr'><strong>prohibere</strong></span> 
     </span>
    </p>
   </div>
   <div class='ocr_carea' id='block_1_110' title="bbox 2181 5149 3831 5224">
    <p class='ocr_par' dir='ltr' id='par_1_110' title="bbox 2181 5149 3831 5224">
     <span class='ocr_line' id='line_1_110' title="bbox 2181 5149 3831 5224; baseline 0 -18"><span class='ocrx_word' id='word_1_810' title='bbox 2181 5167 2245 5206; x_wconf 89' lang='lat' dir='ltr'><strong>ac</strong></span> <span class='ocrx_word' id='word_1_811' title='bbox 2265 5166 2520 5206; x_wconf 89' lang='lat' dir='ltr'><strong>coercere</strong></span> <span class='ocrx_word' id='word_1_812' title='bbox 2542 5165 2772 5204; x_wconf 91' lang='lat' dir='ltr'><strong>omnem</strong></span> <span class='ocrx_word' id='word_1_813' title='bbox 2801 5149 3152 5204; x_wconf 84' lang='lat' dir='ltr'><strong>exactionem</strong></span> <span class='ocrx_word' id='word_1_814' title='bbox 3178 5165 3530 5222; x_wconf 89' lang='lat' dir='ltr'><strong>omnemque</strong></span> <span class='ocrx_word' id='word_1_815' title='bbox 3552 5151 3672 5206; x_wconf 90' lang='lat' dir='ltr'><strong>vim</strong></span> <span class='ocrx_word' id='word_1_816' title='bbox 3699 5168 3831 5224; x_wconf 73' lang='lat' dir='ltr'><strong>quae</strong></span> 
     </span>
    </p>
   </div>
   <div class='ocr_carea' id='block_1_111' title="bbox 2183 5243 3832 5315">
    <p class='ocr_par' dir='ltr' id='par_1_111' title="bbox 2183 5243 3832 5315">
     <span class='ocr_line' id='line_1_111' title="bbox 2183 5243 3832 5315; baseline -0.002 -14"><span class='ocrx_word' id='word_1_817' title='bbox 2183 5261 2252 5301; x_wconf 89' lang='lat' dir='ltr'><strong>ex</strong></span> <span class='ocrx_word' id='word_1_818' title='bbox 2289 5261 2354 5300; x_wconf 91' lang='lat' dir='ltr'><strong>eo</strong></span> <span class='ocrx_word' id='word_1_819' title='bbox 2384 5243 2624 5300; x_wconf 89' lang='lat' dir='ltr'><strong>eveniat.</strong></span> <span class='ocrx_word' id='word_1_820' title='bbox 2659 5243 2985 5315; x_wconf 90' lang='lat' dir='ltr'><strong>Eademque</strong></span> <span class='ocrx_word' id='word_1_821' title='bbox 3014 5259 3181 5314; x_wconf 86' lang='lat' dir='ltr'><strong>poena</strong></span> <span class='ocrx_word' id='word_1_822' title='bbox 3207 5243 3420 5298; x_wconf 88' lang='lat' dir='ltr'><strong>afﬁciat</strong></span> <span class='ocrx_word' id='word_1_823' title='bbox 3444 5245 3832 5300; x_wconf 86' lang='lat' dir='ltr'><strong>sanctissimos</strong></span> 
     </span>
    </p>
   </div>
   <div class='ocr_carea' id='block_1_112' title="bbox 2183 5336 3834 5412">
    <p class='ocr_par' dir='ltr' id='par_1_112' title="bbox 2183 5336 3834 5412">
     <span class='ocr_line' id='line_1_112' title="bbox 2183 5336 3834 5412; baseline 0 -18"><span class='ocrx_word' id='word_1_824' title='bbox 2183 5339 2490 5410; x_wconf 89' lang='lat' dir='ltr'><strong>episcopos,</strong></span> <span class='ocrx_word' id='word_1_825' title='bbox 2518 5337 2626 5392; x_wconf 90' lang='lat' dir='ltr'><strong>nisi</strong></span> <span class='ocrx_word' id='word_1_826' title='bbox 2654 5336 2708 5392; x_wconf 91' lang='lat' dir='ltr'><strong>id</strong></span> <span class='ocrx_word' id='word_1_827' title='bbox 2739 5336 3156 5408; x_wconf 88' lang='lat' dir='ltr'><strong>prohibuerint.</strong></span> <span class='ocrx_word' id='word_1_828' title='bbox 3187 5368 3256 5376; x_wconf 89' lang='lat'><strong>—</strong></span> <span class='ocrx_word' id='word_1_829' title='bbox 3287 5337 3320 5409; x_wconf 86' lang='lat'>§</span> <span class='ocrx_word' id='word_1_830' title='bbox 3351 5338 3404 5392; x_wconf 76' lang='grc'><strong>4.</strong></span> <span class='ocrx_word' id='word_1_831' title='bbox 3443 5339 3556 5394; x_wconf 91' lang='lat' dir='ltr'><strong>Sed</strong></span> <span class='ocrx_word' id='word_1_832' title='bbox 3582 5344 3641 5395; x_wconf 91' lang='lat' dir='ltr'><strong>et</strong></span> <span class='ocrx_word' id='word_1_833' title='bbox 3670 5356 3834 5412; x_wconf 88' lang='lat' dir='ltr'><strong>opor-</strong></span> 
     </span>
    </p>
   </div>
   <div class='ocr_carea' id='block_1_113' title="bbox 2181 5429 3831 5504">
    <p class='ocr_par' dir='ltr' id='par_1_113' title="bbox 2181 5429 3831 5504">
     <span class='ocr_line' id='line_1_113' title="bbox 2181 5429 3831 5504; baseline 0.001 -17"><span class='ocrx_word' id='word_1_834' title='bbox 2181 5436 2263 5487; x_wconf 90' lang='lat' dir='ltr'><strong>tet</strong></span> <span class='ocrx_word' id='word_1_835' title='bbox 2287 5432 2636 5504; x_wconf 89' lang='lat' dir='ltr'><strong>episcopum,</strong></span> <span class='ocrx_word' id='word_1_836' title='bbox 2667 5447 2731 5486; x_wconf 93' lang='lat' dir='ltr'><strong>ac</strong></span> <span class='ocrx_word' id='word_1_837' title='bbox 2766 5435 2985 5503; x_wconf 90' lang='lat' dir='ltr'><strong>patrem</strong></span> <span class='ocrx_word' id='word_1_838' title='bbox 3016 5429 3272 5500; x_wconf 89' lang='lat' dir='ltr'><strong>civitatis,</strong></span> <span class='ocrx_word' id='word_1_839' title='bbox 3309 5433 3366 5486; x_wconf 89' lang='lat' dir='ltr'><strong>et</strong></span> <span class='ocrx_word' id='word_1_840' title='bbox 3394 5435 3636 5486; x_wconf 85' lang='lat' dir='ltr'><strong>caeteros</strong></span> <span class='ocrx_word' id='word_1_841' title='bbox 3665 5433 3831 5489; x_wconf 67' lang='lat' dir='ltr'><strong>bona:</strong></span> 
     </span>
    </p>
   </div>
   <div class='ocr_carea' id='block_1_114' title="bbox 2183 5524 3829 5598">
    <p class='ocr_par' dir='ltr' id='par_1_114' title="bbox 2183 5524 3829 5598">
     <span class='ocr_line' id='line_1_114' title="bbox 2183 5524 3829 5598; baseline 0 -18"><span class='ocrx_word' id='word_1_842' title='bbox 2183 5525 2464 5597; x_wconf 90' lang='lat' dir='ltr'><strong>opinionis</strong></span> <span class='ocrx_word' id='word_1_843' title='bbox 2491 5540 2840 5596; x_wconf 88' lang='lat' dir='ltr'><strong>possessores</strong></span> <span class='ocrx_word' id='word_1_844' title='bbox 2866 5524 3180 5595; x_wconf 90' lang='lat' dir='ltr'><strong>providere,</strong></span> <span class='ocrx_word' id='word_1_845' title='bbox 3213 5539 3286 5579; x_wconf 91' lang='lat' dir='ltr'><strong>ne</strong></span> <span class='ocrx_word' id='word_1_846' title='bbox 3322 5525 3479 5579; x_wconf 91' lang='lat' dir='ltr'><strong>locus</strong></span> <span class='ocrx_word' id='word_1_847' title='bbox 3507 5525 3720 5598; x_wconf 88' lang='lat' dir='ltr'><strong>aliquis</strong></span> <span class='ocrx_word' id='word_1_848' title='bbox 3755 5527 3829 5582; x_wconf 87' lang='lat' dir='ltr'><strong>ci-</strong></span> 
     </span>
    </p>
   </div>
   <div class='ocr_carea' id='block_1_115' title="bbox 2182 5617 3832 5692">
    <p class='ocr_par' dir='ltr' id='par_1_115' title="bbox 2182 5617 3832 5692">
     <span class='ocr_line' id='line_1_115' title="bbox 2182 5617 3832 5692; baseline 0 -19"><span class='ocrx_word' id='word_1_849' title='bbox 2182 5619 2304 5673; x_wconf 89' lang='lat' dir='ltr'><strong>vilis</strong></span> <span class='ocrx_word' id='word_1_850' title='bbox 2330 5623 2429 5674; x_wconf 90' lang='lat' dir='ltr'><strong>aut</strong></span> <span class='ocrx_word' id='word_1_851' title='bbox 2451 5618 2708 5690; x_wconf 90' lang='lat' dir='ltr'><strong>publicus</strong></span> <span class='ocrx_word' id='word_1_852' title='bbox 2733 5619 2900 5690; x_wconf 89' lang='lat' dir='ltr'><strong>juxta</strong></span> <span class='ocrx_word' id='word_1_853' title='bbox 2933 5633 3126 5673; x_wconf 88' lang='lat' dir='ltr'><strong>muros</strong></span> <span class='ocrx_word' id='word_1_854' title='bbox 3155 5617 3333 5688; x_wconf 91' lang='lat' dir='ltr'><strong>urbis,</strong></span> <span class='ocrx_word' id='word_1_855' title='bbox 3367 5623 3469 5673; x_wconf 90' lang='lat' dir='ltr'><strong>aut</strong></span> <span class='ocrx_word' id='word_1_856' title='bbox 3499 5619 3558 5673; x_wconf 91' lang='lat' dir='ltr'><strong>in</strong></span> <span class='ocrx_word' id='word_1_857' title='bbox 3592 5621 3832 5692; x_wconf 89' lang='lat' dir='ltr'><strong>publicis</strong></span> 
     </span>
    </p>
   </div>
   <div class='ocr_carea' id='block_1_116' title="bbox 2181 5712 3833 5786">
    <p class='ocr_par' dir='ltr' id='par_1_116' title="bbox 2181 5712 3833 5786">
     <span class='ocr_line' id='line_1_116' title="bbox 2181 5712 3833 5786; baseline 0.001 -20"><span class='ocrx_word' id='word_1_858' title='bbox 2181 5712 2510 5783; x_wconf 90' lang='lat' dir='ltr'><strong>porticibus,</strong></span> <span class='ocrx_word' id='word_1_859' title='bbox 2557 5717 2655 5767; x_wconf 91' lang='lat' dir='ltr'><strong>aut</strong></span> <span class='ocrx_word' id='word_1_860' title='bbox 2697 5713 2757 5767; x_wconf 90' lang='lat' dir='ltr'><strong>in</strong></span> <span class='ocrx_word' id='word_1_861' title='bbox 2805 5712 3030 5783; x_wconf 87' lang='lat' dir='ltr'><strong>plateis,</strong></span> <span class='ocrx_word' id='word_1_862' title='bbox 3082 5717 3180 5766; x_wconf 90' lang='lat' dir='ltr'><strong>aut</strong></span> <span class='ocrx_word' id='word_1_863' title='bbox 3231 5712 3292 5766; x_wconf 90' lang='lat' dir='ltr'><strong>in</strong></span> <span class='ocrx_word' id='word_1_864' title='bbox 3338 5728 3690 5786; x_wconf 88' lang='lat' dir='ltr'><strong>quocunque</strong></span> <span class='ocrx_word' id='word_1_865' title='bbox 3725 5714 3833 5768; x_wconf 85' lang='lat' dir='ltr'><strong>alio</strong></span> 
     </span>
    </p>
   </div>
   <div class='ocr_carea' id='block_1_117' title="bbox 2181 5805 3832 5879">
    <p class='ocr_par' dir='ltr' id='par_1_117' title="bbox 2181 5805 3832 5879">
     <span class='ocr_line' id='line_1_117' title="bbox 2181 5805 3832 5879; baseline 0 -19"><span class='ocrx_word' id='word_1_866' title='bbox 2181 5807 2304 5860; x_wconf 92' lang='lat' dir='ltr'><strong>loco</strong></span> <span class='ocrx_word' id='word_1_867' title='bbox 2345 5805 2415 5860; x_wconf 90' lang='lat' dir='ltr'><strong>ab</strong></span> <span class='ocrx_word' id='word_1_868' title='bbox 2453 5805 2641 5877; x_wconf 92' lang='lat' dir='ltr'><strong>aliquo</strong></span> <span class='ocrx_word' id='word_1_869' title='bbox 2674 5805 2921 5862; x_wconf 89' lang='lat' dir='ltr'><strong>indebite</strong></span> <span class='ocrx_word' id='word_1_870' title='bbox 2959 5805 3334 5878; x_wconf 88' lang='lat' dir='ltr'><strong>possideatur,</strong></span> <span class='ocrx_word' id='word_1_871' title='bbox 3380 5822 3526 5862; x_wconf 90' lang='lat' dir='ltr'><strong>neve</strong></span> <span class='ocrx_word' id='word_1_872' title='bbox 3568 5807 3832 5879; x_wconf 89' lang='lat' dir='ltr'><strong>publicus</strong></span> 
     </span>
    </p>
   </div>
   <div class='ocr_carea' id='block_1_118' title="bbox 2182 5897 3586 5957">
    <p class='ocr_par' dir='ltr' id='par_1_118' title="bbox 2182 5897 3586 5957">
     <span class='ocr_line' id='line_1_118' title="bbox 2182 5897 3586 5957; baseline 0.001 -2"><span class='ocrx_word' id='word_1_873' title='bbox 2182 5899 2337 5955; x_wconf 90' lang='lat' dir='ltr'><strong>locus</strong></span> <span class='ocrx_word' id='word_1_874' title='bbox 2361 5898 2526 5955; x_wconf 88' lang='lat' dir='ltr'><strong>alicui</strong></span> <span class='ocrx_word' id='word_1_875' title='bbox 2555 5897 2672 5955; x_wconf 90' lang='lat' dir='ltr'><strong>sine</strong></span> <span class='ocrx_word' id='word_1_876' title='bbox 2697 5902 2890 5957; x_wconf 89' lang='lat' dir='ltr'><strong>nostra</strong></span> <span class='ocrx_word' id='word_1_877' title='bbox 2918 5915 3074 5957; x_wconf 87' lang='lat' dir='ltr'><strong>sacra</strong></span> <span class='ocrx_word' id='word_1_878' title='bbox 3097 5899 3278 5957; x_wconf 87' lang='lat' dir='ltr'><strong>forma</strong></span> <span class='ocrx_word' id='word_1_879' title='bbox 3306 5900 3586 5956; x_wconf 89' lang='lat' dir='ltr'><strong>tradatur.</strong></span> 
     </span>
    </p>
   </div>
  </div>
