4032 6232
223 325 360 377 1077

949 323 1312 381 JUSTINIANI
1353 323 1561 381 LEGES
1598 323 1932 378 SELECTIE.
1976 322 2102 377 LIB.
2146 323 2187 388 l,
2231 321 2354 377 ΤΙΤ.
2396 322 2482 388 IV,
2524 323 2654 377 LEX
2692 324 2871 378 XXIX.

3456 324 3587 380 1078

288 431 318 505 §
349 437 399 488 5.
443 432 600 487 Idem
643 431 935 504 inquirant
985 433 1054 489 de
1107 451 1389 506 aquarum
1433 433 1848 501 distributione,
1874 443 1933 518 Α
1953 431 2056 489 ctis
2076 431 2402 503 Scripturis,
2437 432 2759 504 depromat,
2783 435 2966 488 omnia
2991 447 3046 488 se
3069 437 3206 489 recte
3226 437 3408 489 etcum
3427 437 3585 490 utili-

209 543 342 598 quaa
371 542 531 580 sacra
555 526 743 598 aliqua
773 527 959 581 forma
984 527 1192 600 cuique
1219 528 1520 602 pertineat,
1557 532 1622 583 ut
1658 545 1729 584 ne
1759 529 1852 584 hic

207 621 362 691 plus,
390 619 487 674 ille
521 619 712 674 minus
741 619 964 687 habeat,
1001 637 1174 692 quam
1213 622 1264 678 ei
1297 621 1588 694 competit.
1625 653 1693 662 —-
1734 620 1764 693 §
1794 625 1847 677 6.

209 715 408 785 Neque
441 729 573 768 vero
617 712 998 784 lidejussionis
1027 731 1216 781 causa,
1244 719 1342 771 aut
1388 732 1560 787 supra
1599 713 1851 770 mandati

206 806 462 862 formam
509 809 733 890 nostrps
772 806 1051 877 subjectos
1082 806 1229 863 afﬁci
1274 813 1624 879 pateremur,
1666 808 1765 863 sed
1803 807 1849 864 si

209 900 450 971 quidem
472 899 794 955 immobiles
815 916 903 955 res
921 901 1169 956 habeant
1185 901 1432 968 idoneas,
1443 901 1848 972 jusjurandum

208 997 439 1048 tantum
479 998 770 1064 prasstent,
811 998 867 1048 et
896 994 1354 1060 conscribantur;
1391 993 1478 1047 sin
1515 998 1706 1048 autem
1734 1011 1850 1048 non

207 1086 480 1152 habeant,
514 1102 694 1157 usque
732 1086 804 1140 ad
838 1087 1172 1158 quantitatis
1210 1086 1660 1156 aestimationem,
1706 1087 1846 1142 iide-

198 1179 527 1249 jussionem
550 1179 670 1232 sine
696 1179 814 1234 ullo
841 1180 1050 1234 damno
1079 1180 1396 1252 praebeant.
1435 1179 1490 1234 Si
1520 1196 1651 1234 vero
1681 1179 1845 1234 dubi-

205 1271 458 1327 taverint
485 1275 775 1327 exactores
799 1273 868 1328 de
894 1273 1288 1344 ﬁdejussorum
1319 1273 1447 1340 ﬁde,
1484 1272 1848 1328 facultatibus

203 1370 304 1418 aut
332 1365 618 1432 cautione,
652 1365 709 1419 in
737 1366 1002 1422 eumdem
1033 1367 1216 1421 locum
1243 1365 1698 1437 religiosissimus
1724 1366 1845 1438 epi-

204 1474 433 1530 scopus,
468 1462 525 1512 et
561 1461 749 1529 patres
785 1459 1046 1530 civitatis,
1081 1476 1146 1514 ac
1177 1459 1440 1515 defensor
1481 1459 1844 1529 conveniant,

199 1568 266 1605 ac
297 1552 638 1618 decernant,
663 1568 738 1606 an
763 1551 999 1606 idoneus
1020 1568 1140 1607 esse
1156 1552 1457 1624 ﬁdejussor
1485 1551 1746 1607 videatur
1759 1569 1846 1606 us-

200 1661 316 1715 que
346 1644 422 1698 ad
449 1644 828 1716 quantitatem
848 1645 916 1700 de
937 1663 1048 1718 qua
1071 1645 1280 1716 agitur,
1310 1651 1367 1701 et
1387 1661 1612 1701 necesse
1641 1645 1848 1701 habeat

203 1741 438 1792 exactor
465 1738 749 1809 suscipere
771 1753 903 1793 eum
932 1739 992 1792 in
1011 1738 1422 1809 ﬁdejussorem,
1447 1738 1547 1810 qui
1571 1739 1714 1794 nihil
1740 1755 1844 1810 pro

1953 529 2062 582 tate
2077 528 2279 594 furiosi
2303 542 2505 596 gerere,
2535 542 2705 596 neque
2718 529 3132 597 pratermittere
3156 543 3276 596 qua
3293 530 3462 584 utilia
3479 544 3588 584 esse

1949 622 2158 688 furioso
2182 623 2481 690 putaverit,
2524 636 2694 690 neque
2725 620 3010 675 admittere
3039 636 3102 676 ea
3129 635 3249 691 qua
3283 637 3389 676 non
3424 623 3586 678 utilia

1947 715 2155 782 furioso
2182 728 2290 768 esse
2319 715 2748 779 existimaverit;
2793 716 2870 780 et,
2904 713 3221 769 inventario
3261 731 3391 770 cum
3430 715 3586 770 omni

1951 806 2260 862 subtilitate
2280 805 2500 877 publice
2527 806 2869 878 conscripto,
2898 822 2986 862 res
3005 807 3293 879 suscipiat,
3318 813 3375 864 et
3391 825 3586 864 secun-

1950 899 2091 955 dum
2113 900 2201 953 sui
2232 898 2564 970 opinionem
2591 899 2855 971 disponat
2890 900 2993 955 sub
3024 900 3346 972 hypotheca
3386 919 3583 958 rerum

1951 991 2025 1048 ad
2054 1008 2187 1047 eum
2216 991 2652 1064 pertinentium,
2680 993 2750 1048 ad
2779 992 3214 1048 similitudinem
3238 997 3498 1049 tutorum
3526 999 3583 1050 et

1950 1090 2278 1142 curatorum
2303 1085 2498 1140 adulti.
2531 1086 2632 1142 Sin
2668 1090 2860 1142 autem
2895 1091 3303 1142 testamentum
3338 1087 3580 1158 quidem

1949 1195 2157 1251 parens
2187 1195 2303 1233 non
2321 1179 2648 1249 confecerit,
2677 1180 2771 1234 lex
2796 1185 2988 1235 autem
3007 1183 3350 1248 curatorem,
3381 1183 3579 1253 utpote

1947 1276 2242 1344 agnatum,
2267 1272 2567 1342 vocaverit,
2589 1273 2696 1339 vel,
2715 1290 2782 1327 eo
2807 1278 3079 1341 cessante,
3102 1277 3200 1328 aut
3224 1290 3340 1328 non
3366 1273 3578 1330 idoneo

1946 1365 2182 1420 forsitan
2209 1365 2503 1434 existente,
2525 1365 2860 1437 exjudiciali
2883 1366 3158 1421 electione
3176 1370 3496 1422 curatorem
3525 1367 3578 1422 ei

1949 1459 2082 1514 dare
2102 1475 2331 1513 necesse
2349 1458 2543 1526 fuerit,
2559 1463 2692 1513 tunc
2707 1458 2924 1513 scilicet
2941 1463 2998 1513 et
3023 1459 3082 1514 in
3103 1459 3404 1530 provinciis
3425 1461 3576 1531 apud

1946 1551 2216 1623 praasides
2234 1551 2622 1622 cujuscunque
2644 1551 2974 1623 provincias,
2999 1555 3057 1606 et
3071 1553 3255 1606 virum
3272 1553 3579 1624 religiosis-

1946 1644 2154 1698 simum
2184 1644 2516 1715 episcopum
2557 1644 2817 1711 civitatis,
2851 1661 3090 1718 necnon
3125 1651 3241 1700 tres
3285 1646 3574 1717 primates,

1947 1736 2156 1792 creatio
2182 1736 2490 1808 procedat;
2521 1736 2600 1791 ita
2627 1740 2708 1806 ut,
2738 1737 2785 1790 si
2813 1737 3047 1808 quidem
3073 1743 3300 1792 curator
3326 1738 3580 1794 substan-

201 1830 571 1900 ﬁdejussione
589 1835 1053 1886 autsacramento
1068 1832 1378 1903 praestabit,
1398 1809 1784 1904 praeterquam
1801 1832 1846 1886 si
1865 1809 1922 1881 Β
1947 1829 2085 1885 tiam
2101 1830 2377 1885 idoneam
2406 1830 2672 1900 possidet,
2693 1835 2748 1886 et
2774 1829 3154 1886 sufﬁcientem
3173 1831 3247 1885 ad
3277 1831 3453 1886 fidem
3480 1848 3580 1904 gu-

200 1924 424 1995 privata
462 1929 675 1991 nostra,
711 1929 808 1978 aut
842 1925 1181 1996 cujusquam
1211 1925 1583 1996 magistratus
1613 1925 1845 1996 majoris

194 2016 457 2086 jussione
477 2033 768 2086 personam
792 2018 1091 2072 ducendam
1125 2033 1252 2080 esse,
1276 2019 1578 2088 ﬁdejussori
1598 2034 1704 2073 non
1735 2034 1844 2074 esse

201 2110 534 2164 credendum
548 2110 1062 2165 decernatur.Tunc
1077 2111 1231 2165 enim
1242 2111 1431 2166 licebit
1447 2111 1693 2166 exactori
1707 2111 1842 2166 fide-

194 2203 490 2273 jussorem
512 2219 630 2257 non
656 2203 929 2274 accipere,
948 2203 1008 2257 id
1024 2219 1158 2258 vero
1185 2221 1354 2275 agere
1375 2204 1495 2259 sine
1518 2204 1634 2259 ullo
1663 2202 1838 2260 detri-

197 2300 418 2350 mento.
449 2298 733 2352 Caeterum
754 2297 955 2351 eadem
981 2297 1160 2351 multa
1189 2297 1451 2352 adversus
1484 2296 1838 2368 religiosissi-

196 2406 364 2444 mum
379 2390 713 2460 episcopum
740 2393 796 2444 et
812 2389 1192 2444 clarissimum
1216 2389 1518 2460 provincia
1536 2390 1838 2461 priesidem

197 2483 538 2554 imponitur,
553 2482 598 2536 si
614 2483 752 2554 quid
767 2498 968 2538 eorum
984 2482 1304 2554 transgredi
1328 2483 1477 2555 passi
1493 2483 1725 2552 fuerint,
1740 2488 1839 2539 aut

196 2575 241 2628 si
279 2593 414 2630 cum
457 2579 874 2646 transgressum
905 2576 1154 2644 erit,non
1183 2575 1242 2630 id
1275 2576 1464 2631 statim
1486 2577 1839 2632 renuntiave-

196 2667 446 2739 rint.—§
465 2670 715 2740 7.Neque
735 2669 906 2724 etiam
920 2669 1210 2740 patiantur
1221 2670 1420 2740 utplus
1433 2670 1666 2725 definita
1677 2673 1836 2742 parte

193 2779 225 2815 a
251 2766 455 2816 nostra
476 2763 882 2817 constitutione
908 2780 1011 2834 pro
1031 2762 1298 2834 sportulis
1321 2763 1666 2834 accipiatur;
1691 2781 1834 2818 neve

192 2856 502 2926 descriptio
522 2856 595 2910 ob
616 2856 864 2927 aliquam
882 2856 1185 2911 causamin
1199 2855 1514 2910 civitatibus
1530 2857 1630 2910 ﬁat
1643 2857 1747 2912 nisi
1762 2858 1834 2913 ob

191 2949 322 3003 illas
335 2951 584 3015 tantum,
604 2966 742 3020 quas
763 2966 932 3021 supra
951 2949 1436 3016 enumeravimus,
1454 2950 1830 3006 renuntiatio-

192 3059 295 3096 nes
316 3042 772 3113 processionum,
789 3043 1281 3111 constitutionum,
1305 3042 1451 3098 sacri
1473 3045 1530 3098 et
1553 3044 1833 3113 generalis

190 3136 643 3206 commonitorii,
680 3143 779 3194 aut
813 3141 1033 3208 formae,
1077 3144 1177 3196 aut
1200 3141 1543 3212 litterarum,
1577 3144 1634 3196 et
1663 3141 1830 3213 hujus
1849 3171 1904 3248 Ο

189 3233 351 3288 υ]οῶ
387 3233 648 3288 omnium
687 3250 903 3302 rerum,
940 3233 1011 3288 de
1040 3233 1245 3305 quibus
1284 3239 1458 3289 antea
1500 3235 1824 3290 sanximus:

190 3326 332 3380 item
351 3343 477 3396 quae
505 3329 736 3398 propter
759 3343 920 3381 suam
950 3328 1463 3395 conservationem,
1484 3331 1656 3398 atque
1675 3327 1828 3382 salu-

189 3426 307 3475 tem
327 3420 475 3474 cives
497 3421 684 3474 facere
707 3418 989 3475 voluerint
1009 3421 1080 3474 ad
1103 3436 1278 3491 opera
1298 3422 1444 3474 forte
1466 3420 1715 3492 publica,
1744 3421 1830 3476 vel

188 3513 258 3566 ad
309 3512 605 3580 si‘toniam,
645 3514 728 3568 vel
767 3514 839 3567 ad
878 3513 1050 3567 aliam
1105 3513 1362 3585 quamvis
1400 3530 1650 3582 causam,
1700 3531 1827 3586 quae

189 3605 460 3660 omnibus
503 3606 723 3677 placeat
768 3610 1006 3677 propter
1052 3606 1208 3660 urbis
1245 3607 1531 3661 honorem
1575 3606 1718 3675 fieri,
1762 3623 1828 3660 ex

187 3715 302 3769 quo
332 3699 655 3770 respublica
695 3699 1017 3769 adjuvetur.
1049 3701 1259 3756 Contra
1288 3715 1383 3754 eos
1409 3715 1543 3754 vero
1579 3699 1678 3770 qui
1705 3699 1827 3753 haec

187 3792 514 3862 transgredi
569 3792 934 3859 tentaverint,
978 3795 1034 3845 et
1078 3793 1123 3846 si
1153 3792 1227 3846 ad
1264 3809 1367 3846 nos
1408 3791 1828 3863 religiosissimi

185 3885 443 3956 episcopi
459 3885 520 3939 id
544 3902 659 3939 non
683 3885 1003 3952 retulerint,
1027 3902 1095 3941 ea
1124 3889 1421 3941 serventur
1448 3901 1576 3956 quas
1605 3888 1774 3941 antea
1793 3902 1827 3940 a

184 3979 350 4033 nobis
373 3978 732 4033 commonita
762 3983 915 4033 sunt.
933 4011 1004 4019 ——
1032 3978 1062 4051 §
1093 3982 1144 4034 8.
1169 3982 1354 4050 Atque
1385 3981 1613 4050 oportet
1637 3979 1826 4051 singu-

183 4073 373 4126 larum
395 4071 625 4126 urbium
649 4072 748 4125 Dei
772 4072 1198 4128 amantissimos
1220 4073 1532 4144 episcopos,
1554 4088 1684 4126 cum
1708 4088 1827 4126 om-

185 4166 275 4220 nia
303 4165 681 4236 cognoverint
709 4181 838 4236 quaz
867 4182 900 4219 a
931 4166 1095 4220 nobis
1122 4166 1190 4221 de
1226 4165 1316 4220 his
1349 4165 1519 4219 rebus
1553 4164 1824 4236 disposita

181 4263 338 4324 sunt,
375 4263 433 4312 et
464 4258 534 4312 de
562 4261 908 4312 metatorum
946 4259 1254 4326 exactione,
1290 4264 1347 4314 et
1381 4258 1451 4313 de
1485 4257 1823 4328 rapinarum

185 4351 596 4422 prohibitione,
628 4369 691 4405 ac
723 4352 793 4406 de
823 4352 1044 4406 caeteris
1077 4352 1246 4407 rebus
1279 4369 1406 4423 quas
1441 4355 1632 4406 nostra
1667 4367 1823 4406 sacra

180 4443 594 4500 constitutione
639 4445 1024 4511 continentur,
1076 4462 1204 4516 qua:
1249 4445 1318 4500 de
1362 4445 1628 4500 omnibus
1671 4443 1824 4499 edita

1945 1922 2319 1990 bernationis,
2357 1923 2478 1978 sine
2509 1923 2703 1994 aliqua
2737 1923 3104 1978 satisdatione
3134 1923 3346 1979 creatio
3374 1942 3574 1997 proce-

1943 2017 2058 2071 dat.
2081 2017 2178 2072 Sin
2199 2020 2395 2071 autem
2425 2033 2540 2070 non
2552 2015 2686 2070 talis
2711 2031 2916 2070 census
2936 2016 2984 2086 ej
2995 2033 3057 2070 us
3071 2015 3416 2085 inveniatur,
3440 2023 3578 2074 tunc

1942 2115 1999 2164 et
2017 2109 2330 2181 tidejussio,
2353 2109 2412 2164 in
2443 2113 2725 2180 quantum
2755 2108 3021 2180 possibile
3053 2114 3158 2180 est,
3183 2110 3254 2164 ab
3283 2127 3351 2165 eo
3380 2111 3572 2182 explo-

1939 2206 2124 2268 retur;
2171 2202 2462 2257 creatione
2514 2200 2784 2268 omnino,
2843 2203 3214 2257 sacrosanctis
3269 2203 3574 2275 Scripturis

1939 2295 2259 2369 propositis,
2295 2296 2355 2350 in
2383 2295 2546 2350 omni
2599 2312 2772 2350 causa
2811 2295 3177 2364 celebranda;
3221 2296 3344 2367 ipso
3379 2302 3574 2352 autem

1939 2394 2221 2456 curatore,
2253 2389 2643 2461 cujuscunque
2671 2387 3002 2467 substantias
3030 2390 3122 2443 vel
3152 2389 3448 2460 dignitatis
3477 2391 3568 2459 sit,

1936 2483 2243 2554 praefatum
2267 2486 2687 2538 sacramentum
2717 2498 2824 2554 pro
2865 2481 3082 2536 utiliter
3107 2482 3276 2537 rebus
3303 2483 3571 2554 gerendis

1937 2578 2270 2648 praestante,
2301 2581 2359 2631 et
2385 2576 2771 2632 inventarium
2799 2576 3028 2647 publice
3054 2575 3482 2642 conscribente;
3515 2581 3574 2632 et

1937 2670 2259 2741 hypotheca
2286 2686 2482 2724 rerum
2504 2670 2784 2725 curatoris
2808 2669 2999 2724 modis
3014 2669 3281 2724 omnibus
3300 2669 3573 2725 adhiben-

1937 2761 2027 2830 da,
2048 2765 2328 2832 quatenus
2355 2779 2446 2817 res
2472 2763 2693 2833 possint
2718 2762 2915 2817 furiosi
2945 2762 3201 2832 undique
3230 2762 3444 2818 utiliter
3470 2779 3572 2834 gu-

1932 2854 2182 2910 bernari.
2216 2855 2420 2910 Datum
2469 2855 2594 2910 Kal.
2646 2856 2802 2927 Sept.
2847 2854 3231 2922 Constantin.,
3265 2855 3463 2928 Lamp.
3511 2859 3569 2912 et

1933 2948 2127 3005 Oreste
2155 2964 2244 3003 vv.
2271 2964 2352 3002 cc.
2382 2964 2524 3004 coss.
2559 2951 2681 3004 530.

2560 3047 2687 3101 LEX
2712 3047 2934 3102 XXVIII.

2001 3133 2158 3189 Idem
2185 3137 2474 3206 Augustus
2500 3134 2722 3190 Iuliano
2743 3137 2804 3190 P.
2829 3137 2890 3190 P.

1997 3224 2138 3278 Tam
2181 3223 2466 3278 dementis
2507 3241 2685 3295 quam
2719 3225 2921 3280 furiosi
2951 3224 3140 3296 liberi,
3171 3225 3562 3296 cujuscunque

1929 3333 2115 3384 sexus,
2153 3321 2394 3388 possunt
2429 3317 2715 3389 legitimas
2760 3319 3104 3374 contrahere
3155 3317 3404 3391 nuptias,
3440 3320 3560 3372 tam

1931 3409 2061 3464 dote
2086 3426 2256 3480 quam
2277 3416 2408 3466 ante
2431 3412 2660 3482 nuptias
2681 3411 2995 3468 donatione
3025 3430 3059 3468 a
3085 3418 3342 3468 curatore
3362 3428 3561 3468 eorum

1927 3504 2250 3574 praestanda
2273 3521 2286 3558 :
2310 3504 2690 3560 aestimatione
2711 3508 2910 3560 tamen
2931 3506 2990 3560 in
3011 3507 3118 3561 hac
3138 3506 3374 3578 quidem
3401 3505 3561 3577 regia

1929 3596 2070 3650 urbe
2102 3597 2560 3652 excellentissimi
2587 3598 2840 3669 prastecti
2868 3599 3017 3667 urbi,
3047 3599 3104 3653 in
3133 3598 3436 3670 provinciis
3465 3615 3561 3653 au-

1927 3691 2048 3743 tem
2090 3689 2341 3744 virorum
2390 3690 2838 3746 clarissimorum
2881 3708 3078 3746 earum
3118 3691 3427 3763 prtesidum
3471 3693 3560 3746 vel

1925 3783 2183 3838 locorum
2207 3782 2544 3852 antistitum,
2565 3787 2686 3839 tam
2703 3784 2974 3856 opinione
2993 3801 3250 3856 personae
3264 3800 3437 3856 quam
3455 3784 3556 3839 do-

1925 3875 1999 3930 tis
2021 3875 2436 3944 moderatione,
2466 3880 2524 3931 et
2541 3881 2673 3932 ante
2700 3877 2930 3950 nuptias
2949 3877 3294 3946 donationis,
3309 3880 3558 3933 statuen-
3624 3927 3627 3929 _

1927 3968 2025 4036 da;
2059 3969 2436 4040 praesentibus
2451 3974 2568 4025 tam
2586 3971 2941 4026 curatoribus
2970 3971 3252 4027 dementis
3274 3987 3450 4044 quam
3472 3972 3558 4026 fu-

1922 4061 2078 4133 riosi,
2124 4079 2354 4118 necnon
2387 4063 2476 4117 his
2511 4063 2608 4136 qui
2647 4080 2716 4120 ex
2747 4082 2962 4137 genere
2995 4082 3198 4122 eorum
3244 4065 3556 4121 nobiliores

1925 4163 2084 4229 sunt;
2113 4161 2193 4217 ita
2219 4163 2434 4230 tamen,
2450 4165 2512 4216 ut
2527 4162 2688 4216 nulla
2709 4179 2774 4217 ex
2800 4163 2908 4218 hac
2935 4180 3104 4219 causa
3128 4163 3362 4233 oriatur,
3377 4165 3465 4219 vel
3496 4164 3556 4219 in

1923 4254 2030 4309 hac
2059 4255 2218 4327 regia
2244 4255 2406 4323 urbe,
2438 4255 2527 4311 vel
2554 4255 2616 4310 in
2642 4257 2944 4327 provinciis
2966 4257 3194 4328 jactura
3225 4258 3556 4314 substantia:

1923 4347 2138 4415 furiosi,
2166 4347 2257 4403 vel
2287 4347 2592 4418 dementis,
2607 4351 2691 4404 vel
2709 4354 2903 4406 mente
2924 4350 3094 4421 capti,
3114 4351 3216 4405 sed
3232 4351 3406 4422 gratis
3427 4368 3552 4406 om-

1923 4440 2019 4495 nia
2042 4441 2371 4512 procedant,
2410 4459 2482 4497 ne
2504 4443 2617 4498 tale
2639 4443 2940 4498 hominum
2966 4443 3345 4500 infortunium
3381 4444 3553 4500 etiam

183 4543 290 4606 est,
318 4539 499 4592 ﬁnem
535 4540 952 4609 competentem
990 4538 1308 4610 imponant.
1339 4540 1544 4594 Datum
1576 4555 1674 4594 vm
1710 4538 1820 4593 Ka-
1842 4541 1902 4614 D
1926 4550 2303 4605 expensarum
2331 4535 2676 4591 detrimento
2705 4540 3116 4608 praegravetur.

180 4632 338 4686 lend.
367 4631 500 4698 Jul.,
532 4632 822 4701 Chalced.,
853 4632 1124 4703 Lampad.
1155 4648 1270 4687 cos.
1306 4635 1426 4688 530.

819 4731 944 4784 LEX
985 4731 1180 4784 XXVII.

253 4819 416 4881 Idem
447 4821 736 4889 Augustus
749 4818 972 4874 Juliano
997 4819 1056 4872 P.
1086 4820 1145 4872 P.

252 4913 335 4967 De
370 4911 752 4966 creationibus
772 4918 1122 4980 curatorum,
1147 4911 1246 4982 qui
1272 4909 1496 4966 furiosis
1522 4911 1823 4984 utriusque

181 5023 348 5061 sexus
381 5005 608 5073 dantur,
649 5005 1036 5060 necessarium
1077 5005 1240 5059 nobis
1266 5005 1450 5058 visum
1493 5008 1578 5059 est
1612 5005 1820 5060 consti-

182 5105 343 5156 tuere
389 5099 883 5171 quemadmodum
923 5115 1016 5154 eas
1043 5098 1319 5154 celebrari
1350 5101 1634 5169 oporteat.
1664 5099 1752 5166 Et,
1779 5098 1824 5152 si

181 5194 421 5266 quidem
435 5196 599 5264 pater
619 5196 945 5248 curatorem
963 5192 1179 5248 furioso
1196 5193 1284 5248 vel
1300 5191 1529 5247 furiosa).
1544 5191 1602 5246 in
1621 5192 1822 5246 ultimo

182 5287 379 5360 elogio
405 5285 732 5341 hmredibus
763 5285 1034 5341 institutis
1062 5287 1150 5341 vel
1176 5285 1552 5340 exhaaredatis
1581 5285 1820 5349 dederit,

182 5381 281 5436 ubi
321 5384 379 5434 et
424 5380 853 5451 ﬁdejussionem
911 5397 1129 5435 cessare
1167 5395 1394 5434 necesse
1429 5383 1534 5444 est,
1580 5382 1822 5450 paterno

180 5473 518 5529 testimonio
544 5491 648 5545 pro
675 5475 798 5544 ejus
818 5473 1186 5528 satisdatione
1209 5472 1550 5537 sufﬁciente,
1576 5471 1696 5542 ipse
1725 5471 1824 5542 qui

178 5567 354 5624 datus
385 5570 470 5622 est
498 5568 570 5622 ad
593 5567 954 5622 curationem
982 5565 1306 5638 perveniat:
1339 5565 1419 5619 ita
1440 5574 1656 5634 tamen,
1681 5569 1744 5619 ut
1764 5563 1822 5619 in

181 5659 496 5733 provinciis
523 5661 675 5734 apud
713 5659 986 5732 praesides
1022 5675 1242 5727 earum,
1270 5662 1554 5730 prmsente
1592 5657 1674 5712 eis
1706 5662 1824 5712 tam

161 5755 308 5809 'viro
349 5753 784 5825 religiosissimo
824 5753 1081 5808 locorum
1127 5753 1397 5819 antistite,
1433 5767 1610 5824 quam
1640 5750 1823 5806 tribus

182 5848 556 5920 primatibus,
589 5847 729 5905 actis
766 5845 1293 5918 intervenientibus,
1333 5846 1496 5903 tactis
1526 5860 1821 5902 sacrosan-

2567 4634 2694 4688 LEX
2733 4635 2889 4690 XXIX

1995 4719 2152 4776 Idem
2182 4720 2472 4791 Augustus
2497 4720 2722 4776 Juliano
2747 4723 2807 4778 P.
2839 4723 2900 4777 P.

1996 4813 2289 4869 Sancimus
2321 4818 2384 4869 ut
2413 4830 2586 4870 nemo
2612 4815 2953 4870 venerabilis
2989 4815 3230 4872 clericus
3265 4816 3335 4873 ab
3358 4819 3554 4892 aliquo

1925 4907 2040 4962 sive
2067 4907 2290 4976 clerico,
2323 4906 2438 4961 sive
2472 4908 2618 4964 laico
2647 4908 2716 4963 ab
2761 4909 2925 4965 initio
2954 4911 3106 4982 apud
3151 4911 3553 4969 beatissimum

1923 5000 2228 5075 provinciae
2269 4999 2660 5057 Patriarcham
2697 5009 3016 5073 accusetur,
3060 5005 3163 5060 sed
3201 5007 3358 5078 prius
3396 5007 3558 5078 juxta

1925 5112 2085 5151 sacra
2110 5093 2370 5149 instituta
2397 5096 2549 5167 apud
2579 5097 2912 5170 episcopum
2946 5099 3188 5155 civitatis
3214 5100 3274 5154 in
3303 5117 3417 5172 qua
3448 5102 3558 5156 cle-

1924 5189 2075 5245 ricus
2107 5192 2401 5256 versatur;
2434 5193 2578 5257 tum,
2611 5190 2657 5244 si
2686 5190 2731 5245 is
2767 5196 3064 5264 suspectus
3093 5196 3195 5259 est,
3244 5193 3398 5265 apud
3432 5211 3554 5249 me-

1923 5283 2344 5355 tropolitanum
2373 5283 2701 5356 episcopum
2724 5301 2887 5340 reum
2915 5291 3082 5356 agat;
3115 5287 3213 5340 sed
3241 5287 3286 5341 si
3310 5286 3458 5344 forte
3485 5305 3557 5344 ne

1927 5375 1979 5430 ei
2009 5377 2239 5448 quidem
2259 5377 2541 5432 accusatio
2563 5377 2856 5448 placuerit,
2881 5377 2953 5432 ad
2973 5394 3195 5432 sacram
3215 5380 3337 5450 ejus
3365 5382 3555 5452 regio-

1927 5469 2014 5524 nis
2042 5470 2321 5540 synodum
2339 5474 2661 5526 accusatum
2682 5470 2958 5537 deducat;
2992 5475 3048 5526 et
3073 5487 3203 5524 cum
3229 5475 3557 5546 motropoli-

1925 5566 2083 5632 tano,
2102 5562 2284 5617 tribus
2304 5565 2770 5621 convenientibus
2793 5563 3234 5636 religiosissimis
3255 5564 3554 5639 episcOpis,

1927 5656 2026 5728 qui
2068 5655 2286 5710 caeteris
2325 5659 2560 5727 propter
2589 5659 3010 5714 ordinationem
3048 5657 3451 5730 praeferuntur,
3486 5661 3556 5716 de

1881 5745 1898 5764 '
1926 5765 2098 5805 causa
2123 5764 2316 5804 coram
2342 5751 2455 5802 tota
2477 5751 2698 5819 synodo
2721 5758 3131 5824 cognoscatur;
3164 5757 3221 5808 et
3250 5752 3295 5808 si
3322 5753 3556 5825 quidem

1927 5843 1982 5900 ei
2003 5840 2399 5918 quaajudicata
2413 5845 2584 5898 erunt
2601 5843 2942 5915 placuerint,
2956 5846 3027 5901 ab
3045 5847 3363 5905 accusando
3377 5846 3554 5906 disce-
