4032 6232
485 373 618 424 1079

1613 365 1869 419 SECULI
1908 364 2101 420 SEXTI
2139 364 2696 426 SUPPLEMENTUM.

3708 374 3848 429 1080

484 475 600 532 dat.
635 474 692 531 Si
732 489 865 529 vero
906 489 962 528 se
998 471 1131 528 laedi
1171 471 1597 538 existimaverit,
1645 475 1913 542 provocet
1962 471 2113 526 illius
2135 482 2194 556 Α
2215 473 2318 528 sub
2348 475 2431 530 eis
2462 480 2596 532 sunt
2623 477 3009 533 ordinationes
3047 477 3280 544 faciunt,
3315 494 3380 533 ea
3409 479 3480 534 de
3508 495 3678 534 causa
3702 479 3848 535 illud

483 569 793 641 provinciae
816 567 1210 622 beatissimum
1249 564 1660 636 patriarcham,
1697 568 1867 634 atque
1895 563 1963 618 iis
1985 581 2111 635 qua:

483 663 606 733 ipse
631 661 974 732 judicaverit
991 659 1227 714 omnino
1243 660 1455 728 pareat,
1474 657 1711 728 perinde
1735 674 1798 711 ac
1814 656 1862 710 si
1890 674 2022 712 eum
2041 658 2111 712 ab

482 754 648 810 initio
670 755 923 825 judicem
945 757 1094 808 esset
1118 754 1480 817 consecutus;
1511 767 1646 804 nam
1680 753 1875 804 contra
1901 750 2112 805 horum

484 849 804 904 antistitum
833 844 1144 901 sententias
1173 861 1290 898 non
1319 860 1440 898 esse
1471 843 1658 897 locum
1674 843 2055 915 appellationi,
2080 861 2114 897 a

484 943 802 1013 majoribus
828 939 1036 994 nostris
1055 937 1431 992 constitutum
1458 939 1562 992 est.
1579 938 1693 991 Hoc
1715 936 1871 991 idem
1891 953 2115 990 servan-

487 1037 624 1091 dum
643 1038 744 1100 est,
773 1032 818 1086 si
851 1033 1149 1102 episcopus
1171 1031 1242 1084 ab
1272 1030 1463 1101 aliquo
1493 1030 1654 1099 laico,
1682 1031 1794 1084 sive
1824 1030 1894 1083 ab
1922 1029 2112 1101 aliquo

485 1128 708 1192 clerico,
742 1126 858 1179 sive
888 1125 957 1178 ab
987 1125 1166 1178 altero
1199 1123 1625 1194 religiosissime
1657 1123 1919 1194 episcopo
1956 1139 2118 1177 accu-

485 1224 638 1276 satus
667 1220 756 1274 sit.
791 1219 934 1273 Nam
973 1221 1036 1271 ut
1067 1218 1254 1272 statim
1303 1216 1582 1271 accusatio
1615 1217 1686 1271 ad
1730 1216 2114 1271 sanctissimos

482 1313 833 1386 patriarchas
854 1313 1165 1379 deferatur,
1185 1315 1242 1366 et
1255 1314 1319 1366 ut
1340 1311 1583 1365 accusati
1609 1311 1668 1364 in
1689 1309 1864 1364 aliam
1893 1311 2118 1380 provin-

485 1407 628 1463 ciam
642 1406 963 1472 mittantur,
987 1405 1224 1459 omnino
1243 1403 1636 1476 prohibemus,
1661 1408 2044 1475 praaterquam
2071 1403 2116 1457 si

483 1500 908 1556 accusationem
923 1499 1049 1570 quis
1075 1499 1145 1552 ob
1167 1515 1296 1552 eam
1325 1515 1447 1551 rem
1473 1497 1748 1565 intulerit,
1765 1497 1919 1568 quod
1947 1513 2119 1551 causa

485 1595 633 1649 illius
660 1595 910 1665 regionis
928 1591 1356 1663 religiosissimo
1380 1591 1642 1662 episcopo
1665 1591 1974 1645 commissa
2003 1591 2120 1645 fue-

484 1689 578 1756 rit,
612 1705 726 1759 quo
754 1703 885 1742 casu
914 1687 1047 1740 licet
1075 1686 1144 1739 ad
1176 1685 1328 1756 ipsos
1357 1701 1585 1755 quoque
1613 1684 1992 1738 sanctissimos
2016 1700 2115 1754 pa-

483 1782 763 1839 triarchas
790 1780 1017 1834 deferre
1045 1778 1485 1832 accusationem.
1516 1777 1743 1831 Litterae
1770 1779 1968 1830 tamen
1988 1793 2121 1831 con-

2216 569 2501 624 observari
2546 571 2849 639 sancimus,
2880 572 3034 643 quod
3076 571 3147 626 de
3179 572 3632 644 motropolitanis
3676 577 3852 628 antea

2215 663 2634 733 disposuimus;
2675 664 2722 718 is
2765 664 2918 719 enim
2949 666 3078 735 jure
3106 666 3582 737 metropolitanus
3612 668 3852 721 vocatur

2216 757 2310 828 qui
2339 757 2397 810 in
2431 757 2727 830 episcopos
2753 759 3009 814 minores
3040 776 3106 813 ex
3137 759 3308 814 sacris
3333 760 3546 832 regulis
3574 776 3701 815 eam
3747 777 3850 830 po-

2214 849 2479 901 testatem
2505 847 2697 903 habet.
2733 849 2856 904 Dat.
2890 865 2962 904 xv
2992 849 3110 904 Kal.
3154 849 3310 916 Nov.,
3340 849 3467 918 CP.,
3499 849 3696 920 Lamn
3733 864 3851 903 cos.

2217 943 2337 996 530.
3386 948 3423 985 ο

2883 1014 3010 1068 LEX
3040 1015 3183 1068 XXX.

2287 1129 2443 1184 Idem
2465 1131 2752 1200 Augustus
2775 1129 2981 1184 Joanni
3003 1131 3061 1184 P.
3095 1132 3153 1184 P.

2289 1223 2606 1291 Sancimus,
2636 1224 2693 1276 in
2728 1223 3115 1278 curationibus
3133 1224 3451 1293 juniorum,
3475 1224 3588 1277 sive
3619 1223 3849 1293 primae,

2218 1315 2332 1370 sive
2383 1317 2646 1370 secunda)
2682 1316 2797 1371 sint
2839 1317 3038 1382 aetatis,
3086 1321 3184 1371 aut
3213 1317 3305 1371 alii
3349 1316 3608 1388 quidam,
3642 1314 3853 1385 quibus

2217 1411 2306 1464 lex
2329 1409 2427 1464 dat
2447 1413 2759 1479 curatores,
2781 1410 3063 1482 siquidem
3081 1427 3259 1481 usque
3281 1411 3350 1464 ad
3377 1409 3728 1480 quingentos
3747 1423 3851 1460 au-

2218 1519 2343 1558 reos
2386 1509 2442 1557 et
2489 1504 2846 1558 solummodo
2887 1504 3184 1558 facultates
3223 1504 3336 1558 sint
3373 1503 3691 1573 juniorum,
3736 1516 3853 1554 non

2217 1596 2526 1668 praasidum
2556 1597 2976 1668 provinciarum
3007 1602 3328 1668 exspectare
3357 1597 3733 1660 creationem,
3761 1610 3857 1647 ne-

2219 1707 2330 1762 que
2345 1689 2614 1760 impensis
2627 1690 2892 1744 maximis
2905 1691 3126 1760 subjici,
3143 1691 3480 1762 prmsidibus
3493 1691 3641 1744 forte
3662 1704 3854 1758 neque

2222 1783 2577 1838 morantibus
2604 1784 2663 1838 in
2693 1784 2928 1838 urbibus
2953 1785 3065 1838 illis
3094 1785 3151 1838 in
3183 1784 3388 1854 quibus
3414 1782 3663 1854 prospici
3695 1797 3856 1834 cura-

486 1877 750 1932 ﬁciantur
776 1874 849 1928 ad
879 1873 1132 1943 aliquem
1161 1888 1226 1925 ex
1242 1871 1518 1942 episcopis
1538 1887 1738 1924 eorum
1760 1872 2040 1936 locorum,
2060 1874 2121 1925 ut
2139 1846 2196 1918 B
2221 1877 2360 1931 tioni
2380 1877 2680 1948 contingit,
2709 1877 2808 1931 sed
2829 1877 2982 1948 apud
3008 1846 3245 1931 civitatis
3274 1846 3433 1930 illius
3451 1846 3714 1929 ecdicum
3746 1873 3856 1943 [de-

487 1970 537 2026 is
569 1984 797 2024 causam
834 1966 1047 2031 audiat,
1081 1969 1146 2019 ut
1178 1970 1345 2018 antea
1374 1981 1407 2016 a
1450 1963 1610 2017 nobis
1658 1963 1874 2018 dictum
1917 1966 2020 2018 est.
2052 1995 2120 2004 —-

487 2063 518 2135 §
548 2067 598 2117 ί.
630 2064 755 2116 Non
786 2077 917 2114 vero
938 2059 991 2113 ei
1023 2058 1188 2112 liceat
1222 2058 1407 2112 facere
1438 2061 1499 2111 ut
1530 2057 1954 2112 descendantin
1979 2074 2117 2128 pro-

485 2155 701 2212 vincias
731 2152 1085 2209 venerabiles
1114 2151 1327 2217 clerici,
1359 2155 1416 2205 et
1454 2151 1796 2205 immodicas
1823 2151 2116 2221 sportulas,

488 2251 626 2306 dum
646 2249 1006 2315 accusantur,
1026 2246 1295 2311 inferant,
1311 2260 1425 2316 qua
1443 2245 1503 2298 in
1527 2261 1585 2298 re
1609 2245 1904 2315 hucusque
1925 2261 2122 2315 pecca-

485 2350 610 2399 tum
643 2359 763 2396 esse
791 2339 1190 2411 cognovimus.
1217 2340 1410 2410 Neque
1445 2338 1600 2392 enim
1627 2337 1686 2392 in
1715 2337 1968 2409 singulas
1990 2354 2120 2393 reo-

486 2453 618 2492 rum
660 2452 937 2507 personas
981 2435 1108 2505 plus
1147 2436 1306 2487 sexta
1349 2431 1503 2486 aurei
1547 2430 1773 2486 nummi
1815 2434 1979 2502 parte
2018 2448 2121 2502 pro

489 2530 759 2602 sportulis
789 2529 913 2583 dari
949 2527 1315 2582 concedimus
1339 2525 1408 2580 iis
1435 2525 1534 2596 qui
1560 2542 1592 2579 ει
1619 2523 1988 2579 sanctissimis
2020 2542 2120 2596 pa-

486 2623 752 2679 triarchis
776 2639 840 2675 ac
871 2620 1332 2691 metropolitanis
1351 2619 1688 2684 mittuntur;
1713 2622 1813 2672 aut
1840 2619 1885 2672 si
1913 2618 2123 2689 episco-

487 2735 592 2788 pus
612 2715 817 2770 missus
836 2717 940 2781 est,
956 2731 1055 2768 sex
1072 2717 1300 2768 tantum
1320 2713 1478 2767 aurei
1498 2728 1567 2766 ex
1583 2728 1926 2783 quacunque
1945 2729 2123 2783 quan-

488 2811 648 2864 titate
677 2826 740 2863 ac
770 2825 957 2874 causa,
993 2824 1180 2877 neque
1215 2806 1457 2876 amplius
1503 2806 1849 2876 praabeatur.
1900 2806 2014 2860 Hoc
2061 2806 2120 2860 in

486 2902 942 2975 metropolitanis
985 2901 1160 2955 etiam
1189 2905 1403 2967 teneat,
1439 2915 1570 2954 cum
1608 2899 1680 2954 ad
1719 2915 1816 2954 eos
1844 2899 2122 2954 accusatio

487 3003 685 3053 contra
714 2996 1047 3068 episcopum
1075 2994 1173 3065 qui
1199 2994 1306 3048 sub
1335 3010 1403 3048 eo
1429 2993 1501 3047 sit
1531 2997 1629 3047 aut
1655 2993 1778 3063 ejus
1813 2993 2124 3063 provincia:

487 3091 759 3146 clericum
786 3090 1061 3144 defertur.
1086 3090 1228 3143 Nam
1255 3087 1301 3141 si
1322 3087 1382 3141 in
1402 3086 1657 3141 civilibus
1666 3085 1897 3156 judiciis
1923 3087 2120 3142 mode-

487 3185 600 3240 rari
632 3185 1019 3257 sportularum
1045 3187 1102 3236 et
1133 3184 1466 3251 sumptuum
1506 3179 1748 3234 modum
1777 3180 2117 3247 curavimus,

484 3294 669 3349 eaque
706 3295 776 3332 ex
810 3278 938 3347 lege
982 3274 1240 3346 praestari
1271 3273 1574 3339 voluimus,
1618 3273 1802 3326 multo
1843 3273 2030 3343 magis
2061 3273 2120 3326 in

487 3370 878 3428 ecclesiasticis
915 3366 1373 3422 accusationibus
1406 3365 1648 3422 modum
1687 3366 1894 3420 servari
1933 3366 2121 3421 sanci-

490 3483 639 3520 mus.
663 3463 781 3535 —§
808 3467 861 3516 2.
884 3462 1210 3528 Enimvero,
1245 3461 1290 3514 si
1322 3459 1559 3514 remissa
1587 3476 1755 3514 causa
1781 3460 1854 3513 ad
1881 3461 2121 3514 sanctis-

489 3561 698 3614 simum
724 3556 1134 3628 patriarcham,
1169 3558 1267 3609 aut
1287 3554 1362 3608 ad
1389 3553 1640 3624 aliquem
1666 3570 1736 3607 ex
1764 3553 2122 3624 religiosissi-

488 3654 598 3708 mis
621 3649 1096 3722 metropolitanis,
1121 3651 1221 3702 aut
1241 3648 1312 3702 ad
1333 3647 1510 3702 alium
1533 3647 1634 3701 Dei
1661 3647 2126 3702 amantissimum

489 3749 823 3820 episcopum
845 3742 1131 3798 sententia
1148 3742 1265 3796 lata
1283 3741 1374 3808 sit,
1404 3757 1535 3812 quae
1560 3741 1727 3795 alicui
1754 3741 1904 3812 parti
1927 3741 2122 3812 displi-

491 3844 616 3896 ceat
637 3857 702 3894 ac
724 3841 1088 3911 provocetur,
1110 3836 1180 3888 ad
1199 3835 1747 3906 archiepiscopalem
1770 3834 1918 3888 hanc
1932 3835 2126 3889 sedem

489 3934 774 3989 referatur
799 3928 1129 4003 appellatio,
1146 3929 1205 3983 in
1236 3945 1346 3999 qua
1367 3930 1453 3998 (ut
1483 3927 1671 3982 adhuc
1698 3929 1985 3982 servatum
2020 3928 2123 3998 est)

491 4027 560 4082 lis
585 4028 983 4099 cognoscatur.

563 4120 594 4192 §
620 4124 670 4175 3.
706 4119 763 4174 Si
792 4134 925 4172 vero
957 4133 1084 4188 quis
1116 4131 1288 4169 ausus
1319 4114 1492 4168 fuerit
1521 4113 1792 4168 adversus
1818 4115 1942 4169 haec
1966 4114 2125 4185 quid-

490 4229 661 4286 quam
700 4215 944 4276 tentare,
983 4210 1030 4264 is
1067 4209 1305 4281 quidem
1345 4225 1520 4262 omne
1552 4208 1708 4278 quod
1741 4208 1963 4278 accepit
1993 4225 2121 4263 cum

494 4308 672 4366 altero
709 4310 868 4360 tanto
895 4304 950 4358 ei
992 4304 1089 4374 qui
1118 4302 1421 4374 negotium
1452 4318 1651 4372 passus
1679 4304 1766 4355 est
1807 4301 2120 4372 praestabit,

493 4401 703 4472 ﬁetque
732 4397 1125 4454 ecclesiasticae
1156 4398 1355 4450 multae
1394 4395 1681 4465 subjectus
1706 4395 1857 4466 apud
1887 4394 2122 4449 sanctis-

492 4494 705 4549 simum
737 4492 1144 4564 patriarcham,
1178 4492 1278 4544 aut
1307 4487 1803 4558 religiosissimum
1837 4491 2126 4560 metropo-

2219 1970 2525 2042 fensorem]
2560 1974 2658 2024 aut
2693 1973 3011 2042 strategum
3065 1969 3483 2040 [magistratum
3528 1967 3852 2038 municipa-

2219 2063 2554 2134 lem,]ve1in
2571 2064 2952 2118 Alexandrina
2966 2063 3189 2117 civitate
3211 2063 3362 2134 apud
3380 2063 3427 2133 ej
3438 2080 3500 2116 us
3511 2060 3852 2132 juridicum,

2221 2175 2336 2211 una
2359 2173 2488 2211 cum
2506 2156 2937 2227 religiosissimo
2957 2157 3079 2226 ejus
3101 2157 3388 2227 episcopo,
3407 2159 3506 2209 aut
3523 2154 3648 2208 aliis
3679 2153 3857 2207 etiam

2220 2250 2460 2322 publicis
2488 2249 2767 2321 personis,
2809 2250 2855 2302 si
2882 2249 3087 2303 harum
3126 2249 3351 2320 copiam
3391 2248 3606 2302 habeat
3631 2246 3855 2312 civitas,

2221 2345 2347 2398 fieri
2377 2344 2697 2398 creationes
2722 2347 3049 2398 curatorum
3075 2359 3174 2396 seu
3201 2346 3485 2408 tutorum;
3510 2340 3856 2410 ﬁdejussore

2223 2437 2538 2492 secundum
2585 2453 2916 2490 mensuram
2969 2437 3300 2491 facultatum
3342 2435 3494 2503 dato,
3537 2433 3859 2488 secundum

2223 2531 2500 2586 dictarum
2548 2546 2928 2600 personarum
2960 2529 3278 2600 judicium;
3322 2532 3380 2583 et
3417 2528 3540 2582 aliis
3589 2527 3861 2581 omnibus

2222 2623 2688 2697 procedentibus,
2720 2639 3075 2695 quaecunque
3100 2640 3270 2694 super
3294 2626 3549 2677 tutorum
3575 2621 3668 2674 vel
3699 2636 3861 2674 cura-

2221 2722 2416 2774 torum
2442 2717 2806 2788 ﬁdejussione
2834 2720 2891 2770 et
2916 2716 3231 2770 secundum
3258 2716 3495 2770 modum
3519 2715 3858 2769 facultatum

2223 2814 2495 2867 consueta
2535 2815 2699 2877 sunt;
2745 2811 2867 2865 sola
2918 2826 3293 2882 personarum
3347 2807 3856 2872 transmutatione,

2221 2922 2326 2978 per
2371 2921 2508 2976 quas
2557 2905 2679 2958 haec
2718 2904 2854 2958 ﬁant
2897 2906 3135 2975 propter
3171 2903 3464 2957 minorum
3494 2901 3802 2955 utilitatem
3826 2917 3859 2953 a

2222 2997 2492 3070 praesenti
2518 2997 2807 3052 sanctione
2828 2995 3178 3066 introducta;
3197 2996 3460 3050 omnibus
3483 2993 3753 3048 videlicet
3772 2993 3860 3046 his

2223 3093 2326 3147 sub
2340 3093 2458 3147 sola
2475 3091 2723 3146 duorum
2743 3091 3159 3145 numismatum
3178 3089 3257 3159 [id
3275 3094 3378 3157 est,
3397 3086 3740 3156 solidorum]
3765 3086 3860 3140 da-

2221 3186 2378 3241 tione
2423 3184 2805 3252 conﬁciendis,
2850 3183 3170 3255 praesertim
3204 3199 3334 3236 cum
3364 3182 3470 3235 hac
3499 3180 3756 3234 maxime
3789 3180 3860 3232 de

2224 3295 2395 3333 causa
2432 3279 2553 3332 haec
2583 3277 2769 3348 posita
2810 3276 2881 3331 sit
2911 3275 3259 3342 constitutio,
3293 3291 3462 3345 pcena
3490 3273 3859 3342 imminente;

2225 3373 2271 3427 si
2294 3372 2420 3443 quis
2446 3371 2571 3442 plus
2590 3370 2846 3441 accipere
2865 3387 3034 3424 ausus
3067 3369 3260 3437 fuerit,
3294 3373 3392 3423 aut
3413 3367 3701 3421 distulerit
3727 3382 3861 3420 con-

2225 3465 2460 3520 stituere
2488 3465 2727 3519 tutelam
2766 3481 2866 3517 seu
2894 3463 3250 3517 curationem
3282 3478 3381 3532 spe
3411 3460 3650 3530 majoris
3678 3459 3822 3513 lucri
3847 3476 3861 3525 ;

2226 3563 2281 3614 et
2312 3575 2380 3612 eo
2407 3574 2519 3611 non
2553 3559 2738 3611 solum
2767 3557 3002 3628 triplum
3038 3555 3332 3610 reddituro
3369 3552 3865 3624 omne‘quidquid

2224 3651 2524 3722 acceperit,
2555 3651 2655 3704 sed
2678 3650 2850 3705 etiam
2879 3651 2949 3704 ab
2971 3650 3090 3721 ipsa
3107 3647 3488 3703 sollicitudine
3507 3652 3564 3702 et
3588 3646 3867 3701 adminis-

2225 3743 2467 3798 tratione
2498 3743 2866 3797 removendo.
2888 3745 3026 3796 Cum
3045 3745 3236 3796 autem
3264 3741 3431 3794 factm
3459 3739 3682 3793 fuerint
3707 3743 3863 3793 tuto-

2225 3854 2353 3892 rum
2377 3842 2475 3891 aut
2505 3839 2832 3891 curatorum
2854 3836 3187 3902 creationes,
3212 3837 3494 3905 praesente
3515 3832 3700 3886 etiam
3729 3833 3862 3886 reli-

2227 3930 2548 4002 giosissimo
2596 3929 2835 3984 civitatis
2881 3929 3144 4000 episcopo
3167 3970 3180 3995 ,
3223 3927 3282 3981 in
3317 3927 3453 3998 ipsis
3487 3925 3868 3980 sanctissimae

2227 4023 2478 4078 ecclesiae
2501 4022 2708 4078 archiis
2730 4021 2942 4093 deponi
2969 4026 3129 4092 gesta
3148 4020 3457 4086 sancimus,
3480 4021 3548 4072 ut
3572 4018 3646 4072 sit
3666 4035 3868 4090 perpe-

2225 4120 2322 4171 tua
2347 4117 2430 4171 rei
2460 4116 2760 4183 memoria,
2793 4119 2850 4169 et
2870 4132 2986 4170 non
3018 4114 3322 4169 intercidat
3351 4113 3580 4167 casibus
3613 4112 3865 4166 fortuitis

2227 4210 2534 4265 curationis
2561 4209 2767 4264 exinde
2795 4209 3030 4280 qumsita
3057 4209 3301 4262 cautela.
3341 4207 3438 4260 His
3469 4222 3601 4276 quae
3632 4206 3697 4259 in
3744 4222 3865 4260 ma-

2227 4321 2342 4376 gna
2367 4304 2475 4358 hac
2502 4303 2726 4358 civitate
2754 4303 2899 4357 fiunt
2928 4301 3120 4357 tutelis
3162 4305 3260 4355 aut
3285 4299 3687 4355 curationibus
3713 4299 3865 4371 apud

2225 4399 2411 4451 solum
2464 4396 2838 4451 clarissimum
2898 4401 3206 4468 praetorem
3256 4393 3565 4460 faciendis,
3611 4393 3700 4447 uti
3743 4394 3865 4464 jam

2224 4490 2506 4544 sancitum
2546 4493 2650 4544 est.
2681 4491 2807 4545 Dat.
2839 4507 2874 4543 v
2912 4488 3150 4544 Kalend.
3193 4491 3360 4560 Aug.,
3394 4487 3522 4555 CP.,
3555 4490 3693 4557 post
3730 4503 3865 4541 con-

492 4588 758 4653 litanum,
789 4585 888 4657 qui
913 4588 1049 4639 tunc
1076 4582 1186 4637 erit
1213 4581 1726 4637 ecclesiasticorum
1755 4598 2000 4637 numero
2029 4581 2126 4652 eji-
2145 4583 2204 4656 D
2228 4584 2333 4639 sul.
2373 4584 2570 4655 Lamp.

495 4681 748 4736 ciendus.

565 4774 596 4847 §
627 4775 681 4828 4.
715 4775 823 4827 Has
847 4775 1039 4826 autem
1067 4769 1353 4837 actiones,
1378 4768 1660 4840 siquidem
1694 4769 1768 4823 ad
1795 4769 2127 4825 ecclesiasti-

494 4885 560 4923 ca
587 4865 820 4937 negotia
845 4863 1160 4936 pertinent,
1176 4878 1407 4917 necesse
1438 4863 1563 4916 fore
1579 4862 1851 4931 jubemus
1871 4866 1933 4917 ut
1952 4862 2130 4918 asolis

491 4958 932 5031 religiosissimis
977 4957 1256 5028 episcopis
1300 4959 1400 5010 aut
1439 4956 1926 5026 metropolitanis,
1959 4959 2062 5010 aut
2097 4973 2131 5012 a

495 5054 668 5109 sacris
695 5053 944 5124 synodis,
972 5056 1070 5106 aut
1102 5069 1135 5105 a
1164 5049 1532 5105 sanctissimis
1555 5049 1896 5120 patriarchis
1916 5067 2127 5121 cogno-

493 5147 816 5214 scantur;si
835 5161 968 5199 vero
991 5143 1242 5197 civilium
1266 5160 1464 5197 rerum
1497 5143 1886 5198 controversia
1914 5144 2005 5211 sit,
2038 5161 2132 5199 vo-

495 5242 678 5296 lentes
706 5239 1086 5311 quaastionem
1118 5237 1270 5306 apud
1290 5237 1568 5292 antistites
1591 5236 1909 5305 instituere,
1941 5238 2126 5309 patie-

495 5351 650 5402 mur,
678 5333 884 5388 invitos
905 5336 1100 5386 tamen
1133 5345 1250 5384 non
1279 5346 1571 5400 cogemus,
1602 5347 1731 5384 cum
1749 5331 1963 5401 judicia
1995 5332 2128 5386 civi-

492 5428 569 5482 lia
592 5429 724 5496 sint,
753 5427 797 5480 si
826 5443 895 5480 ea
914 5424 1074 5480 adire
1101 5423 1328 5493 malint,
1359 5424 1511 5494 apud
1543 5441 1671 5494 qua:
1695 5424 1830 5479 licet
1861 5425 2036 5480 etiam
2058 5426 2127 5482 de

497 5520 832 5575 criminibus
856 5533 1216 5589 cognoscere.

569 5611 600 5681 §
629 5616 680 5664 5.
710 5612 992 5676 Quoniam
1020 5626 1155 5665 vero
1174 5603 1405 5680 quidam
1432 5614 1565 5664 sunt
1590 5610 1931 5665 sanctissimi
1956 5613 2131 5681 patri-

501 5702 711 5770 archae,
740 5705 835 5773 qui
857 5705 914 5757 in
940 5702 1246 5773 provinciis
1264 5702 1324 5756 in
1352 5703 1560 5773 quibus
1581 5703 1828 5757 existunt
1847 5707 2132 5776 metropo-

498 5793 809 5847 litanorum
840 5795 1095 5850 ofﬁcium
1123 5799 1351 5866 gerunt,
1382 5797 1475 5851 alii
1502 5813 1604 5868 per
1628 5799 1805 5850 totam
1838 5796 2127 5866 diceeesin,

503 5884 920 5955 episcOporum,
951 5889 1548 5958 metropolitanorum,
1574 5893 1746 5960 atque
1767 5889 2010 5945 aliorum
2032 5893 2127 5964 qui

2870 4655 2995 4710 LEX
3027 4654 3196 4708 XXXI.

2302 4771 2460 4826 ldem
2492 4773 2776 4842 Augustus
2798 4770 3000 4824 Joanni
3025 4771 3083 4822 P.
3114 4771 3172 4824 P.

2301 4864 2598 4920 Sancimus
2624 4869 2686 4919 ut
2716 4863 2761 4917 si
2790 4863 3019 4934 quando
3047 4862 3294 4916 abfuerit
3321 4862 3368 4915 is
3401 4860 3501 4933 qui
3521 4877 3618 4916 res
3652 4862 3871 4916 alienas

2230 4958 2317 5012 vel
2349 4957 2617 5012 creditori
2637 4956 2904 5012 obnoxias
2931 4956 3170 5023 detinet,
3204 4960 3261 5010 et
3281 4954 3576 5009 desideret
3597 4956 3872 5010 dominus

2229 5052 2316 5106 rei
2334 5052 2423 5106 vel
2442 5051 2692 5106 creditor
2707 5067 2872 5105 suam
2901 5049 3275 5104 intentionem
3297 5065 3647 5120 proponere,
3672 5055 3733 5104 et
3756 5066 3868 5104 non

2231 5146 2282 5199 ei
2312 5145 2540 5200 licentia
2566 5145 2656 5212 sit,
2687 5144 2920 5199 absente
2954 5142 3281 5198 adversario
3307 5159 3409 5197 suo
3437 5143 3539 5214 qui
3565 5143 3867 5213 remjdeti-

2228 5245 2347 5307 net,
2381 5239 2466 5293 vel
2493 5239 2757 5306 infantia,
2798 5239 2886 5293 vel
2913 5239 3103 5292 furore
3135 5238 3455 5303 laborante,
3485 5241 3544 5291 et
3571 5237 3867 5292 neminem

2229 5336 2480 5387 tutorem
2498 5333 2584 5386 vel
2613 5335 2933 5386 curatorem
2961 5331 3228 5399 habente,
3252 5331 3340 5385 vel
3366 5330 3424 5384 in
3453 5346 3686 5385 summa
3715 5336 3869 5403 pote-

2229 5429 2373 5479 state
2403 5426 2707 5480 constituto
2736 5423 3018 5496 [eamdem
3048 5441 3174 5478 rem
3201 5423 3542 5480 auctoritate
3565 5441 3673 5479 sua
3707 5441 3866 5481 usur-

2228 5519 2410 5590 pare],
2442 5519 2666 5574 licentia
2693 5519 2745 5572 ei
2773 5518 2943 5572 detur
2987 5518 3144 5573 adire
3187 5518 3495 5590 praesidem
3535 5520 3862 5591 provinciae,

2229 5612 2600 5684 libellumque
2636 5612 2689 5667 ei
2727 5612 3047 5683 porrigere,
3097 5616 3155 5666 et
3198 5612 3319 5666 haec
3349 5613 3407 5666 in
3437 5615 3861 5684 querimoniam

2232 5707 2534 5774 deducere,
2551 5707 2766 5762 etintra
2781 5706 3091 5761 constituta
3105 5711 3366 5780 tempora
3383 5707 3859 5781 interruptionem

2230 5801 2454 5866 facere;
2493 5801 2578 5855 sin
2625 5804 2818 5856 autem
2865 5801 3020 5856 nullo
3066 5800 3279 5871 poterit
3322 5801 3500 5857 modo
3559 5804 3856 5874 praesidem

2232 5893 2408 5962 adire,
2450 5894 2654 5950 saltem
2703 5894 2777 5950 ad
2816 5894 3146 5967 episc0pum
3187 5896 3447 5951 locorum
3491 5901 3588 5952 eat
3618 5901 3676 5951 et
3709 5913 3852 5951 suam
