  <div class='ocr_page' id='page_1' title='image "/cluster/home/n/w/nwhite01/storage/ocr_20150623/72/uva.x000827084/764.png"; bbox 0 0 4032 6232; ppageno 0'>
   <div class='ocr_carea' id='block_1_1' title="bbox 155 353 289 407">
    <p class='ocr_par' dir='ltr' id='par_1_1' title="bbox 155 353 289 407">
     <span class='ocr_line' id='line_1_1' title="bbox 155 353 289 407; baseline -0.015 -1"><span class='ocrx_word' id='word_1_1' title='bbox 155 353 289 407; x_wconf 80' lang='grc'><strong>1081</strong></span> 
     </span>
    </p>
   </div>
   <div class='ocr_carea' id='block_1_2' title="bbox 859 351 2827 422">
    <p class='ocr_par' dir='ltr' id='par_1_2' title="bbox 859 351 2827 422">
     <span class='ocr_line' id='line_1_2' title="bbox 859 351 2827 422; baseline 0.001 -15"><span class='ocrx_word' id='word_1_2' title='bbox 859 351 1226 408; x_wconf 82' lang='lat' dir='ltr'><strong>JUSTINIANI</strong></span> <span class='ocrx_word' id='word_1_3' title='bbox 1265 353 1476 410; x_wconf 85' lang='lat' dir='ltr'><strong>LEGES</strong></span> <span class='ocrx_word' id='word_1_4' title='bbox 1511 352 1848 410; x_wconf 68' lang='lat' dir='ltr'><strong>SELECTA&#39;].</strong></span> <span class='ocrx_word' id='word_1_5' title='bbox 1891 355 2016 410; x_wconf 90' lang='lat' dir='ltr'><strong>LIB.</strong></span> <span class='ocrx_word' id='word_1_6' title='bbox 2061 356 2101 421; x_wconf 87' lang='grc' dir='ltr'><strong>ι,</strong></span> <span class='ocrx_word' id='word_1_7' title='bbox 2142 355 2265 410; x_wconf 83' lang='grc' dir='ltr'><strong>ΤΙΤ.</strong></span> <span class='ocrx_word' id='word_1_8' title='bbox 2310 355 2395 422; x_wconf 88' lang='lat' dir='ltr'><strong>IV,</strong></span> <span class='ocrx_word' id='word_1_9' title='bbox 2436 356 2566 410; x_wconf 86' lang='lat' dir='ltr'><strong>LEX</strong></span> <span class='ocrx_word' id='word_1_10' title='bbox 2603 357 2827 412; x_wconf 82' lang='lat' dir='ltr'><strong>XXXIV.</strong></span> 
     </span>
    </p>
   </div>
   <div class='ocr_carea' id='block_1_3' title="bbox 3392 361 3526 416">
    <p class='ocr_par' dir='ltr' id='par_1_3' title="bbox 3392 361 3526 416">
     <span class='ocr_line' id='line_1_3' title="bbox 3392 361 3526 416; baseline 0.015 -2"><span class='ocrx_word' id='word_1_11' title='bbox 3392 361 3526 416; x_wconf 81' lang='lat' dir='ltr'><strong>l082</strong></span> 
     </span>
    </p>
   </div>
   <div class='ocr_carea' id='block_1_4' title="bbox 147 457 3527 547">
    <p class='ocr_par' dir='ltr' id='par_1_4' title="bbox 147 457 3527 547">
     <span class='ocr_line' id='line_1_4' title="bbox 147 457 3527 547; baseline 0.003 -33"><span class='ocrx_word' id='word_1_12' title='bbox 147 457 523 514; x_wconf 79' lang='lat' dir='ltr'><strong>manifestare</strong></span> <span class='ocrx_word' id='word_1_13' title='bbox 553 458 901 515; x_wconf 77' lang='lat' dir='ltr'><strong>voluntatem</strong></span> <span class='ocrx_word' id='word_1_14' title='bbox 934 462 994 516; x_wconf 92' lang='lat' dir='ltr'><strong>in</strong></span> <span class='ocrx_word' id='word_1_15' title='bbox 1030 462 1248 534; x_wconf 84' lang='lat' dir='ltr'><strong>scriptis</strong></span> <span class='ocrx_word' id='word_1_16' title='bbox 1285 464 1638 534; x_wconf 89' lang='lat' dir='ltr'><strong>deproperet.</strong></span> <span class='ocrx_word' id='word_1_17' title='bbox 1670 464 1791 517; x_wconf 90' lang='lat' dir='ltr'><strong>Dat.</strong></span> <span class='ocrx_word' id='word_1_18' title='bbox 1817 465 2047 547; x_wconf 73' lang='lat' dir='ltr'><strong>Atebat</strong></span> <span class='ocrx_word' id='word_1_19' title='bbox 2085 481 2188 536; x_wconf 90' lang='lat' dir='ltr'><strong>per</strong></span> <span class='ocrx_word' id='word_1_20' title='bbox 2226 471 2569 536; x_wconf 69' lang='lat' dir='ltr'><strong>praesentem</strong></span> <span class='ocrx_word' id='word_1_21' title='bbox 2623 466 2972 522; x_wconf 78' lang='lat' dir='ltr'><strong>sanctionem</strong></span> <span class='ocrx_word' id='word_1_22' title='bbox 3025 469 3082 521; x_wconf 90' lang='lat' dir='ltr'><strong>et</strong></span> <span class='ocrx_word' id='word_1_23' title='bbox 3122 466 3277 522; x_wconf 82' lang='lat' dir='ltr'><strong>vobis</strong></span> <span class='ocrx_word' id='word_1_24' title='bbox 3316 467 3527 540; x_wconf 88' lang='lat' dir='ltr'><strong>ubique</strong></span> 
     </span>
    </p>
   </div>
   <div class='ocr_carea' id='block_1_5' title="bbox 149 553 1796 629">
    <p class='ocr_par' dir='ltr' id='par_1_5' title="bbox 149 553 1796 629">
     <span class='ocr_line' id='line_1_5' title="bbox 149 553 1796 629; baseline 0.004 -23"><span class='ocrx_word' id='word_1_25' title='bbox 149 553 508 607; x_wconf 83' lang='lat' dir='ltr'><strong>Constantin.</strong></span> <span class='ocrx_word' id='word_1_26' title='bbox 555 553 676 608; x_wconf 85' lang='lat' dir='ltr'><strong>Kal.</strong></span> <span class='ocrx_word' id='word_1_27' title='bbox 723 553 916 622; x_wconf 82' lang='lat' dir='ltr'><strong>Octob.</strong></span> <span class='ocrx_word' id='word_1_28' title='bbox 971 559 1101 626; x_wconf 91' lang='lat' dir='ltr'><strong>post</strong></span> <span class='ocrx_word' id='word_1_29' title='bbox 1145 557 1358 611; x_wconf 86' lang='lat' dir='ltr'><strong>consul.</strong></span> <span class='ocrx_word' id='word_1_30' title='bbox 1405 557 1696 629; x_wconf 86' lang='lat' dir='ltr'><strong>Lampadii</strong></span> <span class='ocrx_word' id='word_1_31' title='bbox 1733 561 1796 612; x_wconf 90' lang='lat' dir='ltr'><strong>et</strong></span> 
     </span>
    </p>
   </div>
   <div class='ocr_carea' id='block_1_6' title="bbox 145 646 930 702">
    <p class='ocr_par' dir='ltr' id='par_1_6' title="bbox 145 646 930 702">
     <span class='ocr_line' id='line_1_6' title="bbox 145 646 930 702; baseline 0.001 -1"><span class='ocrx_word' id='word_1_32' title='bbox 145 646 366 701; x_wconf 84' lang='lat' dir='ltr'><strong>Orestis</strong></span> <span class='ocrx_word' id='word_1_33' title='bbox 394 663 482 700; x_wconf 90' lang='lat' dir='ltr'><strong>vv.</strong></span> <span class='ocrx_word' id='word_1_34' title='bbox 518 662 599 702; x_wconf 93' lang='lat' dir='ltr'><strong>cc.</strong></span> <span class='ocrx_word' id='word_1_35' title='bbox 632 663 776 702; x_wconf 88' lang='lat' dir='ltr'><strong>coss.</strong></span> <span class='ocrx_word' id='word_1_36' title='bbox 808 650 930 702; x_wconf 74' lang='grc'><strong>531.</strong></span> 
     </span>
    </p>
   </div>
   <div class='ocr_carea' id='block_1_7' title="bbox 798 755 1160 811">
    <p class='ocr_par' dir='ltr' id='par_1_7' title="bbox 798 755 1160 811">
     <span class='ocr_line' id='line_1_7' title="bbox 798 755 1160 811; baseline 0.008 -3"><span class='ocrx_word' id='word_1_37' title='bbox 798 755 929 810; x_wconf 86' lang='lat' dir='ltr'><strong>LEX</strong></span> <span class='ocrx_word' id='word_1_38' title='bbox 966 756 1160 811; x_wconf 83' lang='lat' dir='ltr'><strong>XXXII.</strong></span> 
     </span>
    </p>
   </div>
   <div class='ocr_carea' id='block_1_8' title="bbox 225 824 724 896">
    <p class='ocr_par' dir='ltr' id='par_1_8' title="bbox 225 824 724 896">
     <span class='ocr_line' id='line_1_8' title="bbox 225 824 724 896; baseline 0 -18"><span class='ocrx_word' id='word_1_39' title='bbox 225 824 383 878; x_wconf 88' lang='lat' dir='ltr'><strong>Idem</strong></span> <span class='ocrx_word' id='word_1_40' title='bbox 417 827 724 896; x_wconf 87' lang='lat' dir='ltr'><strong>Augustus.</strong></span> 
     </span>
    </p>
   </div>
   <div class='ocr_carea' id='block_1_9' title="bbox 224 917 1793 992">
    <p class='ocr_par' dir='ltr' id='par_1_9' title="bbox 224 917 1793 992">
     <span class='ocr_line' id='line_1_9' title="bbox 224 917 1793 992; baseline 0.004 -21"><span class='ocrx_word' id='word_1_41' title='bbox 224 917 533 973; x_wconf 77' lang='lat' dir='ltr'><strong>Diﬁ‘erente</strong></span> <span class='ocrx_word' id='word_1_42' title='bbox 551 918 783 973; x_wconf 90' lang='lat' dir='ltr'><strong>domino</strong></span> <span class='ocrx_word' id='word_1_43' title='bbox 800 919 1048 991; x_wconf 87' lang='lat' dir='ltr'><strong>recipere</strong></span> <span class='ocrx_word' id='word_1_44' title='bbox 1065 920 1492 992; x_wconf 86' lang='lat' dir='ltr'><strong>emphyteuma,</strong></span> <span class='ocrx_word' id='word_1_45' title='bbox 1506 921 1793 977; x_wconf 88' lang='lat' dir='ltr'><strong>licentiam</strong></span> 
     </span>
    </p>
   </div>
   <div class='ocr_carea' id='block_1_10' title="bbox 147 1012 1792 1086">
    <p class='ocr_par' dir='ltr' id='par_1_10' title="bbox 147 1012 1792 1086">
     <span class='ocr_line' id='line_1_10' title="bbox 147 1012 1792 1086; baseline 0.002 -20"><span class='ocrx_word' id='word_1_46' title='bbox 147 1012 330 1066; x_wconf 91' lang='lat' dir='ltr'><strong>habet</strong></span> <span class='ocrx_word' id='word_1_47' title='bbox 367 1012 736 1082; x_wconf 77' lang='lat' dir='ltr'><strong>emphyteuta</strong></span> <span class='ocrx_word' id='word_1_48' title='bbox 763 1013 1100 1083; x_wconf 89' lang='lat' dir='ltr'><strong>consignare</strong></span> <span class='ocrx_word' id='word_1_49' title='bbox 1137 1013 1348 1086; x_wconf 89' lang='lat' dir='ltr'><strong>ipsum,</strong></span> <span class='ocrx_word' id='word_1_50' title='bbox 1377 1018 1435 1068; x_wconf 92' lang='lat' dir='ltr'><strong>et</strong></span> <span class='ocrx_word' id='word_1_51' title='bbox 1473 1016 1792 1071; x_wconf 88' lang='lat' dir='ltr'><strong>Constanti-</strong></span> 
     </span>
    </p>
   </div>
   <div class='ocr_carea' id='block_1_11' title="bbox 147 1104 1795 1180">
    <p class='ocr_par' dir='ltr' id='par_1_11' title="bbox 147 1104 1795 1180">
     <span class='ocr_line' id='line_1_11' title="bbox 147 1104 1795 1180; baseline 0.003 -22"><span class='ocrx_word' id='word_1_52' title='bbox 147 1104 346 1175; x_wconf 91' lang='lat' dir='ltr'><strong>n0poli</strong></span> <span class='ocrx_word' id='word_1_53' title='bbox 395 1105 625 1175; x_wconf 88' lang='lat' dir='ltr'><strong>quidem</strong></span> <span class='ocrx_word' id='word_1_54' title='bbox 666 1106 725 1160; x_wconf 91' lang='lat' dir='ltr'><strong>in</strong></span> <span class='ocrx_word' id='word_1_55' title='bbox 764 1105 878 1160; x_wconf 92' lang='lat' dir='ltr'><strong>ﬁne</strong></span> <span class='ocrx_word' id='word_1_56' title='bbox 920 1107 1150 1160; x_wconf 84' lang='lat' dir='ltr'><strong>triennii</strong></span> <span class='ocrx_word' id='word_1_57' title='bbox 1188 1107 1488 1162; x_wconf 81' lang='lat' dir='ltr'><strong>contestari</strong></span> <span class='ocrx_word' id='word_1_58' title='bbox 1519 1107 1577 1162; x_wconf 90' lang='lat' dir='ltr'><strong>id</strong></span> <span class='ocrx_word' id='word_1_59' title='bbox 1607 1108 1795 1180; x_wconf 91' lang='lat' dir='ltr'><strong>ipsum</strong></span> 
     </span>
    </p>
   </div>
   <div class='ocr_carea' id='block_1_12' title="bbox 149 1198 1796 1274">
    <p class='ocr_par' dir='ltr' id='par_1_12' title="bbox 149 1198 1796 1274">
     <span class='ocr_line' id='line_1_12' title="bbox 149 1198 1796 1274; baseline 0.003 -22"><span class='ocrx_word' id='word_1_60' title='bbox 149 1199 304 1268; x_wconf 90' lang='lat' dir='ltr'><strong>apud</strong></span> <span class='ocrx_word' id='word_1_61' title='bbox 336 1198 662 1269; x_wconf 83' lang='lat' dir='ltr'><strong>hyparchos</strong></span> <span class='ocrx_word' id='word_1_62' title='bbox 710 1198 826 1270; x_wconf 69' lang='lat' dir='ltr'><strong>[seu</strong></span> <span class='ocrx_word' id='word_1_63' title='bbox 867 1199 1162 1271; x_wconf 60' lang='lat' dir='ltr'><strong>prmfectos</strong></span> <span class='ocrx_word' id='word_1_64' title='bbox 1196 1201 1484 1271; x_wconf 66' lang='lat' dir='ltr'><strong>praetorio]</strong></span> <span class='ocrx_word' id='word_1_65' title='bbox 1515 1205 1614 1256; x_wconf 89' lang='lat' dir='ltr'><strong>aut</strong></span> <span class='ocrx_word' id='word_1_66' title='bbox 1641 1203 1796 1274; x_wconf 90' lang='lat' dir='ltr'><strong>apud</strong></span> 
     </span>
    </p>
   </div>
   <div class='ocr_carea' id='block_1_13' title="bbox 149 1291 1796 1366">
    <p class='ocr_par' dir='ltr' id='par_1_13' title="bbox 149 1291 1796 1366">
     <span class='ocr_line' id='line_1_13' title="bbox 149 1291 1796 1366; baseline 0.004 -22"><span class='ocrx_word' id='word_1_67' title='bbox 149 1291 488 1362; x_wconf 71' lang='lat' dir='ltr'><strong>przefectum</strong></span> <span class='ocrx_word' id='word_1_68' title='bbox 512 1291 686 1360; x_wconf 84' lang='lat' dir='ltr'><strong>urbis,</strong></span> <span class='ocrx_word' id='word_1_69' title='bbox 701 1296 798 1346; x_wconf 88' lang='lat' dir='ltr'><strong>aut</strong></span> <span class='ocrx_word' id='word_1_70' title='bbox 824 1297 1240 1365; x_wconf 90' lang='lat' dir='ltr'><strong>competentem</strong></span> <span class='ocrx_word' id='word_1_71' title='bbox 1265 1295 1574 1350; x_wconf 87' lang='lat' dir='ltr'><strong>recusantis</strong></span> <span class='ocrx_word' id='word_1_72' title='bbox 1593 1295 1796 1366; x_wconf 87' lang='lat' dir='ltr'><strong>magis-</strong></span> 
     </span>
    </p>
   </div>
   <div class='ocr_carea' id='block_1_14' title="bbox 147 1385 1791 1460">
    <p class='ocr_par' dir='ltr' id='par_1_14' title="bbox 147 1385 1791 1460">
     <span class='ocr_line' id='line_1_14' title="bbox 147 1385 1791 1460; baseline 0.002 -21"><span class='ocrx_word' id='word_1_73' title='bbox 147 1389 393 1451; x_wconf 82' lang='lat' dir='ltr'><strong>tratum,</strong></span> <span class='ocrx_word' id='word_1_74' title='bbox 429 1389 529 1440; x_wconf 88' lang='lat' dir='ltr'><strong>aut</strong></span> <span class='ocrx_word' id='word_1_75' title='bbox 558 1385 961 1455; x_wconf 87' lang='lat' dir='ltr'><strong>patriarcham,</strong></span> <span class='ocrx_word' id='word_1_76' title='bbox 992 1386 1038 1440; x_wconf 90' lang='lat' dir='ltr'><strong>si</strong></span> <span class='ocrx_word' id='word_1_77' title='bbox 1063 1386 1324 1442; x_wconf 88' lang='lat' dir='ltr'><strong>dominus</strong></span> <span class='ocrx_word' id='word_1_78' title='bbox 1362 1388 1538 1442; x_wconf 90' lang='lat' dir='ltr'><strong>homo</strong></span> <span class='ocrx_word' id='word_1_79' title='bbox 1574 1389 1647 1442; x_wconf 85' lang='lat' dir='ltr'><strong>sit</strong></span> <span class='ocrx_word' id='word_1_80' title='bbox 1690 1406 1791 1460; x_wconf 85' lang='lat' dir='ltr'><strong>po-</strong></span> 
     </span>
    </p>
   </div>
   <div class='ocr_carea' id='block_1_15' title="bbox 149 1477 1795 1551">
    <p class='ocr_par' dir='ltr' id='par_1_15' title="bbox 149 1477 1795 1551">
     <span class='ocr_line' id='line_1_15' title="bbox 149 1477 1795 1551; baseline 0.003 -20"><span class='ocrx_word' id='word_1_81' title='bbox 149 1480 278 1532; x_wconf 89' lang='lat' dir='ltr'><strong>tens</strong></span> <span class='ocrx_word' id='word_1_82' title='bbox 312 1494 326 1530; x_wconf 90' lang='lat'><strong>:</strong></span> <span class='ocrx_word' id='word_1_83' title='bbox 359 1477 420 1531; x_wconf 91' lang='lat' dir='ltr'><strong>in</strong></span> <span class='ocrx_word' id='word_1_84' title='bbox 463 1478 766 1549; x_wconf 86' lang='lat' dir='ltr'><strong>provinciis</strong></span> <span class='ocrx_word' id='word_1_85' title='bbox 794 1483 985 1533; x_wconf 90' lang='lat' dir='ltr'><strong>autem</strong></span> <span class='ocrx_word' id='word_1_86' title='bbox 1028 1481 1178 1551; x_wconf 91' lang='lat' dir='ltr'><strong>apud</strong></span> <span class='ocrx_word' id='word_1_87' title='bbox 1221 1480 1544 1550; x_wconf 72' lang='lat' dir='ltr'><strong>praasidem,</strong></span> <span class='ocrx_word' id='word_1_88' title='bbox 1584 1485 1700 1551; x_wconf 91' lang='lat' dir='ltr'><strong>aut,</strong></span> <span class='ocrx_word' id='word_1_89' title='bbox 1729 1498 1795 1536; x_wconf 91' lang='lat' dir='ltr'><strong>eo</strong></span> 
     </span>
    </p>
   </div>
   <div class='ocr_carea' id='block_1_16' title="bbox 145 1571 1795 1645">
    <p class='ocr_par' dir='ltr' id='par_1_16' title="bbox 145 1571 1795 1645">
     <span class='ocr_line' id='line_1_16' title="bbox 145 1571 1795 1645; baseline 0.003 -21"><span class='ocrx_word' id='word_1_90' title='bbox 145 1587 269 1624; x_wconf 89' lang='lat' dir='ltr'><strong>non</strong></span> <span class='ocrx_word' id='word_1_91' title='bbox 311 1576 576 1626; x_wconf 84' lang='lat' dir='ltr'><strong>morante</strong></span> <span class='ocrx_word' id='word_1_92' title='bbox 603 1571 702 1640; x_wconf 86' lang='lat' dir='ltr'><strong>ibi,</strong></span> <span class='ocrx_word' id='word_1_93' title='bbox 734 1572 884 1642; x_wconf 92' lang='lat' dir='ltr'><strong>apud</strong></span> <span class='ocrx_word' id='word_1_94' title='bbox 921 1573 1297 1643; x_wconf 87' lang='lat' dir='ltr'><strong>defensorem,</strong></span> <span class='ocrx_word' id='word_1_95' title='bbox 1329 1579 1428 1628; x_wconf 88' lang='lat' dir='ltr'><strong>aut</strong></span> <span class='ocrx_word' id='word_1_96' title='bbox 1469 1574 1795 1645; x_wconf 88' lang='lat' dir='ltr'><strong>episcopum</strong></span> 
     </span>
    </p>
   </div>
   <div class='ocr_carea' id='block_1_17' title="bbox 148 1663 1795 1739">
    <p class='ocr_par' dir='ltr' id='par_1_17' title="bbox 148 1663 1795 1739">
     <span class='ocr_line' id='line_1_17' title="bbox 148 1663 1795 1739; baseline 0.003 -21"><span class='ocrx_word' id='word_1_97' title='bbox 148 1663 418 1731; x_wconf 82' lang='lat' dir='ltr'><strong>civitatis,</strong></span> <span class='ocrx_word' id='word_1_98' title='bbox 445 1664 503 1718; x_wconf 90' lang='lat' dir='ltr'><strong>in</strong></span> <span class='ocrx_word' id='word_1_99' title='bbox 532 1682 643 1735; x_wconf 90' lang='lat' dir='ltr'><strong>qua</strong></span> <span class='ocrx_word' id='word_1_100' title='bbox 669 1670 753 1720; x_wconf 90' lang='lat' dir='ltr'><strong>est</strong></span> <span class='ocrx_word' id='word_1_101' title='bbox 777 1665 823 1718; x_wconf 90' lang='lat' dir='ltr'><strong>is</strong></span> <span class='ocrx_word' id='word_1_102' title='bbox 849 1665 946 1736; x_wconf 89' lang='lat' dir='ltr'><strong>qui</strong></span> <span class='ocrx_word' id='word_1_103' title='bbox 977 1672 1232 1735; x_wconf 87' lang='lat' dir='ltr'><strong>recusat;</strong></span> <span class='ocrx_word' id='word_1_104' title='bbox 1263 1673 1320 1721; x_wconf 89' lang='lat' dir='ltr'><strong>et</strong></span> <span class='ocrx_word' id='word_1_105' title='bbox 1346 1667 1514 1722; x_wconf 91' lang='lat' dir='ltr'><strong>unius</strong></span> <span class='ocrx_word' id='word_1_106' title='bbox 1541 1668 1795 1739; x_wconf 91' lang='lat' dir='ltr'><strong>ipsorum</strong></span> 
     </span>
    </p>
   </div>
   <div class='ocr_carea' id='block_1_18' title="bbox 148 1757 1792 1832">
    <p class='ocr_par' dir='ltr' id='par_1_18' title="bbox 148 1757 1792 1832">
     <span class='ocr_line' id='line_1_18' title="bbox 148 1757 1792 1832; baseline 0.004 -22"><span class='ocrx_word' id='word_1_107' title='bbox 148 1773 445 1811; x_wconf 87' lang='lat' dir='ltr'><strong>assumere</strong></span> <span class='ocrx_word' id='word_1_108' title='bbox 473 1757 832 1812; x_wconf 86' lang='lat' dir='ltr'><strong>testationem</strong></span> <span class='ocrx_word' id='word_1_109' title='bbox 859 1775 872 1812; x_wconf 75' lang='grc' dir='ltr'>ε</span> <span class='ocrx_word' id='word_1_110' title='bbox 906 1775 970 1813; x_wconf 88' lang='lat' dir='ltr'><strong>ac</strong></span> <span class='ocrx_word' id='word_1_111' title='bbox 1006 1759 1116 1813; x_wconf 90' lang='lat' dir='ltr'><strong>nisi</strong></span> <span class='ocrx_word' id='word_1_112' title='bbox 1143 1764 1243 1814; x_wconf 91' lang='lat' dir='ltr'><strong>aut</strong></span> <span class='ocrx_word' id='word_1_113' title='bbox 1270 1761 1345 1814; x_wconf 92' lang='lat' dir='ltr'><strong>sic</strong></span> <span class='ocrx_word' id='word_1_114' title='bbox 1385 1761 1665 1832; x_wconf 88' lang='lat' dir='ltr'><strong>acceperit</strong></span> <span class='ocrx_word' id='word_1_115' title='bbox 1704 1778 1792 1816; x_wconf 87' lang='lat' dir='ltr'><strong>ca-</strong></span> 
     </span>
    </p>
   </div>
   <div class='ocr_carea' id='block_1_19' title="bbox 1895 559 3526 632">
    <p class='ocr_par' dir='ltr' id='par_1_19' title="bbox 1895 559 3526 632">
     <span class='ocr_line' id='line_1_19' title="bbox 1895 559 3526 632; baseline 0.002 -19"><span class='ocrx_word' id='word_1_116' title='bbox 1895 563 2176 614; x_wconf 88' lang='lat' dir='ltr'><strong>terrarum</strong></span> <span class='ocrx_word' id='word_1_117' title='bbox 2199 559 2396 630; x_wconf 85' lang='lat' dir='ltr'><strong>positis</strong></span> <span class='ocrx_word' id='word_1_118' title='bbox 2427 559 2864 630; x_wconf 83' lang='lat' dir='ltr'><strong>religiosissimis</strong></span> <span class='ocrx_word' id='word_1_119' title='bbox 2893 560 3171 632; x_wconf 88' lang='lat' dir='ltr'><strong>episcopis</strong></span> <span class='ocrx_word' id='word_1_120' title='bbox 3197 562 3318 616; x_wconf 75' lang='lat' dir='ltr'><strong>haec</strong></span> <span class='ocrx_word' id='word_1_121' title='bbox 3342 562 3526 616; x_wconf 83' lang='lat' dir='ltr'><strong>facere</strong></span> 
     </span>
    </p>
   </div>
   <div class='ocr_carea' id='block_1_20' title="bbox 1892 652 3526 725">
    <p class='ocr_par' dir='ltr' id='par_1_20' title="bbox 1892 652 3526 725">
     <span class='ocr_line' id='line_1_20' title="bbox 1892 652 3526 725; baseline 0.001 -19"><span class='ocrx_word' id='word_1_122' title='bbox 1892 652 2208 720; x_wconf 90' lang='lat' dir='ltr'><strong>manifesta,</strong></span> <span class='ocrx_word' id='word_1_123' title='bbox 2251 655 2551 724; x_wconf 89' lang='lat' dir='ltr'><strong>propterea</strong></span> <span class='ocrx_word' id='word_1_124' title='bbox 2596 658 3006 724; x_wconf 81' lang='lat' dir='ltr'><strong>congregantes</strong></span> <span class='ocrx_word' id='word_1_125' title='bbox 3050 671 3180 725; x_wconf 82' lang='lat' dir='ltr'><strong>quae</strong></span> <span class='ocrx_word' id='word_1_126' title='bbox 3225 654 3296 708; x_wconf 91' lang='lat' dir='ltr'><strong>ad</strong></span> <span class='ocrx_word' id='word_1_127' title='bbox 3342 655 3526 725; x_wconf 88' lang='lat' dir='ltr'><strong>ipsam</strong></span> 
     </span>
    </p>
   </div>
   <div class='ocr_carea' id='block_1_21' title="bbox 1893 745 3527 818">
    <p class='ocr_par' dir='ltr' id='par_1_21' title="bbox 1893 745 3527 818">
     <span class='ocr_line' id='line_1_21' title="bbox 1893 745 3527 818; baseline 0.002 -20"><span class='ocrx_word' id='word_1_128' title='bbox 1893 745 2198 816; x_wconf 90' lang='lat' dir='ltr'><strong>pertinent,</strong></span> <span class='ocrx_word' id='word_1_129' title='bbox 2217 746 2572 818; x_wconf 82' lang='lat' dir='ltr'><strong>expositione</strong></span> <span class='ocrx_word' id='word_1_130' title='bbox 2599 746 2794 801; x_wconf 88' lang='lat' dir='ltr'><strong>latiore</strong></span> <span class='ocrx_word' id='word_1_131' title='bbox 2821 747 3054 814; x_wconf 78' lang='lat' dir='ltr'><strong>sancite,</strong></span> <span class='ocrx_word' id='word_1_132' title='bbox 3075 747 3246 802; x_wconf 89' lang='lat' dir='ltr'><strong>etiam</strong></span> <span class='ocrx_word' id='word_1_133' title='bbox 3267 747 3527 802; x_wconf 90' lang='lat' dir='ltr'><strong>eamdem</strong></span> 
     </span>
    </p>
   </div>
   <div class='ocr_carea' id='block_1_22' title="bbox 1895 838 3524 907">
    <p class='ocr_par' dir='ltr' id='par_1_22' title="bbox 1895 838 3524 907">
     <span class='ocr_line' id='line_1_22' title="bbox 1895 838 3524 907; baseline 0.002 -15"><span class='ocrx_word' id='word_1_134' title='bbox 1895 838 2145 892; x_wconf 84' lang='lat' dir='ltr'><strong>divinam</strong></span> <span class='ocrx_word' id='word_1_135' title='bbox 2171 839 2632 894; x_wconf 86' lang='lat' dir='ltr'><strong>constitutionem</strong></span> <span class='ocrx_word' id='word_1_136' title='bbox 2660 840 2900 894; x_wconf 85' lang='lat' dir='ltr'><strong>fecimus</strong></span> <span class='ocrx_word' id='word_1_137' title='bbox 2924 840 2993 894; x_wconf 88' lang='lat' dir='ltr'><strong>ad</strong></span> <span class='ocrx_word' id='word_1_138' title='bbox 3023 856 3140 907; x_wconf 89' lang='lat' dir='ltr'><strong>vos,</strong></span> <span class='ocrx_word' id='word_1_139' title='bbox 3171 846 3236 896; x_wconf 92' lang='lat' dir='ltr'><strong>ut</strong></span> <span class='ocrx_word' id='word_1_140' title='bbox 3261 841 3524 896; x_wconf 89' lang='lat' dir='ltr'><strong>sacerdo-</strong></span> 
     </span>
    </p>
   </div>
   <div class='ocr_carea' id='block_1_23' title="bbox 1894 931 3525 995">
    <p class='ocr_par' dir='ltr' id='par_1_23' title="bbox 1894 931 3525 995">
     <span class='ocr_line' id='line_1_23' title="bbox 1894 931 3525 995; baseline 0.001 -10"><span class='ocrx_word' id='word_1_141' title='bbox 1894 931 2068 986; x_wconf 89' lang='lat' dir='ltr'><strong>talem</strong></span> <span class='ocrx_word' id='word_1_142' title='bbox 2091 937 2478 986; x_wconf 86' lang='lat' dir='ltr'><strong>conservantes</strong></span> <span class='ocrx_word' id='word_1_143' title='bbox 2505 932 2897 995; x_wconf 87' lang='lat' dir='ltr'><strong>reverentiam,</strong></span> <span class='ocrx_word' id='word_1_144' title='bbox 2929 938 2986 986; x_wconf 92' lang='lat' dir='ltr'><strong>et</strong></span> <span class='ocrx_word' id='word_1_145' title='bbox 3010 933 3378 987; x_wconf 65' lang='lat' dir='ltr'><strong>continentiae</strong></span> <span class='ocrx_word' id='word_1_146' title='bbox 3405 939 3525 988; x_wconf 90' lang='lat' dir='ltr'><strong>stu-</strong></span> 
     </span>
    </p>
   </div>
   <div class='ocr_carea' id='block_1_24' title="bbox 1895 1023 3526 1097">
    <p class='ocr_par' dir='ltr' id='par_1_24' title="bbox 1895 1023 3526 1097">
     <span class='ocr_line' id='line_1_24' title="bbox 1895 1023 3526 1097; baseline 0.001 -19"><span class='ocrx_word' id='word_1_147' title='bbox 1895 1023 2056 1092; x_wconf 89' lang='lat' dir='ltr'><strong>diosi,</strong></span> <span class='ocrx_word' id='word_1_148' title='bbox 2085 1025 2207 1079; x_wconf 63' lang='lat' dir='ltr'><strong>haec</strong></span> <span class='ocrx_word' id='word_1_149' title='bbox 2231 1024 2574 1094; x_wconf 87' lang='lat' dir='ltr'><strong>custodiatis,</strong></span> <span class='ocrx_word' id='word_1_150' title='bbox 2603 1029 2722 1080; x_wconf 89' lang='lat' dir='ltr'><strong>tam</strong></span> <span class='ocrx_word' id='word_1_151' title='bbox 2750 1026 2943 1096; x_wconf 81' lang='lat' dir='ltr'><strong>magni</strong></span> <span class='ocrx_word' id='word_1_152' title='bbox 2974 1025 3074 1079; x_wconf 91' lang='lat' dir='ltr'><strong>Dei</strong></span> <span class='ocrx_word' id='word_1_153' title='bbox 3103 1031 3325 1080; x_wconf 90' lang='lat' dir='ltr'><strong>metum</strong></span> <span class='ocrx_word' id='word_1_154' title='bbox 3353 1043 3526 1097; x_wconf 90' lang='lat' dir='ltr'><strong>quam</strong></span> 
     </span>
    </p>
   </div>
   <div class='ocr_carea' id='block_1_25' title="bbox 1894 1117 3524 1190">
    <p class='ocr_par' dir='ltr' id='par_1_25' title="bbox 1894 1117 3524 1190">
     <span class='ocr_line' id='line_1_25' title="bbox 1894 1117 3524 1190; baseline 0.001 -19"><span class='ocrx_word' id='word_1_155' title='bbox 1894 1117 2254 1188; x_wconf 86' lang='lat' dir='ltr'><strong>imperialem</strong></span> <span class='ocrx_word' id='word_1_156' title='bbox 2277 1117 2750 1187; x_wconf 81' lang='lat' dir='ltr'><strong>indignationem,</strong></span> <span class='ocrx_word' id='word_1_157' title='bbox 2783 1119 2830 1173; x_wconf 90' lang='lat' dir='ltr'><strong>si</strong></span> <span class='ocrx_word' id='word_1_158' title='bbox 2859 1119 3000 1190; x_wconf 90' lang='lat' dir='ltr'><strong>quid</strong></span> <span class='ocrx_word' id='word_1_159' title='bbox 3039 1119 3246 1174; x_wconf 90' lang='lat' dir='ltr'><strong>horum</strong></span> <span class='ocrx_word' id='word_1_160' title='bbox 3285 1125 3524 1189; x_wconf 67' lang='lat' dir='ltr'><strong>praeter-</strong></span> 
     </span>
    </p>
   </div>
   <div class='ocr_carea' id='block_1_26' title="bbox 1895 1210 3522 1282">
    <p class='ocr_par' dir='ltr' id='par_1_26' title="bbox 1895 1210 3522 1282">
     <span class='ocr_line' id='line_1_26' title="bbox 1895 1210 3522 1282; baseline 0.002 -17"><span class='ocrx_word' id='word_1_161' title='bbox 1895 1210 2182 1276; x_wconf 86' lang='lat' dir='ltr'><strong>miseritis,</strong></span> <span class='ocrx_word' id='word_1_162' title='bbox 2230 1211 2672 1266; x_wconf 89' lang='lat' dir='ltr'><strong>considerantes.</strong></span> <span class='ocrx_word' id='word_1_163' title='bbox 2719 1213 2841 1266; x_wconf 90' lang='lat' dir='ltr'><strong>Dat.</strong></span> <span class='ocrx_word' id='word_1_164' title='bbox 2884 1211 3005 1268; x_wconf 86' lang='lat' dir='ltr'><strong>Kal.</strong></span> <span class='ocrx_word' id='word_1_165' title='bbox 3050 1213 3207 1280; x_wconf 89' lang='lat' dir='ltr'><strong>Nov.,</strong></span> <span class='ocrx_word' id='word_1_166' title='bbox 3252 1213 3377 1282; x_wconf 86' lang='lat' dir='ltr'><strong>CP.,</strong></span> <span class='ocrx_word' id='word_1_167' title='bbox 3422 1213 3522 1269; x_wconf 87' lang='lat' dir='ltr'><strong>dn.</strong></span> 
     </span>
    </p>
   </div>
   <div class='ocr_carea' id='block_1_27' title="bbox 1893 1303 2851 1359">
    <p class='ocr_par' dir='ltr' id='par_1_27' title="bbox 1893 1303 2851 1359">
     <span class='ocr_line' id='line_1_27' title="bbox 1893 1303 2851 1359; baseline 0.001 -1"><span class='ocrx_word' id='word_1_168' title='bbox 1893 1303 2093 1358; x_wconf 86' lang='lat' dir='ltr'><strong>Justin.</strong></span> <span class='ocrx_word' id='word_1_169' title='bbox 2126 1319 2181 1357; x_wconf 77' lang='grc' dir='ltr'><strong>ιγ</strong></span> <span class='ocrx_word' id='word_1_170' title='bbox 2209 1307 2265 1357; x_wconf 90' lang='lat' dir='ltr'><strong>et</strong></span> <span class='ocrx_word' id='word_1_171' title='bbox 2293 1303 2525 1358; x_wconf 89' lang='lat' dir='ltr'><strong>Paulino</strong></span> <span class='ocrx_word' id='word_1_172' title='bbox 2556 1320 2694 1358; x_wconf 90' lang='lat' dir='ltr'><strong>coss.</strong></span> <span class='ocrx_word' id='word_1_173' title='bbox 2731 1305 2851 1359; x_wconf 80' lang='grc'><strong>534.</strong></span> 
     </span>
    </p>
   </div>
   <div class='ocr_carea' id='block_1_28' title="bbox 2525 1402 2906 1458">
    <p class='ocr_par' dir='ltr' id='par_1_28' title="bbox 2525 1402 2906 1458">
     <span class='ocr_line' id='line_1_28' title="bbox 2525 1402 2906 1458; baseline 0.005 -4"><span class='ocrx_word' id='word_1_174' title='bbox 2525 1402 2650 1456; x_wconf 84' lang='lat' dir='ltr'><strong>LEX</strong></span> <span class='ocrx_word' id='word_1_175' title='bbox 2687 1403 2906 1458; x_wconf 86' lang='lat' dir='ltr'><strong>XXXIV.</strong></span> 
     </span>
    </p>
   </div>
   <div class='ocr_carea' id='block_1_29' title="bbox 1966 1489 3527 1565">
    <p class='ocr_par' dir='ltr' id='par_1_29' title="bbox 1966 1489 3527 1565">
     <span class='ocr_line' id='line_1_29' title="bbox 1966 1489 3527 1565; baseline 0.002 -20"><span class='ocrx_word' id='word_1_176' title='bbox 1966 1491 2122 1546; x_wconf 89' lang='lat' dir='ltr'><strong>Idem</strong></span> <span class='ocrx_word' id='word_1_177' title='bbox 2143 1493 2432 1561; x_wconf 85' lang='lat' dir='ltr'><strong>Augustus</strong></span> <span class='ocrx_word' id='word_1_178' title='bbox 2450 1489 2767 1562; x_wconf 89' lang='lat' dir='ltr'><strong>Epiphanio</strong></span> <span class='ocrx_word' id='word_1_179' title='bbox 2786 1491 3135 1547; x_wconf 87' lang='lat' dir='ltr'><strong>sanctissimo</strong></span> <span class='ocrx_word' id='word_1_180' title='bbox 3158 1493 3527 1565; x_wconf 89' lang='lat' dir='ltr'><strong>archiepisco-</strong></span> 
     </span>
    </p>
   </div>
   <div class='ocr_carea' id='block_1_30' title="bbox 1893 1584 3523 1657">
    <p class='ocr_par' dir='ltr' id='par_1_30' title="bbox 1893 1584 3523 1657">
     <span class='ocr_line' id='line_1_30' title="bbox 1893 1584 3523 1657; baseline 0.002 -19"><span class='ocrx_word' id='word_1_181' title='bbox 1893 1601 1966 1656; x_wconf 91' lang='lat' dir='ltr'><strong>po</strong></span> <span class='ocrx_word' id='word_1_182' title='bbox 1987 1585 2157 1654; x_wconf 85' lang='lat' dir='ltr'><strong>hujus</strong></span> <span class='ocrx_word' id='word_1_183' title='bbox 2184 1584 2528 1638; x_wconf 77' lang='lat' dir='ltr'><strong>felicissimee.</strong></span> <span class='ocrx_word' id='word_1_184' title='bbox 2555 1584 2728 1653; x_wconf 87' lang='lat' dir='ltr'><strong>urbis,</strong></span> <span class='ocrx_word' id='word_1_185' title='bbox 2754 1590 2809 1638; x_wconf 91' lang='lat' dir='ltr'><strong>et</strong></span> <span class='ocrx_word' id='word_1_186' title='bbox 2833 1585 3140 1640; x_wconf 87' lang='lat' dir='ltr'><strong>universali</strong></span> <span class='ocrx_word' id='word_1_187' title='bbox 3169 1587 3523 1657; x_wconf 72' lang='lat' dir='ltr'><strong>patriarchae.</strong></span> 
     </span>
    </p>
   </div>
   <div class='ocr_carea' id='block_1_31' title="bbox 1965 1677 3531 1750">
    <p class='ocr_par' dir='ltr' id='par_1_31' title="bbox 1965 1677 3531 1750">
     <span class='ocr_line' id='line_1_31' title="bbox 1965 1677 3531 1750; baseline 0.002 -18"><span class='ocrx_word' id='word_1_188' title='bbox 1965 1677 2283 1733; x_wconf 84' lang='lat' dir='ltr'><strong>Certissime</strong></span> <span class='ocrx_word' id='word_1_189' title='bbox 2322 1677 2603 1731; x_wconf 89' lang='lat' dir='ltr'><strong>credimus</strong></span> <span class='ocrx_word' id='word_1_190' title='bbox 2645 1679 2778 1748; x_wconf 86' lang='lat' dir='ltr'><strong>quia</strong></span> <span class='ocrx_word' id='word_1_191' title='bbox 2821 1679 3178 1734; x_wconf 88' lang='lat' dir='ltr'><strong>sacerdotum</strong></span> <span class='ocrx_word' id='word_1_192' title='bbox 3209 1681 3442 1750; x_wconf 87' lang='lat' dir='ltr'><strong>puritas,</strong></span> <span class='ocrx_word' id='word_1_193' title='bbox 3475 1686 3531 1735; x_wconf 90' lang='lat' dir='ltr'><strong>et</strong></span> 
     </span>
    </p>
   </div>
   <div class='ocr_carea' id='block_1_32' title="bbox 1894 1770 3530 1839">
    <p class='ocr_par' dir='ltr' id='par_1_32' title="bbox 1894 1770 3530 1839">
     <span class='ocr_line' id='line_1_32' title="bbox 1894 1770 3530 1839; baseline 0.001 -13"><span class='ocrx_word' id='word_1_194' title='bbox 1894 1772 2082 1839; x_wconf 90' lang='lat' dir='ltr'><strong>decus,</strong></span> <span class='ocrx_word' id='word_1_195' title='bbox 2107 1776 2164 1825; x_wconf 87' lang='lat' dir='ltr'><strong>et</strong></span> <span class='ocrx_word' id='word_1_196' title='bbox 2182 1771 2252 1825; x_wconf 89' lang='lat' dir='ltr'><strong>ad</strong></span> <span class='ocrx_word' id='word_1_197' title='bbox 2277 1770 2573 1825; x_wconf 91' lang='lat' dir='ltr'><strong>dominum</strong></span> <span class='ocrx_word' id='word_1_198' title='bbox 2605 1772 2782 1825; x_wconf 90' lang='lat' dir='ltr'><strong>Deum</strong></span> <span class='ocrx_word' id='word_1_199' title='bbox 2809 1776 2865 1825; x_wconf 90' lang='lat' dir='ltr'><strong>et</strong></span> <span class='ocrx_word' id='word_1_200' title='bbox 2893 1771 3243 1826; x_wconf 86' lang='lat' dir='ltr'><strong>Salvatorem</strong></span> <span class='ocrx_word' id='word_1_201' title='bbox 3270 1775 3530 1827; x_wconf 86' lang='lat' dir='ltr'><strong>nostrum</strong></span> 
     </span>
    </p>
   </div>
   <div class='ocr_carea' id='block_1_33' title="bbox 150 1843 3531 1937">
    <p class='ocr_par' dir='ltr' id='par_1_33' title="bbox 150 1843 3531 1937">
     <span class='ocr_line' id='line_1_33' title="bbox 150 1843 3531 1937; baseline 0.001 -20"><span class='ocrx_word' id='word_1_202' title='bbox 150 1867 392 1917; x_wconf 63' lang='lat' dir='ltr'><strong>nonem:</strong></span> <span class='ocrx_word' id='word_1_203' title='bbox 436 1868 617 1905; x_wconf 70' lang='lat'><strong>0811011</strong></span> <span class='ocrx_word' id='word_1_204' title='bbox 666 1851 920 1920; x_wconf 64' lang='grc' dir='ltr'><strong>5οῙνὶῐιιΓ,</strong></span> <span class='ocrx_word' id='word_1_205' title='bbox 966 1857 1022 1908; x_wconf 89' lang='lat' dir='ltr'><strong>et</strong></span> <span class='ocrx_word' id='word_1_206' title='bbox 1063 1853 1317 1908; x_wconf 89' lang='lat' dir='ltr'><strong>lucratur</strong></span> <span class='ocrx_word' id='word_1_207' title='bbox 1355 1871 1636 1909; x_wconf 91' lang='lat' dir='ltr'><strong>canonem</strong></span> <span class='ocrx_word' id='word_1_208' title='bbox 1675 1871 1791 1910; x_wconf 88' lang='lat' dir='ltr'><strong>em-</strong></span> <span class='ocrx_word' id='word_1_209' title='bbox 1815 1843 1872 1914; x_wconf 85' lang='lat' dir='ltr'><strong>B</strong></span> <span class='ocrx_word' id='word_1_210' title='bbox 1893 1867 2084 1920; x_wconf 78' lang='lat' dir='ltr'><strong>Iesum</strong></span> <span class='ocrx_word' id='word_1_211' title='bbox 2111 1863 2398 1919; x_wconf 88' lang='lat' dir='ltr'><strong>Christum</strong></span> <span class='ocrx_word' id='word_1_212' title='bbox 2434 1864 2643 1930; x_wconf 84' lang='lat' dir='ltr'><strong>fervor,</strong></span> <span class='ocrx_word' id='word_1_213' title='bbox 2677 1869 2734 1919; x_wconf 86' lang='lat' dir='ltr'><strong>et</strong></span> <span class='ocrx_word' id='word_1_214' title='bbox 2762 1865 2832 1917; x_wconf 89' lang='lat' dir='ltr'><strong>ab</strong></span> <span class='ocrx_word' id='word_1_215' title='bbox 2861 1864 2995 1935; x_wconf 88' lang='lat' dir='ltr'><strong>ipsis</strong></span> <span class='ocrx_word' id='word_1_216' title='bbox 3027 1865 3214 1918; x_wconf 83' lang='lat' dir='ltr'><strong>missae</strong></span> <span class='ocrx_word' id='word_1_217' title='bbox 3240 1871 3531 1937; x_wconf 68' lang='lat' dir='ltr'><strong>perpetuas</strong></span> 
     </span>
    </p>
   </div>
   <div class='ocr_carea' id='block_1_34' title="bbox 149 1945 1794 2020">
    <p class='ocr_par' dir='ltr' id='par_1_34' title="bbox 149 1945 1794 2020">
     <span class='ocr_line' id='line_1_34' title="bbox 149 1945 1794 2020; baseline 0.004 -23"><span class='ocrx_word' id='word_1_218' title='bbox 149 1945 438 2014; x_wconf 85' lang='lat' dir='ltr'><strong>phyteuta</strong></span> <span class='ocrx_word' id='word_1_219' title='bbox 475 1945 642 1998; x_wconf 90' lang='lat' dir='ltr'><strong>etiam</strong></span> <span class='ocrx_word' id='word_1_220' title='bbox 671 1945 960 2016; x_wconf 84' lang='lat' dir='ltr'><strong>sequentis</strong></span> <span class='ocrx_word' id='word_1_221' title='bbox 999 1947 1290 2018; x_wconf 90' lang='lat' dir='ltr'><strong>temporis,</strong></span> <span class='ocrx_word' id='word_1_222' title='bbox 1320 1950 1376 2001; x_wconf 90' lang='lat' dir='ltr'><strong>et</strong></span> <span class='ocrx_word' id='word_1_223' title='bbox 1405 1964 1650 2018; x_wconf 89' lang='lat' dir='ltr'><strong>eousque</strong></span> <span class='ocrx_word' id='word_1_224' title='bbox 1680 1966 1794 2020; x_wconf 90' lang='lat' dir='ltr'><strong>quo</strong></span> 
     </span>
    </p>
   </div>
   <div class='ocr_carea' id='block_1_35' title="bbox 153 2037 1797 2110">
    <p class='ocr_par' dir='ltr' id='par_1_35' title="bbox 153 2037 1797 2110">
     <span class='ocr_line' id='line_1_35' title="bbox 153 2037 1797 2110; baseline 0.003 -19"><span class='ocrx_word' id='word_1_225' title='bbox 153 2037 429 2092; x_wconf 89' lang='lat' dir='ltr'><strong>dominus</strong></span> <span class='ocrx_word' id='word_1_226' title='bbox 458 2038 644 2092; x_wconf 89' lang='lat' dir='ltr'><strong>mittat</strong></span> <span class='ocrx_word' id='word_1_227' title='bbox 671 2055 774 2109; x_wconf 90' lang='lat' dir='ltr'><strong>per</strong></span> <span class='ocrx_word' id='word_1_228' title='bbox 795 2039 1150 2094; x_wconf 90' lang='lat' dir='ltr'><strong>testationem</strong></span> <span class='ocrx_word' id='word_1_229' title='bbox 1179 2040 1451 2110; x_wconf 90' lang='lat' dir='ltr'><strong>petitum:</strong></span> <span class='ocrx_word' id='word_1_230' title='bbox 1485 2041 1691 2096; x_wconf 82' lang='lat' dir='ltr'><strong>exinde</strong></span> <span class='ocrx_word' id='word_1_231' title='bbox 1720 2047 1797 2096; x_wconf 89' lang='lat' dir='ltr'><strong>ct-</strong></span> 
     </span>
    </p>
   </div>
   <div class='ocr_carea' id='block_1_36' title="bbox 149 2131 1797 2205">
    <p class='ocr_par' dir='ltr' id='par_1_36' title="bbox 149 2131 1797 2205">
     <span class='ocr_line' id='line_1_36' title="bbox 149 2131 1797 2205; baseline 0.003 -21"><span class='ocrx_word' id='word_1_232' title='bbox 149 2131 334 2197; x_wconf 90' lang='lat' dir='ltr'><strong>enim,</strong></span> <span class='ocrx_word' id='word_1_233' title='bbox 367 2147 487 2184; x_wconf 93' lang='lat' dir='ltr'><strong>non</strong></span> <span class='ocrx_word' id='word_1_234' title='bbox 516 2136 705 2185; x_wconf 87' lang='lat' dir='ltr'><strong>autem</strong></span> <span class='ocrx_word' id='word_1_235' title='bbox 734 2147 803 2186; x_wconf 89' lang='lat' dir='ltr'><strong>ex</strong></span> <span class='ocrx_word' id='word_1_236' title='bbox 833 2131 1121 2202; x_wconf 63' lang='lat' dir='ltr'><strong>prasterito</strong></span> <span class='ocrx_word' id='word_1_237' title='bbox 1150 2137 1426 2204; x_wconf 88' lang='lat' dir='ltr'><strong>tempore,</strong></span> <span class='ocrx_word' id='word_1_238' title='bbox 1455 2133 1710 2205; x_wconf 89' lang='lat' dir='ltr'><strong>accipiet,</strong></span> <span class='ocrx_word' id='word_1_239' title='bbox 1740 2139 1797 2189; x_wconf 90' lang='lat' dir='ltr'><strong>et</strong></span> 
     </span>
    </p>
   </div>
   <div class='ocr_carea' id='block_1_37' title="bbox 153 2222 1793 2296">
    <p class='ocr_par' dir='ltr' id='par_1_37' title="bbox 153 2222 1793 2296">
     <span class='ocr_line' id='line_1_37' title="bbox 153 2222 1793 2296; baseline 0.002 -19"><span class='ocrx_word' id='word_1_240' title='bbox 153 2227 286 2293; x_wconf 88' lang='lat' dir='ltr'><strong>post</strong></span> <span class='ocrx_word' id='word_1_241' title='bbox 314 2222 629 2277; x_wconf 88' lang='lat' dir='ltr'><strong>triennium</strong></span> <span class='ocrx_word' id='word_1_242' title='bbox 660 2228 785 2294; x_wconf 90' lang='lat' dir='ltr'><strong>post</strong></span> <span class='ocrx_word' id='word_1_243' title='bbox 809 2225 1226 2279; x_wconf 87' lang='lat' dir='ltr'><strong>attestationem</strong></span> <span class='ocrx_word' id='word_1_244' title='bbox 1258 2225 1538 2296; x_wconf 89' lang='lat' dir='ltr'><strong>ejusmodi</strong></span> <span class='ocrx_word' id='word_1_245' title='bbox 1563 2226 1793 2282; x_wconf 87' lang='lat' dir='ltr'><strong>indevo-</strong></span> 
     </span>
    </p>
   </div>
   <div class='ocr_carea' id='block_1_38' title="bbox 150 2317 1295 2389">
    <p class='ocr_par' dir='ltr' id='par_1_38' title="bbox 150 2317 1295 2389">
     <span class='ocr_line' id='line_1_38' title="bbox 150 2317 1295 2389; baseline 0.002 -19"><span class='ocrx_word' id='word_1_246' title='bbox 150 2321 279 2371; x_wconf 90' lang='lat' dir='ltr'><strong>tum</strong></span> <span class='ocrx_word' id='word_1_247' title='bbox 299 2317 732 2388; x_wconf 83' lang='lat' dir='ltr'><strong>emphyteutam</strong></span> <span class='ocrx_word' id='word_1_248' title='bbox 760 2318 1043 2388; x_wconf 83' lang='lat' dir='ltr'><strong>expellere</strong></span> <span class='ocrx_word' id='word_1_249' title='bbox 1069 2319 1295 2389; x_wconf 90' lang='lat' dir='ltr'><strong>poterit.</strong></span> 
     </span>
    </p>
   </div>
   <div class='ocr_carea' id='block_1_39' title="bbox 785 2425 1172 2482">
    <p class='ocr_par' dir='ltr' id='par_1_39' title="bbox 785 2425 1172 2482">
     <span class='ocr_line' id='line_1_39' title="bbox 785 2425 1172 2482; baseline 0.01 -5"><span class='ocrx_word' id='word_1_250' title='bbox 785 2425 912 2478; x_wconf 88' lang='lat' dir='ltr'><strong>LEX</strong></span> <span class='ocrx_word' id='word_1_251' title='bbox 949 2425 1172 2482; x_wconf 85' lang='lat' dir='ltr'><strong>XXXIII.</strong></span> 
     </span>
    </p>
   </div>
   <div class='ocr_carea' id='block_1_40' title="bbox 227 2511 1847 2589">
    <p class='ocr_par' dir='ltr' id='par_1_40' title="bbox 227 2511 1847 2589">
     <span class='ocr_line' id='line_1_40' title="bbox 227 2511 1847 2589; baseline 0.005 -24"><span class='ocrx_word' id='word_1_252' title='bbox 227 2511 390 2566; x_wconf 90' lang='lat' dir='ltr'><strong>Idem</strong></span> <span class='ocrx_word' id='word_1_253' title='bbox 423 2515 711 2584; x_wconf 86' lang='lat' dir='ltr'><strong>Augustus</strong></span> <span class='ocrx_word' id='word_1_254' title='bbox 753 2513 964 2586; x_wconf 88' lang='lat' dir='ltr'><strong>ubique</strong></span> <span class='ocrx_word' id='word_1_255' title='bbox 1000 2519 1283 2571; x_wconf 89' lang='lat' dir='ltr'><strong>terrarum</strong></span> <span class='ocrx_word' id='word_1_256' title='bbox 1325 2517 1646 2572; x_wconf 86' lang='lat' dir='ltr'><strong>constitutis</strong></span> <span class='ocrx_word' id='word_1_257' title='bbox 1685 2517 1798 2589; x_wconf 90' lang='lat' dir='ltr'><strong>epi-</strong></span> <span class='ocrx_word' id='word_1_258' title='bbox 1827 2568 1847 2588; x_wconf 65' lang='grc'><em>,</em></span> 
     </span>
    </p>
   </div>
   <div class='ocr_carea' id='block_1_41' title="bbox 154 2604 986 2676">
    <p class='ocr_par' dir='ltr' id='par_1_41' title="bbox 154 2604 986 2676">
     <span class='ocr_line' id='line_1_41' title="bbox 154 2604 986 2676; baseline 0.002 -17"><span class='ocrx_word' id='word_1_259' title='bbox 154 2604 362 2676; x_wconf 88' lang='lat' dir='ltr'><strong>scopis.</strong></span> <span class='ocrx_word' id='word_1_260' title='bbox 954 2615 986 2636; x_wconf 74' lang='lat'><strong>’</strong></span> 
     </span>
    </p>
   </div>
   <div class='ocr_carea' id='block_1_42' title="bbox 227 2697 1800 2775">
    <p class='ocr_par' dir='ltr' id='par_1_42' title="bbox 227 2697 1800 2775">
     <span class='ocr_line' id='line_1_42' title="bbox 227 2697 1800 2775; baseline 0.003 -21"><span class='ocrx_word' id='word_1_261' title='bbox 227 2697 463 2754; x_wconf 91' lang='lat' dir='ltr'><strong>Sacram</strong></span> <span class='ocrx_word' id='word_1_262' title='bbox 487 2699 724 2755; x_wconf 85' lang='lat' dir='ltr'><strong>fecimus</strong></span> <span class='ocrx_word' id='word_1_263' title='bbox 745 2701 1227 2769; x_wconf 89' lang='lat' dir='ltr'><strong>constitutionem,</strong></span> <span class='ocrx_word' id='word_1_264' title='bbox 1244 2703 1460 2758; x_wconf 79' lang='lat' dir='ltr'><strong>nemini</strong></span> <span class='ocrx_word' id='word_1_265' title='bbox 1473 2704 1800 2775; x_wconf 89' lang='lat' dir='ltr'><strong>permitten-</strong></span> 
     </span>
    </p>
   </div>
   <div class='ocr_carea' id='block_1_43' title="bbox 153 2792 1799 2866">
    <p class='ocr_par' dir='ltr' id='par_1_43' title="bbox 153 2792 1799 2866">
     <span class='ocr_line' id='line_1_43' title="bbox 153 2792 1799 2866; baseline 0.003 -20"><span class='ocrx_word' id='word_1_266' title='bbox 153 2795 260 2858; x_wconf 89' lang='lat' dir='ltr'><strong>tes,</strong></span> <span class='ocrx_word' id='word_1_267' title='bbox 294 2808 482 2862; x_wconf 87' lang='lat' dir='ltr'><strong>neque</strong></span> <span class='ocrx_word' id='word_1_268' title='bbox 507 2792 742 2848; x_wconf 82' lang='lat' dir='ltr'><strong>invitam</strong></span> <span class='ocrx_word' id='word_1_269' title='bbox 772 2794 1092 2864; x_wconf 90' lang='lat' dir='ltr'><strong>mulierem,</strong></span> <span class='ocrx_word' id='word_1_270' title='bbox 1122 2797 1403 2866; x_wconf 89' lang='lat' dir='ltr'><strong>ancillam,</strong></span> <span class='ocrx_word' id='word_1_271' title='bbox 1440 2802 1540 2852; x_wconf 89' lang='lat' dir='ltr'><strong>aut</strong></span> <span class='ocrx_word' id='word_1_272' title='bbox 1563 2797 1799 2852; x_wconf 89' lang='lat' dir='ltr'><strong>liberam</strong></span> 
     </span>
    </p>
   </div>
   <div class='ocr_carea' id='block_1_44' title="bbox 154 2885 1796 2962">
    <p class='ocr_par' dir='ltr' id='par_1_44' title="bbox 154 2885 1796 2962">
     <span class='ocr_line' id='line_1_44' title="bbox 154 2885 1796 2962; baseline 0.004 -24"><span class='ocrx_word' id='word_1_273' title='bbox 154 2885 214 2938; x_wconf 93' lang='lat' dir='ltr'><strong>in</strong></span> <span class='ocrx_word' id='word_1_274' title='bbox 242 2901 499 2952; x_wconf 89' lang='lat' dir='ltr'><strong>scenam,</strong></span> <span class='ocrx_word' id='word_1_275' title='bbox 531 2891 628 2940; x_wconf 91' lang='lat' dir='ltr'><strong>aut</strong></span> <span class='ocrx_word' id='word_1_276' title='bbox 659 2888 1008 2943; x_wconf 86' lang='lat' dir='ltr'><strong>orchestram</strong></span> <span class='ocrx_word' id='word_1_277' title='bbox 1050 2891 1416 2959; x_wconf 88' lang='lat' dir='ltr'><strong>pertrahere;</strong></span> <span class='ocrx_word' id='word_1_278' title='bbox 1454 2906 1638 2962; x_wconf 90' lang='lat' dir='ltr'><strong>neque</strong></span> <span class='ocrx_word' id='word_1_279' title='bbox 1659 2907 1796 2945; x_wconf 84' lang='lat' dir='ltr'><strong>con-</strong></span> 
     </span>
    </p>
   </div>
   <div class='ocr_carea' id='block_1_45' title="bbox 156 2979 1802 3055">
    <p class='ocr_par' dir='ltr' id='par_1_45' title="bbox 156 2979 1802 3055">
     <span class='ocr_line' id='line_1_45' title="bbox 156 2979 1802 3055; baseline 0.005 -26"><span class='ocrx_word' id='word_1_280' title='bbox 156 2979 298 3033; x_wconf 84' lang='lat' dir='ltr'><strong>verti</strong></span> <span class='ocrx_word' id='word_1_281' title='bbox 333 2979 641 3048; x_wconf 88' lang='lat' dir='ltr'><strong>volentem,</strong></span> <span class='ocrx_word' id='word_1_282' title='bbox 662 2981 968 3052; x_wconf 89' lang='lat' dir='ltr'><strong>prohibere</strong></span> <span class='ocrx_word' id='word_1_283' title='bbox 989 2999 1114 3037; x_wconf 86' lang='lat' dir='ltr'><strong>eam</strong></span> <span class='ocrx_word' id='word_1_284' title='bbox 1132 2983 1178 3053; x_wconf 88' lang='lat' dir='ltr'><strong>ej</strong></span> <span class='ocrx_word' id='word_1_285' title='bbox 1189 3000 1251 3037; x_wconf 86' lang='lat' dir='ltr'><strong>us</strong></span> <span class='ocrx_word' id='word_1_286' title='bbox 1267 2984 1624 3054; x_wconf 87' lang='lat' dir='ltr'><strong>ﬁdejussores</strong></span> <span class='ocrx_word' id='word_1_287' title='bbox 1640 2983 1802 3055; x_wconf 88' lang='lat' dir='ltr'><strong>quasi</strong></span> 
     </span>
    </p>
   </div>
   <div class='ocr_carea' id='block_1_46' title="bbox 157 3073 1794 3148">
    <p class='ocr_par' dir='ltr' id='par_1_46' title="bbox 157 3073 1794 3148">
     <span class='ocr_line' id='line_1_46' title="bbox 157 3073 1794 3148; baseline 0.002 -23"><span class='ocrx_word' id='word_1_288' title='bbox 157 3089 333 3143; x_wconf 90' lang='lat' dir='ltr'><strong>super</strong></span> <span class='ocrx_word' id='word_1_289' title='bbox 359 3073 464 3127; x_wconf 92' lang='lat' dir='ltr'><strong>hoc</strong></span> <span class='ocrx_word' id='word_1_290' title='bbox 492 3073 614 3144; x_wconf 89' lang='lat' dir='ltr'><strong>ipso</strong></span> <span class='ocrx_word' id='word_1_291' title='bbox 633 3079 851 3129; x_wconf 90' lang='lat' dir='ltr'><strong>certum</strong></span> <span class='ocrx_word' id='word_1_292' title='bbox 878 3075 1000 3129; x_wconf 90' lang='lat' dir='ltr'><strong>auri</strong></span> <span class='ocrx_word' id='word_1_293' title='bbox 1026 3077 1262 3132; x_wconf 91' lang='lat' dir='ltr'><strong>modum</strong></span> <span class='ocrx_word' id='word_1_294' title='bbox 1277 3077 1620 3147; x_wconf 86' lang='lat' dir='ltr'><strong>promissum</strong></span> <span class='ocrx_word' id='word_1_295' title='bbox 1635 3094 1794 3148; x_wconf 85' lang='lat' dir='ltr'><strong>repe-</strong></span> 
     </span>
    </p>
   </div>
   <div class='ocr_carea' id='block_1_47' title="bbox 156 3166 1799 3241">
    <p class='ocr_par' dir='ltr' id='par_1_47' title="bbox 156 3166 1799 3241">
     <span class='ocr_line' id='line_1_47' title="bbox 156 3166 1799 3241; baseline 0.003 -22"><span class='ocrx_word' id='word_1_296' title='bbox 156 3166 368 3230; x_wconf 88' lang='lat' dir='ltr'><strong>tendo;</strong></span> <span class='ocrx_word' id='word_1_297' title='bbox 399 3166 496 3220; x_wconf 92' lang='lat' dir='ltr'><strong>sed</strong></span> <span class='ocrx_word' id='word_1_298' title='bbox 535 3167 580 3220; x_wconf 91' lang='lat' dir='ltr'><strong>si</strong></span> <span class='ocrx_word' id='word_1_299' title='bbox 607 3167 744 3238; x_wconf 88' lang='lat' dir='ltr'><strong>quid</strong></span> <span class='ocrx_word' id='word_1_300' title='bbox 770 3167 881 3223; x_wconf 91' lang='lat' dir='ltr'><strong>tale</strong></span> <span class='ocrx_word' id='word_1_301' title='bbox 908 3169 1120 3223; x_wconf 88' lang='lat' dir='ltr'><strong>factum</strong></span> <span class='ocrx_word' id='word_1_302' title='bbox 1147 3170 1336 3238; x_wconf 89' lang='lat' dir='ltr'><strong>fuerit,</strong></span> <span class='ocrx_word' id='word_1_303' title='bbox 1371 3170 1658 3241; x_wconf 84' lang='lat' dir='ltr'><strong>prohiberi</strong></span> <span class='ocrx_word' id='word_1_304' title='bbox 1676 3171 1799 3224; x_wconf 64' lang='lat' dir='ltr'><strong>haec</strong></span> 
     </span>
    </p>
   </div>
   <div class='ocr_carea' id='block_1_48' title="bbox 157 3259 1798 3333">
    <p class='ocr_par' dir='ltr' id='par_1_48' title="bbox 157 3259 1798 3333">
     <span class='ocr_line' id='line_1_48' title="bbox 157 3259 1798 3333; baseline 0.003 -20"><span class='ocrx_word' id='word_1_305' title='bbox 157 3262 213 3314; x_wconf 92' lang='lat' dir='ltr'><strong>et</strong></span> <span class='ocrx_word' id='word_1_306' title='bbox 237 3277 270 3312; x_wconf 90' lang='lat' dir='ltr'><strong>a</strong></span> <span class='ocrx_word' id='word_1_307' title='bbox 301 3259 628 3314; x_wconf 88' lang='lat' dir='ltr'><strong>clarissimis</strong></span> <span class='ocrx_word' id='word_1_308' title='bbox 654 3261 1077 3332; x_wconf 85' lang='lat' dir='ltr'><strong>provinciarum</strong></span> <span class='ocrx_word' id='word_1_309' title='bbox 1106 3263 1462 3333; x_wconf 66' lang='lat' dir='ltr'><strong>prmsidibus,</strong></span> <span class='ocrx_word' id='word_1_310' title='bbox 1482 3269 1538 3318; x_wconf 92' lang='lat' dir='ltr'><strong>et</strong></span> <span class='ocrx_word' id='word_1_311' title='bbox 1560 3281 1592 3318; x_wconf 90' lang='lat' dir='ltr'><strong>a</strong></span> <span class='ocrx_word' id='word_1_312' title='bbox 1611 3264 1798 3318; x_wconf 81' lang='lat' dir='ltr'><strong>civita-</strong></span> 
     </span>
    </p>
   </div>
   <div class='ocr_carea' id='block_1_49' title="bbox 156 3352 1798 3426">
    <p class='ocr_par' dir='ltr' id='par_1_49' title="bbox 156 3352 1798 3426">
     <span class='ocr_line' id='line_1_49' title="bbox 156 3352 1798 3426; baseline 0.002 -19"><span class='ocrx_word' id='word_1_313' title='bbox 156 3358 284 3407; x_wconf 90' lang='lat' dir='ltr'><strong>tum</strong></span> <span class='ocrx_word' id='word_1_314' title='bbox 338 3352 731 3424; x_wconf 85' lang='lat' dir='ltr'><strong>religiossimis</strong></span> <span class='ocrx_word' id='word_1_315' title='bbox 791 3355 1092 3426; x_wconf 89' lang='lat' dir='ltr'><strong>episcopis,</strong></span> <span class='ocrx_word' id='word_1_316' title='bbox 1139 3357 1556 3425; x_wconf 88' lang='lat' dir='ltr'><strong>constituimus,</strong></span> <span class='ocrx_word' id='word_1_317' title='bbox 1602 3358 1798 3412; x_wconf 88' lang='lat' dir='ltr'><strong>dantes</strong></span> 
     </span>
    </p>
   </div>
   <div class='ocr_carea' id='block_1_50' title="bbox 154 3447 1799 3521">
    <p class='ocr_par' dir='ltr' id='par_1_50' title="bbox 154 3447 1799 3521">
     <span class='ocr_line' id='line_1_50' title="bbox 154 3447 1799 3521; baseline 0.004 -22"><span class='ocrx_word' id='word_1_318' title='bbox 154 3447 452 3501; x_wconf 88' lang='lat' dir='ltr'><strong>licentiam</strong></span> <span class='ocrx_word' id='word_1_319' title='bbox 473 3447 912 3518; x_wconf 89' lang='lat' dir='ltr'><strong>religiosissimis</strong></span> <span class='ocrx_word' id='word_1_320' title='bbox 939 3449 1233 3521; x_wconf 88' lang='lat' dir='ltr'><strong>episc0pis,</strong></span> <span class='ocrx_word' id='word_1_321' title='bbox 1261 3467 1379 3504; x_wconf 90' lang='lat' dir='ltr'><strong>una</strong></span> <span class='ocrx_word' id='word_1_322' title='bbox 1411 3468 1541 3504; x_wconf 90' lang='lat' dir='ltr'><strong>cum</strong></span> <span class='ocrx_word' id='word_1_323' title='bbox 1561 3451 1799 3505; x_wconf 89' lang='lat' dir='ltr'><strong>clarissi-</strong></span> 
     </span>
    </p>
   </div>
   <div class='ocr_carea' id='block_1_51' title="bbox 155 3540 1798 3612">
    <p class='ocr_par' dir='ltr' id='par_1_51' title="bbox 155 3540 1798 3612">
     <span class='ocr_line' id='line_1_51' title="bbox 155 3540 1798 3612; baseline 0.002 -17"><span class='ocrx_word' id='word_1_324' title='bbox 155 3557 252 3595; x_wconf 89' lang='lat' dir='ltr'><strong>mo</strong></span> <span class='ocrx_word' id='word_1_325' title='bbox 295 3540 606 3610; x_wconf 83' lang='lat' dir='ltr'><strong>provinciae</strong></span> <span class='ocrx_word' id='word_1_326' title='bbox 639 3541 902 3612; x_wconf 62' lang='lat' dir='ltr'><strong>pragside,</strong></span> <span class='ocrx_word' id='word_1_327' title='bbox 933 3543 1101 3598; x_wconf 88' lang='lat' dir='ltr'><strong>etiam</strong></span> <span class='ocrx_word' id='word_1_328' title='bbox 1145 3543 1345 3598; x_wconf 86' lang='lat' dir='ltr'><strong>invitos</strong></span> <span class='ocrx_word' id='word_1_329' title='bbox 1384 3545 1604 3599; x_wconf 90' lang='lat' dir='ltr'><strong>trahere</strong></span> <span class='ocrx_word' id='word_1_330' title='bbox 1640 3544 1711 3598; x_wconf 90' lang='lat' dir='ltr'><strong>ad</strong></span> <span class='ocrx_word' id='word_1_331' title='bbox 1739 3560 1798 3598; x_wconf 90' lang='lat' dir='ltr'><strong>se</strong></span> 
     </span>
    </p>
   </div>
   <div class='ocr_carea' id='block_1_52' title="bbox 157 3633 1798 3708">
    <p class='ocr_par' dir='ltr' id='par_1_52' title="bbox 157 3633 1798 3708">
     <span class='ocr_line' id='line_1_52' title="bbox 157 3633 1798 3708; baseline 0.002 -21"><span class='ocrx_word' id='word_1_332' title='bbox 157 3650 252 3688; x_wconf 92' lang='lat' dir='ltr'><strong>eos</strong></span> <span class='ocrx_word' id='word_1_333' title='bbox 279 3633 384 3704; x_wconf 91' lang='lat' dir='ltr'><strong>qui</strong></span> <span class='ocrx_word' id='word_1_334' title='bbox 411 3634 818 3704; x_wconf 91' lang='lat' dir='ltr'><strong>compulerint,</strong></span> <span class='ocrx_word' id='word_1_335' title='bbox 848 3640 947 3690; x_wconf 91' lang='lat' dir='ltr'><strong>aut</strong></span> <span class='ocrx_word' id='word_1_336' title='bbox 976 3637 1073 3708; x_wconf 91' lang='lat' dir='ltr'><strong>qui</strong></span> <span class='ocrx_word' id='word_1_337' title='bbox 1098 3637 1309 3692; x_wconf 82' lang='lat' dir='ltr'><strong>mutari</strong></span> <span class='ocrx_word' id='word_1_338' title='bbox 1335 3654 1434 3692; x_wconf 90' lang='lat' dir='ltr'><strong>seu</strong></span> <span class='ocrx_word' id='word_1_339' title='bbox 1454 3637 1704 3692; x_wconf 88' lang='lat' dir='ltr'><strong>converti</strong></span> <span class='ocrx_word' id='word_1_340' title='bbox 1727 3638 1798 3691; x_wconf 92' lang='lat' dir='ltr'><strong>ab</strong></span> 
     </span>
    </p>
   </div>
   <div class='ocr_carea' id='block_1_53' title="bbox 159 3727 1799 3801">
    <p class='ocr_par' dir='ltr' id='par_1_53' title="bbox 159 3727 1799 3801">
     <span class='ocr_line' id='line_1_53' title="bbox 159 3727 1799 3801; baseline 0.001 -20"><span class='ocrx_word' id='word_1_341' title='bbox 159 3743 224 3781; x_wconf 90' lang='lat' dir='ltr'><strong>ea</strong></span> <span class='ocrx_word' id='word_1_342' title='bbox 263 3727 488 3781; x_wconf 87' lang='lat' dir='ltr'><strong>actione</strong></span> <span class='ocrx_word' id='word_1_343' title='bbox 527 3728 960 3798; x_wconf 84' lang='lat' dir='ltr'><strong>prohibuerint;</strong></span> <span class='ocrx_word' id='word_1_344' title='bbox 995 3735 1052 3784; x_wconf 91' lang='lat' dir='ltr'><strong>et</strong></span> <span class='ocrx_word' id='word_1_345' title='bbox 1092 3730 1378 3800; x_wconf 88' lang='lat' dir='ltr'><strong>publicam</strong></span> <span class='ocrx_word' id='word_1_346' title='bbox 1419 3731 1647 3801; x_wconf 90' lang='lat' dir='ltr'><strong>quidem</strong></span> <span class='ocrx_word' id='word_1_347' title='bbox 1677 3730 1799 3785; x_wconf 83' lang='lat' dir='ltr'><strong>fieri</strong></span> 
     </span>
    </p>
   </div>
   <div class='ocr_carea' id='block_1_54' title="bbox 158 3820 1800 3894">
    <p class='ocr_par' dir='ltr' id='par_1_54' title="bbox 158 3820 1800 3894">
     <span class='ocr_line' id='line_1_54' title="bbox 158 3820 1800 3894; baseline 0.001 -18"><span class='ocrx_word' id='word_1_348' title='bbox 158 3837 360 3876; x_wconf 89' lang='lat' dir='ltr'><strong>eorum</strong></span> <span class='ocrx_word' id='word_1_349' title='bbox 403 3820 798 3890; x_wconf 89' lang='lat' dir='ltr'><strong>substantiam,</strong></span> <span class='ocrx_word' id='word_1_350' title='bbox 841 3822 991 3894; x_wconf 90' lang='lat' dir='ltr'><strong>ipsos</strong></span> <span class='ocrx_word' id='word_1_351' title='bbox 1033 3839 1168 3878; x_wconf 89' lang='lat' dir='ltr'><strong>vero</strong></span> <span class='ocrx_word' id='word_1_352' title='bbox 1212 3823 1436 3878; x_wconf 90' lang='lat' dir='ltr'><strong>civitate</strong></span> <span class='ocrx_word' id='word_1_353' title='bbox 1473 3824 1700 3894; x_wconf 84' lang='lat' dir='ltr'><strong>expelli.</strong></span> <span class='ocrx_word' id='word_1_354' title='bbox 1743 3823 1800 3878; x_wconf 93' lang='lat' dir='ltr'><strong>Si</strong></span> 
     </span>
    </p>
   </div>
   <div class='ocr_carea' id='block_1_55' title="bbox 155 3915 1796 3988">
    <p class='ocr_par' dir='ltr' id='par_1_55' title="bbox 155 3915 1796 3988">
     <span class='ocr_line' id='line_1_55' title="bbox 155 3915 1796 3988; baseline 0.001 -20"><span class='ocrx_word' id='word_1_355' title='bbox 155 3932 290 3970; x_wconf 89' lang='lat' dir='ltr'><strong>vero</strong></span> <span class='ocrx_word' id='word_1_356' title='bbox 323 3915 423 3986; x_wconf 91' lang='lat' dir='ltr'><strong>qui</strong></span> <span class='ocrx_word' id='word_1_357' title='bbox 448 3915 802 3986; x_wconf 87' lang='lat' dir='ltr'><strong>provinciam</strong></span> <span class='ocrx_word' id='word_1_358' title='bbox 831 3916 984 3986; x_wconf 89' lang='lat' dir='ltr'><strong>regit</strong></span> <span class='ocrx_word' id='word_1_359' title='bbox 1015 3915 1134 3988; x_wconf 92' lang='lat' dir='ltr'><strong>ipse</strong></span> <span class='ocrx_word' id='word_1_360' title='bbox 1160 3917 1230 3970; x_wconf 91' lang='lat' dir='ltr'><strong>sit</strong></span> <span class='ocrx_word' id='word_1_361' title='bbox 1264 3918 1361 3988; x_wconf 87' lang='lat' dir='ltr'><strong>qui</strong></span> <span class='ocrx_word' id='word_1_362' title='bbox 1384 3933 1475 3971; x_wconf 90' lang='lat' dir='ltr'><strong>eas</strong></span> <span class='ocrx_word' id='word_1_363' title='bbox 1502 3917 1796 3988; x_wconf 89' lang='lat' dir='ltr'><strong>compule-</strong></span> 
     </span>
    </p>
   </div>
   <div class='ocr_carea' id='block_1_56' title="bbox 155 4008 1795 4080">
    <p class='ocr_par' dir='ltr' id='par_1_56' title="bbox 155 4008 1795 4080">
     <span class='ocr_line' id='line_1_56' title="bbox 155 4008 1795 4080; baseline 0.001 -18"><span class='ocrx_word' id='word_1_364' title='bbox 155 4008 248 4074; x_wconf 90' lang='lat' dir='ltr'><strong>rit,</strong></span> <span class='ocrx_word' id='word_1_365' title='bbox 281 4012 384 4062; x_wconf 90' lang='lat' dir='ltr'><strong>aut</strong></span> <span class='ocrx_word' id='word_1_366' title='bbox 422 4025 454 4062; x_wconf 90' lang='lat' dir='ltr'><strong>a</strong></span> <span class='ocrx_word' id='word_1_367' title='bbox 491 4008 762 4080; x_wconf 69' lang='lat' dir='ltr'><strong>praedicta</strong></span> <span class='ocrx_word' id='word_1_368' title='bbox 795 4009 1012 4064; x_wconf 88' lang='lat' dir='ltr'><strong>actione</strong></span> <span class='ocrx_word' id='word_1_369' title='bbox 1055 4011 1480 4064; x_wconf 90' lang='lat' dir='ltr'><strong>conversionem</strong></span> <span class='ocrx_word' id='word_1_370' title='bbox 1517 4027 1613 4065; x_wconf 91' lang='lat' dir='ltr'><strong>seu</strong></span> <span class='ocrx_word' id='word_1_371' title='bbox 1658 4011 1795 4064; x_wconf 89' lang='lat' dir='ltr'><strong>resi-</strong></span> 
     </span>
    </p>
   </div>
   <div class='ocr_carea' id='block_1_57' title="bbox 155 4101 1800 4172">
    <p class='ocr_par' dir='ltr' id='par_1_57' title="bbox 155 4101 1800 4172">
     <span class='ocr_line' id='line_1_57' title="bbox 155 4101 1800 4172; baseline 0.001 -18"><span class='ocrx_word' id='word_1_372' title='bbox 155 4101 496 4172; x_wconf 87' lang='lat' dir='ltr'><strong>piscentiam</strong></span> <span class='ocrx_word' id='word_1_373' title='bbox 537 4101 913 4172; x_wconf 87' lang='lat' dir='ltr'><strong>prohibuerit,</strong></span> <span class='ocrx_word' id='word_1_374' title='bbox 952 4102 1151 4156; x_wconf 89' lang='lat' dir='ltr'><strong>damus</strong></span> <span class='ocrx_word' id='word_1_375' title='bbox 1199 4103 1507 4171; x_wconf 83' lang='lat' dir='ltr'><strong>licentiam,</strong></span> <span class='ocrx_word' id='word_1_376' title='bbox 1556 4107 1611 4157; x_wconf 89' lang='lat' dir='ltr'><strong>et</strong></span> <span class='ocrx_word' id='word_1_377' title='bbox 1653 4103 1800 4157; x_wconf 91' lang='lat' dir='ltr'><strong>solos</strong></span> 
     </span>
    </p>
   </div>
   <div class='ocr_carea' id='block_1_58' title="bbox 156 4193 1798 4268">
    <p class='ocr_par' dir='ltr' id='par_1_58' title="bbox 156 4193 1798 4268">
     <span class='ocr_line' id='line_1_58' title="bbox 156 4193 1798 4268; baseline 0.002 -20"><span class='ocrx_word' id='word_1_378' title='bbox 156 4193 621 4266; x_wconf 83' lang='lat' dir='ltr'><strong>religiosissimos</strong></span> <span class='ocrx_word' id='word_1_379' title='bbox 647 4195 938 4266; x_wconf 90' lang='lat' dir='ltr'><strong>episcopos</strong></span> <span class='ocrx_word' id='word_1_380' title='bbox 962 4195 1116 4251; x_wconf 89' lang='lat' dir='ltr'><strong>adire</strong></span> <span class='ocrx_word' id='word_1_381' title='bbox 1153 4213 1297 4263; x_wconf 90' lang='lat' dir='ltr'><strong>eam,</strong></span> <span class='ocrx_word' id='word_1_382' title='bbox 1334 4213 1462 4268; x_wconf 63' lang='lat' dir='ltr'><strong>quae</strong></span> <span class='ocrx_word' id='word_1_383' title='bbox 1491 4197 1628 4251; x_wconf 89' lang='lat' dir='ltr'><strong>talia</strong></span> <span class='ocrx_word' id='word_1_384' title='bbox 1653 4196 1798 4267; x_wconf 90' lang='lat' dir='ltr'><strong>pati-</strong></span> 
     </span>
    </p>
   </div>
   <div class='ocr_carea' id='block_1_59' title="bbox 158 4287 1799 4360">
    <p class='ocr_par' dir='ltr' id='par_1_59' title="bbox 158 4287 1799 4360">
     <span class='ocr_line' id='line_1_59' title="bbox 158 4287 1799 4360; baseline 0.002 -19"><span class='ocrx_word' id='word_1_385' title='bbox 158 4292 271 4357; x_wconf 90' lang='lat' dir='ltr'><strong>tur,</strong></span> <span class='ocrx_word' id='word_1_386' title='bbox 323 4291 428 4342; x_wconf 91' lang='lat' dir='ltr'><strong>aut</strong></span> <span class='ocrx_word' id='word_1_387' title='bbox 457 4287 580 4358; x_wconf 87' lang='lat' dir='ltr'><strong>ejus</strong></span> <span class='ocrx_word' id='word_1_388' title='bbox 621 4288 1031 4359; x_wconf 87' lang='lat' dir='ltr'><strong>ﬁdejussorem,</strong></span> <span class='ocrx_word' id='word_1_389' title='bbox 1072 4289 1225 4344; x_wconf 91' lang='lat' dir='ltr'><strong>hunc</strong></span> <span class='ocrx_word' id='word_1_390' title='bbox 1261 4306 1391 4344; x_wconf 90' lang='lat' dir='ltr'><strong>vero</strong></span> <span class='ocrx_word' id='word_1_391' title='bbox 1435 4289 1799 4360; x_wconf 90' lang='lat' dir='ltr'><strong>(episcopum)</strong></span> 
     </span>
    </p>
   </div>
   <div class='ocr_carea' id='block_1_60' title="bbox 157 4381 1800 4454">
    <p class='ocr_par' dir='ltr' id='par_1_60' title="bbox 157 4381 1800 4454">
     <span class='ocr_line' id='line_1_60' title="bbox 157 4381 1800 4454; baseline 0.001 -20"><span class='ocrx_word' id='word_1_392' title='bbox 157 4381 450 4437; x_wconf 85' lang='lat' dir='ltr'><strong>adversari</strong></span> <span class='ocrx_word' id='word_1_393' title='bbox 480 4383 880 4453; x_wconf 84' lang='lat' dir='ltr'><strong>magistratum</strong></span> <span class='ocrx_word' id='word_1_394' title='bbox 920 4382 1170 4452; x_wconf 88' lang='lat' dir='ltr'><strong>habenti,</strong></span> <span class='ocrx_word' id='word_1_395' title='bbox 1216 4387 1272 4437; x_wconf 87' lang='lat' dir='ltr'><strong>et</strong></span> <span class='ocrx_word' id='word_1_396' title='bbox 1313 4399 1427 4437; x_wconf 90' lang='lat' dir='ltr'><strong>non</strong></span> <span class='ocrx_word' id='word_1_397' title='bbox 1473 4383 1800 4454; x_wconf 90' lang='lat' dir='ltr'><strong>permittere</strong></span> 
     </span>
    </p>
   </div>
   <div class='ocr_carea' id='block_1_61' title="bbox 160 4474 1798 4547">
    <p class='ocr_par' dir='ltr' id='par_1_61' title="bbox 160 4474 1798 4547">
     <span class='ocr_line' id='line_1_61' title="bbox 160 4474 1798 4547; baseline 0.001 -18"><span class='ocrx_word' id='word_1_398' title='bbox 160 4475 377 4546; x_wconf 89' lang='lat' dir='ltr'><strong>injuste</strong></span> <span class='ocrx_word' id='word_1_399' title='bbox 409 4490 609 4544; x_wconf 83' lang='lat' dir='ltr'><strong>agere;</strong></span> <span class='ocrx_word' id='word_1_400' title='bbox 645 4479 744 4528; x_wconf 88' lang='lat' dir='ltr'><strong>aut</strong></span> <span class='ocrx_word' id='word_1_401' title='bbox 773 4474 818 4528; x_wconf 91' lang='lat' dir='ltr'><strong>si</strong></span> <span class='ocrx_word' id='word_1_402' title='bbox 842 4475 1032 4528; x_wconf 91' lang='lat' dir='ltr'><strong>minus</strong></span> <span class='ocrx_word' id='word_1_403' title='bbox 1059 4475 1272 4530; x_wconf 89' lang='lat' dir='ltr'><strong>fuerint</strong></span> <span class='ocrx_word' id='word_1_404' title='bbox 1297 4476 1367 4530; x_wconf 91' lang='lat' dir='ltr'><strong>ad</strong></span> <span class='ocrx_word' id='word_1_405' title='bbox 1399 4476 1460 4530; x_wconf 93' lang='lat' dir='ltr'><strong>id</strong></span> <span class='ocrx_word' id='word_1_406' title='bbox 1488 4491 1798 4547; x_wconf 86' lang='lat' dir='ltr'><strong>exsequen-</strong></span> 
     </span>
    </p>
   </div>
   <div class='ocr_carea' id='block_1_62' title="bbox 159 4567 1881 4660">
    <p class='ocr_par' dir='ltr' id='par_1_62' title="bbox 159 4567 1881 4660">
     <span class='ocr_line' id='line_1_62' title="bbox 159 4567 1881 4660; baseline 0.001 -37"><span class='ocrx_word' id='word_1_407' title='bbox 159 4569 301 4623; x_wconf 92' lang='lat' dir='ltr'><strong>dum</strong></span> <span class='ocrx_word' id='word_1_408' title='bbox 329 4571 614 4639; x_wconf 88' lang='lat' dir='ltr'><strong>potentes,</strong></span> <span class='ocrx_word' id='word_1_409' title='bbox 646 4567 894 4622; x_wconf 89' lang='lat' dir='ltr'><strong>indicare</strong></span> <span class='ocrx_word' id='word_1_410' title='bbox 937 4567 994 4622; x_wconf 92' lang='lat' dir='ltr'><strong>id</strong></span> <span class='ocrx_word' id='word_1_411' title='bbox 1035 4572 1226 4623; x_wconf 89' lang='lat' dir='ltr'><strong>nostro</strong></span> <span class='ocrx_word' id='word_1_412' title='bbox 1252 4568 1510 4639; x_wconf 90' lang='lat' dir='ltr'><strong>imperio,</strong></span> <span class='ocrx_word' id='word_1_413' title='bbox 1545 4574 1662 4623; x_wconf 90' lang='lat' dir='ltr'><strong>uta</strong></span> <span class='ocrx_word' id='word_1_414' title='bbox 1693 4585 1799 4624; x_wconf 92' lang='lat' dir='ltr'><strong>no-</strong></span> <span class='ocrx_word' id='word_1_415' title='bbox 1820 4587 1881 4660; x_wconf 84' lang='lat' dir='ltr'><strong>D</strong></span> 
     </span>
    </p>
   </div>
   <div class='ocr_carea' id='block_1_63' title="bbox 156 4661 1800 4733">
    <p class='ocr_par' dir='ltr' id='par_1_63' title="bbox 156 4661 1800 4733">
     <span class='ocr_line' id='line_1_63' title="bbox 156 4661 1800 4733; baseline 0 -17"><span class='ocrx_word' id='word_1_416' title='bbox 156 4662 244 4716; x_wconf 89' lang='lat' dir='ltr'><strong>bis</strong></span> <span class='ocrx_word' id='word_1_417' title='bbox 270 4665 608 4732; x_wconf 90' lang='lat' dir='ltr'><strong>competens</strong></span> <span class='ocrx_word' id='word_1_418' title='bbox 649 4665 982 4716; x_wconf 81' lang='lat' dir='ltr'><strong>exerceatur</strong></span> <span class='ocrx_word' id='word_1_419' title='bbox 1019 4679 1204 4733; x_wconf 88' lang='lat' dir='ltr'><strong>poena,</strong></span> <span class='ocrx_word' id='word_1_420' title='bbox 1250 4663 1703 4732; x_wconf 87' lang='lat' dir='ltr'><strong>ﬁdejussionibus</strong></span> <span class='ocrx_word' id='word_1_421' title='bbox 1724 4661 1800 4716; x_wconf 91' lang='lat' dir='ltr'><strong>si-</strong></span> 
     </span>
    </p>
   </div>
   <div class='ocr_carea' id='block_1_64' title="bbox 157 4753 1802 4825">
    <p class='ocr_par' dir='ltr' id='par_1_64' title="bbox 157 4753 1802 4825">
     <span class='ocr_line' id='line_1_64' title="bbox 157 4753 1802 4825; baseline 0.001 -17"><span class='ocrx_word' id='word_1_422' title='bbox 157 4755 283 4809; x_wconf 91' lang='lat' dir='ltr'><strong>mul</strong></span> <span class='ocrx_word' id='word_1_423' title='bbox 327 4753 655 4823; x_wconf 89' lang='lat' dir='ltr'><strong>liberandis,</strong></span> <span class='ocrx_word' id='word_1_424' title='bbox 699 4759 754 4808; x_wconf 91' lang='lat' dir='ltr'><strong>et</strong></span> <span class='ocrx_word' id='word_1_425' title='bbox 793 4754 1217 4825; x_wconf 89' lang='lat' dir='ltr'><strong>ﬁdejussoribus</strong></span> <span class='ocrx_word' id='word_1_426' title='bbox 1259 4755 1623 4810; x_wconf 90' lang='lat' dir='ltr'><strong>indemnibus</strong></span> <span class='ocrx_word' id='word_1_427' title='bbox 1667 4771 1802 4810; x_wconf 83' lang='lat' dir='ltr'><strong>con-</strong></span> 
     </span>
    </p>
   </div>
   <div class='ocr_carea' id='block_1_65' title="bbox 157 4846 1805 4919">
    <p class='ocr_par' dir='ltr' id='par_1_65' title="bbox 157 4846 1805 4919">
     <span class='ocr_line' id='line_1_65' title="bbox 157 4846 1805 4919; baseline 0.002 -18"><span class='ocrx_word' id='word_1_428' title='bbox 157 4846 470 4914; x_wconf 84' lang='lat' dir='ltr'><strong>servandis,</strong></span> <span class='ocrx_word' id='word_1_429' title='bbox 497 4847 783 4902; x_wconf 89' lang='lat' dir='ltr'><strong>licentiam</strong></span> <span class='ocrx_word' id='word_1_430' title='bbox 810 4848 1004 4903; x_wconf 84' lang='lat' dir='ltr'><strong>dantes</strong></span> <span class='ocrx_word' id='word_1_431' title='bbox 1023 4848 1310 4904; x_wconf 90' lang='lat' dir='ltr'><strong>conversis</strong></span> <span class='ocrx_word' id='word_1_432' title='bbox 1331 4848 1659 4919; x_wconf 89' lang='lat' dir='ltr'><strong>hujusmodi</strong></span> <span class='ocrx_word' id='word_1_433' title='bbox 1677 4865 1805 4904; x_wconf 90' lang='lat' dir='ltr'><strong>mu-</strong></span> 
     </span>
    </p>
   </div>
   <div class='ocr_carea' id='block_1_66' title="bbox 154 4923 1804 5011">
    <p class='ocr_par' dir='ltr' id='par_1_66' title="bbox 154 4923 1804 5011">
     <span class='ocr_line' id='line_1_66' title="bbox 154 4923 1804 5011; baseline 0.002 -17"><span class='ocrx_word' id='word_1_434' title='bbox 154 4923 400 4997; x_wconf 80' lang='lat' dir='ltr'><strong>lieribus</strong></span> <span class='ocrx_word' id='word_1_435' title='bbox 424 4940 619 4995; x_wconf 90' lang='lat' dir='ltr'><strong>liberis</strong></span> <span class='ocrx_word' id='word_1_436' title='bbox 645 4944 702 4995; x_wconf 91' lang='lat' dir='ltr'><strong>et</strong></span> <span class='ocrx_word' id='word_1_437' title='bbox 721 4941 992 5011; x_wconf 85' lang='lat' dir='ltr'><strong>ingenuis</strong></span> <span class='ocrx_word' id='word_1_438' title='bbox 1013 4942 1381 4997; x_wconf 88' lang='lat' dir='ltr'><strong>existentibus</strong></span> <span class='ocrx_word' id='word_1_439' title='bbox 1407 4941 1478 4996; x_wconf 90' lang='lat' dir='ltr'><strong>ad</strong></span> <span class='ocrx_word' id='word_1_440' title='bbox 1510 4943 1804 4997; x_wconf 88' lang='lat' dir='ltr'><strong>matrimo-</strong></span> 
     </span>
    </p>
   </div>
   <div class='ocr_carea' id='block_1_67' title="bbox 155 5034 1805 5106">
    <p class='ocr_par' dir='ltr' id='par_1_67' title="bbox 155 5034 1805 5106">
     <span class='ocr_line' id='line_1_67' title="bbox 155 5034 1805 5106; baseline 0.001 -16"><span class='ocrx_word' id='word_1_441' title='bbox 155 5036 324 5090; x_wconf 90' lang='lat' dir='ltr'><strong>nium</strong></span> <span class='ocrx_word' id='word_1_442' title='bbox 354 5034 597 5090; x_wconf 89' lang='lat' dir='ltr'><strong>transire</strong></span> <span class='ocrx_word' id='word_1_443' title='bbox 618 5035 963 5106; x_wconf 84' lang='lat' dir='ltr'><strong>legitimum,</strong></span> <span class='ocrx_word' id='word_1_444' title='bbox 997 5036 1217 5090; x_wconf 89' lang='lat' dir='ltr'><strong>etiamsi</strong></span> <span class='ocrx_word' id='word_1_445' title='bbox 1243 5035 1590 5106; x_wconf 87' lang='lat' dir='ltr'><strong>contigerint</strong></span> <span class='ocrx_word' id='word_1_446' title='bbox 1626 5036 1805 5092; x_wconf 90' lang='lat' dir='ltr'><strong>hone-</strong></span> 
     </span>
    </p>
   </div>
   <div class='ocr_carea' id='block_1_68' title="bbox 155 5127 1807 5200">
    <p class='ocr_par' dir='ltr' id='par_1_68' title="bbox 155 5127 1807 5200">
     <span class='ocr_line' id='line_1_68' title="bbox 155 5127 1807 5200; baseline 0.001 -16"><span class='ocrx_word' id='word_1_447' title='bbox 155 5127 425 5184; x_wconf 89' lang='lat' dir='ltr'><strong>stissimis</strong></span> <span class='ocrx_word' id='word_1_448' title='bbox 454 5128 834 5200; x_wconf 89' lang='lat' dir='ltr'><strong>dignitatibus</strong></span> <span class='ocrx_word' id='word_1_449' title='bbox 853 5129 950 5200; x_wconf 89' lang='lat' dir='ltr'><strong>qui</strong></span> <span class='ocrx_word' id='word_1_450' title='bbox 971 5129 1095 5184; x_wconf 91' lang='lat' dir='ltr'><strong>illas</strong></span> <span class='ocrx_word' id='word_1_451' title='bbox 1116 5128 1382 5184; x_wconf 89' lang='lat' dir='ltr'><strong>duxerint</strong></span> <span class='ocrx_word' id='word_1_452' title='bbox 1404 5129 1668 5200; x_wconf 87' lang='lat' dir='ltr'><strong>decorati,</strong></span> <span class='ocrx_word' id='word_1_453' title='bbox 1691 5146 1807 5185; x_wconf 90' lang='lat' dir='ltr'><strong>non</strong></span> 
     </span>
    </p>
   </div>
   <div class='ocr_carea' id='block_1_69' title="bbox 155 5222 1807 5294">
    <p class='ocr_par' dir='ltr' id='par_1_69' title="bbox 155 5222 1807 5294">
     <span class='ocr_line' id='line_1_69' title="bbox 155 5222 1807 5294; baseline 0.001 -16"><span class='ocrx_word' id='word_1_454' title='bbox 155 5223 410 5294; x_wconf 88' lang='lat' dir='ltr'><strong>amplius</strong></span> <span class='ocrx_word' id='word_1_455' title='bbox 459 5222 851 5291; x_wconf 81' lang='lat' dir='ltr'><strong>indigentibus</strong></span> <span class='ocrx_word' id='word_1_456' title='bbox 906 5222 1294 5294; x_wconf 87' lang='lat' dir='ltr'><strong>imperialibus</strong></span> <span class='ocrx_word' id='word_1_457' title='bbox 1347 5223 1654 5294; x_wconf 89' lang='lat' dir='ltr'><strong>rescriptis,</strong></span> <span class='ocrx_word' id='word_1_458' title='bbox 1709 5224 1807 5279; x_wconf 92' lang='lat' dir='ltr'><strong>sed</strong></span> 
     </span>
    </p>
   </div>
   <div class='ocr_carea' id='block_1_70' title="bbox 155 5315 1804 5388">
    <p class='ocr_par' dir='ltr' id='par_1_70' title="bbox 155 5315 1804 5388">
     <span class='ocr_line' id='line_1_70' title="bbox 155 5315 1804 5388; baseline -0.001 -17"><span class='ocrx_word' id='word_1_459' title='bbox 155 5333 261 5371; x_wconf 90' lang='lat' dir='ltr'><strong>sua</strong></span> <span class='ocrx_word' id='word_1_460' title='bbox 280 5320 564 5387; x_wconf 88' lang='lat' dir='ltr'><strong>potestate</strong></span> <span class='ocrx_word' id='word_1_461' title='bbox 598 5317 827 5388; x_wconf 89' lang='lat' dir='ltr'><strong>nuptias</strong></span> <span class='ocrx_word' id='word_1_462' title='bbox 863 5315 1294 5385; x_wconf 89' lang='lat' dir='ltr'><strong>celebrantibus,</strong></span> <span class='ocrx_word' id='word_1_463' title='bbox 1327 5316 1676 5388; x_wconf 85' lang='lat' dir='ltr'><strong>nuptialibus</strong></span> <span class='ocrx_word' id='word_1_464' title='bbox 1716 5317 1804 5370; x_wconf 91' lang='lat' dir='ltr'><strong>ni-</strong></span> 
     </span>
    </p>
   </div>
   <div class='ocr_carea' id='block_1_71' title="bbox 154 5407 1804 5479">
    <p class='ocr_par' dir='ltr' id='par_1_71' title="bbox 154 5407 1804 5479">
     <span class='ocr_line' id='line_1_71' title="bbox 154 5407 1804 5479; baseline -0.001 -14"><span class='ocrx_word' id='word_1_465' title='bbox 154 5410 380 5465; x_wconf 89' lang='lat' dir='ltr'><strong>mirum</strong></span> <span class='ocrx_word' id='word_1_466' title='bbox 427 5409 822 5465; x_wconf 88' lang='lat' dir='ltr'><strong>instrumentis</strong></span> <span class='ocrx_word' id='word_1_467' title='bbox 865 5407 1192 5464; x_wconf 89' lang='lat' dir='ltr'><strong>omnimodo</strong></span> <span class='ocrx_word' id='word_1_468' title='bbox 1232 5409 1382 5464; x_wconf 87' lang='lat' dir='ltr'><strong>inter</strong></span> <span class='ocrx_word' id='word_1_469' title='bbox 1429 5409 1584 5479; x_wconf 91' lang='lat' dir='ltr'><strong>ipsos</strong></span> <span class='ocrx_word' id='word_1_470' title='bbox 1625 5409 1804 5464; x_wconf 90' lang='lat' dir='ltr'><strong>factis.</strong></span> 
     </span>
    </p>
   </div>
   <div class='ocr_carea' id='block_1_72' title="bbox 155 5502 1806 5576">
    <p class='ocr_par' dir='ltr' id='par_1_72' title="bbox 155 5502 1806 5576">
     <span class='ocr_line' id='line_1_72' title="bbox 155 5502 1806 5576; baseline -0.001 -18"><span class='ocrx_word' id='word_1_471' title='bbox 155 5503 489 5576; x_wconf 83' lang='lat' dir='ltr'><strong>Eademque</strong></span> <span class='ocrx_word' id='word_1_472' title='bbox 529 5507 586 5558; x_wconf 91' lang='lat' dir='ltr'><strong>et</strong></span> <span class='ocrx_word' id='word_1_473' title='bbox 620 5503 689 5559; x_wconf 92' lang='lat' dir='ltr'><strong>de</strong></span> <span class='ocrx_word' id='word_1_474' title='bbox 730 5503 951 5557; x_wconf 87' lang='lat' dir='ltr'><strong>ﬁliabus</strong></span> <span class='ocrx_word' id='word_1_475' title='bbox 991 5503 1342 5558; x_wconf 90' lang='lat' dir='ltr'><strong>scenicarum</strong></span> <span class='ocrx_word' id='word_1_476' title='bbox 1381 5502 1806 5557; x_wconf 87' lang='lat' dir='ltr'><strong>constituentes.</strong></span> 
     </span>
    </p>
   </div>
   <div class='ocr_carea' id='block_1_73' title="bbox 155 5595 1809 5667">
    <p class='ocr_par' dir='ltr' id='par_1_73' title="bbox 155 5595 1809 5667">
     <span class='ocr_line' id='line_1_73' title="bbox 155 5595 1809 5667; baseline -0.001 -17"><span class='ocrx_word' id='word_1_477' title='bbox 155 5597 290 5667; x_wconf 88' lang='lat'><strong>—§</strong></span> <span class='ocrx_word' id='word_1_478' title='bbox 328 5600 379 5651; x_wconf 84' lang='grc'><strong>1.</strong></span> <span class='ocrx_word' id='word_1_479' title='bbox 429 5597 582 5653; x_wconf 84' lang='lat' dir='ltr'><strong>Hanc</strong></span> <span class='ocrx_word' id='word_1_480' title='bbox 621 5602 816 5652; x_wconf 90' lang='lat' dir='ltr'><strong>autem</strong></span> <span class='ocrx_word' id='word_1_481' title='bbox 863 5595 1075 5652; x_wconf 88' lang='lat' dir='ltr'><strong>dictam</strong></span> <span class='ocrx_word' id='word_1_482' title='bbox 1122 5595 1600 5666; x_wconf 89' lang='lat' dir='ltr'><strong>constitutionem,</strong></span> <span class='ocrx_word' id='word_1_483' title='bbox 1642 5600 1699 5650; x_wconf 87' lang='lat' dir='ltr'><strong>et</strong></span> <span class='ocrx_word' id='word_1_484' title='bbox 1748 5595 1809 5650; x_wconf 90' lang='lat' dir='ltr'><strong>in</strong></span> 
     </span>
    </p>
   </div>
   <div class='ocr_carea' id='block_1_74' title="bbox 155 5689 1812 5762">
    <p class='ocr_par' dir='ltr' id='par_1_74' title="bbox 155 5689 1812 5762">
     <span class='ocr_line' id='line_1_74' title="bbox 155 5689 1812 5762; baseline -0.001 -17"><span class='ocrx_word' id='word_1_485' title='bbox 155 5691 369 5762; x_wconf 89' lang='lat' dir='ltr'><strong>quinto</strong></span> <span class='ocrx_word' id='word_1_486' title='bbox 393 5690 539 5744; x_wconf 90' lang='lat' dir='ltr'><strong>libro</strong></span> <span class='ocrx_word' id='word_1_487' title='bbox 577 5690 836 5744; x_wconf 91' lang='lat' dir='ltr'><strong>omnium</strong></span> <span class='ocrx_word' id='word_1_488' title='bbox 874 5690 1344 5745; x_wconf 90' lang='lat' dir='ltr'><strong>constitutionum</strong></span> <span class='ocrx_word' id='word_1_489' title='bbox 1387 5690 1559 5762; x_wconf 92' lang='lat' dir='ltr'><strong>hujus</strong></span> <span class='ocrx_word' id='word_1_490' title='bbox 1601 5689 1812 5744; x_wconf 87' lang='lat' dir='ltr'><strong>scilicet</strong></span> 
     </span>
    </p>
   </div>
   <div class='ocr_carea' id='block_1_75' title="bbox 158 5777 1805 5852">
    <p class='ocr_par' dir='ltr' id='par_1_75' title="bbox 158 5777 1805 5852">
     <span class='ocr_line' id='line_1_75' title="bbox 158 5777 1805 5852; baseline -0.004 -15"><span class='ocrx_word' id='word_1_491' title='bbox 158 5784 383 5837; x_wconf 73' lang='lat' dir='ltr'><strong>nostra:</strong></span> <span class='ocrx_word' id='word_1_492' title='bbox 412 5780 638 5852; x_wconf 89' lang='lat' dir='ltr'><strong>pietatis</strong></span> <span class='ocrx_word' id='word_1_493' title='bbox 680 5779 1040 5850; x_wconf 88' lang='lat' dir='ltr'><strong>cognominis</strong></span> <span class='ocrx_word' id='word_1_494' title='bbox 1077 5781 1226 5850; x_wconf 92' lang='lat' dir='ltr'><strong>libri,</strong></span> <span class='ocrx_word' id='word_1_495' title='bbox 1279 5781 1349 5835; x_wconf 91' lang='lat' dir='ltr'><strong>ad</strong></span> <span class='ocrx_word' id='word_1_496' title='bbox 1392 5781 1579 5835; x_wconf 89' lang='lat' dir='ltr'><strong>civiles</strong></span> <span class='ocrx_word' id='word_1_497' title='bbox 1622 5777 1805 5849; x_wconf 87' lang='lat' dir='ltr'><strong>magi-</strong></span> 
     </span>
    </p>
   </div>
   <div class='ocr_carea' id='block_1_76' title="bbox 157 5871 1806 5947">
    <p class='ocr_par' dir='ltr' id='par_1_76' title="bbox 157 5871 1806 5947">
     <span class='ocr_line' id='line_1_76' title="bbox 157 5871 1806 5947; baseline -0.002 -16"><span class='ocrx_word' id='word_1_498' title='bbox 157 5877 378 5932; x_wconf 85' lang='lat' dir='ltr'><strong>stratus</strong></span> <span class='ocrx_word' id='word_1_499' title='bbox 404 5873 766 5947; x_wconf 83' lang='lat' dir='ltr'><strong>rescriptam,</strong></span> <span class='ocrx_word' id='word_1_500' title='bbox 793 5871 1108 5945; x_wconf 83' lang='lat' dir='ltr'><strong>posuimus.</strong></span> <span class='ocrx_word' id='word_1_501' title='bbox 1145 5874 1428 5938; x_wconf 84' lang='lat' dir='ltr'><strong>Quoniam</strong></span> <span class='ocrx_word' id='word_1_502' title='bbox 1458 5874 1609 5932; x_wconf 89' lang='lat' dir='ltr'><strong>enim</strong></span> <span class='ocrx_word' id='word_1_503' title='bbox 1638 5887 1806 5943; x_wconf 88' lang='lat' dir='ltr'><strong>opor-</strong></span> 
     </span>
    </p>
   </div>
   <div class='ocr_carea' id='block_1_77' title="bbox 1819 3211 1873 3285">
    <p class='ocr_par' dir='ltr' id='par_1_77' title="bbox 1819 3211 1873 3285">
     <span class='ocr_line' id='line_1_77' title="bbox 1819 3211 1873 3285; baseline 0 0"><span class='ocrx_word' id='word_1_504' title='bbox 1819 3211 1873 3285; x_wconf 87' lang='lat' dir='ltr'>C</span> 
     </span>
    </p>
   </div>
   <div class='ocr_carea' id='block_1_78' title="bbox 1893 1957 3532 2030">
    <p class='ocr_par' dir='ltr' id='par_1_78' title="bbox 1893 1957 3532 2030">
     <span class='ocr_line' id='line_1_78' title="bbox 1893 1957 3532 2030; baseline 0.001 -18"><span class='ocrx_word' id='word_1_505' title='bbox 1893 1974 2108 2030; x_wconf 90' lang='lat' dir='ltr'><strong>preces,</strong></span> <span class='ocrx_word' id='word_1_506' title='bbox 2131 1957 2378 2012; x_wconf 88' lang='lat' dir='ltr'><strong>multum</strong></span> <span class='ocrx_word' id='word_1_507' title='bbox 2406 1957 2657 2012; x_wconf 83' lang='lat' dir='ltr'><strong>favorem</strong></span> <span class='ocrx_word' id='word_1_508' title='bbox 2684 1962 2893 2011; x_wconf 69' lang='lat' dir='ltr'><strong>nostrae</strong></span> <span class='ocrx_word' id='word_1_509' title='bbox 2919 1958 3241 2028; x_wconf 72' lang='lat' dir='ltr'><strong>reipublicae</strong></span> <span class='ocrx_word' id='word_1_510' title='bbox 3267 1963 3324 2013; x_wconf 92' lang='lat' dir='ltr'><strong>et</strong></span> <span class='ocrx_word' id='word_1_511' title='bbox 3352 1959 3532 2014; x_wconf 89' lang='lat' dir='ltr'><strong>incre-</strong></span> 
     </span>
    </p>
   </div>
   <div class='ocr_carea' id='block_1_79' title="bbox 1894 2050 3531 2122">
    <p class='ocr_par' dir='ltr' id='par_1_79' title="bbox 1894 2050 3531 2122">
     <span class='ocr_line' id='line_1_79' title="bbox 1894 2050 3531 2122; baseline 0.001 -17"><span class='ocrx_word' id='word_1_512' title='bbox 1894 2056 2153 2105; x_wconf 90' lang='lat' dir='ltr'><strong>mentum</strong></span> <span class='ocrx_word' id='word_1_513' title='bbox 2173 2050 2453 2121; x_wconf 68' lang='lat' dir='ltr'><strong>prmbent,</strong></span> <span class='ocrx_word' id='word_1_514' title='bbox 2479 2066 2584 2122; x_wconf 91' lang='lat' dir='ltr'><strong>per</strong></span> <span class='ocrx_word' id='word_1_515' title='bbox 2609 2066 2749 2120; x_wconf 88' lang='lat' dir='ltr'><strong>quas</strong></span> <span class='ocrx_word' id='word_1_516' title='bbox 2779 2050 2944 2104; x_wconf 88' lang='lat' dir='ltr'><strong>datur</strong></span> <span class='ocrx_word' id='word_1_517' title='bbox 2967 2051 3152 2119; x_wconf 90' lang='lat' dir='ltr'><strong>nobis,</strong></span> <span class='ocrx_word' id='word_1_518' title='bbox 3182 2056 3237 2106; x_wconf 93' lang='lat' dir='ltr'><strong>et</strong></span> <span class='ocrx_word' id='word_1_519' title='bbox 3260 2052 3531 2106; x_wconf 89' lang='lat' dir='ltr'><strong>barbaros</strong></span> 
     </span>
    </p>
   </div>
   <div class='ocr_carea' id='block_1_80' title="bbox 1893 2143 3532 2215">
    <p class='ocr_par' dir='ltr' id='par_1_80' title="bbox 1893 2143 3532 2215">
     <span class='ocr_line' id='line_1_80' title="bbox 1893 2143 3532 2215; baseline 0 -16"><span class='ocrx_word' id='word_1_520' title='bbox 1893 2143 2224 2214; x_wconf 86' lang='lat' dir='ltr'><strong>subjugare,</strong></span> <span class='ocrx_word' id='word_1_521' title='bbox 2250 2148 2306 2198; x_wconf 90' lang='lat' dir='ltr'><strong>et</strong></span> <span class='ocrx_word' id='word_1_522' title='bbox 2329 2143 2387 2196; x_wconf 89' lang='lat' dir='ltr'><strong>in</strong></span> <span class='ocrx_word' id='word_1_523' title='bbox 2415 2143 2735 2197; x_wconf 90' lang='lat' dir='ltr'><strong>dominium</strong></span> <span class='ocrx_word' id='word_1_524' title='bbox 2764 2143 3025 2214; x_wconf 91' lang='lat' dir='ltr'><strong>redigere</strong></span> <span class='ocrx_word' id='word_1_525' title='bbox 3053 2144 3177 2197; x_wconf 92' lang='lat' dir='ltr'><strong>illos</strong></span> <span class='ocrx_word' id='word_1_526' title='bbox 3208 2161 3337 2215; x_wconf 62' lang='lat' dir='ltr'><strong>quae</strong></span> <span class='ocrx_word' id='word_1_527' title='bbox 3365 2150 3532 2200; x_wconf 86' lang='lat' dir='ltr'><strong>antea</strong></span> 
     </span>
    </p>
   </div>
   <div class='ocr_carea' id='block_1_81' title="bbox 1898 2237 3532 2308">
    <p class='ocr_par' dir='ltr' id='par_1_81' title="bbox 1898 2237 3532 2308">
     <span class='ocr_line' id='line_1_81' title="bbox 1898 2237 3532 2308; baseline 0.001 -17"><span class='ocrx_word' id='word_1_528' title='bbox 1898 2254 2011 2291; x_wconf 89' lang='lat' dir='ltr'><strong>non</strong></span> <span class='ocrx_word' id='word_1_529' title='bbox 2038 2237 2421 2303; x_wconf 86' lang='lat' dir='ltr'><strong>obtinuimus;</strong></span> <span class='ocrx_word' id='word_1_530' title='bbox 2450 2241 2504 2292; x_wconf 92' lang='lat' dir='ltr'><strong>et</strong></span> <span class='ocrx_word' id='word_1_531' title='bbox 2532 2241 2743 2308; x_wconf 87' lang='lat' dir='ltr'><strong>quanto</strong></span> <span class='ocrx_word' id='word_1_532' title='bbox 2769 2237 2896 2307; x_wconf 91' lang='lat' dir='ltr'><strong>plus</strong></span> <span class='ocrx_word' id='word_1_533' title='bbox 2927 2237 3095 2291; x_wconf 88' lang='lat' dir='ltr'><strong>rebus</strong></span> <span class='ocrx_word' id='word_1_534' title='bbox 3121 2238 3349 2293; x_wconf 90' lang='lat' dir='ltr'><strong>illorum</strong></span> <span class='ocrx_word' id='word_1_535' title='bbox 3378 2255 3532 2293; x_wconf 79' lang='lat' dir='ltr'><strong>acce-</strong></span> 
     </span>
    </p>
   </div>
   <div class='ocr_carea' id='block_1_82' title="bbox 1896 2330 3530 2402">
    <p class='ocr_par' dir='ltr' id='par_1_82' title="bbox 1896 2330 3530 2402">
     <span class='ocr_line' id='line_1_82' title="bbox 1896 2330 3530 2402; baseline 0.001 -17"><span class='ocrx_word' id='word_1_536' title='bbox 1896 2331 1979 2386; x_wconf 91' lang='lat' dir='ltr'><strong>dit</strong></span> <span class='ocrx_word' id='word_1_537' title='bbox 2014 2331 2326 2395; x_wconf 87' lang='lat' dir='ltr'><strong>honestatis</strong></span> <span class='ocrx_word' id='word_1_538' title='bbox 2373 2335 2428 2385; x_wconf 91' lang='lat' dir='ltr'><strong>et</strong></span> <span class='ocrx_word' id='word_1_539' title='bbox 2471 2330 2705 2396; x_wconf 89' lang='lat' dir='ltr'><strong>decoris,</strong></span> <span class='ocrx_word' id='word_1_540' title='bbox 2734 2334 2894 2384; x_wconf 87' lang='lat' dir='ltr'><strong>tanto</strong></span> <span class='ocrx_word' id='word_1_541' title='bbox 2941 2331 3130 2402; x_wconf 91' lang='lat' dir='ltr'><strong>magis</strong></span> <span class='ocrx_word' id='word_1_542' title='bbox 3173 2336 3229 2386; x_wconf 93' lang='lat' dir='ltr'><strong>et</strong></span> <span class='ocrx_word' id='word_1_543' title='bbox 3273 2337 3530 2387; x_wconf 88' lang='lat' dir='ltr'><strong>nostram</strong></span> 
     </span>
    </p>
   </div>
   <div class='ocr_carea' id='block_1_83' title="bbox 1896 2423 3533 2495">
    <p class='ocr_par' dir='ltr' id='par_1_83' title="bbox 1896 2423 3533 2495">
     <span class='ocr_line' id='line_1_83' title="bbox 1896 2423 3533 2495; baseline 0 -16"><span class='ocrx_word' id='word_1_544' title='bbox 1896 2424 2306 2495; x_wconf 89' lang='lat' dir='ltr'><strong>rempublicam</strong></span> <span class='ocrx_word' id='word_1_545' title='bbox 2325 2440 2472 2494; x_wconf 88' lang='lat' dir='ltr'><strong>auge</strong></span> <span class='ocrx_word' id='word_1_546' title='bbox 2481 2424 2526 2477; x_wconf 85' lang='lat' dir='ltr'><strong>ri</strong></span> <span class='ocrx_word' id='word_1_547' title='bbox 2546 2423 2847 2478; x_wconf 85' lang='lat' dir='ltr'><strong>credimus.</strong></span> <span class='ocrx_word' id='word_1_548' title='bbox 2864 2423 2920 2479; x_wconf 91' lang='lat' dir='ltr'><strong>Si</strong></span> <span class='ocrx_word' id='word_1_549' title='bbox 2935 2423 3084 2478; x_wconf 91' lang='lat' dir='ltr'><strong>enim</strong></span> <span class='ocrx_word' id='word_1_550' title='bbox 3102 2425 3160 2478; x_wconf 90' lang='lat' dir='ltr'><strong>hi</strong></span> <span class='ocrx_word' id='word_1_551' title='bbox 3175 2425 3533 2495; x_wconf 68' lang='lat' dir='ltr'><strong>praetulerint</strong></span> 
     </span>
    </p>
   </div>
   <div class='ocr_carea' id='block_1_84' title="bbox 1895 2517 3534 2588">
    <p class='ocr_par' dir='ltr' id='par_1_84' title="bbox 1895 2517 3534 2588">
     <span class='ocr_line' id='line_1_84' title="bbox 1895 2517 3534 2588; baseline 0.001 -16"><span class='ocrx_word' id='word_1_552' title='bbox 1895 2517 2070 2573; x_wconf 90' lang='lat' dir='ltr'><strong>vitam</strong></span> <span class='ocrx_word' id='word_1_553' title='bbox 2089 2518 2409 2586; x_wconf 88' lang='lat' dir='ltr'><strong>honestam,</strong></span> <span class='ocrx_word' id='word_1_554' title='bbox 2431 2521 2487 2572; x_wconf 90' lang='lat' dir='ltr'><strong>et</strong></span> <span class='ocrx_word' id='word_1_555' title='bbox 2506 2517 2754 2588; x_wconf 89' lang='lat' dir='ltr'><strong>undique</strong></span> <span class='ocrx_word' id='word_1_556' title='bbox 2775 2517 3348 2588; x_wconf 86' lang='lat' dir='ltr'><strong>irreprehensibilem,</strong></span> <span class='ocrx_word' id='word_1_557' title='bbox 3365 2524 3421 2573; x_wconf 91' lang='lat' dir='ltr'><strong>et</strong></span> <span class='ocrx_word' id='word_1_558' title='bbox 3446 2535 3534 2573; x_wconf 91' lang='lat' dir='ltr'><strong>re-</strong></span> 
     </span>
    </p>
   </div>
   <div class='ocr_carea' id='block_1_85' title="bbox 1897 2610 3534 2684">
    <p class='ocr_par' dir='ltr' id='par_1_85' title="bbox 1897 2610 3534 2684">
     <span class='ocr_line' id='line_1_85' title="bbox 1897 2610 3534 2684; baseline -0.001 -17"><span class='ocrx_word' id='word_1_559' title='bbox 1897 2611 2120 2684; x_wconf 88' lang='lat' dir='ltr'><strong>liquum</strong></span> <span class='ocrx_word' id='word_1_560' title='bbox 2141 2611 2419 2682; x_wconf 89' lang='lat' dir='ltr'><strong>populum</strong></span> <span class='ocrx_word' id='word_1_561' title='bbox 2441 2610 2830 2677; x_wconf 85' lang='lat' dir='ltr'><strong>instruxerint,</strong></span> <span class='ocrx_word' id='word_1_562' title='bbox 2852 2615 2914 2666; x_wconf 90' lang='lat' dir='ltr'><strong>ut</strong></span> <span class='ocrx_word' id='word_1_563' title='bbox 2937 2611 2984 2665; x_wconf 92' lang='lat' dir='ltr'><strong>is</strong></span> <span class='ocrx_word' id='word_1_564' title='bbox 3013 2612 3084 2666; x_wconf 91' lang='lat' dir='ltr'><strong>ad</strong></span> <span class='ocrx_word' id='word_1_565' title='bbox 3109 2611 3339 2666; x_wconf 88' lang='lat' dir='ltr'><strong>illorum</strong></span> <span class='ocrx_word' id='word_1_566' title='bbox 3360 2612 3534 2666; x_wconf 89' lang='lat' dir='ltr'><strong>hone-</strong></span> 
     </span>
    </p>
   </div>
   <div class='ocr_carea' id='block_1_86' title="bbox 1899 2703 3533 2776">
    <p class='ocr_par' dir='ltr' id='par_1_86' title="bbox 1899 2703 3533 2776">
     <span class='ocr_line' id='line_1_86' title="bbox 1899 2703 3533 2776; baseline 0 -17"><span class='ocrx_word' id='word_1_567' title='bbox 1899 2707 2102 2759; x_wconf 88' lang='lat' dir='ltr'><strong>statem</strong></span> <span class='ocrx_word' id='word_1_568' title='bbox 2129 2705 2456 2776; x_wconf 88' lang='lat' dir='ltr'><strong>respiciens,</strong></span> <span class='ocrx_word' id='word_1_569' title='bbox 2479 2703 2674 2758; x_wconf 89' lang='lat' dir='ltr'><strong>multis</strong></span> <span class='ocrx_word' id='word_1_570' title='bbox 2699 2704 2943 2774; x_wconf 89' lang='lat' dir='ltr'><strong>peccatis</strong></span> <span class='ocrx_word' id='word_1_571' title='bbox 2969 2704 3267 2771; x_wconf 90' lang='lat' dir='ltr'><strong>abstineat,</strong></span> <span class='ocrx_word' id='word_1_572' title='bbox 3296 2706 3533 2776; x_wconf 89' lang='lat' dir='ltr'><strong>planum</strong></span> 
     </span>
    </p>
   </div>
   <div class='ocr_carea' id='block_1_87' title="bbox 1899 2796 3535 2868">
    <p class='ocr_par' dir='ltr' id='par_1_87' title="bbox 1899 2796 3535 2868">
     <span class='ocr_line' id='line_1_87' title="bbox 1899 2796 3535 2868; baseline 0 -17"><span class='ocrx_word' id='word_1_573' title='bbox 1899 2803 1985 2851; x_wconf 91' lang='lat' dir='ltr'><strong>est</strong></span> <span class='ocrx_word' id='word_1_574' title='bbox 2014 2798 2164 2868; x_wconf 90' lang='lat' dir='ltr'><strong>quod</strong></span> <span class='ocrx_word' id='word_1_575' title='bbox 2196 2797 2326 2851; x_wconf 90' lang='lat' dir='ltr'><strong>inde</strong></span> <span class='ocrx_word' id='word_1_576' title='bbox 2357 2801 2414 2851; x_wconf 90' lang='lat' dir='ltr'><strong>et</strong></span> <span class='ocrx_word' id='word_1_577' title='bbox 2437 2797 2648 2850; x_wconf 68' lang='lat' dir='ltr'><strong>animae</strong></span> <span class='ocrx_word' id='word_1_578' title='bbox 2681 2796 2944 2850; x_wconf 90' lang='lat' dir='ltr'><strong>omnibus</strong></span> <span class='ocrx_word' id='word_1_579' title='bbox 2970 2797 3231 2851; x_wconf 89' lang='lat' dir='ltr'><strong>meliores</strong></span> <span class='ocrx_word' id='word_1_580' title='bbox 3259 2804 3445 2862; x_wconf 89' lang='lat' dir='ltr'><strong>erunt,</strong></span> <span class='ocrx_word' id='word_1_581' title='bbox 3478 2803 3535 2851; x_wconf 90' lang='lat' dir='ltr'><strong>et</strong></span> 
     </span>
    </p>
   </div>
   <div class='ocr_carea' id='block_1_88' title="bbox 1897 2889 3532 2946">
    <p class='ocr_par' dir='ltr' id='par_1_88' title="bbox 1897 2889 3532 2946">
     <span class='ocr_line' id='line_1_88' title="bbox 1897 2889 3532 2946; baseline -0.001 -1"><span class='ocrx_word' id='word_1_582' title='bbox 1897 2891 2059 2946; x_wconf 90' lang='lat' dir='ltr'><strong>facile</strong></span> <span class='ocrx_word' id='word_1_583' title='bbox 2102 2890 2268 2945; x_wconf 89' lang='lat' dir='ltr'><strong>nobis</strong></span> <span class='ocrx_word' id='word_1_584' title='bbox 2304 2890 2591 2944; x_wconf 90' lang='lat' dir='ltr'><strong>tribuetur</strong></span> <span class='ocrx_word' id='word_1_585' title='bbox 2620 2906 2652 2943; x_wconf 90' lang='lat' dir='ltr'><strong>a</strong></span> <span class='ocrx_word' id='word_1_586' title='bbox 2693 2889 2946 2944; x_wconf 89' lang='lat' dir='ltr'><strong>maximo</strong></span> <span class='ocrx_word' id='word_1_587' title='bbox 2991 2892 3101 2944; x_wconf 91' lang='lat' dir='ltr'><strong>Deo</strong></span> <span class='ocrx_word' id='word_1_588' title='bbox 3148 2895 3204 2944; x_wconf 93' lang='lat' dir='ltr'><strong>et</strong></span> <span class='ocrx_word' id='word_1_589' title='bbox 3245 2890 3532 2944; x_wconf 88' lang='lat' dir='ltr'><strong>Salvatore</strong></span> 
     </span>
    </p>
   </div>
   <div class='ocr_carea' id='block_1_89' title="bbox 1900 2983 3209 3039">
    <p class='ocr_par' dir='ltr' id='par_1_89' title="bbox 1900 2983 3209 3039">
     <span class='ocr_line' id='line_1_89' title="bbox 1900 2983 3209 3039; baseline -0.002 -1"><span class='ocrx_word' id='word_1_590' title='bbox 1900 2990 2090 3039; x_wconf 91' lang='lat' dir='ltr'><strong>nostro</strong></span> <span class='ocrx_word' id='word_1_591' title='bbox 2118 2985 2246 3038; x_wconf 85' lang='lat' dir='ltr'><strong>Jesu</strong></span> <span class='ocrx_word' id='word_1_592' title='bbox 2275 2983 2493 3038; x_wconf 88' lang='lat' dir='ltr'><strong>Christo</strong></span> <span class='ocrx_word' id='word_1_593' title='bbox 2519 2983 2821 3038; x_wconf 90' lang='lat' dir='ltr'><strong>clementia</strong></span> <span class='ocrx_word' id='word_1_594' title='bbox 2850 2983 3209 3038; x_wconf 89' lang='lat' dir='ltr'><strong>conveniens.</strong></span> 
     </span>
    </p>
   </div>
   <div class='ocr_carea' id='block_1_90' title="bbox 1970 3076 3531 3149">
    <p class='ocr_par' dir='ltr' id='par_1_90' title="bbox 1970 3076 3531 3149">
     <span class='ocr_line' id='line_1_90' title="bbox 1970 3076 3531 3149; baseline -0.001 -18"><span class='ocrx_word' id='word_1_595' title='bbox 1970 3078 2002 3149; x_wconf 87' lang='lat'>§</span> <span class='ocrx_word' id='word_1_596' title='bbox 2026 3083 2076 3132; x_wconf 81' lang='grc'><strong>1.</strong></span> <span class='ocrx_word' id='word_1_597' title='bbox 2097 3079 2224 3131; x_wconf 70' lang='lat' dir='ltr'><strong>Haec</strong></span> <span class='ocrx_word' id='word_1_598' title='bbox 2254 3076 2431 3147; x_wconf 89' lang='lat' dir='ltr'><strong>igitur</strong></span> <span class='ocrx_word' id='word_1_599' title='bbox 2454 3076 2618 3130; x_wconf 91' lang='lat' dir='ltr'><strong>nobis</strong></span> <span class='ocrx_word' id='word_1_600' title='bbox 2649 3077 3062 3146; x_wconf 87' lang='lat' dir='ltr'><strong>speculantibus</strong></span> <span class='ocrx_word' id='word_1_601' title='bbox 3082 3076 3406 3131; x_wconf 90' lang='lat' dir='ltr'><strong>nuntiatum</strong></span> <span class='ocrx_word' id='word_1_602' title='bbox 3427 3082 3531 3146; x_wconf 91' lang='lat' dir='ltr'><strong>est,</strong></span> 
     </span>
    </p>
   </div>
   <div class='ocr_carea' id='block_1_91' title="bbox 1899 3169 3531 3243">
    <p class='ocr_par' dir='ltr' id='par_1_91' title="bbox 1899 3169 3531 3243">
     <span class='ocr_line' id='line_1_91' title="bbox 1899 3169 3531 3243; baseline -0.001 -17"><span class='ocrx_word' id='word_1_603' title='bbox 1899 3175 2104 3243; x_wconf 77' lang='lat' dir='ltr'><strong>praeter</strong></span> <span class='ocrx_word' id='word_1_604' title='bbox 2132 3186 2494 3225; x_wconf 89' lang='lat' dir='ltr'><strong>communem</strong></span> <span class='ocrx_word' id='word_1_605' title='bbox 2524 3186 2717 3225; x_wconf 90' lang='lat' dir='ltr'><strong>rerum</strong></span> <span class='ocrx_word' id='word_1_606' title='bbox 2742 3169 2932 3236; x_wconf 86' lang='lat' dir='ltr'><strong>ﬁdem,</strong></span> <span class='ocrx_word' id='word_1_607' title='bbox 2963 3170 3238 3240; x_wconf 88' lang='lat' dir='ltr'><strong>quosdam</strong></span> <span class='ocrx_word' id='word_1_608' title='bbox 3267 3186 3335 3224; x_wconf 86' lang='lat' dir='ltr'><strong>ex</strong></span> <span class='ocrx_word' id='word_1_609' title='bbox 3371 3185 3531 3225; x_wconf 85' lang='lat' dir='ltr'><strong>reve-</strong></span> 
     </span>
    </p>
   </div>
   <div class='ocr_carea' id='block_1_92' title="bbox 1899 3263 3534 3335">
    <p class='ocr_par' dir='ltr' id='par_1_92' title="bbox 1899 3263 3534 3335">
     <span class='ocr_line' id='line_1_92' title="bbox 1899 3263 3534 3335; baseline -0.001 -16"><span class='ocrx_word' id='word_1_610' title='bbox 1899 3264 2247 3320; x_wconf 90' lang='lat' dir='ltr'><strong>rendissimis</strong></span> <span class='ocrx_word' id='word_1_611' title='bbox 2289 3263 2558 3331; x_wconf 87' lang='lat' dir='ltr'><strong>diaconis,</strong></span> <span class='ocrx_word' id='word_1_612' title='bbox 2605 3264 2855 3334; x_wconf 87' lang='lat' dir='ltr'><strong>itemque</strong></span> <span class='ocrx_word' id='word_1_613' title='bbox 2899 3263 3244 3335; x_wconf 86' lang='lat' dir='ltr'><strong>presbyteris</strong></span> <span class='ocrx_word' id='word_1_614' title='bbox 3275 3264 3428 3333; x_wconf 91' lang='lat' dir='ltr'><strong>(nam</strong></span> <span class='ocrx_word' id='word_1_615' title='bbox 3467 3279 3534 3318; x_wconf 93' lang='lat' dir='ltr'><strong>eo</strong></span> 
     </span>
    </p>
   </div>
   <div class='ocr_carea' id='block_1_93' title="bbox 1895 3357 3534 3429">
    <p class='ocr_par' dir='ltr' id='par_1_93' title="bbox 1895 3357 3534 3429">
     <span class='ocr_line' id='line_1_93' title="bbox 1895 3357 3534 3429; baseline -0.001 -16"><span class='ocrx_word' id='word_1_616' title='bbox 1895 3359 2138 3429; x_wconf 89' lang='lat' dir='ltr'><strong>amplius</strong></span> <span class='ocrx_word' id='word_1_617' title='bbox 2153 3359 2325 3413; x_wconf 87' lang='lat' dir='ltr'><strong>etiam</strong></span> <span class='ocrx_word' id='word_1_618' title='bbox 2341 3357 2523 3412; x_wconf 89' lang='lat' dir='ltr'><strong>dicere</strong></span> <span class='ocrx_word' id='word_1_619' title='bbox 2539 3357 2944 3426; x_wconf 90' lang='lat' dir='ltr'><strong>erubescimus,</strong></span> <span class='ocrx_word' id='word_1_620' title='bbox 2962 3359 3079 3412; x_wconf 93' lang='lat' dir='ltr'><strong>Deo</strong></span> <span class='ocrx_word' id='word_1_621' title='bbox 3093 3357 3534 3424; x_wconf 88' lang='lat' dir='ltr'><strong>amantissimos,</strong></span> 
     </span>
    </p>
   </div>
   <div class='ocr_carea' id='block_1_94' title="bbox 1896 3451 3534 3522">
    <p class='ocr_par' dir='ltr' id='par_1_94' title="bbox 1896 3451 3534 3522">
     <span class='ocr_line' id='line_1_94' title="bbox 1896 3451 3534 3522; baseline -0.002 -16"><span class='ocrx_word' id='word_1_622' title='bbox 1896 3468 2104 3522; x_wconf 90' lang='lat' dir='ltr'><strong>nempe</strong></span> <span class='ocrx_word' id='word_1_623' title='bbox 2131 3452 2462 3522; x_wconf 88' lang='lat' dir='ltr'><strong>episcopos),</strong></span> <span class='ocrx_word' id='word_1_624' title='bbox 2485 3451 2784 3522; x_wconf 91' lang='lat' dir='ltr'><strong>quosdam,</strong></span> <span class='ocrx_word' id='word_1_625' title='bbox 2816 3451 3075 3521; x_wconf 90' lang='lat' dir='ltr'><strong>inquam,</strong></span> <span class='ocrx_word' id='word_1_626' title='bbox 3102 3468 3173 3504; x_wconf 89' lang='lat' dir='ltr'><strong>ex</strong></span> <span class='ocrx_word' id='word_1_627' title='bbox 3193 3451 3282 3505; x_wconf 91' lang='lat' dir='ltr'><strong>his</strong></span> <span class='ocrx_word' id='word_1_628' title='bbox 3303 3468 3416 3504; x_wconf 91' lang='lat' dir='ltr'><strong>non</strong></span> <span class='ocrx_word' id='word_1_629' title='bbox 3436 3467 3534 3504; x_wconf 93' lang='lat' dir='ltr'><strong>ve-</strong></span> 
     </span>
    </p>
   </div>
   <div class='ocr_carea' id='block_1_95' title="bbox 1897 3544 3535 3614">
    <p class='ocr_par' dir='ltr' id='par_1_95' title="bbox 1897 3544 3535 3614">
     <span class='ocr_line' id='line_1_95' title="bbox 1897 3544 3535 3614; baseline -0.002 -15"><span class='ocrx_word' id='word_1_630' title='bbox 1897 3550 2116 3612; x_wconf 90' lang='lat' dir='ltr'><strong>rentur,</strong></span> <span class='ocrx_word' id='word_1_631' title='bbox 2149 3544 2246 3597; x_wconf 88' lang='lat' dir='ltr'><strong>alii</strong></span> <span class='ocrx_word' id='word_1_632' title='bbox 2275 3545 2508 3614; x_wconf 88' lang='lat' dir='ltr'><strong>quidem</strong></span> <span class='ocrx_word' id='word_1_633' title='bbox 2560 3560 2665 3613; x_wconf 90' lang='lat' dir='ltr'><strong>per</strong></span> <span class='ocrx_word' id='word_1_634' title='bbox 2705 3544 2917 3613; x_wconf 89' lang='lat' dir='ltr'><strong>seipsos</strong></span> <span class='ocrx_word' id='word_1_635' title='bbox 2953 3544 3124 3597; x_wconf 91' lang='lat' dir='ltr'><strong>cubos</strong></span> <span class='ocrx_word' id='word_1_636' title='bbox 3154 3559 3254 3598; x_wconf 91' lang='lat' dir='ltr'><strong>seu</strong></span> <span class='ocrx_word' id='word_1_637' title='bbox 3297 3549 3535 3597; x_wconf 85' lang='lat' dir='ltr'><strong>tesseras</strong></span> 
     </span>
    </p>
   </div>
   <div class='ocr_carea' id='block_1_96' title="bbox 1898 3635 3536 3706">
    <p class='ocr_par' dir='ltr' id='par_1_96' title="bbox 1898 3635 3536 3706">
     <span class='ocr_line' id='line_1_96' title="bbox 1898 3635 3536 3706; baseline -0.001 -15"><span class='ocrx_word' id='word_1_638' title='bbox 1898 3640 2268 3702; x_wconf 87' lang='lat' dir='ltr'><strong>contrectare,</strong></span> <span class='ocrx_word' id='word_1_639' title='bbox 2298 3642 2354 3691; x_wconf 89' lang='lat' dir='ltr'><strong>et</strong></span> <span class='ocrx_word' id='word_1_640' title='bbox 2399 3637 2539 3690; x_wconf 90' lang='lat' dir='ltr'><strong>adeo</strong></span> <span class='ocrx_word' id='word_1_641' title='bbox 2580 3635 2914 3706; x_wconf 89' lang='lat' dir='ltr'><strong>pudendum</strong></span> <span class='ocrx_word' id='word_1_642' title='bbox 2961 3639 3133 3706; x_wconf 90' lang='lat' dir='ltr'><strong>atque</strong></span> <span class='ocrx_word' id='word_1_643' title='bbox 3176 3636 3312 3706; x_wconf 90' lang='lat' dir='ltr'><strong>ipsis</strong></span> <span class='ocrx_word' id='word_1_644' title='bbox 3365 3636 3536 3690; x_wconf 90' lang='lat' dir='ltr'><strong>etiam</strong></span> 
     </span>
    </p>
   </div>
   <div class='ocr_carea' id='block_1_97' title="bbox 1899 3728 3534 3799">
    <p class='ocr_par' dir='ltr' id='par_1_97' title="bbox 1899 3728 3534 3799">
     <span class='ocr_line' id='line_1_97' title="bbox 1899 3728 3534 3799; baseline -0.001 -15"><span class='ocrx_word' id='word_1_645' title='bbox 1899 3730 2086 3786; x_wconf 89' lang='lat' dir='ltr'><strong>idiotis</strong></span> <span class='ocrx_word' id='word_1_646' title='bbox 2122 3747 2156 3783; x_wconf 93' lang='lat' dir='ltr'><strong>a</strong></span> <span class='ocrx_word' id='word_1_647' title='bbox 2202 3729 2366 3784; x_wconf 91' lang='lat' dir='ltr'><strong>nobis</strong></span> <span class='ocrx_word' id='word_1_648' title='bbox 2394 3729 2722 3799; x_wconf 90' lang='lat' dir='ltr'><strong>frequenter</strong></span> <span class='ocrx_word' id='word_1_649' title='bbox 2749 3728 3112 3782; x_wconf 89' lang='lat' dir='ltr'><strong>interdictum</strong></span> <span class='ocrx_word' id='word_1_650' title='bbox 3153 3729 3534 3798; x_wconf 88' lang='lat' dir='ltr'><strong>spectaculum</strong></span> 
     </span>
    </p>
   </div>
   <div class='ocr_carea' id='block_1_98' title="bbox 1898 3821 3536 3895">
    <p class='ocr_par' dir='ltr' id='par_1_98' title="bbox 1898 3821 3536 3895">
     <span class='ocr_line' id='line_1_98' title="bbox 1898 3821 3536 3895; baseline -0.001 -18"><span class='ocrx_word' id='word_1_651' title='bbox 1898 3823 2269 3895; x_wconf 87' lang='lat' dir='ltr'><strong>participare;</strong></span> <span class='ocrx_word' id='word_1_652' title='bbox 2299 3822 2539 3876; x_wconf 88' lang='lat' dir='ltr'><strong>aliivero</strong></span> <span class='ocrx_word' id='word_1_653' title='bbox 2560 3823 2733 3875; x_wconf 91' lang='lat' dir='ltr'><strong>talem</strong></span> <span class='ocrx_word' id='word_1_654' title='bbox 2762 3821 2960 3875; x_wconf 91' lang='lat' dir='ltr'><strong>ludum</strong></span> <span class='ocrx_word' id='word_1_655' title='bbox 2987 3838 3099 3875; x_wconf 91' lang='lat' dir='ltr'><strong>non</strong></span> <span class='ocrx_word' id='word_1_656' title='bbox 3127 3824 3411 3888; x_wconf 88' lang='lat' dir='ltr'><strong>accusant,</strong></span> <span class='ocrx_word' id='word_1_657' title='bbox 3436 3823 3536 3876; x_wconf 91' lang='lat' dir='ltr'><strong>sed</strong></span> 
     </span>
    </p>
   </div>
   <div class='ocr_carea' id='block_1_99' title="bbox 1898 3914 3536 3985">
    <p class='ocr_par' dir='ltr' id='par_1_99' title="bbox 1898 3914 3536 3985">
     <span class='ocr_line' id='line_1_99' title="bbox 1898 3914 3536 3985; baseline -0.001 -15"><span class='ocrx_word' id='word_1_658' title='bbox 1898 3918 1985 3970; x_wconf 88' lang='lat' dir='ltr'><strong>vel</strong></span> <span class='ocrx_word' id='word_1_659' title='bbox 2010 3915 2430 3970; x_wconf 87' lang='lat' dir='ltr'><strong>communicant</strong></span> <span class='ocrx_word' id='word_1_660' title='bbox 2462 3914 2815 3983; x_wconf 88' lang='lat' dir='ltr'><strong>facientibus,</strong></span> <span class='ocrx_word' id='word_1_661' title='bbox 2837 3920 2935 3969; x_wconf 90' lang='lat' dir='ltr'><strong>aut</strong></span> <span class='ocrx_word' id='word_1_662' title='bbox 2965 3914 3164 3970; x_wconf 90' lang='lat' dir='ltr'><strong>sedent</strong></span> <span class='ocrx_word' id='word_1_663' title='bbox 3191 3917 3536 3985; x_wconf 87' lang='lat' dir='ltr'><strong>spectatores</strong></span> 
     </span>
    </p>
   </div>
   <div class='ocr_carea' id='block_1_100' title="bbox 1900 4007 3536 4079">
    <p class='ocr_par' dir='ltr' id='par_1_100' title="bbox 1900 4007 3536 4079">
     <span class='ocr_line' id='line_1_100' title="bbox 1900 4007 3536 4079; baseline -0.001 -15"><span class='ocrx_word' id='word_1_664' title='bbox 1900 4015 2057 4064; x_wconf 89' lang='lat' dir='ltr'><strong>actus</strong></span> <span class='ocrx_word' id='word_1_665' title='bbox 2087 4009 2336 4064; x_wconf 92' lang='lat' dir='ltr'><strong>indecori</strong></span> <span class='ocrx_word' id='word_1_666' title='bbox 2359 4027 2374 4077; x_wconf 87' lang='lat'><strong>;</strong></span> <span class='ocrx_word' id='word_1_667' title='bbox 2425 4014 2482 4062; x_wconf 92' lang='lat' dir='ltr'><strong>et</strong></span> <span class='ocrx_word' id='word_1_668' title='bbox 2529 4013 2786 4078; x_wconf 86' lang='lat' dir='ltr'><strong>spectant</strong></span> <span class='ocrx_word' id='word_1_669' title='bbox 2827 4007 3060 4079; x_wconf 90' lang='lat' dir='ltr'><strong>quidem</strong></span> <span class='ocrx_word' id='word_1_670' title='bbox 3101 4024 3232 4062; x_wconf 85' lang='lat' dir='ltr'><strong>cum</strong></span> <span class='ocrx_word' id='word_1_671' title='bbox 3275 4007 3536 4063; x_wconf 88' lang='lat' dir='ltr'><strong>aviditate</strong></span> 
     </span>
    </p>
   </div>
   <div class='ocr_carea' id='block_1_101' title="bbox 1901 4100 3538 4172">
    <p class='ocr_par' dir='ltr' id='par_1_101' title="bbox 1901 4100 3538 4172">
     <span class='ocr_line' id='line_1_101' title="bbox 1901 4100 3538 4172; baseline -0.002 -14"><span class='ocrx_word' id='word_1_672' title='bbox 1901 4103 2227 4158; x_wconf 90' lang='lat' dir='ltr'><strong>omnimoda</strong></span> <span class='ocrx_word' id='word_1_673' title='bbox 2246 4119 2336 4156; x_wconf 90' lang='lat' dir='ltr'><strong>res</strong></span> <span class='ocrx_word' id='word_1_674' title='bbox 2357 4101 2616 4156; x_wconf 91' lang='lat' dir='ltr'><strong>omnium</strong></span> <span class='ocrx_word' id='word_1_675' title='bbox 2645 4117 2838 4156; x_wconf 91' lang='lat' dir='ltr'><strong>rerum</strong></span> <span class='ocrx_word' id='word_1_676' title='bbox 2864 4100 3406 4172; x_wconf 83' lang='lat' dir='ltr'><strong>importunissimas;</strong></span> <span class='ocrx_word' id='word_1_677' title='bbox 3426 4118 3538 4156; x_wconf 88' lang='lat' dir='ltr'><strong>ser-</strong></span> 
     </span>
    </p>
   </div>
   <div class='ocr_carea' id='block_1_102' title="bbox 1900 4194 3539 4266">
    <p class='ocr_par' dir='ltr' id='par_1_102' title="bbox 1900 4194 3539 4266">
     <span class='ocr_line' id='line_1_102' title="bbox 1900 4194 3539 4266; baseline -0.001 -14"><span class='ocrx_word' id='word_1_678' title='bbox 1900 4213 2096 4252; x_wconf 90' lang='lat' dir='ltr'><strong>mones</strong></span> <span class='ocrx_word' id='word_1_679' title='bbox 2133 4212 2264 4251; x_wconf 86' lang='lat' dir='ltr'><strong>vero</strong></span> <span class='ocrx_word' id='word_1_680' title='bbox 2289 4194 2530 4250; x_wconf 90' lang='lat' dir='ltr'><strong>audiunt</strong></span> <span class='ocrx_word' id='word_1_681' title='bbox 2559 4194 2940 4265; x_wconf 90' lang='lat' dir='ltr'><strong>blasphemos,</strong></span> <span class='ocrx_word' id='word_1_682' title='bbox 2969 4211 3110 4266; x_wconf 88' lang='lat' dir='ltr'><strong>quos</strong></span> <span class='ocrx_word' id='word_1_683' title='bbox 3142 4194 3199 4248; x_wconf 91' lang='lat' dir='ltr'><strong>in</strong></span> <span class='ocrx_word' id='word_1_684' title='bbox 3218 4195 3424 4250; x_wconf 86' lang='lat' dir='ltr'><strong>talibus</strong></span> <span class='ocrx_word' id='word_1_685' title='bbox 3441 4212 3539 4250; x_wconf 85' lang='lat' dir='ltr'><strong>ne-</strong></span> 
     </span>
    </p>
   </div>
   <div class='ocr_carea' id='block_1_103' title="bbox 1902 4289 3536 4360">
    <p class='ocr_par' dir='ltr' id='par_1_103' title="bbox 1902 4289 3536 4360">
     <span class='ocr_line' id='line_1_103' title="bbox 1902 4289 3536 4360; baseline -0.002 -15"><span class='ocrx_word' id='word_1_686' title='bbox 1902 4307 2050 4345; x_wconf 91' lang='lat' dir='ltr'><strong>cesse</strong></span> <span class='ocrx_word' id='word_1_687' title='bbox 2068 4294 2152 4345; x_wconf 90' lang='lat' dir='ltr'><strong>est</strong></span> <span class='ocrx_word' id='word_1_688' title='bbox 2174 4289 2332 4356; x_wconf 87' lang='lat' dir='ltr'><strong>ﬁeri;</strong></span> <span class='ocrx_word' id='word_1_689' title='bbox 2363 4289 2627 4360; x_wconf 88' lang='lat' dir='ltr'><strong>polluunt</strong></span> <span class='ocrx_word' id='word_1_690' title='bbox 2647 4289 2816 4343; x_wconf 90' lang='lat' dir='ltr'><strong>etiam</strong></span> <span class='ocrx_word' id='word_1_691' title='bbox 2847 4307 2973 4343; x_wconf 89' lang='lat' dir='ltr'><strong>suas</strong></span> <span class='ocrx_word' id='word_1_692' title='bbox 2999 4304 3224 4356; x_wconf 88' lang='lat' dir='ltr'><strong>manus,</strong></span> <span class='ocrx_word' id='word_1_693' title='bbox 3249 4291 3306 4342; x_wconf 90' lang='lat' dir='ltr'><strong>et</strong></span> <span class='ocrx_word' id='word_1_694' title='bbox 3324 4289 3536 4354; x_wconf 85' lang='lat' dir='ltr'><strong>oculos,</strong></span> 
     </span>
    </p>
   </div>
   <div class='ocr_carea' id='block_1_104' title="bbox 1901 4380 3539 4453">
    <p class='ocr_par' dir='ltr' id='par_1_104' title="bbox 1901 4380 3539 4453">
     <span class='ocr_line' id='line_1_104' title="bbox 1901 4380 3539 4453; baseline -0.002 -15"><span class='ocrx_word' id='word_1_695' title='bbox 1901 4387 1957 4438; x_wconf 92' lang='lat' dir='ltr'><strong>et</strong></span> <span class='ocrx_word' id='word_1_696' title='bbox 1981 4399 2147 4438; x_wconf 90' lang='lat' dir='ltr'><strong>aures</strong></span> <span class='ocrx_word' id='word_1_697' title='bbox 2184 4383 2261 4437; x_wconf 92' lang='lat' dir='ltr'><strong>sic</strong></span> <span class='ocrx_word' id='word_1_698' title='bbox 2305 4381 2586 4437; x_wconf 90' lang='lat' dir='ltr'><strong>damnatis</strong></span> <span class='ocrx_word' id='word_1_699' title='bbox 2629 4385 2686 4435; x_wconf 90' lang='lat' dir='ltr'><strong>et</strong></span> <span class='ocrx_word' id='word_1_700' title='bbox 2725 4382 3027 4453; x_wconf 90' lang='lat' dir='ltr'><strong>prohibitis</strong></span> <span class='ocrx_word' id='word_1_701' title='bbox 3055 4381 3235 4447; x_wconf 90' lang='lat' dir='ltr'><strong>ludis;</strong></span> <span class='ocrx_word' id='word_1_702' title='bbox 3285 4380 3377 4433; x_wconf 87' lang='lat' dir='ltr'><strong>alii</strong></span> <span class='ocrx_word' id='word_1_703' title='bbox 3407 4397 3539 4435; x_wconf 89' lang='lat' dir='ltr'><strong>vero</strong></span> 
     </span>
    </p>
   </div>
   <div class='ocr_carea' id='block_1_105' title="bbox 1901 4473 3540 4547">
    <p class='ocr_par' dir='ltr' id='par_1_105' title="bbox 1901 4473 3540 4547">
     <span class='ocr_line' id='line_1_105' title="bbox 1901 4473 3540 4547; baseline -0.002 -17"><span class='ocrx_word' id='word_1_704' title='bbox 1901 4492 2085 4547; x_wconf 91' lang='lat' dir='ltr'><strong>neque</strong></span> <span class='ocrx_word' id='word_1_705' title='bbox 2107 4477 2362 4545; x_wconf 91' lang='lat' dir='ltr'><strong>obscure,</strong></span> <span class='ocrx_word' id='word_1_706' title='bbox 2388 4479 2488 4530; x_wconf 91' lang='lat' dir='ltr'><strong>aut</strong></span> <span class='ocrx_word' id='word_1_707' title='bbox 2511 4477 2774 4543; x_wconf 91' lang='lat' dir='ltr'><strong>latenter,</strong></span> <span class='ocrx_word' id='word_1_708' title='bbox 2802 4479 2900 4528; x_wconf 90' lang='lat' dir='ltr'><strong>aut</strong></span> <span class='ocrx_word' id='word_1_709' title='bbox 2924 4489 3200 4544; x_wconf 88' lang='lat' dir='ltr'><strong>equorum</strong></span> <span class='ocrx_word' id='word_1_710' title='bbox 3222 4473 3540 4527; x_wconf 89' lang='lat' dir='ltr'><strong>certamini-</strong></span> 
     </span>
    </p>
   </div>
   <div class='ocr_carea' id='block_1_106' title="bbox 1901 4566 3541 4637">
    <p class='ocr_par' dir='ltr' id='par_1_106' title="bbox 1901 4566 3541 4637">
     <span class='ocr_line' id='line_1_106' title="bbox 1901 4566 3541 4637; baseline -0.002 -13"><span class='ocrx_word' id='word_1_711' title='bbox 1901 4570 2006 4624; x_wconf 90' lang='lat' dir='ltr'><strong>bus</strong></span> <span class='ocrx_word' id='word_1_712' title='bbox 2045 4586 2102 4623; x_wconf 93' lang='lat' dir='ltr'><strong>se</strong></span> <span class='ocrx_word' id='word_1_713' title='bbox 2148 4569 2489 4637; x_wconf 89' lang='lat' dir='ltr'><strong>immiscent,</strong></span> <span class='ocrx_word' id='word_1_714' title='bbox 2519 4571 2618 4622; x_wconf 90' lang='lat' dir='ltr'><strong>aut</strong></span> <span class='ocrx_word' id='word_1_715' title='bbox 2648 4567 2816 4621; x_wconf 88' lang='lat' dir='ltr'><strong>etiam</strong></span> <span class='ocrx_word' id='word_1_716' title='bbox 2848 4567 3085 4622; x_wconf 88' lang='lat' dir='ltr'><strong>invitant</strong></span> <span class='ocrx_word' id='word_1_717' title='bbox 3125 4566 3342 4636; x_wconf 89' lang='lat' dir='ltr'><strong>aliquos</strong></span> <span class='ocrx_word' id='word_1_718' title='bbox 3369 4583 3541 4637; x_wconf 91' lang='lat' dir='ltr'><strong>super</strong></span> 
     </span>
    </p>
   </div>
   <div class='ocr_carea' id='block_1_107' title="bbox 1905 4660 3538 4734">
    <p class='ocr_par' dir='ltr' id='par_1_107' title="bbox 1905 4660 3538 4734">
     <span class='ocr_line' id='line_1_107' title="bbox 1905 4660 3538 4734; baseline -0.002 -17"><span class='ocrx_word' id='word_1_719' title='bbox 1905 4678 2182 4734; x_wconf 82' lang='lat' dir='ltr'><strong>equorum</strong></span> <span class='ocrx_word' id='word_1_720' title='bbox 2212 4661 2606 4733; x_wconf 87' lang='lat' dir='ltr'><strong>proﬂigatione</strong></span> <span class='ocrx_word' id='word_1_721' title='bbox 2631 4665 2728 4715; x_wconf 88' lang='lat' dir='ltr'><strong>aut</strong></span> <span class='ocrx_word' id='word_1_722' title='bbox 2755 4661 3008 4730; x_wconf 91' lang='lat' dir='ltr'><strong>victoria,</strong></span> <span class='ocrx_word' id='word_1_723' title='bbox 3037 4660 3122 4714; x_wconf 87' lang='lat' dir='ltr'><strong>vel</strong></span> <span class='ocrx_word' id='word_1_724' title='bbox 3151 4676 3255 4730; x_wconf 91' lang='lat' dir='ltr'><strong>per</strong></span> <span class='ocrx_word' id='word_1_725' title='bbox 3279 4675 3337 4714; x_wconf 91' lang='lat' dir='ltr'><strong>se</strong></span> <span class='ocrx_word' id='word_1_726' title='bbox 3365 4660 3538 4732; x_wconf 88' lang='lat' dir='ltr'><strong>ipsos,</strong></span> 
     </span>
    </p>
   </div>
   <div class='ocr_carea' id='block_1_108' title="bbox 1903 4753 3542 4827">
    <p class='ocr_par' dir='ltr' id='par_1_108' title="bbox 1903 4753 3542 4827">
     <span class='ocr_line' id='line_1_108' title="bbox 1903 4753 3542 4827; baseline 0.001 -18"><span class='ocrx_word' id='word_1_727' title='bbox 1903 4757 1989 4811; x_wconf 91' lang='lat' dir='ltr'><strong>vel</strong></span> <span class='ocrx_word' id='word_1_728' title='bbox 2026 4772 2129 4827; x_wconf 88' lang='lat' dir='ltr'><strong>per</strong></span> <span class='ocrx_word' id='word_1_729' title='bbox 2173 4755 2310 4809; x_wconf 88' lang='lat' dir='ltr'><strong>alios</strong></span> <span class='ocrx_word' id='word_1_730' title='bbox 2354 4754 2652 4826; x_wconf 89' lang='lat' dir='ltr'><strong>quosdam,</strong></span> <span class='ocrx_word' id='word_1_731' title='bbox 2678 4759 2744 4808; x_wconf 93' lang='lat' dir='ltr'><strong>ut</strong></span> <span class='ocrx_word' id='word_1_732' title='bbox 2772 4754 2907 4825; x_wconf 90' lang='lat' dir='ltr'><strong>quia</strong></span> <span class='ocrx_word' id='word_1_733' title='bbox 2950 4770 3062 4807; x_wconf 89' lang='lat' dir='ltr'><strong>non</strong></span> <span class='ocrx_word' id='word_1_734' title='bbox 3111 4753 3378 4809; x_wconf 90' lang='lat' dir='ltr'><strong>decenter</strong></span> <span class='ocrx_word' id='word_1_735' title='bbox 3408 4756 3542 4810; x_wconf 89' lang='lat' dir='ltr'><strong>talia</strong></span> 
     </span>
    </p>
   </div>
   <div class='ocr_carea' id='block_1_109' title="bbox 1905 4846 3540 4921">
    <p class='ocr_par' dir='ltr' id='par_1_109' title="bbox 1905 4846 3540 4921">
     <span class='ocr_line' id='line_1_109' title="bbox 1905 4846 3540 4921; baseline -0.001 -16"><span class='ocrx_word' id='word_1_736' title='bbox 1905 4850 2122 4918; x_wconf 89' lang='lat' dir='ltr'><strong>ludant,</strong></span> <span class='ocrx_word' id='word_1_737' title='bbox 2154 4855 2253 4903; x_wconf 88' lang='lat' dir='ltr'><strong>aut</strong></span> <span class='ocrx_word' id='word_1_738' title='bbox 2291 4848 2662 4912; x_wconf 91' lang='lat' dir='ltr'><strong>scenicorum,</strong></span> <span class='ocrx_word' id='word_1_739' title='bbox 2689 4848 2776 4901; x_wconf 90' lang='lat' dir='ltr'><strong>vel</strong></span> <span class='ocrx_word' id='word_1_740' title='bbox 2808 4846 3235 4918; x_wconf 89' lang='lat' dir='ltr'><strong>thymelitarum</strong></span> <span class='ocrx_word' id='word_1_741' title='bbox 3265 4853 3540 4921; x_wconf 82' lang='lat' dir='ltr'><strong>spectato-</strong></span> 
     </span>
    </p>
   </div>
   <div class='ocr_carea' id='block_1_110' title="bbox 1905 4940 3542 5012">
    <p class='ocr_par' dir='ltr' id='par_1_110' title="bbox 1905 4940 3542 5012">
     <span class='ocr_line' id='line_1_110' title="bbox 1905 4940 3542 5012; baseline 0.001 -15"><span class='ocrx_word' id='word_1_742' title='bbox 1905 4960 1993 4997; x_wconf 90' lang='lat' dir='ltr'><strong>res</strong></span> <span class='ocrx_word' id='word_1_743' title='bbox 2019 4944 2163 4998; x_wconf 87' lang='lat' dir='ltr'><strong>ﬁunt</strong></span> <span class='ocrx_word' id='word_1_744' title='bbox 2191 4942 2480 5011; x_wconf 87' lang='lat' dir='ltr'><strong>ludorum,</strong></span> <span class='ocrx_word' id='word_1_745' title='bbox 2510 4946 2609 4996; x_wconf 89' lang='lat' dir='ltr'><strong>aut</strong></span> <span class='ocrx_word' id='word_1_746' title='bbox 2637 4957 2834 4994; x_wconf 89' lang='lat' dir='ltr'><strong>varum</strong></span> <span class='ocrx_word' id='word_1_747' title='bbox 2865 4957 2991 5012; x_wconf 61' lang='lat' dir='ltr'><strong>quas</strong></span> <span class='ocrx_word' id='word_1_748' title='bbox 3035 4940 3094 4995; x_wconf 90' lang='lat' dir='ltr'><strong>in</strong></span> <span class='ocrx_word' id='word_1_749' title='bbox 3140 4943 3378 4998; x_wconf 86' lang='lat' dir='ltr'><strong>theatris</strong></span> <span class='ocrx_word' id='word_1_750' title='bbox 3420 4961 3542 4998; x_wconf 86' lang='lat' dir='ltr'><strong>cer-</strong></span> 
     </span>
    </p>
   </div>
   <div class='ocr_carea' id='block_1_111' title="bbox 1905 5035 3546 5108">
    <p class='ocr_par' dir='ltr' id='par_1_111' title="bbox 1905 5035 3546 5108">
     <span class='ocr_line' id='line_1_111' title="bbox 1905 5035 3546 5108; baseline -0.002 -17"><span class='ocrx_word' id='word_1_751' title='bbox 1905 5036 2150 5091; x_wconf 89' lang='lat' dir='ltr'><strong>tantium</strong></span> <span class='ocrx_word' id='word_1_752' title='bbox 2179 5037 2429 5090; x_wconf 88' lang='lat' dir='ltr'><strong>ferarum</strong></span> <span class='ocrx_word' id='word_1_753' title='bbox 2451 5051 2664 5106; x_wconf 62' lang='lat' dir='ltr'><strong>pugnas</strong></span> <span class='ocrx_word' id='word_1_754' title='bbox 2689 5035 2855 5103; x_wconf 88' lang='lat' dir='ltr'><strong>ﬁunt,</strong></span> <span class='ocrx_word' id='word_1_755' title='bbox 2878 5051 3063 5107; x_wconf 90' lang='lat' dir='ltr'><strong>neque</strong></span> <span class='ocrx_word' id='word_1_756' title='bbox 3084 5037 3333 5108; x_wconf 84' lang='lat' dir='ltr'><strong>cogitant</strong></span> <span class='ocrx_word' id='word_1_757' title='bbox 3351 5053 3546 5107; x_wconf 88' lang='lat' dir='ltr'><strong>quem-</strong></span> 
     </span>
    </p>
   </div>
   <div class='ocr_carea' id='block_1_112' title="bbox 1907 5128 3549 5200">
    <p class='ocr_par' dir='ltr' id='par_1_112' title="bbox 1907 5128 3549 5200">
     <span class='ocr_line' id='line_1_112' title="bbox 1907 5128 3549 5200; baseline -0.001 -16"><span class='ocrx_word' id='word_1_758' title='bbox 1907 5130 2211 5184; x_wconf 90' lang='lat' dir='ltr'><strong>admodum</strong></span> <span class='ocrx_word' id='word_1_759' title='bbox 2239 5128 2346 5200; x_wconf 91' lang='lat' dir='ltr'><strong>ipsi</strong></span> <span class='ocrx_word' id='word_1_760' title='bbox 2383 5129 2469 5181; x_wconf 90' lang='lat' dir='ltr'><strong>vel</strong></span> <span class='ocrx_word' id='word_1_761' title='bbox 2513 5128 2600 5181; x_wconf 91' lang='lat' dir='ltr'><strong>his</strong></span> <span class='ocrx_word' id='word_1_762' title='bbox 2639 5129 2738 5199; x_wconf 88' lang='lat' dir='ltr'><strong>qui</strong></span> <span class='ocrx_word' id='word_1_763' title='bbox 2785 5131 2958 5184; x_wconf 91' lang='lat' dir='ltr'><strong>modo</strong></span> <span class='ocrx_word' id='word_1_764' title='bbox 3001 5134 3056 5184; x_wconf 92' lang='lat' dir='ltr'><strong>et</strong></span> <span class='ocrx_word' id='word_1_765' title='bbox 3104 5146 3298 5184; x_wconf 87' lang='lat' dir='ltr'><strong>recens</strong></span> <span class='ocrx_word' id='word_1_766' title='bbox 3340 5129 3549 5183; x_wconf 89' lang='lat' dir='ltr'><strong>initiati</strong></span> 
     </span>
    </p>
   </div>
   <div class='ocr_carea' id='block_1_113' title="bbox 1908 5221 3542 5292">
    <p class='ocr_par' dir='ltr' id='par_1_113' title="bbox 1908 5221 3542 5292">
     <span class='ocr_line' id='line_1_113' title="bbox 1908 5221 3542 5292; baseline 0 -15"><span class='ocrx_word' id='word_1_767' title='bbox 1908 5228 2041 5278; x_wconf 91' lang='lat' dir='ltr'><strong>sunt</strong></span> <span class='ocrx_word' id='word_1_768' title='bbox 2065 5227 2119 5277; x_wconf 91' lang='lat' dir='ltr'><strong>et</strong></span> <span class='ocrx_word' id='word_1_769' title='bbox 2146 5221 2446 5276; x_wconf 87' lang='lat' dir='ltr'><strong>adorandis</strong></span> <span class='ocrx_word' id='word_1_770' title='bbox 2479 5221 2761 5291; x_wconf 88' lang='lat' dir='ltr'><strong>mysteriis</strong></span> <span class='ocrx_word' id='word_1_771' title='bbox 2788 5222 3026 5292; x_wconf 86' lang='lat' dir='ltr'><strong>dignati,</strong></span> <span class='ocrx_word' id='word_1_772' title='bbox 3056 5222 3163 5291; x_wconf 90' lang='lat' dir='ltr'><strong>ipsi</strong></span> <span class='ocrx_word' id='word_1_773' title='bbox 3190 5221 3505 5292; x_wconf 75' lang='lat' dir='ltr'><strong>praedicunt</strong></span> <span class='ocrx_word' id='word_1_774' title='bbox 3529 5239 3542 5277; x_wconf 87' lang='lat'><strong>:</strong></span> 
     </span>
    </p>
   </div>
   <div class='ocr_carea' id='block_1_114' title="bbox 1913 5315 3547 5377">
    <p class='ocr_par' dir='ltr' id='par_1_114' title="bbox 1913 5315 3547 5377">
     <span class='ocr_line' id='line_1_114' title="bbox 1913 5315 3547 5377; baseline -0.001 -6"><span class='ocrx_word' id='word_1_775' title='bbox 1913 5319 1979 5372; x_wconf 77' lang='lat' dir='ltr'><strong>Ut</strong></span> <span class='ocrx_word' id='word_1_776' title='bbox 2009 5317 2389 5370; x_wconf 73' lang='lat' dir='ltr'><strong>abrenunticnt</strong></span> <span class='ocrx_word' id='word_1_777' title='bbox 2417 5315 2726 5369; x_wconf 74' lang='lat' dir='ltr'><strong>adversarii</strong></span> <span class='ocrx_word' id='word_1_778' title='bbox 2750 5315 3003 5369; x_wconf 69' lang='lat' dir='ltr'><strong>daemonis</strong></span> <span class='ocrx_word' id='word_1_779' title='bbox 3023 5315 3214 5377; x_wconf 74' lang='lat' dir='ltr'><strong>cultui,</strong></span> <span class='ocrx_word' id='word_1_780' title='bbox 3237 5319 3288 5368; x_wconf 81' lang='lat' dir='ltr'><strong>et</strong></span> <span class='ocrx_word' id='word_1_781' title='bbox 3303 5317 3547 5369; x_wconf 76' lang='lat' dir='ltr'><strong>omnibus</strong></span> 
     </span>
    </p>
   </div>
   <div class='ocr_carea' id='block_1_115' title="bbox 1900 5406 3545 5479">
    <p class='ocr_par' dir='ltr' id='par_1_115' title="bbox 1900 5406 3545 5479">
     <span class='ocr_line' id='line_1_115' title="bbox 1900 5406 3545 5479; baseline 0 -16"><span class='ocrx_word' id='word_1_782' title='bbox 1900 5411 2116 5479; x_wconf 80' lang='lat' dir='ltr'><strong>pompis</strong></span> <span class='ocrx_word' id='word_1_783' title='bbox 2145 5408 2279 5477; x_wconf 83' lang='lat' dir='ltr'><strong>ejus,</strong></span> <span class='ocrx_word' id='word_1_784' title='bbox 2311 5424 2554 5479; x_wconf 89' lang='lat' dir='ltr'><strong>quarum</strong></span> <span class='ocrx_word' id='word_1_785' title='bbox 2586 5424 2698 5462; x_wconf 91' lang='lat' dir='ltr'><strong>non</strong></span> <span class='ocrx_word' id='word_1_786' title='bbox 2736 5406 2974 5460; x_wconf 90' lang='lat' dir='ltr'><strong>minima</strong></span> <span class='ocrx_word' id='word_1_787' title='bbox 3003 5423 3133 5476; x_wconf 88' lang='lat' dir='ltr'><strong>pars</strong></span> <span class='ocrx_word' id='word_1_788' title='bbox 3157 5407 3294 5461; x_wconf 87' lang='lat' dir='ltr'><strong>talia</strong></span> <span class='ocrx_word' id='word_1_789' title='bbox 3323 5412 3545 5479; x_wconf 75' lang='lat' dir='ltr'><strong>Specta-</strong></span> 
     </span>
    </p>
   </div>
   <div class='ocr_carea' id='block_1_116' title="bbox 1909 5501 2223 5556">
    <p class='ocr_par' dir='ltr' id='par_1_116' title="bbox 1909 5501 2223 5556">
     <span class='ocr_line' id='line_1_116' title="bbox 1909 5501 2223 5556; baseline 0 0"><span class='ocrx_word' id='word_1_790' title='bbox 1909 5503 2033 5556; x_wconf 87' lang='lat' dir='ltr'><strong>cula</strong></span> <span class='ocrx_word' id='word_1_791' title='bbox 2058 5501 2223 5556; x_wconf 87' lang='lat' dir='ltr'><strong>ﬁunt.</strong></span> 
     </span>
    </p>
   </div>
   <div class='ocr_carea' id='block_1_117' title="bbox 1980 5591 3549 5666">
    <p class='ocr_par' dir='ltr' id='par_1_117' title="bbox 1980 5591 3549 5666">
     <span class='ocr_line' id='line_1_117' title="bbox 1980 5591 3549 5666; baseline 0 -17"><span class='ocrx_word' id='word_1_792' title='bbox 1980 5595 2092 5664; x_wconf 80' lang='lat'><strong>§2.</strong></span> <span class='ocrx_word' id='word_1_793' title='bbox 2141 5595 2298 5665; x_wconf 70' lang='lat' dir='ltr'><strong>Saepe</strong></span> <span class='ocrx_word' id='word_1_794' title='bbox 2349 5594 2582 5666; x_wconf 90' lang='lat' dir='ltr'><strong>quidem</strong></span> <span class='ocrx_word' id='word_1_795' title='bbox 2632 5591 2765 5663; x_wconf 89' lang='lat' dir='ltr'><strong>ipsis</strong></span> <span class='ocrx_word' id='word_1_796' title='bbox 2814 5592 2952 5647; x_wconf 90' lang='lat' dir='ltr'><strong>talia</strong></span> <span class='ocrx_word' id='word_1_797' title='bbox 3005 5593 3290 5648; x_wconf 87' lang='lat' dir='ltr'><strong>custodire</strong></span> <span class='ocrx_word' id='word_1_798' title='bbox 3345 5594 3549 5650; x_wconf 89' lang='lat' dir='ltr'><strong>debere</strong></span> 
     </span>
    </p>
   </div>
   <div class='ocr_carea' id='block_1_118' title="bbox 1910 5686 3552 5758">
    <p class='ocr_par' dir='ltr' id='par_1_118' title="bbox 1910 5686 3552 5758">
     <span class='ocr_line' id='line_1_118' title="bbox 1910 5686 3552 5758; baseline -0.001 -17"><span class='ocrx_word' id='word_1_799' title='bbox 1910 5687 2342 5758; x_wconf 68' lang='lat' dir='ltr'><strong>prtedicavimus</strong></span> <span class='ocrx_word' id='word_1_800' title='bbox 2372 5705 2386 5743; x_wconf 89' lang='lat'><strong>:</strong></span> <span class='ocrx_word' id='word_1_801' title='bbox 2416 5688 2668 5742; x_wconf 89' lang='lat' dir='ltr'><strong>videntes</strong></span> <span class='ocrx_word' id='word_1_802' title='bbox 2705 5690 2899 5741; x_wconf 88' lang='lat' dir='ltr'><strong>autem</strong></span> <span class='ocrx_word' id='word_1_803' title='bbox 2943 5686 3013 5741; x_wconf 91' lang='lat' dir='ltr'><strong>de</strong></span> <span class='ocrx_word' id='word_1_804' title='bbox 3040 5686 3127 5740; x_wconf 91' lang='lat' dir='ltr'><strong>his</strong></span> <span class='ocrx_word' id='word_1_805' title='bbox 3156 5687 3357 5741; x_wconf 85' lang='lat' dir='ltr'><strong>factam</strong></span> <span class='ocrx_word' id='word_1_806' title='bbox 3391 5687 3552 5741; x_wconf 90' lang='lat' dir='ltr'><strong>nobis</strong></span> 
     </span>
    </p>
   </div>
   <div class='ocr_carea' id='block_1_119' title="bbox 1912 5779 3552 5851">
    <p class='ocr_par' dir='ltr' id='par_1_119' title="bbox 1912 5779 3552 5851">
     <span class='ocr_line' id='line_1_119' title="bbox 1912 5779 3552 5851; baseline -0.001 -18"><span class='ocrx_word' id='word_1_807' title='bbox 1912 5779 2266 5846; x_wconf 89' lang='lat' dir='ltr'><strong>relationem,</strong></span> <span class='ocrx_word' id='word_1_808' title='bbox 2287 5779 2344 5832; x_wconf 90' lang='lat' dir='ltr'><strong>in</strong></span> <span class='ocrx_word' id='word_1_809' title='bbox 2367 5780 2757 5834; x_wconf 90' lang='lat' dir='ltr'><strong>necessitatem</strong></span> <span class='ocrx_word' id='word_1_810' title='bbox 2784 5779 3086 5835; x_wconf 88' lang='lat' dir='ltr'><strong>incidimus</strong></span> <span class='ocrx_word' id='word_1_811' title='bbox 3114 5781 3185 5835; x_wconf 91' lang='lat' dir='ltr'><strong>ad</strong></span> <span class='ocrx_word' id='word_1_812' title='bbox 3213 5783 3552 5851; x_wconf 67' lang='lat' dir='ltr'><strong>praesentem</strong></span> 
     </span>
    </p>
   </div>
   <div class='ocr_carea' id='block_1_120' title="bbox 1911 5871 3552 5948">
    <p class='ocr_par' dir='ltr' id='par_1_120' title="bbox 1911 5871 3552 5948">
     <span class='ocr_line' id='line_1_120' title="bbox 1911 5871 3552 5948; baseline -0.001 -19"><span class='ocrx_word' id='word_1_813' title='bbox 1911 5871 2174 5929; x_wconf 80' lang='lat' dir='ltr'><strong>veniendi</strong></span> <span class='ocrx_word' id='word_1_814' title='bbox 2189 5873 2399 5944; x_wconf 79' lang='lat' dir='ltr'><strong>legem,</strong></span> <span class='ocrx_word' id='word_1_815' title='bbox 2418 5875 2540 5928; x_wconf 89' lang='lat' dir='ltr'><strong>tum</strong></span> <span class='ocrx_word' id='word_1_816' title='bbox 2560 5879 2792 5945; x_wconf 87' lang='lat' dir='ltr'><strong>propter</strong></span> <span class='ocrx_word' id='word_1_817' title='bbox 2810 5878 3068 5931; x_wconf 88' lang='lat' dir='ltr'><strong>nostrum</strong></span> <span class='ocrx_word' id='word_1_818' title='bbox 3089 5890 3261 5948; x_wconf 90' lang='lat' dir='ltr'><strong>super</strong></span> <span class='ocrx_word' id='word_1_819' title='bbox 3278 5871 3552 5945; x_wconf 89' lang='lat' dir='ltr'><strong>religione</strong></span> 
     </span>
    </p>
   </div>
  </div>
