  <div class='ocr_page' id='page_1' title='image "/cluster/home/n/w/nwhite01/storage/ocr_20150623/72/uva.x000827084/765.png"; bbox 0 0 4032 6232; ppageno 0'>
   <div class='ocr_carea' id='block_1_1' title="bbox 519 408 2137 468">
    <p class='ocr_par' dir='ltr' id='par_1_1' title="bbox 519 410 2137 467">
     <span class='ocr_line' id='line_1_1' title="bbox 519 410 2137 467; baseline -0.001 0"><span class='ocrx_word' id='word_1_1' title='bbox 519 410 652 467; x_wconf 76' lang='grc'>1083</span> <span class='ocrx_word' id='word_1_2' title='bbox 1664 410 1918 467; x_wconf 70' lang='grc' dir='ltr'>ΒᾹΞΟΗΙΛ</span> <span class='ocrx_word' id='word_1_3' title='bbox 1959 411 2137 467; x_wconf 76' lang='grc' dir='ltr'>δΕΧΤῘ</span> 
     </span>
    </p>
   </div>
   <div class='ocr_carea' id='block_1_2' title="bbox 2238 408 3889 468">
    <p class='ocr_par' dir='ltr' id='par_1_2' title="bbox 2238 408 3889 468">
     <span class='ocr_line' id='line_1_2' title="bbox 2238 408 3889 468; baseline 0.001 -1"><span class='ocrx_word' id='word_1_4' title='bbox 2238 408 2748 468; x_wconf 80' lang='lat' dir='ltr'>UPPLEMENTUM.</span> <span class='ocrx_word' id='word_1_5' title='bbox 3750 412 3889 468; x_wconf 63' lang='grc'>1084</span> 
     </span>
    </p>
   </div>
   <div class='ocr_carea' id='block_1_3' title="bbox 512 517 3896 609">
    <p class='ocr_par' dir='ltr' id='par_1_3' title="bbox 512 517 3896 609">
     <span class='ocr_line' id='line_1_3' title="bbox 512 517 3896 609; baseline 0.001 -38"><span class='ocrx_word' id='word_1_6' title='bbox 512 517 787 587; x_wconf 89' lang='lat' dir='ltr'>studium,</span> <span class='ocrx_word' id='word_1_7' title='bbox 816 521 941 572; x_wconf 91' lang='lat' dir='ltr'>tum</span> <span class='ocrx_word' id='word_1_8' title='bbox 980 519 1153 574; x_wconf 88' lang='lat' dir='ltr'>etiam</span> <span class='ocrx_word' id='word_1_9' title='bbox 1180 521 1413 591; x_wconf 89' lang='lat' dir='ltr'>propter</span> <span class='ocrx_word' id='word_1_10' title='bbox 1450 518 1745 574; x_wconf 85' lang='lat' dir='ltr'>sacerdotii</span> <span class='ocrx_word' id='word_1_11' title='bbox 1776 520 1952 591; x_wconf 86' lang='lat' dir='ltr'>ipsius</span> <span class='ocrx_word' id='word_1_12' title='bbox 1981 520 2148 574; x_wconf 86' lang='lat' dir='ltr'>simul</span> <span class='ocrx_word' id='word_1_13' title='bbox 2169 536 2227 609; x_wconf 79' lang='grc' dir='ltr'><strong>Α</strong></span> <span class='ocrx_word' id='word_1_14' title='bbox 2249 518 2432 574; x_wconf 83' lang='lat' dir='ltr'>siones</span> <span class='ocrx_word' id='word_1_15' title='bbox 2456 518 2639 573; x_wconf 87' lang='lat' dir='ltr'>facere</span> <span class='ocrx_word' id='word_1_16' title='bbox 2666 517 2736 573; x_wconf 92' lang='lat' dir='ltr'>de</span> <span class='ocrx_word' id='word_1_17' title='bbox 2762 520 2967 573; x_wconf 57' lang='lat' dir='ltr'>caetero</span> <span class='ocrx_word' id='word_1_18' title='bbox 2992 534 3167 574; x_wconf 84' lang='lat' dir='ltr'>ausus</span> <span class='ocrx_word' id='word_1_19' title='bbox 3189 518 3382 586; x_wconf 89' lang='lat' dir='ltr'>fuerit,</span> <span class='ocrx_word' id='word_1_20' title='bbox 3408 534 3544 575; x_wconf 88' lang='lat' dir='ltr'>eum</span> <span class='ocrx_word' id='word_1_21' title='bbox 3564 535 3700 575; x_wconf 81' lang='lat' dir='ltr'>mox</span> <span class='ocrx_word' id='word_1_22' title='bbox 3728 537 3763 575; x_wconf 87' lang='lat' dir='ltr'>a</span> <span class='ocrx_word' id='word_1_23' title='bbox 3787 524 3896 576; x_wconf 83' lang='lat' dir='ltr'>tua</span> 
     </span>
    </p>
   </div>
   <div class='ocr_carea' id='block_1_4' title="bbox 512 611 2148 685">
    <p class='ocr_par' dir='ltr' id='par_1_4' title="bbox 512 611 2148 685">
     <span class='ocr_line' id='line_1_4' title="bbox 512 611 2148 685; baseline 0.002 -21"><span class='ocrx_word' id='word_1_24' title='bbox 512 617 569 665; x_wconf 91' lang='lat' dir='ltr'>et</span> <span class='ocrx_word' id='word_1_25' title='bbox 596 611 923 666; x_wconf 88' lang='lat' dir='ltr'>communis</span> <span class='ocrx_word' id='word_1_26' title='bbox 952 612 1276 683; x_wconf 83' lang='lat' dir='ltr'>reipublicae</span> <span class='ocrx_word' id='word_1_27' title='bbox 1300 611 1629 668; x_wconf 72' lang='lat' dir='ltr'>utilitatem.</span> <span class='ocrx_word' id='word_1_28' title='bbox 1657 643 1726 653; x_wconf 97' lang='lat'><strong>—</strong></span> <span class='ocrx_word' id='word_1_29' title='bbox 1752 614 1786 685; x_wconf 84' lang='lat'>§</span> <span class='ocrx_word' id='word_1_30' title='bbox 1812 616 1864 669; x_wconf 87' lang='lat'>3.</span> <span class='ocrx_word' id='word_1_31' title='bbox 1890 615 1955 669; x_wconf 90' lang='lat' dir='ltr'>Et</span> <span class='ocrx_word' id='word_1_32' title='bbox 1974 613 2148 668; x_wconf 90' lang='lat' dir='ltr'>sanci-</span> 
     </span>
    </p>
   </div>
   <div class='ocr_carea' id='block_1_5' title="bbox 512 704 2143 778">
    <p class='ocr_par' dir='ltr' id='par_1_5' title="bbox 512 704 2143 778">
     <span class='ocr_line' id='line_1_5' title="bbox 512 704 2143 778; baseline 0.002 -20"><span class='ocrx_word' id='word_1_33' title='bbox 512 719 642 758; x_wconf 88' lang='lat' dir='ltr'>mus</span> <span class='ocrx_word' id='word_1_34' title='bbox 653 704 964 773; x_wconf 89' lang='lat' dir='ltr'>neminem,</span> <span class='ocrx_word' id='word_1_35' title='bbox 978 720 1164 776; x_wconf 87' lang='lat' dir='ltr'>neque</span> <span class='ocrx_word' id='word_1_36' title='bbox 1183 704 1503 773; x_wconf 87' lang='lat' dir='ltr'>diaconum,</span> <span class='ocrx_word' id='word_1_37' title='bbox 1523 721 1709 777; x_wconf 91' lang='lat' dir='ltr'>neque</span> <span class='ocrx_word' id='word_1_38' title='bbox 1727 707 2143 778; x_wconf 72' lang='lat' dir='ltr'>presbyterum,</span> 
     </span>
    </p>
   </div>
   <div class='ocr_carea' id='block_1_6' title="bbox 510 797 2149 871">
    <p class='ocr_par' dir='ltr' id='par_1_6' title="bbox 510 797 2149 871">
     <span class='ocr_line' id='line_1_6' title="bbox 510 797 2149 871; baseline 0.002 -20"><span class='ocrx_word' id='word_1_39' title='bbox 510 800 569 851; x_wconf 92' lang='lat' dir='ltr'>et</span> <span class='ocrx_word' id='word_1_40' title='bbox 598 798 775 851; x_wconf 90' lang='lat' dir='ltr'>multo</span> <span class='ocrx_word' id='word_1_41' title='bbox 805 797 1005 869; x_wconf 90' lang='lat' dir='ltr'>magis,</span> <span class='ocrx_word' id='word_1_42' title='bbox 1034 813 1219 869; x_wconf 90' lang='lat' dir='ltr'>neque</span> <span class='ocrx_word' id='word_1_43' title='bbox 1246 797 1576 868; x_wconf 85' lang='lat' dir='ltr'>episcopum</span> <span class='ocrx_word' id='word_1_44' title='bbox 1616 799 1789 870; x_wconf 89' lang='lat' dir='ltr'>(quod</span> <span class='ocrx_word' id='word_1_45' title='bbox 1831 801 2061 871; x_wconf 88' lang='lat' dir='ltr'>quidem</span> <span class='ocrx_word' id='word_1_46' title='bbox 2091 803 2149 855; x_wconf 90' lang='lat' dir='ltr'>et</span> 
     </span>
    </p>
   </div>
   <div class='ocr_carea' id='block_1_7' title="bbox 510 889 2143 964">
    <p class='ocr_par' dir='ltr' id='par_1_7' title="bbox 510 889 2143 964">
     <span class='ocr_line' id='line_1_7' title="bbox 510 889 2143 964; baseline 0.002 -19"><span class='ocrx_word' id='word_1_47' title='bbox 510 889 842 945; x_wconf 85' lang='lat' dir='ltr'>incredibile</span> <span class='ocrx_word' id='word_1_48' title='bbox 866 891 1009 944; x_wconf 89' lang='lat' dir='ltr'>forte</span> <span class='ocrx_word' id='word_1_49' title='bbox 1038 890 1217 945; x_wconf 89' lang='lat' dir='ltr'>videri</span> <span class='ocrx_word' id='word_1_50' title='bbox 1245 891 1434 961; x_wconf 87' lang='lat' dir='ltr'>possit,</span> <span class='ocrx_word' id='word_1_51' title='bbox 1467 896 1534 946; x_wconf 89' lang='lat' dir='ltr'>ut</span> <span class='ocrx_word' id='word_1_52' title='bbox 1556 908 1804 964; x_wconf 87' lang='lat' dir='ltr'>quomm</span> <span class='ocrx_word' id='word_1_53' title='bbox 1830 894 1888 947; x_wconf 91' lang='lat' dir='ltr'>in</span> <span class='ocrx_word' id='word_1_54' title='bbox 1915 894 2143 948; x_wconf 87' lang='lat' dir='ltr'>ordina-</span> 
     </span>
    </p>
   </div>
   <div class='ocr_carea' id='block_1_8' title="bbox 508 984 2146 1054">
    <p class='ocr_par' dir='ltr' id='par_1_8' title="bbox 508 984 2146 1054">
     <span class='ocr_line' id='line_1_8' title="bbox 508 984 2146 1054; baseline 0.002 -17"><span class='ocrx_word' id='word_1_55' title='bbox 508 984 756 1038; x_wconf 83' lang='lat' dir='ltr'>tionibus</span> <span class='ocrx_word' id='word_1_56' title='bbox 802 998 997 1054; x_wconf 86' lang='lat' dir='ltr'>preces</span> <span class='ocrx_word' id='word_1_57' title='bbox 1043 985 1113 1037; x_wconf 90' lang='lat' dir='ltr'>ad</span> <span class='ocrx_word' id='word_1_58' title='bbox 1158 984 1458 1039; x_wconf 88' lang='lat' dir='ltr'>Dominum</span> <span class='ocrx_word' id='word_1_59' title='bbox 1508 986 1817 1041; x_wconf 88' lang='lat' dir='ltr'>mittuntur</span> <span class='ocrx_word' id='word_1_60' title='bbox 1859 987 2146 1042; x_wconf 85' lang='lat' dir='ltr'>Christum</span> 
     </span>
    </p>
   </div>
   <div class='ocr_carea' id='block_1_9' title="bbox 512 1076 2147 1142">
    <p class='ocr_par' dir='ltr' id='par_1_9' title="bbox 512 1076 2147 1142">
     <span class='ocr_line' id='line_1_9' title="bbox 512 1076 2147 1142; baseline 0.002 -12"><span class='ocrx_word' id='word_1_61' title='bbox 512 1076 691 1131; x_wconf 80' lang='lat' dir='ltr'>Deum</span> <span class='ocrx_word' id='word_1_62' title='bbox 723 1080 999 1142; x_wconf 90' lang='lat' dir='ltr'>nostrum,</span> <span class='ocrx_word' id='word_1_63' title='bbox 1035 1081 1091 1129; x_wconf 91' lang='lat' dir='ltr'>et</span> <span class='ocrx_word' id='word_1_64' title='bbox 1118 1076 1390 1131; x_wconf 80' lang='lat' dir='ltr'>invocatio</span> <span class='ocrx_word' id='word_1_65' title='bbox 1427 1079 1605 1132; x_wconf 83' lang='lat' dir='ltr'>sancti</span> <span class='ocrx_word' id='word_1_66' title='bbox 1657 1084 1714 1133; x_wconf 90' lang='lat' dir='ltr'>et</span> <span class='ocrx_word' id='word_1_67' title='bbox 1756 1080 2031 1135; x_wconf 89' lang='lat' dir='ltr'>adorandi</span> <span class='ocrx_word' id='word_1_68' title='bbox 2076 1080 2147 1134; x_wconf 85' lang='lat' dir='ltr'>sit</span> 
     </span>
    </p>
   </div>
   <div class='ocr_carea' id='block_1_10' title="bbox 512 1168 2147 1244">
    <p class='ocr_par' dir='ltr' id='par_1_10' title="bbox 512 1168 2147 1244">
     <span class='ocr_line' id='line_1_10' title="bbox 512 1168 2147 1244; baseline 0.004 -22"><span class='ocrx_word' id='word_1_69' title='bbox 512 1168 771 1238; x_wconf 84' lang='lat' dir='ltr'>Spiritus,</span> <span class='ocrx_word' id='word_1_70' title='bbox 803 1172 858 1223; x_wconf 92' lang='lat' dir='ltr'>et</span> <span class='ocrx_word' id='word_1_71' title='bbox 882 1184 1085 1223; x_wconf 89' lang='lat' dir='ltr'>eorum</span> <span class='ocrx_word' id='word_1_72' title='bbox 1112 1170 1410 1241; x_wconf 78' lang='lat' dir='ltr'>capitibus,</span> <span class='ocrx_word' id='word_1_73' title='bbox 1430 1175 1528 1225; x_wconf 89' lang='lat' dir='ltr'>aut</span> <span class='ocrx_word' id='word_1_74' title='bbox 1554 1171 1815 1227; x_wconf 85' lang='lat' dir='ltr'>manibus</span> <span class='ocrx_word' id='word_1_75' title='bbox 1846 1172 2147 1244; x_wconf 85' lang='lat' dir='ltr'>imponun-</span> 
     </span>
    </p>
   </div>
   <div class='ocr_carea' id='block_1_11' title="bbox 509 1261 2146 1338">
    <p class='ocr_par' dir='ltr' id='par_1_11' title="bbox 509 1261 2146 1338">
     <span class='ocr_line' id='line_1_11' title="bbox 509 1261 2146 1338; baseline 0.004 -23"><span class='ocrx_word' id='word_1_76' title='bbox 509 1265 605 1315; x_wconf 91' lang='lat' dir='ltr'>tur</span> <span class='ocrx_word' id='word_1_77' title='bbox 629 1261 981 1317; x_wconf 85' lang='lat' dir='ltr'>sanctissima</span> <span class='ocrx_word' id='word_1_78' title='bbox 1007 1279 1206 1318; x_wconf 90' lang='lat' dir='ltr'>eorum</span> <span class='ocrx_word' id='word_1_79' title='bbox 1231 1279 1359 1335; x_wconf 65' lang='lat' dir='ltr'>qua:</span> <span class='ocrx_word' id='word_1_80' title='bbox 1387 1265 1536 1336; x_wconf 89' lang='lat' dir='ltr'>apud</span> <span class='ocrx_word' id='word_1_81' title='bbox 1566 1281 1667 1320; x_wconf 90' lang='lat' dir='ltr'>nos</span> <span class='ocrx_word' id='word_1_82' title='bbox 1693 1270 1824 1320; x_wconf 89' lang='lat' dir='ltr'>sunt</span> <span class='ocrx_word' id='word_1_83' title='bbox 1852 1266 2146 1338; x_wconf 84' lang='lat' dir='ltr'>mysterio-</span> 
     </span>
    </p>
   </div>
   <div class='ocr_carea' id='block_1_12' title="bbox 509 1355 2146 1428">
    <p class='ocr_par' dir='ltr' id='par_1_12' title="bbox 509 1355 2146 1428">
     <span class='ocr_line' id='line_1_12' title="bbox 509 1355 2146 1428; baseline 0.004 -20"><span class='ocrx_word' id='word_1_84' title='bbox 509 1370 661 1423; x_wconf 88' lang='lat' dir='ltr'>rum,</span> <span class='ocrx_word' id='word_1_85' title='bbox 703 1359 766 1409; x_wconf 90' lang='lat' dir='ltr'>ut</span> <span class='ocrx_word' id='word_1_86' title='bbox 808 1355 1017 1410; x_wconf 83' lang='lat' dir='ltr'>scilicet</span> <span class='ocrx_word' id='word_1_87' title='bbox 1054 1356 1192 1428; x_wconf 85' lang='lat' dir='ltr'>ipsis</span> <span class='ocrx_word' id='word_1_88' title='bbox 1234 1358 1487 1412; x_wconf 86' lang='lat' dir='ltr'>sensoria</span> <span class='ocrx_word' id='word_1_89' title='bbox 1528 1358 1722 1413; x_wconf 85' lang='lat' dir='ltr'>omnia</span> <span class='ocrx_word' id='word_1_90' title='bbox 1766 1358 2146 1414; x_wconf 87' lang='lat' dir='ltr'>instrumenta</span> 
     </span>
    </p>
   </div>
   <div class='ocr_carea' id='block_1_13' title="bbox 508 1448 2141 1527">
    <p class='ocr_par' dir='ltr' id='par_1_13' title="bbox 508 1448 2141 1527">
     <span class='ocr_line' id='line_1_13' title="bbox 508 1448 2141 1527; baseline 0.004 -26"><span class='ocrx_word' id='word_1_91' title='bbox 508 1464 651 1518; x_wconf 90' lang='lat' dir='ltr'>pura</span> <span class='ocrx_word' id='word_1_92' title='bbox 671 1448 829 1518; x_wconf 86' lang='lat' dir='ltr'>ﬁant,</span> <span class='ocrx_word' id='word_1_93' title='bbox 851 1455 907 1504; x_wconf 91' lang='lat' dir='ltr'>et</span> <span class='ocrx_word' id='word_1_94' title='bbox 930 1454 1329 1506; x_wconf 89' lang='lat' dir='ltr'>consecrentur</span> <span class='ocrx_word' id='word_1_95' title='bbox 1347 1451 1502 1522; x_wconf 91' lang='lat' dir='ltr'>Deo),</span> <span class='ocrx_word' id='word_1_96' title='bbox 1522 1452 1812 1507; x_wconf 88' lang='lat' dir='ltr'>neminem</span> <span class='ocrx_word' id='word_1_97' title='bbox 1837 1452 2016 1527; x_wconf 79' lang='lat' dir='ltr'>igitur</span> <span class='ocrx_word' id='word_1_98' title='bbox 2035 1453 2141 1507; x_wconf 88' lang='lat' dir='ltr'>ho-</span> 
     </span>
    </p>
   </div>
   <div class='ocr_carea' id='block_1_14' title="bbox 2245 611 3894 684">
    <p class='ocr_par' dir='ltr' id='par_1_14' title="bbox 2245 611 3894 684">
     <span class='ocr_line' id='line_1_14' title="bbox 2245 611 3894 684; baseline 0.001 -17"><span class='ocrx_word' id='word_1_99' title='bbox 2245 611 2613 680; x_wconf 88' lang='lat' dir='ltr'>beatitudine,</span> <span class='ocrx_word' id='word_1_100' title='bbox 2641 612 2742 665; x_wconf 90' lang='lat' dir='ltr'>aut</span> <span class='ocrx_word' id='word_1_101' title='bbox 2768 627 2802 665; x_wconf 88' lang='lat' dir='ltr'>a</span> <span class='ocrx_word' id='word_1_102' title='bbox 2820 612 3200 684; x_wconf 85' lang='lat' dir='ltr'>metropolita,</span> <span class='ocrx_word' id='word_1_103' title='bbox 3230 616 3331 675; x_wconf 83' lang='lat' dir='ltr'>ant</span> <span class='ocrx_word' id='word_1_104' title='bbox 3358 611 3471 667; x_wconf 90' lang='lat' dir='ltr'>Deo</span> <span class='ocrx_word' id='word_1_105' title='bbox 3499 613 3894 669; x_wconf 87' lang='lat' dir='ltr'>amantissimo</span> 
     </span>
    </p>
   </div>
   <div class='ocr_carea' id='block_1_15' title="bbox 2246 705 3895 779">
    <p class='ocr_par' dir='ltr' id='par_1_15' title="bbox 2246 705 3895 779">
     <span class='ocr_line' id='line_1_15' title="bbox 2246 705 3895 779; baseline 0.002 -20"><span class='ocrx_word' id='word_1_106' title='bbox 2246 706 2512 777; x_wconf 91' lang='lat' dir='ltr'>episcopo</span> <span class='ocrx_word' id='word_1_107' title='bbox 2550 705 2652 759; x_wconf 87' lang='lat' dir='ltr'>sub</span> <span class='ocrx_word' id='word_1_108' title='bbox 2697 721 2811 776; x_wconf 93' lang='lat' dir='ltr'>quo</span> <span class='ocrx_word' id='word_1_109' title='bbox 2854 706 3147 762; x_wconf 89' lang='lat' dir='ltr'>ordinatus</span> <span class='ocrx_word' id='word_1_110' title='bbox 3191 711 3294 773; x_wconf 89' lang='lat' dir='ltr'>est,</span> <span class='ocrx_word' id='word_1_111' title='bbox 3325 705 3372 760; x_wconf 89' lang='lat' dir='ltr'>si</span> <span class='ocrx_word' id='word_1_112' title='bbox 3399 706 3637 778; x_wconf 88' lang='lat' dir='ltr'>quidem</span> <span class='ocrx_word' id='word_1_113' title='bbox 3682 706 3895 779; x_wconf 81' lang='lat' dir='ltr'>aliquis</span> 
     </span>
    </p>
   </div>
   <div class='ocr_carea' id='block_1_16' title="bbox 2245 798 3891 871">
    <p class='ocr_par' dir='ltr' id='par_1_16' title="bbox 2245 798 3891 871">
     <span class='ocr_line' id='line_1_16' title="bbox 2245 798 3891 871; baseline 0.001 -18"><span class='ocrx_word' id='word_1_114' title='bbox 2245 799 2649 871; x_wconf 66' lang='lat' dir='ltr'>praedictorum</span> <span class='ocrx_word' id='word_1_115' title='bbox 2671 798 2742 853; x_wconf 89' lang='lat' dir='ltr'>sit</span> <span class='ocrx_word' id='word_1_116' title='bbox 2755 799 3114 866; x_wconf 88' lang='lat' dir='ltr'>clericorum,</span> <span class='ocrx_word' id='word_1_117' title='bbox 3137 815 3170 853; x_wconf 88' lang='lat' dir='ltr'>a</span> <span class='ocrx_word' id='word_1_118' title='bbox 3184 815 3341 854; x_wconf 90' lang='lat' dir='ltr'>sacra</span> <span class='ocrx_word' id='word_1_119' title='bbox 3362 799 3612 870; x_wconf 88' lang='lat' dir='ltr'>separari</span> <span class='ocrx_word' id='word_1_120' title='bbox 3634 799 3891 871; x_wconf 89' lang='lat' dir='ltr'>liturgia,</span> 
     </span>
    </p>
   </div>
   <div class='ocr_carea' id='block_1_17' title="bbox 2245 891 3897 963">
    <p class='ocr_par' dir='ltr' id='par_1_17' title="bbox 2245 891 3897 963">
     <span class='ocr_line' id='line_1_17' title="bbox 2245 891 3897 963; baseline 0.002 -18"><span class='ocrx_word' id='word_1_121' title='bbox 2245 891 2462 963; x_wconf 87' lang='lat' dir='ltr'>imponi</span> <span class='ocrx_word' id='word_1_122' title='bbox 2517 896 2708 946; x_wconf 91' lang='lat' dir='ltr'>autem</span> <span class='ocrx_word' id='word_1_123' title='bbox 2755 892 2861 963; x_wconf 89' lang='lat' dir='ltr'>ipsi</span> <span class='ocrx_word' id='word_1_124' title='bbox 2905 892 3240 946; x_wconf 84' lang='lat' dir='ltr'>canonicam</span> <span class='ocrx_word' id='word_1_125' title='bbox 3284 908 3530 963; x_wconf 72' lang='lat' dir='ltr'>pmnam,</span> <span class='ocrx_word' id='word_1_126' title='bbox 3561 897 3619 948; x_wconf 88' lang='lat' dir='ltr'>et</span> <span class='ocrx_word' id='word_1_127' title='bbox 3663 892 3897 948; x_wconf 83' lang='lat' dir='ltr'>deﬁniri</span> 
     </span>
    </p>
   </div>
   <div class='ocr_carea' id='block_1_18' title="bbox 2244 984 3892 1058">
    <p class='ocr_par' dir='ltr' id='par_1_18' title="bbox 2244 984 3892 1058">
     <span class='ocr_line' id='line_1_18' title="bbox 2244 984 3892 1058; baseline 0.001 -19"><span class='ocrx_word' id='word_1_128' title='bbox 2244 990 2470 1055; x_wconf 89' lang='lat' dir='ltr'>tempus</span> <span class='ocrx_word' id='word_1_129' title='bbox 2494 984 2641 1039; x_wconf 87' lang='lat' dir='ltr'>intra</span> <span class='ocrx_word' id='word_1_130' title='bbox 2666 985 2819 1056; x_wconf 90' lang='lat' dir='ltr'>quod</span> <span class='ocrx_word' id='word_1_131' title='bbox 2845 985 3144 1039; x_wconf 90' lang='lat' dir='ltr'>conveniat</span> <span class='ocrx_word' id='word_1_132' title='bbox 3163 984 3353 1056; x_wconf 90' lang='lat' dir='ltr'>ipsum</span> <span class='ocrx_word' id='word_1_133' title='bbox 3371 985 3608 1056; x_wconf 87' lang='lat' dir='ltr'>jejuniis</span> <span class='ocrx_word' id='word_1_134' title='bbox 3647 992 3705 1041; x_wconf 91' lang='lat' dir='ltr'>et</span> <span class='ocrx_word' id='word_1_135' title='bbox 3751 1003 3892 1058; x_wconf 84' lang='lat' dir='ltr'>sup-</span> 
     </span>
    </p>
   </div>
   <div class='ocr_carea' id='block_1_19' title="bbox 2244 1077 3904 1149">
    <p class='ocr_par' dir='ltr' id='par_1_19' title="bbox 2244 1077 3904 1149">
     <span class='ocr_line' id='line_1_19' title="bbox 2244 1077 3904 1149; baseline 0.001 -18"><span class='ocrx_word' id='word_1_136' title='bbox 2244 1077 2637 1149; x_wconf 89' lang='lat' dir='ltr'>plicationibus</span> <span class='ocrx_word' id='word_1_137' title='bbox 2664 1082 2936 1147; x_wconf 86' lang='lat' dir='ltr'>utentem,</span> <span class='ocrx_word' id='word_1_138' title='bbox 2971 1093 3245 1149; x_wconf 84' lang='lat' dir='ltr'>magnum</span> <span class='ocrx_word' id='word_1_139' title='bbox 3274 1078 3569 1149; x_wconf 87' lang='lat' dir='ltr'>propitiari</span> <span class='ocrx_word' id='word_1_140' title='bbox 3596 1080 3777 1134; x_wconf 89' lang='lat' dir='ltr'>Deum</span> <span class='ocrx_word' id='word_1_141' title='bbox 3802 1095 3904 1133; x_wconf 89' lang='lat' dir='ltr'>su—</span> 
     </span>
    </p>
   </div>
   <div class='ocr_carea' id='block_1_20' title="bbox 2244 1170 3896 1243">
    <p class='ocr_par' dir='ltr' id='par_1_20' title="bbox 2244 1170 3896 1243">
     <span class='ocr_line' id='line_1_20' title="bbox 2244 1170 3896 1243; baseline 0.001 -18"><span class='ocrx_word' id='word_1_142' title='bbox 2244 1187 2348 1242; x_wconf 89' lang='lat' dir='ltr'>per</span> <span class='ocrx_word' id='word_1_143' title='bbox 2372 1171 2468 1225; x_wconf 90' lang='lat' dir='ltr'>tali</span> <span class='ocrx_word' id='word_1_144' title='bbox 2494 1170 2962 1242; x_wconf 74' lang='lat' dir='ltr'>transgressione.</span> <span class='ocrx_word' id='word_1_145' title='bbox 2993 1172 3058 1225; x_wconf 89' lang='lat' dir='ltr'>Et</span> <span class='ocrx_word' id='word_1_146' title='bbox 3084 1171 3129 1225; x_wconf 91' lang='lat' dir='ltr'>si</span> <span class='ocrx_word' id='word_1_147' title='bbox 3163 1187 3267 1242; x_wconf 91' lang='lat' dir='ltr'>per</span> <span class='ocrx_word' id='word_1_148' title='bbox 3302 1171 3598 1226; x_wconf 79' lang='lat' dir='ltr'>definitum</span> <span class='ocrx_word' id='word_1_149' title='bbox 3630 1177 3896 1243; x_wconf 84' lang='lat' dir='ltr'>tempus,</span> 
     </span>
    </p>
   </div>
   <div class='ocr_carea' id='block_1_21' title="bbox 2244 1262 3892 1337">
    <p class='ocr_par' dir='ltr' id='par_1_21' title="bbox 2244 1262 3892 1337">
     <span class='ocr_line' id='line_1_21' title="bbox 2244 1262 3892 1337; baseline 0.002 -20"><span class='ocrx_word' id='word_1_150' title='bbox 2244 1264 2344 1335; x_wconf 88' lang='lat' dir='ltr'>qui</span> <span class='ocrx_word' id='word_1_151' title='bbox 2368 1264 2538 1318; x_wconf 84' lang='lat' dir='ltr'>talem</span> <span class='ocrx_word' id='word_1_152' title='bbox 2568 1279 2797 1335; x_wconf 64' lang='lat' dir='ltr'>penam</span> <span class='ocrx_word' id='word_1_153' title='bbox 2835 1262 3096 1335; x_wconf 88' lang='lat' dir='ltr'>suscepit,</span> <span class='ocrx_word' id='word_1_154' title='bbox 3130 1268 3364 1319; x_wconf 89' lang='lat' dir='ltr'>maneat</span> <span class='ocrx_word' id='word_1_155' title='bbox 3387 1264 3656 1336; x_wconf 79' lang='lat' dir='ltr'>lacrymis</span> <span class='ocrx_word' id='word_1_156' title='bbox 3680 1268 3738 1320; x_wconf 92' lang='lat' dir='ltr'>et</span> <span class='ocrx_word' id='word_1_157' title='bbox 3765 1281 3892 1337; x_wconf 67' lang='lat' dir='ltr'>po:-</span> 
     </span>
    </p>
   </div>
   <div class='ocr_carea' id='block_1_22' title="bbox 2244 1356 3894 1428">
    <p class='ocr_par' dir='ltr' id='par_1_22' title="bbox 2244 1356 3894 1428">
     <span class='ocr_line' id='line_1_22' title="bbox 2244 1356 3894 1428; baseline 0.001 -17"><span class='ocrx_word' id='word_1_158' title='bbox 2244 1356 2500 1426; x_wconf 90' lang='lat' dir='ltr'>nitentia,</span> <span class='ocrx_word' id='word_1_159' title='bbox 2533 1360 2589 1412; x_wconf 90' lang='lat' dir='ltr'>et</span> <span class='ocrx_word' id='word_1_160' title='bbox 2612 1356 2857 1428; x_wconf 86' lang='lat' dir='ltr'>jejunio,</span> <span class='ocrx_word' id='word_1_161' title='bbox 2885 1359 2943 1410; x_wconf 89' lang='lat' dir='ltr'>et</span> <span class='ocrx_word' id='word_1_162' title='bbox 2970 1356 3045 1411; x_wconf 91' lang='lat' dir='ltr'>ad</span> <span class='ocrx_word' id='word_1_163' title='bbox 3072 1356 3377 1411; x_wconf 90' lang='lat' dir='ltr'>Dominum</span> <span class='ocrx_word' id='word_1_164' title='bbox 3402 1358 3578 1412; x_wconf 90' lang='lat' dir='ltr'>Deum</span> <span class='ocrx_word' id='word_1_165' title='bbox 3604 1358 3894 1427; x_wconf 87' lang='lat' dir='ltr'>oratione,</span> 
     </span>
    </p>
   </div>
   <div class='ocr_carea' id='block_1_23' title="bbox 2243 1449 3900 1519">
    <p class='ocr_par' dir='ltr' id='par_1_23' title="bbox 2243 1449 3900 1519">
     <span class='ocr_line' id='line_1_23' title="bbox 2243 1449 3900 1519; baseline 0.001 -14"><span class='ocrx_word' id='word_1_166' title='bbox 2243 1450 2635 1505; x_wconf 88' lang='lat' dir='ltr'>remissionem</span> <span class='ocrx_word' id='word_1_167' title='bbox 2661 1449 2849 1505; x_wconf 85' lang='lat' dir='ltr'>delicti</span> <span class='ocrx_word' id='word_1_168' title='bbox 2873 1465 3135 1519; x_wconf 83' lang='lat' dir='ltr'>exorans,</span> <span class='ocrx_word' id='word_1_169' title='bbox 3163 1450 3460 1505; x_wconf 84' lang='lat' dir='ltr'>confestim</span> <span class='ocrx_word' id='word_1_170' title='bbox 3488 1468 3622 1505; x_wconf 90' lang='lat' dir='ltr'>eum</span> <span class='ocrx_word' id='word_1_171' title='bbox 3642 1451 3737 1506; x_wconf 90' lang='lat' dir='ltr'>cui</span> <span class='ocrx_word' id='word_1_172' title='bbox 3761 1452 3900 1506; x_wconf 89' lang='lat' dir='ltr'>sub-</span> 
     </span>
    </p>
   </div>
   <div class='ocr_carea' id='block_1_24' title="bbox 507 1542 3894 1617">
    <p class='ocr_par' dir='ltr' id='par_1_24' title="bbox 507 1542 3894 1617">
     <span class='ocr_line' id='line_1_24' title="bbox 507 1542 3894 1617; baseline 0.001 -22"><span class='ocrx_word' id='word_1_173' title='bbox 507 1557 640 1596; x_wconf 86' lang='lat' dir='ltr'>rum</span> <span class='ocrx_word' id='word_1_174' title='bbox 687 1542 896 1597; x_wconf 89' lang='lat' dir='ltr'>audere</span> <span class='ocrx_word' id='word_1_175' title='bbox 940 1543 1011 1597; x_wconf 91' lang='lat' dir='ltr'>de</span> <span class='ocrx_word' id='word_1_176' title='bbox 1054 1548 1277 1613; x_wconf 74' lang='lat' dir='ltr'>caetero,</span> <span class='ocrx_word' id='word_1_177' title='bbox 1324 1547 1381 1599; x_wconf 91' lang='lat' dir='ltr'>et</span> <span class='ocrx_word' id='word_1_178' title='bbox 1423 1550 1551 1617; x_wconf 90' lang='lat' dir='ltr'>post</span> <span class='ocrx_word' id='word_1_179' title='bbox 1591 1545 1843 1600; x_wconf 86' lang='lat' dir='ltr'>divinam</span> <span class='ocrx_word' id='word_1_180' title='bbox 1887 1550 2142 1601; x_wconf 90' lang='lat' dir='ltr'>nostram</span> <span class='ocrx_word' id='word_1_181' title='bbox 2235 1543 2423 1615; x_wconf 89' lang='lat' dir='ltr'>jectus</span> <span class='ocrx_word' id='word_1_182' title='bbox 2444 1548 2525 1598; x_wconf 89' lang='lat' dir='ltr'>est</span> <span class='ocrx_word' id='word_1_183' title='bbox 2545 1543 2651 1597; x_wconf 88' lang='lat' dir='ltr'>hoc</span> <span class='ocrx_word' id='word_1_184' title='bbox 2670 1543 2972 1614; x_wconf 80' lang='lat' dir='ltr'>diligenter</span> <span class='ocrx_word' id='word_1_185' title='bbox 2990 1543 3243 1614; x_wconf 84' lang='lat' dir='ltr'>cognito,</span> <span class='ocrx_word' id='word_1_186' title='bbox 3264 1547 3320 1599; x_wconf 90' lang='lat' dir='ltr'>et</span> <span class='ocrx_word' id='word_1_187' title='bbox 3335 1544 3567 1599; x_wconf 88' lang='lat' dir='ltr'>sollicite</span> <span class='ocrx_word' id='word_1_188' title='bbox 3583 1545 3894 1616; x_wconf 80' lang='lat' dir='ltr'>requisita,</span> 
     </span>
    </p>
   </div>
   <div class='ocr_carea' id='block_1_25' title="bbox 506 1634 2141 1709">
    <p class='ocr_par' dir='ltr' id='par_1_25' title="bbox 506 1634 2141 1709">
     <span class='ocr_line' id='line_1_25' title="bbox 506 1634 2141 1709; baseline 0.003 -21"><span class='ocrx_word' id='word_1_189' title='bbox 506 1634 715 1705; x_wconf 84' lang='lat' dir='ltr'>legem,</span> <span class='ocrx_word' id='word_1_190' title='bbox 745 1638 845 1689; x_wconf 90' lang='lat' dir='ltr'>aut</span> <span class='ocrx_word' id='word_1_191' title='bbox 870 1636 1129 1691; x_wconf 88' lang='lat' dir='ltr'>cubicare</span> <span class='ocrx_word' id='word_1_192' title='bbox 1162 1635 1237 1709; x_wconf 93' lang='lat' dir='ltr'>[id</span> <span class='ocrx_word' id='word_1_193' title='bbox 1265 1642 1351 1693; x_wconf 92' lang='lat' dir='ltr'>est</span> <span class='ocrx_word' id='word_1_194' title='bbox 1379 1638 1603 1693; x_wconf 88' lang='lat' dir='ltr'>tesseris</span> <span class='ocrx_word' id='word_1_195' title='bbox 1633 1656 1733 1693; x_wconf 91' lang='lat' dir='ltr'>seu</span> <span class='ocrx_word' id='word_1_196' title='bbox 1760 1639 1896 1693; x_wconf 87' lang='lat' dir='ltr'>aleis</span> <span class='ocrx_word' id='word_1_197' title='bbox 1921 1639 2141 1709; x_wconf 91' lang='lat' dir='ltr'>ludere]</span> 
     </span>
    </p>
   </div>
   <div class='ocr_carea' id='block_1_26' title="bbox 506 1729 2144 1802">
    <p class='ocr_par' dir='ltr' id='par_1_26' title="bbox 506 1729 2144 1802">
     <span class='ocr_line' id='line_1_26' title="bbox 506 1729 2144 1802; baseline 0.004 -20"><span class='ocrx_word' id='word_1_198' title='bbox 506 1745 845 1801; x_wconf 91' lang='lat' dir='ltr'>quocunque</span> <span class='ocrx_word' id='word_1_199' title='bbox 870 1729 1007 1784; x_wconf 65' lang='lat' dir='ltr'>aleae</span> <span class='ocrx_word' id='word_1_200' title='bbox 1038 1746 1266 1801; x_wconf 81' lang='lat' dir='ltr'>genere,</span> <span class='ocrx_word' id='word_1_201' title='bbox 1288 1735 1386 1786; x_wconf 88' lang='lat' dir='ltr'>aut</span> <span class='ocrx_word' id='word_1_202' title='bbox 1414 1732 1568 1802; x_wconf 92' lang='lat' dir='ltr'>ludo,</span> <span class='ocrx_word' id='word_1_203' title='bbox 1588 1738 1689 1787; x_wconf 88' lang='lat' dir='ltr'>aut</span> <span class='ocrx_word' id='word_1_204' title='bbox 1714 1733 1791 1786; x_wconf 89' lang='lat' dir='ltr'>ita</span> <span class='ocrx_word' id='word_1_205' title='bbox 1816 1733 2144 1788; x_wconf 88' lang='lat' dir='ltr'>ludentibus</span> 
     </span>
    </p>
   </div>
   <div class='ocr_carea' id='block_1_27' title="bbox 510 1823 2145 1896">
    <p class='ocr_par' dir='ltr' id='par_1_27' title="bbox 510 1823 2145 1896">
     <span class='ocr_line' id='line_1_27' title="bbox 510 1823 2145 1896; baseline 0.004 -21"><span class='ocrx_word' id='word_1_206' title='bbox 510 1823 951 1890; x_wconf 87' lang='lat' dir='ltr'>communicare,</span> <span class='ocrx_word' id='word_1_207' title='bbox 979 1826 1078 1877; x_wconf 90' lang='lat' dir='ltr'>aut</span> <span class='ocrx_word' id='word_1_208' title='bbox 1105 1825 1443 1893; x_wconf 87' lang='lat' dir='ltr'>conversari,</span> <span class='ocrx_word' id='word_1_209' title='bbox 1474 1830 1575 1880; x_wconf 90' lang='lat' dir='ltr'>aut</span> <span class='ocrx_word' id='word_1_210' title='bbox 1598 1842 1714 1881; x_wconf 88' lang='lat' dir='ltr'>una</span> <span class='ocrx_word' id='word_1_211' title='bbox 1753 1826 2015 1896; x_wconf 90' lang='lat' dir='ltr'>recreari,</span> <span class='ocrx_word' id='word_1_212' title='bbox 2043 1830 2145 1881; x_wconf 89' lang='lat' dir='ltr'>aut</span> 
     </span>
    </p>
   </div>
   <div class='ocr_carea' id='block_1_28' title="bbox 2242 1622 3895 1707">
    <p class='ocr_par' dir='ltr' id='par_1_28' title="bbox 2242 1622 3895 1707">
     <span class='ocr_line' id='line_1_28' title="bbox 2242 1622 3895 1707; baseline 0.001 -17"><span class='ocrx_word' id='word_1_213' title='bbox 2242 1622 2605 1691; x_wconf 85' lang='lat' dir='ltr'>communem</span> <span class='ocrx_word' id='word_1_214' title='bbox 2635 1635 2869 1707; x_wconf 89' lang='lat' dir='ltr'>quidem</span> <span class='ocrx_word' id='word_1_215' title='bbox 2886 1652 2992 1706; x_wconf 91' lang='lat' dir='ltr'>pro</span> <span class='ocrx_word' id='word_1_216' title='bbox 3015 1635 3135 1707; x_wconf 89' lang='lat' dir='ltr'>ipso</span> <span class='ocrx_word' id='word_1_217' title='bbox 3155 1635 3470 1691; x_wconf 90' lang='lat' dir='ltr'>orationem</span> <span class='ocrx_word' id='word_1_218' title='bbox 3497 1637 3621 1692; x_wconf 81' lang='lat' dir='ltr'>fieri</span> <span class='ocrx_word' id='word_1_219' title='bbox 3638 1637 3895 1706; x_wconf 83' lang='lat' dir='ltr'>curabit,</span> 
     </span>
    </p>
   </div>
   <div class='ocr_carea' id='block_1_29' title="bbox 2242 1728 3897 1801">
    <p class='ocr_par' dir='ltr' id='par_1_29' title="bbox 2242 1728 3897 1801">
     <span class='ocr_line' id='line_1_29' title="bbox 2242 1728 3897 1801; baseline 0.001 -16"><span class='ocrx_word' id='word_1_220' title='bbox 2242 1735 2299 1785; x_wconf 89' lang='lat' dir='ltr'>et</span> <span class='ocrx_word' id='word_1_221' title='bbox 2322 1746 2454 1784; x_wconf 92' lang='lat' dir='ltr'>cum</span> <span class='ocrx_word' id='word_1_222' title='bbox 2479 1729 2638 1783; x_wconf 91' lang='lat' dir='ltr'>omni</span> <span class='ocrx_word' id='word_1_223' title='bbox 2662 1728 2957 1800; x_wconf 83' lang='lat' dir='ltr'>diligentia</span> <span class='ocrx_word' id='word_1_224' title='bbox 2980 1728 3249 1800; x_wconf 88' lang='lat' dir='ltr'>injunget.</span> <span class='ocrx_word' id='word_1_225' title='bbox 3271 1729 3380 1801; x_wconf 91' lang='lat' dir='ltr'>ipsi</span> <span class='ocrx_word' id='word_1_226' title='bbox 3407 1734 3471 1785; x_wconf 91' lang='lat' dir='ltr'>ut</span> <span class='ocrx_word' id='word_1_227' title='bbox 3494 1737 3692 1801; x_wconf 89' lang='lat' dir='ltr'>postea</span> <span class='ocrx_word' id='word_1_228' title='bbox 3718 1748 3755 1786; x_wconf 87' lang='lat' dir='ltr'>a</span> <span class='ocrx_word' id='word_1_229' title='bbox 3786 1731 3897 1786; x_wconf 87' lang='lat' dir='ltr'>tali</span> 
     </span>
    </p>
   </div>
   <div class='ocr_carea' id='block_1_30' title="bbox 2242 1821 3897 1894">
    <p class='ocr_par' dir='ltr' id='par_1_30' title="bbox 2242 1821 3897 1894">
     <span class='ocr_line' id='line_1_30' title="bbox 2242 1821 3897 1894; baseline 0.001 -17"><span class='ocrx_word' id='word_1_230' title='bbox 2242 1821 2537 1877; x_wconf 86' lang='lat' dir='ltr'>sacerdotii</span> <span class='ocrx_word' id='word_1_231' title='bbox 2565 1821 2993 1877; x_wconf 88' lang='lat' dir='ltr'>dedecoratione</span> <span class='ocrx_word' id='word_1_232' title='bbox 3029 1821 3310 1877; x_wconf 86' lang='lat' dir='ltr'>abstineat</span> <span class='ocrx_word' id='word_1_233' title='bbox 3354 1838 3370 1877; x_wconf 90' lang='lat'><strong>:</strong></span> <span class='ocrx_word' id='word_1_234' title='bbox 3411 1828 3469 1877; x_wconf 91' lang='lat' dir='ltr'>et</span> <span class='ocrx_word' id='word_1_235' title='bbox 3514 1824 3559 1877; x_wconf 90' lang='lat' dir='ltr'>si</span> <span class='ocrx_word' id='word_1_236' title='bbox 3599 1824 3897 1894; x_wconf 74' lang='lat' dir='ltr'>putaverit</span> 
     </span>
    </p>
   </div>
   <div class='ocr_carea' id='block_1_31' title="bbox 509 1906 3892 1990">
    <p class='ocr_par' dir='ltr' id='par_1_31' title="bbox 509 1906 3892 1990">
     <span class='ocr_line' id='line_1_31' title="bbox 509 1906 3892 1990; baseline 0.002 -23"><span class='ocrx_word' id='word_1_237' title='bbox 509 1930 625 1968; x_wconf 90' lang='lat' dir='ltr'>una</span> <span class='ocrx_word' id='word_1_238' title='bbox 649 1930 781 1969; x_wconf 91' lang='lat' dir='ltr'>cum</span> <span class='ocrx_word' id='word_1_239' title='bbox 808 1915 888 1969; x_wconf 90' lang='lat' dir='ltr'>eis</span> <span class='ocrx_word' id='word_1_240' title='bbox 916 1932 1105 1987; x_wconf 87' lang='lat' dir='ltr'>agere,</span> <span class='ocrx_word' id='word_1_241' title='bbox 1143 1920 1243 1971; x_wconf 89' lang='lat' dir='ltr'>aut</span> <span class='ocrx_word' id='word_1_242' title='bbox 1281 1917 1361 1971; x_wconf 90' lang='lat' dir='ltr'>eis</span> <span class='ocrx_word' id='word_1_243' title='bbox 1400 1918 1788 1973; x_wconf 89' lang='lat' dir='ltr'>testimonium</span> <span class='ocrx_word' id='word_1_244' title='bbox 1818 1919 2138 1990; x_wconf 90' lang='lat' dir='ltr'>perhibere,</span> <span class='ocrx_word' id='word_1_245' title='bbox 2161 1906 2218 1979; x_wconf 87' lang='grc' dir='ltr'><strong>Β</strong></span> <span class='ocrx_word' id='word_1_246' title='bbox 2242 1915 2433 1986; x_wconf 87' lang='lat' dir='ltr'>ipsum</span> <span class='ocrx_word' id='word_1_247' title='bbox 2462 1914 2808 1970; x_wconf 83' lang='lat' dir='ltr'>sufﬁcienter</span> <span class='ocrx_word' id='word_1_248' title='bbox 2833 1914 2902 1969; x_wconf 82' lang='lat' dir='ltr'>ad</span> <span class='ocrx_word' id='word_1_249' title='bbox 2934 1914 3328 1986; x_wconf 75' lang='lat' dir='ltr'>paenitentiam</span> <span class='ocrx_word' id='word_1_250' title='bbox 3354 1916 3590 1986; x_wconf 76' lang='lat' dir='ltr'>venisse,</span> <span class='ocrx_word' id='word_1_251' title='bbox 3624 1919 3765 1971; x_wconf 80' lang='lat' dir='ltr'>tunc</span> <span class='ocrx_word' id='word_1_252' title='bbox 3798 1933 3892 1971; x_wconf 84' lang='lat' dir='ltr'>sa-</span> 
     </span>
    </p>
   </div>
   <div class='ocr_carea' id='block_1_32' title="bbox 509 2008 2144 2084">
    <p class='ocr_par' dir='ltr' id='par_1_32' title="bbox 509 2008 2144 2084">
     <span class='ocr_line' id='line_1_32' title="bbox 509 2008 2144 2084; baseline 0.005 -25"><span class='ocrx_word' id='word_1_253' title='bbox 509 2013 608 2061; x_wconf 90' lang='lat' dir='ltr'>aut</span> <span class='ocrx_word' id='word_1_254' title='bbox 660 2008 930 2062; x_wconf 84' lang='lat' dir='ltr'>interesse</span> <span class='ocrx_word' id='word_1_255' title='bbox 975 2008 1209 2080; x_wconf 89' lang='lat' dir='ltr'>plebeiis</span> <span class='ocrx_word' id='word_1_256' title='bbox 1260 2010 1587 2081; x_wconf 88' lang='lat' dir='ltr'>hujusmodi</span> <span class='ocrx_word' id='word_1_257' title='bbox 1632 2012 1980 2083; x_wconf 82' lang='lat' dir='ltr'>spectaculis,</span> <span class='ocrx_word' id='word_1_258' title='bbox 2014 2028 2144 2084; x_wconf 63' lang='lat' dir='ltr'>quas</span> 
     </span>
    </p>
   </div>
   <div class='ocr_carea' id='block_1_33' title="bbox 506 2100 2143 2176">
    <p class='ocr_par' dir='ltr' id='par_1_33' title="bbox 506 2100 2143 2176">
     <span class='ocr_line' id='line_1_33' title="bbox 506 2100 2143 2176; baseline 0.005 -24"><span class='ocrx_word' id='word_1_259' title='bbox 506 2100 666 2170; x_wconf 89' lang='lat' dir='ltr'>prius</span> <span class='ocrx_word' id='word_1_260' title='bbox 694 2100 960 2169; x_wconf 87' lang='lat' dir='ltr'>diximus,</span> <span class='ocrx_word' id='word_1_261' title='bbox 985 2106 1084 2156; x_wconf 91' lang='lat' dir='ltr'>aut</span> <span class='ocrx_word' id='word_1_262' title='bbox 1107 2102 1243 2173; x_wconf 90' lang='lat' dir='ltr'>quid</span> <span class='ocrx_word' id='word_1_263' title='bbox 1270 2118 1470 2157; x_wconf 90' lang='lat' dir='ltr'>eorum</span> <span class='ocrx_word' id='word_1_264' title='bbox 1488 2120 1615 2175; x_wconf 57' lang='lat' dir='ltr'>quas</span> <span class='ocrx_word' id='word_1_265' title='bbox 1643 2104 1702 2159; x_wconf 92' lang='lat' dir='ltr'>in</span> <span class='ocrx_word' id='word_1_266' title='bbox 1728 2104 1816 2159; x_wconf 92' lang='lat' dir='ltr'>his</span> <span class='ocrx_word' id='word_1_267' title='bbox 1840 2105 2143 2176; x_wconf 86' lang='lat' dir='ltr'>prohiben-</span> 
     </span>
    </p>
   </div>
   <div class='ocr_carea' id='block_1_34' title="bbox 508 2193 2141 2269">
    <p class='ocr_par' dir='ltr' id='par_1_34' title="bbox 508 2193 2141 2269">
     <span class='ocr_line' id='line_1_34' title="bbox 508 2193 2141 2269; baseline 0.005 -23"><span class='ocrx_word' id='word_1_268' title='bbox 508 2196 603 2247; x_wconf 89' lang='lat' dir='ltr'>tur</span> <span class='ocrx_word' id='word_1_269' title='bbox 625 2193 828 2260; x_wconf 89' lang='lat' dir='ltr'>facere,</span> <span class='ocrx_word' id='word_1_270' title='bbox 861 2193 959 2248; x_wconf 89' lang='lat' dir='ltr'>sed</span> <span class='ocrx_word' id='word_1_271' title='bbox 1002 2195 1158 2249; x_wconf 90' lang='lat' dir='ltr'>omni</span> <span class='ocrx_word' id='word_1_272' title='bbox 1192 2196 1262 2250; x_wconf 90' lang='lat' dir='ltr'>ad</span> <span class='ocrx_word' id='word_1_273' title='bbox 1308 2196 1398 2250; x_wconf 93' lang='lat' dir='ltr'>illa</span> <span class='ocrx_word' id='word_1_274' title='bbox 1442 2197 1737 2269; x_wconf 85' lang='lat' dir='ltr'>participio</span> <span class='ocrx_word' id='word_1_275' title='bbox 1768 2198 1827 2251; x_wconf 92' lang='lat' dir='ltr'>in</span> <span class='ocrx_word' id='word_1_276' title='bbox 1853 2203 2141 2269; x_wconf 87' lang='lat' dir='ltr'>posterum</span> 
     </span>
    </p>
   </div>
   <div class='ocr_carea' id='block_1_35' title="bbox 508 2285 2142 2361">
    <p class='ocr_par' dir='ltr' id='par_1_35' title="bbox 508 2285 2142 2361">
     <span class='ocr_line' id='line_1_35' title="bbox 508 2285 2142 2361; baseline 0.004 -21"><span class='ocrx_word' id='word_1_277' title='bbox 508 2285 812 2341; x_wconf 89' lang='lat' dir='ltr'>abstinere.</span> <span class='ocrx_word' id='word_1_278' title='bbox 839 2287 998 2351; x_wconf 87' lang='lat' dir='ltr'>Quod</span> <span class='ocrx_word' id='word_1_279' title='bbox 1034 2288 1188 2342; x_wconf 91' lang='lat' dir='ltr'>enim</span> <span class='ocrx_word' id='word_1_280' title='bbox 1227 2290 1515 2359; x_wconf 67' lang='lat' dir='ltr'>praecessit</span> <span class='ocrx_word' id='word_1_281' title='bbox 1533 2290 1675 2361; x_wconf 89' lang='lat' dir='ltr'>jam,</span> <span class='ocrx_word' id='word_1_282' title='bbox 1708 2291 1934 2345; x_wconf 89' lang='lat' dir='ltr'>tametsi</span> <span class='ocrx_word' id='word_1_283' title='bbox 1970 2292 2142 2347; x_wconf 90' lang='lat' dir='ltr'>etiam</span> 
     </span>
    </p>
   </div>
   <div class='ocr_carea' id='block_1_36' title="bbox 506 2379 2142 2456">
    <p class='ocr_par' dir='ltr' id='par_1_36' title="bbox 506 2379 2142 2456">
     <span class='ocr_line' id='line_1_36' title="bbox 506 2379 2142 2456; baseline 0.005 -23"><span class='ocrx_word' id='word_1_284' title='bbox 506 2379 796 2451; x_wconf 86' lang='lat' dir='ltr'>inquirere</span> <span class='ocrx_word' id='word_1_285' title='bbox 807 2384 1154 2451; x_wconf 88' lang='lat' dir='ltr'>oportuerat,</span> <span class='ocrx_word' id='word_1_286' title='bbox 1167 2398 1275 2436; x_wconf 92' lang='lat' dir='ltr'>nec</span> <span class='ocrx_word' id='word_1_287' title='bbox 1285 2383 1624 2455; x_wconf 90' lang='lat' dir='ltr'>participare</span> <span class='ocrx_word' id='word_1_288' title='bbox 1636 2384 1966 2440; x_wconf 89' lang='lat' dir='ltr'>indecenter</span> <span class='ocrx_word' id='word_1_289' title='bbox 1979 2402 2142 2456; x_wconf 92' lang='lat' dir='ltr'>opor-</span> 
     </span>
    </p>
   </div>
   <div class='ocr_carea' id='block_1_37' title="bbox 505 2473 2142 2550">
    <p class='ocr_par' dir='ltr' id='par_1_37' title="bbox 505 2473 2142 2550">
     <span class='ocr_line' id='line_1_37' title="bbox 505 2473 2142 2550; baseline 0.004 -24"><span class='ocrx_word' id='word_1_290' title='bbox 505 2473 681 2540; x_wconf 89' lang='lat' dir='ltr'>tebat,</span> <span class='ocrx_word' id='word_1_291' title='bbox 698 2478 891 2529; x_wconf 91' lang='lat' dir='ltr'>tamen</span> <span class='ocrx_word' id='word_1_292' title='bbox 910 2479 1146 2546; x_wconf 88' lang='lat' dir='ltr'>propter</span> <span class='ocrx_word' id='word_1_293' title='bbox 1163 2474 1583 2531; x_wconf 87' lang='lat' dir='ltr'>humanitatem</span> <span class='ocrx_word' id='word_1_294' title='bbox 1603 2477 1985 2549; x_wconf 88' lang='lat' dir='ltr'>indulgemus,</span> <span class='ocrx_word' id='word_1_295' title='bbox 1998 2495 2142 2550; x_wconf 79' lang='lat' dir='ltr'>prae-</span> 
     </span>
    </p>
   </div>
   <div class='ocr_carea' id='block_1_38' title="bbox 508 2565 2139 2641">
    <p class='ocr_par' dir='ltr' id='par_1_38' title="bbox 508 2565 2139 2641">
     <span class='ocr_line' id='line_1_38' title="bbox 508 2565 2139 2641; baseline 0.005 -22"><span class='ocrx_word' id='word_1_296' title='bbox 508 2565 680 2620; x_wconf 91' lang='lat' dir='ltr'>sentis</span> <span class='ocrx_word' id='word_1_297' title='bbox 704 2566 846 2638; x_wconf 91' lang='lat' dir='ltr'>legis</span> <span class='ocrx_word' id='word_1_298' title='bbox 873 2568 1324 2622; x_wconf 82' lang='lat' dir='ltr'>observationem</span> <span class='ocrx_word' id='word_1_299' title='bbox 1351 2569 1615 2637; x_wconf 87' lang='lat' dir='ltr'>omnibus</span> <span class='ocrx_word' id='word_1_300' title='bbox 1642 2570 1701 2625; x_wconf 93' lang='lat' dir='ltr'>in</span> <span class='ocrx_word' id='word_1_301' title='bbox 1728 2576 2017 2641; x_wconf 91' lang='lat' dir='ltr'>posterum</span> <span class='ocrx_word' id='word_1_302' title='bbox 2049 2572 2139 2627; x_wconf 87' lang='lat' dir='ltr'>in-</span> 
     </span>
    </p>
   </div>
   <div class='ocr_carea' id='block_1_39' title="bbox 498 2659 2142 2735">
    <p class='ocr_par' dir='ltr' id='par_1_39' title="bbox 498 2659 2142 2735">
     <span class='ocr_line' id='line_1_39' title="bbox 498 2659 2142 2735; baseline 0.005 -23"><span class='ocrx_word' id='word_1_303' title='bbox 498 2659 807 2729; x_wconf 89' lang='lat' dir='ltr'>jungentes</span> <span class='ocrx_word' id='word_1_304' title='bbox 831 2665 1080 2731; x_wconf 88' lang='lat' dir='ltr'>tempus.</span> <span class='ocrx_word' id='word_1_305' title='bbox 1095 2661 1264 2717; x_wconf 90' lang='lat' dir='ltr'>Decet</span> <span class='ocrx_word' id='word_1_306' title='bbox 1281 2662 1435 2717; x_wconf 89' lang='lat' dir='ltr'>enim</span> <span class='ocrx_word' id='word_1_307' title='bbox 1450 2663 1602 2734; x_wconf 87' lang='lat' dir='ltr'>ipsos</span> <span class='ocrx_word' id='word_1_308' title='bbox 1615 2664 1691 2735; x_wconf 88' lang='lat' dir='ltr'>jej</span> <span class='ocrx_word' id='word_1_309' title='bbox 1702 2664 1847 2718; x_wconf 90' lang='lat' dir='ltr'>uniis</span> <span class='ocrx_word' id='word_1_310' title='bbox 1866 2670 1923 2720; x_wconf 89' lang='lat' dir='ltr'>et</span> <span class='ocrx_word' id='word_1_311' title='bbox 1937 2664 2142 2735; x_wconf 86' lang='lat' dir='ltr'>vigiliis</span> 
     </span>
    </p>
   </div>
   <div class='ocr_carea' id='block_1_40' title="bbox 507 2752 2140 2822">
    <p class='ocr_par' dir='ltr' id='par_1_40' title="bbox 507 2752 2140 2822">
     <span class='ocr_line' id='line_1_40' title="bbox 507 2752 2140 2822; baseline 0.005 -17"><span class='ocrx_word' id='word_1_312' title='bbox 507 2756 564 2806; x_wconf 92' lang='lat' dir='ltr'>et</span> <span class='ocrx_word' id='word_1_313' title='bbox 612 2752 1093 2822; x_wconf 88' lang='lat' dir='ltr'>meditationibus,</span> <span class='ocrx_word' id='word_1_314' title='bbox 1133 2770 1232 2809; x_wconf 91' lang='lat' dir='ltr'>seu</span> <span class='ocrx_word' id='word_1_315' title='bbox 1275 2756 1768 2812; x_wconf 82' lang='lat' dir='ltr'>exercitationibus</span> <span class='ocrx_word' id='word_1_316' title='bbox 1820 2758 1881 2812; x_wconf 91' lang='lat' dir='ltr'>in</span> <span class='ocrx_word' id='word_1_317' title='bbox 1935 2758 2140 2813; x_wconf 88' lang='lat' dir='ltr'>divinis</span> 
     </span>
    </p>
   </div>
   <div class='ocr_carea' id='block_1_41' title="bbox 509 2845 2141 2923">
    <p class='ocr_par' dir='ltr' id='par_1_41' title="bbox 509 2845 2141 2923">
     <span class='ocr_line' id='line_1_41' title="bbox 509 2845 2141 2923; baseline 0.004 -24"><span class='ocrx_word' id='word_1_318' title='bbox 509 2845 774 2915; x_wconf 86' lang='lat' dir='ltr'>oraculis,</span> <span class='ocrx_word' id='word_1_319' title='bbox 796 2851 852 2901; x_wconf 90' lang='lat' dir='ltr'>et</span> <span class='ocrx_word' id='word_1_320' title='bbox 869 2864 974 2918; x_wconf 91' lang='lat' dir='ltr'>pro</span> <span class='ocrx_word' id='word_1_321' title='bbox 1001 2848 1260 2902; x_wconf 91' lang='lat' dir='ltr'>omnium</span> <span class='ocrx_word' id='word_1_322' title='bbox 1275 2849 1456 2904; x_wconf 89' lang='lat' dir='ltr'>salute</span> <span class='ocrx_word' id='word_1_323' title='bbox 1474 2849 1780 2905; x_wconf 91' lang='lat' dir='ltr'>fundendis</span> <span class='ocrx_word' id='word_1_324' title='bbox 1799 2867 1995 2906; x_wconf 89' lang='lat' dir='ltr'>vacare</span> <span class='ocrx_word' id='word_1_325' title='bbox 2017 2868 2141 2923; x_wconf 89' lang='lat' dir='ltr'>pre-</span> 
     </span>
    </p>
   </div>
   <div class='ocr_carea' id='block_1_42' title="bbox 507 2934 2140 3011">
    <p class='ocr_par' dir='ltr' id='par_1_42' title="bbox 507 2934 2140 3011">
     <span class='ocr_line' id='line_1_42' title="bbox 507 2934 2140 3011; baseline 0.005 -23"><span class='ocrx_word' id='word_1_326' title='bbox 507 2934 665 2989; x_wconf 90' lang='lat' dir='ltr'>cibus</span> <span class='ocrx_word' id='word_1_327' title='bbox 695 2954 709 2991; x_wconf 91' lang='lat'><strong>:</strong></span> <span class='ocrx_word' id='word_1_328' title='bbox 744 2941 803 2991; x_wconf 88' lang='lat' dir='ltr'>at</span> <span class='ocrx_word' id='word_1_329' title='bbox 827 2953 921 2992; x_wconf 91' lang='lat' dir='ltr'>eos</span> <span class='ocrx_word' id='word_1_330' title='bbox 947 2938 1047 3009; x_wconf 92' lang='lat' dir='ltr'>qui</span> <span class='ocrx_word' id='word_1_331' title='bbox 1077 2939 1209 2993; x_wconf 88' lang='lat' dir='ltr'>talia</span> <span class='ocrx_word' id='word_1_332' title='bbox 1238 2956 1352 2994; x_wconf 91' lang='lat' dir='ltr'>non</span> <span class='ocrx_word' id='word_1_333' title='bbox 1380 2940 1736 3011; x_wconf 87' lang='lat' dir='ltr'>reliquerint,</span> <span class='ocrx_word' id='word_1_334' title='bbox 1767 2956 1872 2995; x_wconf 92' lang='lat' dir='ltr'>nec</span> <span class='ocrx_word' id='word_1_335' title='bbox 1896 2956 2140 2996; x_wconf 86' lang='lat' dir='ltr'>cessave-</span> 
     </span>
    </p>
   </div>
   <div class='ocr_carea' id='block_1_43' title="bbox 506 3027 1919 3103">
    <p class='ocr_par' dir='ltr' id='par_1_43' title="bbox 506 3027 1919 3103">
     <span class='ocr_line' id='line_1_43' title="bbox 506 3027 1919 3103; baseline 0.004 -22"><span class='ocrx_word' id='word_1_336' title='bbox 506 3027 622 3082; x_wconf 84' lang='lat' dir='ltr'>rint</span> <span class='ocrx_word' id='word_1_337' title='bbox 650 3030 883 3085; x_wconf 90' lang='lat' dir='ltr'>omnino</span> <span class='ocrx_word' id='word_1_338' title='bbox 912 3032 1124 3101; x_wconf 90' lang='lat' dir='ltr'>polluta</span> <span class='ocrx_word' id='word_1_339' title='bbox 1149 3037 1205 3091; x_wconf 88' lang='lat' dir='ltr'>et</span> <span class='ocrx_word' id='word_1_340' title='bbox 1229 3032 1514 3103; x_wconf 89' lang='lat' dir='ltr'>prohibita</span> <span class='ocrx_word' id='word_1_341' title='bbox 1550 3037 1919 3088; x_wconf 84' lang='lat' dir='ltr'>contrectare.</span> 
     </span>
    </p>
   </div>
   <div class='ocr_carea' id='block_1_44' title="bbox 580 3120 2140 3197">
    <p class='ocr_par' dir='ltr' id='par_1_44' title="bbox 580 3120 2140 3197">
     <span class='ocr_line' id='line_1_44' title="bbox 580 3120 2140 3197; baseline 0.005 -23"><span class='ocrx_word' id='word_1_342' title='bbox 580 3120 734 3176; x_wconf 91' lang='lat' dir='ltr'>ldem</span> <span class='ocrx_word' id='word_1_343' title='bbox 763 3122 916 3178; x_wconf 91' lang='lat' dir='ltr'>enim</span> <span class='ocrx_word' id='word_1_344' title='bbox 946 3124 1115 3179; x_wconf 90' lang='lat' dir='ltr'>etiam</span> <span class='ocrx_word' id='word_1_345' title='bbox 1141 3124 1444 3195; x_wconf 88' lang='lat' dir='ltr'>sancimus,</span> <span class='ocrx_word' id='word_1_346' title='bbox 1467 3130 1524 3180; x_wconf 88' lang='lat' dir='ltr'>et</span> <span class='ocrx_word' id='word_1_347' title='bbox 1548 3126 1607 3179; x_wconf 91' lang='lat' dir='ltr'>in</span> <span class='ocrx_word' id='word_1_348' title='bbox 1632 3124 1883 3197; x_wconf 90' lang='lat' dir='ltr'>reliquos</span> <span class='ocrx_word' id='word_1_349' title='bbox 1909 3126 2140 3182; x_wconf 90' lang='lat' dir='ltr'>clericos</span> 
     </span>
    </p>
   </div>
   <div class='ocr_carea' id='block_1_45' title="bbox 510 3214 2134 3291">
    <p class='ocr_par' dir='ltr' id='par_1_45' title="bbox 510 3214 2134 3291">
     <span class='ocr_line' id='line_1_45' title="bbox 510 3214 2134 3291; baseline 0.004 -23"><span class='ocrx_word' id='word_1_350' title='bbox 510 3214 903 3283; x_wconf 89' lang='lat' dir='ltr'>(subdiaconos</span> <span class='ocrx_word' id='word_1_351' title='bbox 931 3233 1140 3289; x_wconf 90' lang='lat' dir='ltr'>nempe</span> <span class='ocrx_word' id='word_1_352' title='bbox 1168 3222 1224 3272; x_wconf 94' lang='lat' dir='ltr'>et</span> <span class='ocrx_word' id='word_1_353' title='bbox 1248 3218 1527 3289; x_wconf 89' lang='lat' dir='ltr'>lectores),</span> <span class='ocrx_word' id='word_1_354' title='bbox 1561 3219 1797 3290; x_wconf 88' lang='lat' dir='ltr'>quando</span> <span class='ocrx_word' id='word_1_355' title='bbox 1824 3225 1881 3275; x_wconf 88' lang='lat' dir='ltr'>et</span> <span class='ocrx_word' id='word_1_356' title='bbox 1913 3220 2021 3291; x_wconf 89' lang='lat' dir='ltr'>ipsi</span> <span class='ocrx_word' id='word_1_357' title='bbox 2048 3238 2134 3275; x_wconf 91' lang='lat' dir='ltr'>sa-</span> 
     </span>
    </p>
   </div>
   <div class='ocr_carea' id='block_1_46' title="bbox 506 3272 2214 3363">
    <p class='ocr_par' dir='ltr' id='par_1_46' title="bbox 506 3272 2214 3363">
     <span class='ocr_line' id='line_1_46' title="bbox 506 3272 2214 3363; baseline 0.004 -7"><span class='ocrx_word' id='word_1_358' title='bbox 506 3319 618 3357; x_wconf 63' lang='lat' dir='ltr'>cra:</span> <span class='ocrx_word' id='word_1_359' title='bbox 668 3320 879 3359; x_wconf 63' lang='lat' dir='ltr'>mensas</span> <span class='ocrx_word' id='word_1_360' title='bbox 927 3311 986 3359; x_wconf 91' lang='lat' dir='ltr'>et</span> <span class='ocrx_word' id='word_1_361' title='bbox 1028 3306 1215 3360; x_wconf 89' lang='lat' dir='ltr'>omnis</span> <span class='ocrx_word' id='word_1_362' title='bbox 1260 3306 1407 3361; x_wconf 90' lang='lat' dir='ltr'>circa</span> <span class='ocrx_word' id='word_1_363' title='bbox 1453 3306 1827 3362; x_wconf 89' lang='lat' dir='ltr'>sanctissimas</span> <span class='ocrx_word' id='word_1_364' title='bbox 1877 3272 2214 3363; x_wconf 83' lang='lat' dir='ltr'>ecclesiasC</span> 
     </span>
    </p>
   </div>
   <div class='ocr_carea' id='block_1_47' title="bbox 505 3398 2140 3472">
    <p class='ocr_par' dir='ltr' id='par_1_47' title="bbox 505 3398 2140 3472">
     <span class='ocr_line' id='line_1_47' title="bbox 505 3398 2140 3472; baseline 0.004 -20"><span class='ocrx_word' id='word_1_365' title='bbox 505 3402 737 3452; x_wconf 89' lang='lat' dir='ltr'>ornatus</span> <span class='ocrx_word' id='word_1_366' title='bbox 762 3398 1047 3453; x_wconf 87' lang='lat' dir='ltr'>constituti</span> <span class='ocrx_word' id='word_1_367' title='bbox 1078 3404 1212 3453; x_wconf 89' lang='lat' dir='ltr'>sunt</span> <span class='ocrx_word' id='word_1_368' title='bbox 1248 3399 1494 3455; x_wconf 91' lang='lat' dir='ltr'>ministri</span> <span class='ocrx_word' id='word_1_369' title='bbox 1522 3403 1578 3455; x_wconf 90' lang='lat' dir='ltr'>et</span> <span class='ocrx_word' id='word_1_370' title='bbox 1606 3401 1868 3472; x_wconf 87' lang='lat' dir='ltr'>operarii,</span> <span class='ocrx_word' id='word_1_371' title='bbox 1902 3406 1959 3456; x_wconf 91' lang='lat' dir='ltr'>et</span> <span class='ocrx_word' id='word_1_372' title='bbox 1984 3419 2140 3458; x_wconf 89' lang='lat' dir='ltr'>sacra</span> 
     </span>
    </p>
   </div>
   <div class='ocr_carea' id='block_1_48' title="bbox 504 3491 2140 3564">
    <p class='ocr_par' dir='ltr' id='par_1_48' title="bbox 504 3491 2140 3564">
     <span class='ocr_line' id='line_1_48' title="bbox 504 3491 2140 3564; baseline 0.005 -21"><span class='ocrx_word' id='word_1_373' title='bbox 504 3492 913 3545; x_wconf 84' lang='lat' dir='ltr'>contrectantes</span> <span class='ocrx_word' id='word_1_374' title='bbox 958 3491 1185 3564; x_wconf 85' lang='lat' dir='ltr'>eloquia</span> <span class='ocrx_word' id='word_1_375' title='bbox 1215 3509 1227 3547; x_wconf 91' lang='lat'><strong>:</strong></span> <span class='ocrx_word' id='word_1_376' title='bbox 1256 3492 1393 3547; x_wconf 91' lang='lat' dir='ltr'>dum</span> <span class='ocrx_word' id='word_1_377' title='bbox 1432 3509 1617 3548; x_wconf 84' lang='lat' dir='ltr'>sacras</span> <span class='ocrx_word' id='word_1_378' title='bbox 1660 3494 1822 3549; x_wconf 91' lang='lat' dir='ltr'>nobis</span> <span class='ocrx_word' id='word_1_379' title='bbox 1855 3511 1926 3550; x_wconf 80' lang='lat' dir='ltr'>ex</span> <span class='ocrx_word' id='word_1_380' title='bbox 1968 3496 2140 3552; x_wconf 89' lang='lat' dir='ltr'>sacris</span> 
     </span>
    </p>
   </div>
   <div class='ocr_carea' id='block_1_49' title="bbox 506 3582 2139 3659">
    <p class='ocr_par' dir='ltr' id='par_1_49' title="bbox 506 3582 2139 3659">
     <span class='ocr_line' id='line_1_49' title="bbox 506 3582 2139 3659; baseline 0.006 -23"><span class='ocrx_word' id='word_1_381' title='bbox 506 3582 714 3638; x_wconf 89' lang='lat' dir='ltr'>nostris</span> <span class='ocrx_word' id='word_1_382' title='bbox 738 3583 928 3639; x_wconf 89' lang='lat' dir='ltr'>Bibliis</span> <span class='ocrx_word' id='word_1_383' title='bbox 954 3584 1037 3639; x_wconf 91' lang='lat' dir='ltr'>illi</span> <span class='ocrx_word' id='word_1_384' title='bbox 1062 3585 1297 3656; x_wconf 89' lang='lat' dir='ltr'>quidem</span> <span class='ocrx_word' id='word_1_385' title='bbox 1326 3586 1525 3658; x_wconf 90' lang='lat' dir='ltr'>legunt</span> <span class='ocrx_word' id='word_1_386' title='bbox 1552 3587 1874 3659; x_wconf 85' lang='lat' dir='ltr'>scripturas,</span> <span class='ocrx_word' id='word_1_387' title='bbox 1916 3589 1976 3643; x_wconf 90' lang='lat' dir='ltr'>hi</span> <span class='ocrx_word' id='word_1_388' title='bbox 2006 3606 2139 3645; x_wconf 92' lang='lat' dir='ltr'>vero</span> 
     </span>
    </p>
   </div>
   <div class='ocr_carea' id='block_1_50' title="bbox 507 3676 2135 3754">
    <p class='ocr_par' dir='ltr' id='par_1_50' title="bbox 507 3676 2135 3754">
     <span class='ocr_line' id='line_1_50' title="bbox 507 3676 2135 3754; baseline 0.006 -24"><span class='ocrx_word' id='word_1_389' title='bbox 507 3676 751 3747; x_wconf 88' lang='lat' dir='ltr'>hymnos</span> <span class='ocrx_word' id='word_1_390' title='bbox 782 3682 839 3731; x_wconf 91' lang='lat' dir='ltr'>et</span> <span class='ocrx_word' id='word_1_391' title='bbox 862 3679 995 3733; x_wconf 88' lang='lat' dir='ltr'>odas</span> <span class='ocrx_word' id='word_1_392' title='bbox 1017 3682 1249 3734; x_wconf 90' lang='lat' dir='ltr'>canunt.</span> <span class='ocrx_word' id='word_1_393' title='bbox 1281 3710 1350 3720; x_wconf 96' lang='lat'><strong>—</strong></span> <span class='ocrx_word' id='word_1_394' title='bbox 1375 3680 1408 3752; x_wconf 88' lang='lat'><strong>§</strong></span> <span class='ocrx_word' id='word_1_395' title='bbox 1438 3681 1491 3736; x_wconf 83' lang='grc'><strong>4.</strong></span> <span class='ocrx_word' id='word_1_396' title='bbox 1525 3681 1585 3736; x_wconf 90' lang='lat' dir='ltr'>Si</span> <span class='ocrx_word' id='word_1_397' title='bbox 1614 3698 1749 3736; x_wconf 90' lang='lat' dir='ltr'>vero</span> <span class='ocrx_word' id='word_1_398' title='bbox 1774 3682 1902 3754; x_wconf 90' lang='lat' dir='ltr'>quis</span> <span class='ocrx_word' id='word_1_399' title='bbox 1932 3683 2001 3739; x_wconf 91' lang='lat' dir='ltr'>de</span> <span class='ocrx_word' id='word_1_400' title='bbox 2026 3700 2135 3739; x_wconf 73' lang='lat' dir='ltr'>ca:-</span> 
     </span>
    </p>
   </div>
   <div class='ocr_carea' id='block_1_51' title="bbox 505 3771 2138 3845">
    <p class='ocr_par' dir='ltr' id='par_1_51' title="bbox 505 3771 2138 3845">
     <span class='ocr_line' id='line_1_51' title="bbox 505 3771 2138 3845; baseline 0.006 -22"><span class='ocrx_word' id='word_1_401' title='bbox 505 3772 629 3824; x_wconf 91' lang='lat' dir='ltr'>tero</span> <span class='ocrx_word' id='word_1_402' title='bbox 654 3771 763 3825; x_wconf 88' lang='lat' dir='ltr'>tale</span> <span class='ocrx_word' id='word_1_403' title='bbox 790 3771 926 3842; x_wconf 92' lang='lat' dir='ltr'>quid</span> <span class='ocrx_word' id='word_1_404' title='bbox 958 3771 1167 3827; x_wconf 85' lang='lat' dir='ltr'>faciens</span> <span class='ocrx_word' id='word_1_405' title='bbox 1192 3773 1580 3845; x_wconf 90' lang='lat' dir='ltr'>deprehensus</span> <span class='ocrx_word' id='word_1_406' title='bbox 1619 3775 1810 3844; x_wconf 86' lang='lat' dir='ltr'>fuerit,</span> <span class='ocrx_word' id='word_1_407' title='bbox 1838 3781 1894 3831; x_wconf 93' lang='lat' dir='ltr'>et</span> <span class='ocrx_word' id='word_1_408' title='bbox 1921 3777 2138 3833; x_wconf 87' lang='lat' dir='ltr'>delatus</span> 
     </span>
    </p>
   </div>
   <div class='ocr_carea' id='block_1_52' title="bbox 505 3861 2137 3940">
    <p class='ocr_par' dir='ltr' id='par_1_52' title="bbox 505 3861 2137 3940">
     <span class='ocr_line' id='line_1_52' title="bbox 505 3861 2137 3940; baseline 0.006 -24"><span class='ocrx_word' id='word_1_409' title='bbox 505 3861 696 3931; x_wconf 86' lang='lat' dir='ltr'>fuerit,</span> <span class='ocrx_word' id='word_1_410' title='bbox 727 3863 788 3917; x_wconf 92' lang='lat' dir='ltr'>id</span> <span class='ocrx_word' id='word_1_411' title='bbox 818 3864 905 3919; x_wconf 88' lang='lat' dir='ltr'>vel</span> <span class='ocrx_word' id='word_1_412' title='bbox 932 3864 991 3919; x_wconf 91' lang='lat' dir='ltr'>in</span> <span class='ocrx_word' id='word_1_413' title='bbox 1028 3865 1134 3920; x_wconf 89' lang='lat' dir='ltr'>hac</span> <span class='ocrx_word' id='word_1_414' title='bbox 1157 3865 1303 3921; x_wconf 84' lang='lat' dir='ltr'>felici</span> <span class='ocrx_word' id='word_1_415' title='bbox 1333 3867 1557 3922; x_wconf 88' lang='lat' dir='ltr'>civitate</span> <span class='ocrx_word' id='word_1_416' title='bbox 1583 3871 1694 3923; x_wconf 66' lang='lat' dir='ltr'>tua:</span> <span class='ocrx_word' id='word_1_417' title='bbox 1721 3870 2021 3940; x_wconf 89' lang='lat' dir='ltr'>sanctitati,</span> <span class='ocrx_word' id='word_1_418' title='bbox 2050 3872 2137 3926; x_wconf 89' lang='lat' dir='ltr'>vel</span> 
     </span>
    </p>
   </div>
   <div class='ocr_carea' id='block_1_53' title="bbox 504 3956 2134 4031">
    <p class='ocr_par' dir='ltr' id='par_1_53' title="bbox 504 3956 2134 4031">
     <span class='ocr_line' id='line_1_53' title="bbox 504 3956 2134 4031; baseline 0.007 -22"><span class='ocrx_word' id='word_1_419' title='bbox 504 3956 808 4026; x_wconf 86' lang='lat' dir='ltr'>provinciis</span> <span class='ocrx_word' id='word_1_420' title='bbox 833 3958 937 4013; x_wconf 87' lang='lat' dir='ltr'>sub</span> <span class='ocrx_word' id='word_1_421' title='bbox 963 3958 1085 4030; x_wconf 90' lang='lat' dir='ltr'>ipsa</span> <span class='ocrx_word' id='word_1_422' title='bbox 1112 3960 1326 4031; x_wconf 91' lang='lat' dir='ltr'>positis,</span> <span class='ocrx_word' id='word_1_423' title='bbox 1358 3962 1472 4015; x_wconf 93' lang='lat' dir='ltr'>Deo</span> <span class='ocrx_word' id='word_1_424' title='bbox 1498 3962 1903 4018; x_wconf 88' lang='lat' dir='ltr'>amantissimis</span> <span class='ocrx_word' id='word_1_425' title='bbox 1921 3969 2134 4019; x_wconf 85' lang='lat' dir='ltr'>metro-</span> 
     </span>
    </p>
   </div>
   <div class='ocr_carea' id='block_1_54' title="bbox 503 4049 2136 4125">
    <p class='ocr_par' dir='ltr' id='par_1_54' title="bbox 503 4049 2136 4125">
     <span class='ocr_line' id='line_1_54' title="bbox 503 4049 2136 4125; baseline 0.007 -22"><span class='ocrx_word' id='word_1_426' title='bbox 503 4049 691 4120; x_wconf 91' lang='lat' dir='ltr'>politis</span> <span class='ocrx_word' id='word_1_427' title='bbox 733 4056 790 4105; x_wconf 90' lang='lat' dir='ltr'>et</span> <span class='ocrx_word' id='word_1_428' title='bbox 832 4052 1050 4106; x_wconf 62' lang='lat' dir='ltr'>casteris</span> <span class='ocrx_word' id='word_1_429' title='bbox 1092 4054 1389 4125; x_wconf 90' lang='lat' dir='ltr'>episcopis,</span> <span class='ocrx_word' id='word_1_430' title='bbox 1430 4070 1675 4125; x_wconf 90' lang='lat' dir='ltr'>quorum</span> <span class='ocrx_word' id='word_1_431' title='bbox 1722 4056 2136 4114; x_wconf 89' lang='lat' dir='ltr'>ordinationem</span> 
     </span>
    </p>
   </div>
   <div class='ocr_carea' id='block_1_55' title="bbox 504 4143 2132 4223">
    <p class='ocr_par' dir='ltr' id='par_1_55' title="bbox 504 4143 2132 4223">
     <span class='ocr_line' id='line_1_55' title="bbox 504 4143 2132 4223; baseline 0.007 -28"><span class='ocrx_word' id='word_1_432' title='bbox 504 4146 619 4196; x_wconf 80' lang='lat' dir='ltr'>tuae</span> <span class='ocrx_word' id='word_1_433' title='bbox 656 4143 1020 4199; x_wconf 86' lang='lat' dir='ltr'>beatitudinis</span> <span class='ocrx_word' id='word_1_434' title='bbox 1047 4146 1181 4201; x_wconf 83' lang='lat' dir='ltr'>facit</span> <span class='ocrx_word' id='word_1_435' title='bbox 1209 4146 1470 4215; x_wconf 90' lang='lat' dir='ltr'>thronus,</span> <span class='ocrx_word' id='word_1_436' title='bbox 1501 4152 1558 4203; x_wconf 91' lang='lat' dir='ltr'>et</span> <span class='ocrx_word' id='word_1_437' title='bbox 1590 4149 1715 4204; x_wconf 89' lang='lat' dir='ltr'>talis</span> <span class='ocrx_word' id='word_1_438' title='bbox 1740 4151 2002 4223; x_wconf 72' lang='lat' dir='ltr'>quaedam</span> <span class='ocrx_word' id='word_1_439' title='bbox 2038 4169 2132 4207; x_wconf 86' lang='lat' dir='ltr'>su-</span> 
     </span>
    </p>
   </div>
   <div class='ocr_carea' id='block_1_56' title="bbox 502 4236 2137 4317">
    <p class='ocr_par' dir='ltr' id='par_1_56' title="bbox 502 4236 2137 4317">
     <span class='ocr_line' id='line_1_56' title="bbox 502 4236 2137 4317; baseline 0.007 -27"><span class='ocrx_word' id='word_1_440' title='bbox 502 4236 825 4307; x_wconf 88' lang='lat' dir='ltr'>pervenerit</span> <span class='ocrx_word' id='word_1_441' title='bbox 848 4239 1151 4306; x_wconf 86' lang='lat' dir='ltr'>accusatio,</span> <span class='ocrx_word' id='word_1_442' title='bbox 1180 4244 1279 4295; x_wconf 89' lang='lat' dir='ltr'>aut</span> <span class='ocrx_word' id='word_1_443' title='bbox 1301 4240 1562 4312; x_wconf 90' lang='lat' dir='ltr'>diacono,</span> <span class='ocrx_word' id='word_1_444' title='bbox 1590 4247 1689 4299; x_wconf 91' lang='lat' dir='ltr'>aut</span> <span class='ocrx_word' id='word_1_445' title='bbox 1714 4244 2061 4317; x_wconf 82' lang='lat' dir='ltr'>presbytero,</span> <span class='ocrx_word' id='word_1_446' title='bbox 2080 4251 2137 4301; x_wconf 92' lang='lat' dir='ltr'>et</span> 
     </span>
    </p>
   </div>
   <div class='ocr_carea' id='block_1_57' title="bbox 503 4328 2132 4409">
    <p class='ocr_par' dir='ltr' id='par_1_57' title="bbox 503 4328 2132 4409">
     <span class='ocr_line' id='line_1_57' title="bbox 503 4328 2132 4409; baseline 0.007 -26"><span class='ocrx_word' id='word_1_447' title='bbox 503 4328 688 4385; x_wconf 91' lang='lat' dir='ltr'>multo</span> <span class='ocrx_word' id='word_1_448' title='bbox 733 4331 915 4403; x_wconf 89' lang='lat' dir='ltr'>magis</span> <span class='ocrx_word' id='word_1_449' title='bbox 952 4332 1350 4405; x_wconf 84' lang='lat' dir='ltr'>episcoporum</span> <span class='ocrx_word' id='word_1_450' title='bbox 1377 4337 1488 4391; x_wconf 93' lang='lat' dir='ltr'>Deo</span> <span class='ocrx_word' id='word_1_451' title='bbox 1516 4337 1845 4393; x_wconf 88' lang='lat' dir='ltr'>amabilium</span> <span class='ocrx_word' id='word_1_452' title='bbox 1885 4339 2132 4409; x_wconf 90' lang='lat' dir='ltr'>cuidam,</span> 
     </span>
    </p>
   </div>
   <div class='ocr_carea' id='block_1_58' title="bbox 502 4418 2134 4503">
    <p class='ocr_par' dir='ltr' id='par_1_58' title="bbox 502 4418 2134 4503">
     <span class='ocr_line' id='line_1_58' title="bbox 502 4418 2134 4503; baseline 0.006 -26"><span class='ocrx_word' id='word_1_453' title='bbox 502 4428 660 4478; x_wconf 88' lang='lat' dir='ltr'>tuam</span> <span class='ocrx_word' id='word_1_454' title='bbox 699 4423 792 4479; x_wconf 93' lang='lat' dir='ltr'>hic</span> <span class='ocrx_word' id='word_1_455' title='bbox 832 4425 1263 4496; x_wconf 88' lang='lat' dir='ltr'>beatitudinem,</span> <span class='ocrx_word' id='word_1_456' title='bbox 1297 4433 1353 4483; x_wconf 89' lang='lat' dir='ltr'>et</span> <span class='ocrx_word' id='word_1_457' title='bbox 1376 4429 1438 4484; x_wconf 93' lang='lat' dir='ltr'>in</span> <span class='ocrx_word' id='word_1_458' title='bbox 1466 4418 1769 4501; x_wconf 79' lang='lat' dir='ltr'>provinciis</span> <span class='ocrx_word' id='word_1_459' title='bbox 1793 4432 2002 4503; x_wconf 90' lang='lat' dir='ltr'>positos</span> <span class='ocrx_word' id='word_1_460' title='bbox 2030 4433 2134 4487; x_wconf 89' lang='lat' dir='ltr'>sub</span> 
     </span>
    </p>
   </div>
   <div class='ocr_carea' id='block_1_59' title="bbox 500 4517 2136 4597">
    <p class='ocr_par' dir='ltr' id='par_1_59' title="bbox 500 4517 2136 4597">
     <span class='ocr_line' id='line_1_59' title="bbox 500 4517 2136 4597; baseline 0.006 -26"><span class='ocrx_word' id='word_1_461' title='bbox 500 4523 556 4571; x_wconf 90' lang='lat' dir='ltr'>te</span> <span class='ocrx_word' id='word_1_462' title='bbox 586 4517 699 4572; x_wconf 88' lang='lat' dir='ltr'>Deo</span> <span class='ocrx_word' id='word_1_463' title='bbox 726 4519 1143 4575; x_wconf 87' lang='lat' dir='ltr'>amantissimos</span> <span class='ocrx_word' id='word_1_464' title='bbox 1169 4522 1576 4594; x_wconf 88' lang='lat' dir='ltr'>metropolitas,</span> <span class='ocrx_word' id='word_1_465' title='bbox 1603 4529 1661 4579; x_wconf 91' lang='lat' dir='ltr'>et</span> <span class='ocrx_word' id='word_1_466' title='bbox 1700 4524 1799 4596; x_wconf 91' lang='lat' dir='ltr'>qni</span> <span class='ocrx_word' id='word_1_467' title='bbox 1843 4525 1947 4579; x_wconf 90' lang='lat' dir='ltr'>sub</span> <span class='ocrx_word' id='word_1_468' title='bbox 1995 4526 2136 4597; x_wconf 89' lang='lat' dir='ltr'>ipsis</span> 
     </span>
    </p>
   </div>
   <div class='ocr_carea' id='block_1_60' title="bbox 501 4612 2212 4715">
    <p class='ocr_par' dir='ltr' id='par_1_60' title="bbox 501 4612 2212 4715">
     <span class='ocr_line' id='line_1_60' title="bbox 501 4612 2212 4715; baseline 0.006 -51"><span class='ocrx_word' id='word_1_469' title='bbox 501 4616 635 4665; x_wconf 90' lang='lat' dir='ltr'>sunt</span> <span class='ocrx_word' id='word_1_470' title='bbox 661 4612 970 4685; x_wconf 87' lang='lat' dir='ltr'>episcopos,</span> <span class='ocrx_word' id='word_1_471' title='bbox 999 4613 1121 4669; x_wconf 68' lang='lat' dir='ltr'>haac</span> <span class='ocrx_word' id='word_1_472' title='bbox 1146 4614 1277 4670; x_wconf 83' lang='lat' dir='ltr'>eum</span> <span class='ocrx_word' id='word_1_473' title='bbox 1307 4616 1604 4688; x_wconf 85' lang='lat' dir='ltr'>diligentia</span> <span class='ocrx_word' id='word_1_474' title='bbox 1633 4618 1793 4672; x_wconf 92' lang='lat' dir='ltr'>omni</span> <span class='ocrx_word' id='word_1_475' title='bbox 1818 4619 2133 4674; x_wconf 90' lang='lat' dir='ltr'>secundum</span> <span class='ocrx_word' id='word_1_476' title='bbox 2151 4642 2212 4715; x_wconf 85' lang='lat' dir='ltr'><strong>D</strong></span> 
     </span>
    </p>
   </div>
   <div class='ocr_carea' id='block_1_61' title="bbox 502 4704 2132 4784">
    <p class='ocr_par' dir='ltr' id='par_1_61' title="bbox 502 4704 2132 4784">
     <span class='ocr_line' id='line_1_61' title="bbox 502 4704 2132 4784; baseline 0.006 -25"><span class='ocrx_word' id='word_1_477' title='bbox 502 4704 873 4761; x_wconf 88' lang='lat' dir='ltr'>ordinationis</span> <span class='ocrx_word' id='word_1_478' title='bbox 896 4707 1157 4763; x_wconf 91' lang='lat' dir='ltr'>ordinem</span> <span class='ocrx_word' id='word_1_479' title='bbox 1184 4725 1462 4780; x_wconf 80' lang='lat' dir='ltr'>quaerere,</span> <span class='ocrx_word' id='word_1_480' title='bbox 1487 4715 1543 4765; x_wconf 89' lang='lat' dir='ltr'>et</span> <span class='ocrx_word' id='word_1_481' title='bbox 1569 4713 1927 4781; x_wconf 86' lang='lat' dir='ltr'>perscrutari,</span> <span class='ocrx_word' id='word_1_482' title='bbox 1946 4728 2132 4784; x_wconf 88' lang='lat' dir='ltr'>neque</span> 
     </span>
    </p>
   </div>
   <div class='ocr_carea' id='block_1_62' title="bbox 501 4796 2132 4874">
    <p class='ocr_par' dir='ltr' id='par_1_62' title="bbox 501 4796 2132 4874">
     <span class='ocr_line' id='line_1_62' title="bbox 501 4796 2132 4874; baseline 0.006 -23"><span class='ocrx_word' id='word_1_483' title='bbox 501 4796 917 4854; x_wconf 88' lang='lat' dir='ltr'>defunctoriam</span> <span class='ocrx_word' id='word_1_484' title='bbox 940 4801 1123 4856; x_wconf 89' lang='lat' dir='ltr'>facere</span> <span class='ocrx_word' id='word_1_485' title='bbox 1151 4800 1600 4874; x_wconf 89' lang='lat' dir='ltr'>inquisitionem,</span> <span class='ocrx_word' id='word_1_486' title='bbox 1620 4804 1717 4859; x_wconf 92' lang='lat' dir='ltr'>sed</span> <span class='ocrx_word' id='word_1_487' title='bbox 1742 4809 1798 4859; x_wconf 92' lang='lat' dir='ltr'>et</span> <span class='ocrx_word' id='word_1_488' title='bbox 1826 4807 1993 4859; x_wconf 90' lang='lat' dir='ltr'>testes</span> <span class='ocrx_word' id='word_1_489' title='bbox 2023 4806 2132 4861; x_wconf 82' lang='lat' dir='ltr'>fide</span> 
     </span>
    </p>
   </div>
   <div class='ocr_carea' id='block_1_63' title="bbox 501 4888 2131 4968">
    <p class='ocr_par' dir='ltr' id='par_1_63' title="bbox 501 4888 2131 4968">
     <span class='ocr_line' id='line_1_63' title="bbox 501 4888 2131 4968; baseline 0.007 -26"><span class='ocrx_word' id='word_1_490' title='bbox 501 4888 704 4960; x_wconf 89' lang='lat' dir='ltr'>dignos</span> <span class='ocrx_word' id='word_1_491' title='bbox 745 4892 960 4962; x_wconf 88' lang='lat' dir='ltr'>audire,</span> <span class='ocrx_word' id='word_1_492' title='bbox 990 4897 1047 4948; x_wconf 90' lang='lat' dir='ltr'>et</span> <span class='ocrx_word' id='word_1_493' title='bbox 1090 4910 1193 4965; x_wconf 91' lang='lat' dir='ltr'>per</span> <span class='ocrx_word' id='word_1_494' title='bbox 1234 4911 1465 4951; x_wconf 91' lang='lat' dir='ltr'>omnem</span> <span class='ocrx_word' id='word_1_495' title='bbox 1516 4896 1670 4951; x_wconf 89' lang='lat' dir='ltr'>viam</span> <span class='ocrx_word' id='word_1_496' title='bbox 1714 4897 2019 4968; x_wconf 89' lang='lat' dir='ltr'>procedere</span> <span class='ocrx_word' id='word_1_497' title='bbox 2059 4900 2131 4955; x_wconf 88' lang='lat' dir='ltr'>ad</span> 
     </span>
    </p>
   </div>
   <div class='ocr_carea' id='block_1_64' title="bbox 501 4983 2127 5061">
    <p class='ocr_par' dir='ltr' id='par_1_64' title="bbox 501 4983 2127 5061">
     <span class='ocr_line' id='line_1_64' title="bbox 501 4983 2127 5061; baseline 0.006 -25"><span class='ocrx_word' id='word_1_498' title='bbox 501 4983 810 5039; x_wconf 89' lang='lat' dir='ltr'>eruendam</span> <span class='ocrx_word' id='word_1_499' title='bbox 839 4986 1149 5043; x_wconf 86' lang='lat' dir='ltr'>veritatem.</span> <span class='ocrx_word' id='word_1_500' title='bbox 1173 4988 1332 5043; x_wconf 91' lang='lat' dir='ltr'>Sicut</span> <span class='ocrx_word' id='word_1_501' title='bbox 1355 4989 1510 5043; x_wconf 91' lang='lat' dir='ltr'>enim</span> <span class='ocrx_word' id='word_1_502' title='bbox 1530 4989 1671 5061; x_wconf 89' lang='lat' dir='ltr'>ipsis</span> <span class='ocrx_word' id='word_1_503' title='bbox 1689 4989 1825 5045; x_wconf 87' lang='lat' dir='ltr'>talia</span> <span class='ocrx_word' id='word_1_504' title='bbox 1843 4990 2127 5047; x_wconf 89' lang='lat' dir='ltr'>interdici-</span> 
     </span>
    </p>
   </div>
   <div class='ocr_carea' id='block_1_65' title="bbox 500 5075 2126 5155">
    <p class='ocr_par' dir='ltr' id='par_1_65' title="bbox 500 5075 2126 5155">
     <span class='ocr_line' id='line_1_65' title="bbox 500 5075 2126 5155; baseline 0.007 -24"><span class='ocrx_word' id='word_1_505' title='bbox 500 5092 647 5145; x_wconf 90' lang='lat' dir='ltr'>mus,</span> <span class='ocrx_word' id='word_1_506' title='bbox 680 5075 754 5131; x_wconf 90' lang='lat' dir='ltr'>ita</span> <span class='ocrx_word' id='word_1_507' title='bbox 791 5082 847 5133; x_wconf 93' lang='lat' dir='ltr'>et</span> <span class='ocrx_word' id='word_1_508' title='bbox 870 5079 1213 5135; x_wconf 88' lang='lat' dir='ltr'>calumniam</span> <span class='ocrx_word' id='word_1_509' title='bbox 1242 5082 1359 5153; x_wconf 88' lang='lat' dir='ltr'>peti</span> <span class='ocrx_word' id='word_1_510' title='bbox 1388 5099 1421 5137; x_wconf 89' lang='lat' dir='ltr'>a</span> <span class='ocrx_word' id='word_1_511' title='bbox 1453 5082 1795 5155; x_wconf 88' lang='lat' dir='ltr'>quibusdam</span> <span class='ocrx_word' id='word_1_512' title='bbox 1829 5089 2081 5139; x_wconf 78' lang='lat' dir='ltr'>vetemus</span> <span class='ocrx_word' id='word_1_513' title='bbox 2111 5104 2126 5142; x_wconf 92' lang='lat'><strong>:</strong></span> 
     </span>
    </p>
   </div>
   <div class='ocr_carea' id='block_1_66' title="bbox 499 5169 2132 5251">
    <p class='ocr_par' dir='ltr' id='par_1_66' title="bbox 499 5169 2132 5251">
     <span class='ocr_line' id='line_1_66' title="bbox 499 5169 2132 5251; baseline 0.006 -26"><span class='ocrx_word' id='word_1_514' title='bbox 499 5172 556 5225; x_wconf 92' lang='lat' dir='ltr'>et</span> <span class='ocrx_word' id='word_1_515' title='bbox 580 5169 646 5240; x_wconf 91' lang='lat' dir='ltr'>si,</span> <span class='ocrx_word' id='word_1_516' title='bbox 675 5171 930 5243; x_wconf 89' lang='lat' dir='ltr'>undique</span> <span class='ocrx_word' id='word_1_517' title='bbox 961 5172 1305 5230; x_wconf 90' lang='lat' dir='ltr'>discussione</span> <span class='ocrx_word' id='word_1_518' title='bbox 1332 5176 1535 5231; x_wconf 87' lang='lat' dir='ltr'>divinis</span> <span class='ocrx_word' id='word_1_519' title='bbox 1562 5177 1865 5249; x_wconf 90' lang='lat' dir='ltr'>propositis</span> <span class='ocrx_word' id='word_1_520' title='bbox 1891 5178 2132 5251; x_wconf 89' lang='lat' dir='ltr'>eloquiis</span> 
     </span>
    </p>
   </div>
   <div class='ocr_carea' id='block_1_67' title="bbox 496 5263 2128 5342">
    <p class='ocr_par' dir='ltr' id='par_1_67' title="bbox 496 5263 2128 5342">
     <span class='ocr_line' id='line_1_67' title="bbox 496 5263 2128 5342; baseline 0.006 -24"><span class='ocrx_word' id='word_1_521' title='bbox 496 5263 662 5333; x_wconf 88' lang='lat' dir='ltr'>facta,</span> <span class='ocrx_word' id='word_1_522' title='bbox 696 5282 822 5321; x_wconf 87' lang='lat' dir='ltr'>vere</span> <span class='ocrx_word' id='word_1_523' title='bbox 843 5282 903 5321; x_wconf 92' lang='lat' dir='ltr'>se</span> <span class='ocrx_word' id='word_1_524' title='bbox 930 5266 1136 5323; x_wconf 87' lang='lat' dir='ltr'>habere</span> <span class='ocrx_word' id='word_1_525' title='bbox 1163 5269 1439 5324; x_wconf 88' lang='lat' dir='ltr'>accusatio</span> <span class='ocrx_word' id='word_1_526' title='bbox 1466 5272 1814 5342; x_wconf 86' lang='lat' dir='ltr'>apparuerit,</span> <span class='ocrx_word' id='word_1_527' title='bbox 1843 5276 1899 5327; x_wconf 91' lang='lat' dir='ltr'>et</span> <span class='ocrx_word' id='word_1_528' title='bbox 1935 5273 2128 5327; x_wconf 84' lang='lat' dir='ltr'>convi-</span> 
     </span>
    </p>
   </div>
   <div class='ocr_carea' id='block_1_68' title="bbox 496 5358 2126 5436">
    <p class='ocr_par' dir='ltr' id='par_1_68' title="bbox 496 5358 2126 5436">
     <span class='ocr_line' id='line_1_68' title="bbox 496 5358 2126 5436; baseline 0.006 -24"><span class='ocrx_word' id='word_1_529' title='bbox 496 5361 621 5412; x_wconf 91' lang='lat' dir='ltr'>ctus</span> <span class='ocrx_word' id='word_1_530' title='bbox 651 5358 821 5414; x_wconf 82' lang='lat' dir='ltr'>fuerit</span> <span class='ocrx_word' id='word_1_531' title='bbox 855 5359 1123 5416; x_wconf 86' lang='lat' dir='ltr'>diaconus</span> <span class='ocrx_word' id='word_1_532' title='bbox 1148 5367 1246 5416; x_wconf 90' lang='lat' dir='ltr'>aut</span> <span class='ocrx_word' id='word_1_533' title='bbox 1270 5362 1582 5435; x_wconf 81' lang='lat' dir='ltr'>presbyter,</span> <span class='ocrx_word' id='word_1_534' title='bbox 1616 5364 1703 5419; x_wconf 89' lang='lat' dir='ltr'>vel</span> <span class='ocrx_word' id='word_1_535' title='bbox 1744 5365 1959 5421; x_wconf 88' lang='lat' dir='ltr'>aleator</span> <span class='ocrx_word' id='word_1_536' title='bbox 1987 5383 2126 5436; x_wconf 89' lang='lat' dir='ltr'>esse,</span> 
     </span>
    </p>
   </div>
   <div class='ocr_carea' id='block_1_69' title="bbox 494 5452 2128 5527">
    <p class='ocr_par' dir='ltr' id='par_1_69' title="bbox 494 5452 2128 5527">
     <span class='ocr_line' id='line_1_69' title="bbox 494 5452 2128 5527; baseline 0.006 -21"><span class='ocrx_word' id='word_1_537' title='bbox 494 5453 579 5507; x_wconf 88' lang='lat' dir='ltr'>vel</span> <span class='ocrx_word' id='word_1_538' title='bbox 609 5452 921 5508; x_wconf 87' lang='lat' dir='ltr'>aleatorum</span> <span class='ocrx_word' id='word_1_539' title='bbox 946 5455 1248 5527; x_wconf 89' lang='lat' dir='ltr'>particeps,</span> <span class='ocrx_word' id='word_1_540' title='bbox 1278 5461 1376 5511; x_wconf 88' lang='lat' dir='ltr'>aut</span> <span class='ocrx_word' id='word_1_541' title='bbox 1404 5457 1610 5513; x_wconf 89' lang='lat' dir='ltr'>talibus</span> <span class='ocrx_word' id='word_1_542' title='bbox 1633 5459 1884 5515; x_wconf 86' lang='lat' dir='ltr'>assidens</span> <span class='ocrx_word' id='word_1_543' title='bbox 1914 5461 2128 5516; x_wconf 84' lang='lat' dir='ltr'>vanita-</span> 
     </span>
    </p>
   </div>
   <div class='ocr_carea' id='block_1_70' title="bbox 2243 2007 3893 2080">
    <p class='ocr_par' dir='ltr' id='par_1_70' title="bbox 2243 2007 3893 2080">
     <span class='ocr_line' id='line_1_70' title="bbox 2243 2007 3893 2080; baseline 0.002 -18"><span class='ocrx_word' id='word_1_544' title='bbox 2243 2008 2509 2062; x_wconf 90' lang='lat' dir='ltr'>cerdotali</span> <span class='ocrx_word' id='word_1_545' title='bbox 2536 2024 2669 2063; x_wconf 90' lang='lat' dir='ltr'>eum</span> <span class='ocrx_word' id='word_1_546' title='bbox 2698 2008 2997 2063; x_wconf 89' lang='lat' dir='ltr'>restituere</span> <span class='ocrx_word' id='word_1_547' title='bbox 3020 2007 3290 2080; x_wconf 89' lang='lat' dir='ltr'>dignetur</span> <span class='ocrx_word' id='word_1_548' title='bbox 3306 2009 3652 2078; x_wconf 76' lang='lat' dir='ltr'>clementiae;</span> <span class='ocrx_word' id='word_1_549' title='bbox 3676 2010 3723 2064; x_wconf 86' lang='lat' dir='ltr'>si</span> <span class='ocrx_word' id='word_1_550' title='bbox 3747 2026 3893 2065; x_wconf 84' lang='lat' dir='ltr'>vero</span> 
     </span>
    </p>
   </div>
   <div class='ocr_carea' id='block_1_71' title="bbox 2243 2100 3895 2175">
    <p class='ocr_par' dir='ltr' id='par_1_71' title="bbox 2243 2100 3895 2175">
     <span class='ocr_line' id='line_1_71' title="bbox 2243 2100 3895 2175; baseline 0.001 -19"><span class='ocrx_word' id='word_1_551' title='bbox 2243 2104 2301 2156; x_wconf 88' lang='lat' dir='ltr'>et</span> <span class='ocrx_word' id='word_1_552' title='bbox 2324 2107 2453 2173; x_wconf 89' lang='lat' dir='ltr'>post</span> <span class='ocrx_word' id='word_1_553' title='bbox 2482 2100 3127 2156; x_wconf 82' lang='lat' dir='ltr'>excommunicationem</span> <span class='ocrx_word' id='word_1_554' title='bbox 3167 2102 3428 2157; x_wconf 90' lang='lat' dir='ltr'>inventus</span> <span class='ocrx_word' id='word_1_555' title='bbox 3469 2103 3663 2171; x_wconf 91' lang='lat' dir='ltr'>fuerit,</span> <span class='ocrx_word' id='word_1_556' title='bbox 3698 2118 3895 2175; x_wconf 91' lang='lat' dir='ltr'>neque</span> 
     </span>
    </p>
   </div>
   <div class='ocr_carea' id='block_1_72' title="bbox 2242 2193 3895 2267">
    <p class='ocr_par' dir='ltr' id='par_1_72' title="bbox 2242 2193 3895 2267">
     <span class='ocr_line' id='line_1_72' title="bbox 2242 2193 3895 2267; baseline 0.002 -19"><span class='ocrx_word' id='word_1_557' title='bbox 2242 2211 2375 2248; x_wconf 87' lang='lat' dir='ltr'>vero</span> <span class='ocrx_word' id='word_1_558' title='bbox 2400 2194 2733 2266; x_wconf 88' lang='lat' dir='ltr'>poenitentia</span> <span class='ocrx_word' id='word_1_559' title='bbox 2756 2210 2913 2261; x_wconf 89' lang='lat' dir='ltr'>usus,</span> <span class='ocrx_word' id='word_1_560' title='bbox 2945 2198 3001 2249; x_wconf 92' lang='lat' dir='ltr'>et</span> <span class='ocrx_word' id='word_1_561' title='bbox 3028 2193 3167 2249; x_wconf 89' lang='lat' dir='ltr'>alias</span> <span class='ocrx_word' id='word_1_562' title='bbox 3193 2195 3367 2250; x_wconf 88' lang='lat' dir='ltr'>etiam</span> <span class='ocrx_word' id='word_1_563' title='bbox 3396 2201 3733 2267; x_wconf 87' lang='lat' dir='ltr'>aspernatus</span> <span class='ocrx_word' id='word_1_564' title='bbox 3761 2212 3895 2251; x_wconf 89' lang='lat' dir='ltr'>eam</span> 
     </span>
    </p>
   </div>
   <div class='ocr_carea' id='block_1_73' title="bbox 2241 2287 3895 2363">
    <p class='ocr_par' dir='ltr' id='par_1_73' title="bbox 2241 2287 3895 2363">
     <span class='ocr_line' id='line_1_73' title="bbox 2241 2287 3895 2363; baseline 0.002 -21"><span class='ocrx_word' id='word_1_565' title='bbox 2241 2303 2385 2357; x_wconf 86' lang='lat' dir='ltr'>rem,</span> <span class='ocrx_word' id='word_1_566' title='bbox 2419 2292 2476 2343; x_wconf 90' lang='lat' dir='ltr'>et</span> <span class='ocrx_word' id='word_1_567' title='bbox 2522 2287 2819 2343; x_wconf 87' lang='lat' dir='ltr'>manifeste</span> <span class='ocrx_word' id='word_1_568' title='bbox 2867 2287 2937 2341; x_wconf 89' lang='lat' dir='ltr'>ab</span> <span class='ocrx_word' id='word_1_569' title='bbox 2988 2287 3311 2343; x_wconf 88' lang='lat' dir='ltr'>adversario</span> <span class='ocrx_word' id='word_1_570' title='bbox 3363 2288 3632 2363; x_wconf 81' lang='lat' dir='ltr'>[diabolo]</span> <span class='ocrx_word' id='word_1_571' title='bbox 3690 2294 3895 2345; x_wconf 90' lang='lat' dir='ltr'>mente</span> 
     </span>
    </p>
   </div>
   <div class='ocr_carea' id='block_1_74' title="bbox 2241 2380 3891 2454">
    <p class='ocr_par' dir='ltr' id='par_1_74' title="bbox 2241 2380 3891 2454">
     <span class='ocr_line' id='line_1_74' title="bbox 2241 2380 3891 2454; baseline 0.002 -20"><span class='ocrx_word' id='word_1_572' title='bbox 2241 2380 2542 2451; x_wconf 89' lang='lat' dir='ltr'>inescatus,</span> <span class='ocrx_word' id='word_1_573' title='bbox 2571 2381 2759 2452; x_wconf 89' lang='lat' dir='ltr'>ipsum</span> <span class='ocrx_word' id='word_1_574' title='bbox 2786 2380 3021 2451; x_wconf 89' lang='lat' dir='ltr'>quidem</span> <span class='ocrx_word' id='word_1_575' title='bbox 3047 2381 3308 2437; x_wconf 86' lang='lat' dir='ltr'>sacerdos</span> <span class='ocrx_word' id='word_1_576' title='bbox 3327 2382 3431 2436; x_wconf 90' lang='lat' dir='ltr'>sub</span> <span class='ocrx_word' id='word_1_577' title='bbox 3465 2399 3579 2454; x_wconf 87' lang='lat' dir='ltr'>quo</span> <span class='ocrx_word' id='word_1_578' title='bbox 3605 2383 3771 2454; x_wconf 83' lang='lat' dir='ltr'>degit</span> <span class='ocrx_word' id='word_1_579' title='bbox 3798 2400 3891 2437; x_wconf 86' lang='lat' dir='ltr'>sa-</span> 
     </span>
    </p>
   </div>
   <div class='ocr_carea' id='block_1_75' title="bbox 2241 2474 3890 2547">
    <p class='ocr_par' dir='ltr' id='par_1_75' title="bbox 2241 2474 3890 2547">
     <span class='ocr_line' id='line_1_75' title="bbox 2241 2474 3890 2547; baseline 0.002 -18"><span class='ocrx_word' id='word_1_580' title='bbox 2241 2474 2350 2529; x_wconf 83' lang='lat' dir='ltr'>cris</span> <span class='ocrx_word' id='word_1_581' title='bbox 2383 2474 2594 2529; x_wconf 82' lang='lat' dir='ltr'>eximat</span> <span class='ocrx_word' id='word_1_582' title='bbox 2630 2474 2919 2546; x_wconf 86' lang='lat' dir='ltr'>catalogis,</span> <span class='ocrx_word' id='word_1_583' title='bbox 2968 2474 3201 2529; x_wconf 91' lang='lat' dir='ltr'>omnino</span> <span class='ocrx_word' id='word_1_584' title='bbox 3249 2491 3382 2530; x_wconf 90' lang='lat' dir='ltr'>eum</span> <span class='ocrx_word' id='word_1_585' title='bbox 3424 2475 3738 2547; x_wconf 91' lang='lat' dir='ltr'>deponens.</span> <span class='ocrx_word' id='word_1_586' title='bbox 3791 2476 3890 2532; x_wconf 84' lang='lat' dir='ltr'>Ille</span> 
     </span>
    </p>
   </div>
   <div class='ocr_carea' id='block_1_76' title="bbox 2202 2567 3888 2639">
    <p class='ocr_par' dir='ltr' id='par_1_76' title="bbox 2202 2567 3888 2639">
     <span class='ocr_line' id='line_1_76' title="bbox 2202 2567 3888 2639; baseline 0.001 -18"><span class='ocrx_word' id='word_1_587' title='bbox 2202 2572 2434 2635; x_wconf 78' lang='lat' dir='ltr'>,autem</span> <span class='ocrx_word' id='word_1_588' title='bbox 2463 2585 2580 2623; x_wconf 92' lang='lat' dir='ltr'>non</span> <span class='ocrx_word' id='word_1_589' title='bbox 2622 2568 2870 2639; x_wconf 87' lang='lat' dir='ltr'>amplius</span> <span class='ocrx_word' id='word_1_590' title='bbox 2913 2567 3028 2622; x_wconf 90' lang='lat' dir='ltr'>ullo</span> <span class='ocrx_word' id='word_1_591' title='bbox 3060 2569 3230 2623; x_wconf 91' lang='lat' dir='ltr'>modo</span> <span class='ocrx_word' id='word_1_592' title='bbox 3260 2569 3546 2624; x_wconf 88' lang='lat' dir='ltr'>licentiam</span> <span class='ocrx_word' id='word_1_593' title='bbox 3573 2569 3791 2624; x_wconf 85' lang='lat' dir='ltr'>habeat</span> <span class='ocrx_word' id='word_1_594' title='bbox 3816 2570 3888 2623; x_wconf 88' lang='lat' dir='ltr'>ad</span> 
     </span>
    </p>
   </div>
   <div class='ocr_carea' id='block_1_77' title="bbox 2240 2660 3894 2733">
    <p class='ocr_par' dir='ltr' id='par_1_77' title="bbox 2240 2660 3894 2733">
     <span class='ocr_line' id='line_1_77' title="bbox 2240 2660 3894 2733; baseline 0.001 -18"><span class='ocrx_word' id='word_1_595' title='bbox 2240 2660 2643 2716; x_wconf 84' lang='lat' dir='ltr'>sacerdotalem</span> <span class='ocrx_word' id='word_1_596' title='bbox 2671 2661 2863 2716; x_wconf 89' lang='lat' dir='ltr'>venire</span> <span class='ocrx_word' id='word_1_597' title='bbox 2898 2661 3174 2731; x_wconf 86' lang='lat' dir='ltr'>gradum;</span> <span class='ocrx_word' id='word_1_598' title='bbox 3214 2662 3313 2717; x_wconf 91' lang='lat' dir='ltr'>sed</span> <span class='ocrx_word' id='word_1_599' title='bbox 3340 2662 3387 2716; x_wconf 91' lang='lat' dir='ltr'>si</span> <span class='ocrx_word' id='word_1_600' title='bbox 3412 2662 3649 2733; x_wconf 90' lang='lat' dir='ltr'>quidem</span> <span class='ocrx_word' id='word_1_601' title='bbox 3679 2663 3894 2717; x_wconf 86' lang='lat' dir='ltr'>habeat</span> 
     </span>
    </p>
   </div>
   <div class='ocr_carea' id='block_1_78' title="bbox 2239 2754 3889 2826">
    <p class='ocr_par' dir='ltr' id='par_1_78' title="bbox 2239 2754 3889 2826">
     <span class='ocr_line' id='line_1_78' title="bbox 2239 2754 3889 2826; baseline 0.001 -17"><span class='ocrx_word' id='word_1_602' title='bbox 2239 2754 2551 2825; x_wconf 88' lang='lat' dir='ltr'>facultates,</span> <span class='ocrx_word' id='word_1_603' title='bbox 2583 2754 2820 2809; x_wconf 87' lang='lat' dir='ltr'>civitatis</span> <span class='ocrx_word' id='word_1_604' title='bbox 2846 2754 2996 2809; x_wconf 89' lang='lat' dir='ltr'>illius</span> <span class='ocrx_word' id='word_1_605' title='bbox 3023 2755 3261 2824; x_wconf 90' lang='lat' dir='ltr'>curiam,</span> <span class='ocrx_word' id='word_1_606' title='bbox 3290 2755 3351 2809; x_wconf 92' lang='lat' dir='ltr'>in</span> <span class='ocrx_word' id='word_1_607' title='bbox 3376 2772 3490 2826; x_wconf 92' lang='lat' dir='ltr'>qua</span> <span class='ocrx_word' id='word_1_608' title='bbox 3514 2761 3889 2811; x_wconf 88' lang='lat' dir='ltr'>consecratus</span> 
     </span>
    </p>
   </div>
   <div class='ocr_carea' id='block_1_79' title="bbox 2240 2849 3885 2922">
    <p class='ocr_par' dir='ltr' id='par_1_79' title="bbox 2240 2849 3885 2922">
     <span class='ocr_line' id='line_1_79' title="bbox 2240 2849 3885 2922; baseline 0.001 -18"><span class='ocrx_word' id='word_1_609' title='bbox 2240 2856 2324 2905; x_wconf 89' lang='lat' dir='ltr'>est</span> <span class='ocrx_word' id='word_1_610' title='bbox 2351 2849 2636 2921; x_wconf 86' lang='lat' dir='ltr'>primum;</span> <span class='ocrx_word' id='word_1_611' title='bbox 2684 2853 2783 2904; x_wconf 88' lang='lat' dir='ltr'>aut</span> <span class='ocrx_word' id='word_1_612' title='bbox 2828 2850 2872 2904; x_wconf 91' lang='lat' dir='ltr'>si</span> <span class='ocrx_word' id='word_1_613' title='bbox 2918 2867 3032 2905; x_wconf 90' lang='lat' dir='ltr'>non</span> <span class='ocrx_word' id='word_1_614' title='bbox 3077 2850 3285 2905; x_wconf 88' lang='lat' dir='ltr'>habeat</span> <span class='ocrx_word' id='word_1_615' title='bbox 3324 2851 3543 2905; x_wconf 88' lang='lat' dir='ltr'>curiam</span> <span class='ocrx_word' id='word_1_616' title='bbox 3571 2868 3637 2907; x_wconf 91' lang='lat' dir='ltr'>ea</span> <span class='ocrx_word' id='word_1_617' title='bbox 3662 2852 3885 2922; x_wconf 85' lang='lat' dir='ltr'>civitas,</span> 
     </span>
    </p>
   </div>
   <div class='ocr_carea' id='block_1_80' title="bbox 2238 2942 3885 3016">
    <p class='ocr_par' dir='ltr' id='par_1_80' title="bbox 2238 2942 3885 3016">
     <span class='ocr_line' id='line_1_80' title="bbox 2238 2942 3885 3016; baseline 0.002 -19"><span class='ocrx_word' id='word_1_618' title='bbox 2238 2942 2345 2998; x_wconf 89' lang='lat' dir='ltr'>alia</span> <span class='ocrx_word' id='word_1_619' title='bbox 2387 2943 2543 2998; x_wconf 89' lang='lat' dir='ltr'>curia</span> <span class='ocrx_word' id='word_1_620' title='bbox 2588 2944 2915 3015; x_wconf 58' lang='lat' dir='ltr'>provincias,</span> <span class='ocrx_word' id='word_1_621' title='bbox 2947 2960 3077 3015; x_wconf 70' lang='lat' dir='ltr'>qua:</span> <span class='ocrx_word' id='word_1_622' title='bbox 3106 2943 3358 2998; x_wconf 83' lang='lat' dir='ltr'>maxime</span> <span class='ocrx_word' id='word_1_623' title='bbox 3394 2944 3617 3015; x_wconf 88' lang='lat' dir='ltr'>indiget</span> <span class='ocrx_word' id='word_1_624' title='bbox 3660 2945 3885 3016; x_wconf 86' lang='lat' dir='ltr'>curiali,</span> 
     </span>
    </p>
   </div>
   <div class='ocr_carea' id='block_1_81' title="bbox 2237 3036 3883 3108">
    <p class='ocr_par' dir='ltr' id='par_1_81' title="bbox 2237 3036 3883 3108">
     <span class='ocr_line' id='line_1_81' title="bbox 2237 3036 3883 3108; baseline 0.002 -18"><span class='ocrx_word' id='word_1_625' title='bbox 2237 3036 2475 3107; x_wconf 87' lang='lat' dir='ltr'>accipiet</span> <span class='ocrx_word' id='word_1_626' title='bbox 2512 3037 2673 3092; x_wconf 92' lang='lat' dir='ltr'>illum</span> <span class='ocrx_word' id='word_1_627' title='bbox 2710 3036 2770 3091; x_wconf 91' lang='lat' dir='ltr'>in</span> <span class='ocrx_word' id='word_1_628' title='bbox 2818 3041 3105 3108; x_wconf 91' lang='lat' dir='ltr'>posterum</span> <span class='ocrx_word' id='word_1_629' title='bbox 3137 3037 3310 3092; x_wconf 69' lang='lat' dir='ltr'>curia:</span> <span class='ocrx_word' id='word_1_630' title='bbox 3334 3053 3467 3092; x_wconf 91' lang='lat' dir='ltr'>cum</span> <span class='ocrx_word' id='word_1_631' title='bbox 3496 3038 3609 3092; x_wconf 91' lang='lat' dir='ltr'>suis</span> <span class='ocrx_word' id='word_1_632' title='bbox 3635 3038 3883 3093; x_wconf 87' lang='lat' dir='ltr'>faculta-</span> 
     </span>
    </p>
   </div>
   <div class='ocr_carea' id='block_1_82' title="bbox 2237 3129 3890 3201">
    <p class='ocr_par' dir='ltr' id='par_1_82' title="bbox 2237 3129 3890 3201">
     <span class='ocr_line' id='line_1_82' title="bbox 2237 3129 3890 3201; baseline 0.001 -17"><span class='ocrx_word' id='word_1_633' title='bbox 2237 3129 2390 3185; x_wconf 89' lang='lat' dir='ltr'>tibus</span> <span class='ocrx_word' id='word_1_634' title='bbox 2416 3130 2760 3185; x_wconf 88' lang='lat' dir='ltr'>serviturum</span> <span class='ocrx_word' id='word_1_635' title='bbox 2788 3148 2802 3185; x_wconf 89' lang='lat'><strong>:</strong></span> <span class='ocrx_word' id='word_1_636' title='bbox 2837 3130 2882 3184; x_wconf 89' lang='lat' dir='ltr'>si</span> <span class='ocrx_word' id='word_1_637' title='bbox 2908 3147 3043 3185; x_wconf 85' lang='lat' dir='ltr'>vero</span> <span class='ocrx_word' id='word_1_638' title='bbox 3075 3131 3367 3185; x_wconf 87' lang='lat' dir='ltr'>facultates</span> <span class='ocrx_word' id='word_1_639' title='bbox 3395 3148 3511 3185; x_wconf 91' lang='lat' dir='ltr'>non</span> <span class='ocrx_word' id='word_1_640' title='bbox 3537 3131 3731 3201; x_wconf 89' lang='lat' dir='ltr'>habet,</span> <span class='ocrx_word' id='word_1_641' title='bbox 3763 3132 3890 3187; x_wconf 63' lang='lat' dir='ltr'>oili-</span> 
     </span>
    </p>
   </div>
   <div class='ocr_carea' id='block_1_83' title="bbox 2238 3222 3887 3297">
    <p class='ocr_par' dir='ltr' id='par_1_83' title="bbox 2238 3222 3887 3297">
     <span class='ocr_line' id='line_1_83' title="bbox 2238 3222 3887 3297; baseline 0.002 -21"><span class='ocrx_word' id='word_1_642' title='bbox 2238 3222 2390 3277; x_wconf 88' lang='lat' dir='ltr'>cialis</span> <span class='ocrx_word' id='word_1_643' title='bbox 2418 3222 2476 3277; x_wconf 93' lang='lat' dir='ltr'>in</span> <span class='ocrx_word' id='word_1_644' title='bbox 2502 3228 2792 3294; x_wconf 90' lang='lat' dir='ltr'>posterum</span> <span class='ocrx_word' id='word_1_645' title='bbox 2816 3224 2914 3280; x_wconf 87' lang='lat' dir='ltr'>ﬁat</span> <span class='ocrx_word' id='word_1_646' title='bbox 2935 3224 3296 3296; x_wconf 89' lang='lat' dir='ltr'>provincialis</span> <span class='ocrx_word' id='word_1_647' title='bbox 3315 3224 3490 3279; x_wconf 83' lang='lat' dir='ltr'>ofﬁcii</span> <span class='ocrx_word' id='word_1_648' title='bbox 3510 3241 3614 3296; x_wconf 88' lang='lat' dir='ltr'>pro</span> <span class='ocrx_word' id='word_1_649' title='bbox 3636 3240 3703 3279; x_wconf 94' lang='lat' dir='ltr'>eo</span> <span class='ocrx_word' id='word_1_650' title='bbox 3725 3226 3887 3297; x_wconf 91' lang='lat' dir='ltr'>quod</span> 
     </span>
    </p>
   </div>
   <div class='ocr_carea' id='block_1_84' title="bbox 2237 3316 3885 3389">
    <p class='ocr_par' dir='ltr' id='par_1_84' title="bbox 2237 3316 3885 3389">
     <span class='ocr_line' id='line_1_84' title="bbox 2237 3316 3885 3389; baseline 0.002 -19"><span class='ocrx_word' id='word_1_651' title='bbox 2237 3321 2367 3371; x_wconf 91' lang='lat' dir='ltr'>ante</span> <span class='ocrx_word' id='word_1_652' title='bbox 2392 3316 2499 3371; x_wconf 90' lang='lat' dir='ltr'>fuit</span> <span class='ocrx_word' id='word_1_653' title='bbox 2525 3322 2792 3386; x_wconf 89' lang='lat' dir='ltr'>sacratus,</span> <span class='ocrx_word' id='word_1_654' title='bbox 2825 3323 2883 3373; x_wconf 91' lang='lat' dir='ltr'>et</span> <span class='ocrx_word' id='word_1_655' title='bbox 2907 3334 3035 3372; x_wconf 89' lang='lat' dir='ltr'>eam</span> <span class='ocrx_word' id='word_1_656' title='bbox 3063 3318 3134 3371; x_wconf 90' lang='lat' dir='ltr'>ob</span> <span class='ocrx_word' id='word_1_657' title='bbox 3161 3333 3282 3372; x_wconf 85' lang='lat' dir='ltr'>rem</span> <span class='ocrx_word' id='word_1_658' title='bbox 3308 3318 3460 3389; x_wconf 90' lang='lat' dir='ltr'>quod</span> <span class='ocrx_word' id='word_1_659' title='bbox 3495 3318 3592 3373; x_wconf 91' lang='lat' dir='ltr'>Dei</span> <span class='ocrx_word' id='word_1_660' title='bbox 3623 3318 3885 3373; x_wconf 86' lang='lat' dir='ltr'>ofﬁcium</span> 
     </span>
    </p>
   </div>
   <div class='ocr_carea' id='block_1_85' title="bbox 2238 3409 3888 3485">
    <p class='ocr_par' dir='ltr' id='par_1_85' title="bbox 2238 3409 3888 3485">
     <span class='ocr_line' id='line_1_85' title="bbox 2238 3409 3888 3485; baseline 0.001 -20"><span class='ocrx_word' id='word_1_661' title='bbox 2238 3409 2560 3481; x_wconf 90' lang='lat' dir='ltr'>dereliquit,</span> <span class='ocrx_word' id='word_1_662' title='bbox 2586 3410 2695 3465; x_wconf 91' lang='lat' dir='ltr'>erit</span> <span class='ocrx_word' id='word_1_663' title='bbox 2717 3411 2973 3466; x_wconf 81' lang='lat' dir='ltr'>officialis</span> <span class='ocrx_word' id='word_1_664' title='bbox 2999 3410 3374 3482; x_wconf 89' lang='lat' dir='ltr'>provincialis,</span> <span class='ocrx_word' id='word_1_665' title='bbox 3398 3412 3543 3466; x_wconf 90' lang='lat' dir='ltr'>hanc</span> <span class='ocrx_word' id='word_1_666' title='bbox 3568 3412 3676 3467; x_wconf 88' lang='lat' dir='ltr'>sibi</span> <span class='ocrx_word' id='word_1_667' title='bbox 3703 3413 3888 3485; x_wconf 57' lang='lat' dir='ltr'>turpi-</span> 
     </span>
    </p>
   </div>
   <div class='ocr_carea' id='block_1_86' title="bbox 2236 3503 3478 3577">
    <p class='ocr_par' dir='ltr' id='par_1_86' title="bbox 2236 3503 3478 3577">
     <span class='ocr_line' id='line_1_86' title="bbox 2236 3503 3478 3577; baseline 0.001 -19"><span class='ocrx_word' id='word_1_668' title='bbox 2236 3503 2497 3559; x_wconf 88' lang='lat' dir='ltr'>tudinem</span> <span class='ocrx_word' id='word_1_669' title='bbox 2524 3520 2627 3575; x_wconf 92' lang='lat' dir='ltr'>pro</span> <span class='ocrx_word' id='word_1_670' title='bbox 2651 3504 2891 3575; x_wconf 89' lang='lat' dir='ltr'>pristino</span> <span class='ocrx_word' id='word_1_671' title='bbox 2916 3505 3131 3560; x_wconf 90' lang='lat' dir='ltr'>honore</span> <span class='ocrx_word' id='word_1_672' title='bbox 3156 3504 3478 3577; x_wconf 88' lang='lat' dir='ltr'>imponens.</span> 
     </span>
    </p>
   </div>
   <div class='ocr_carea' id='block_1_87' title="bbox 2309 3596 3883 3670">
    <p class='ocr_par' dir='ltr' id='par_1_87' title="bbox 2309 3596 3883 3670">
     <span class='ocr_line' id='line_1_87' title="bbox 2309 3596 3883 3670; baseline 0.003 -19"><span class='ocrx_word' id='word_1_673' title='bbox 2309 3596 2418 3667; x_wconf 61' lang='grc' dir='ltr'><strong>ξεί.</strong></span> <span class='ocrx_word' id='word_1_674' title='bbox 2464 3598 2594 3652; x_wconf 80' lang='lat' dir='ltr'>Haec</span> <span class='ocrx_word' id='word_1_675' title='bbox 2623 3597 2802 3669; x_wconf 86' lang='lat' dir='ltr'>igitur</span> <span class='ocrx_word' id='word_1_676' title='bbox 2838 3598 3033 3653; x_wconf 89' lang='lat' dir='ltr'>omnia</span> <span class='ocrx_word' id='word_1_677' title='bbox 3066 3597 3350 3653; x_wconf 90' lang='lat' dir='ltr'>sancimus</span> <span class='ocrx_word' id='word_1_678' title='bbox 3392 3598 3452 3652; x_wconf 93' lang='lat' dir='ltr'>in</span> <span class='ocrx_word' id='word_1_679' title='bbox 3494 3597 3602 3652; x_wconf 86' lang='lat' dir='ltr'>hac</span> <span class='ocrx_word' id='word_1_680' title='bbox 3637 3597 3883 3670; x_wconf 87' lang='lat' dir='ltr'>quidem</span> 
     </span>
    </p>
   </div>
   <div class='ocr_carea' id='block_1_88' title="bbox 2235 3675 3887 3764">
    <p class='ocr_par' dir='ltr' id='par_1_88' title="bbox 2235 3675 3887 3764">
     <span class='ocr_line' id='line_1_88' title="bbox 2235 3675 3887 3764; baseline 0.002 -20"><span class='ocrx_word' id='word_1_681' title='bbox 2235 3688 2385 3744; x_wconf 89' lang='lat' dir='ltr'>felici</span> <span class='ocrx_word' id='word_1_682' title='bbox 2415 3689 2634 3745; x_wconf 87' lang='lat' dir='ltr'>civitate</span> <span class='ocrx_word' id='word_1_683' title='bbox 2662 3695 2820 3745; x_wconf 89' lang='lat' dir='ltr'>tuam</span> <span class='ocrx_word' id='word_1_684' title='bbox 2844 3690 3125 3746; x_wconf 92' lang='lat' dir='ltr'>custodire</span> <span class='ocrx_word' id='word_1_685' title='bbox 3148 3691 3523 3761; x_wconf 88' lang='lat' dir='ltr'>sanctitatem,</span> <span class='ocrx_word' id='word_1_686' title='bbox 3543 3696 3601 3746; x_wconf 82' lang='lat' dir='ltr'>et</span> <span class='ocrx_word' id='word_1_687' title='bbox 3622 3675 3887 3764; x_wconf 53' lang='lat' dir='ltr'>singula;</span> 
     </span>
    </p>
   </div>
   <div class='ocr_carea' id='block_1_89' title="bbox 2236 3783 3887 3858">
    <p class='ocr_par' dir='ltr' id='par_1_89' title="bbox 2236 3783 3887 3858">
     <span class='ocr_line' id='line_1_89' title="bbox 2236 3783 3887 3858; baseline 0.002 -20"><span class='ocrx_word' id='word_1_688' title='bbox 2236 3798 2368 3838; x_wconf 87' lang='lat' dir='ltr'>rum</span> <span class='ocrx_word' id='word_1_689' title='bbox 2413 3783 2777 3839; x_wconf 88' lang='lat' dir='ltr'>ecclesiarum</span> <span class='ocrx_word' id='word_1_690' title='bbox 2821 3784 3144 3840; x_wconf 88' lang='lat' dir='ltr'>defensores</span> <span class='ocrx_word' id='word_1_691' title='bbox 3182 3788 3240 3839; x_wconf 90' lang='lat' dir='ltr'>et</span> <span class='ocrx_word' id='word_1_692' title='bbox 3282 3800 3628 3854; x_wconf 70' lang='lat' dir='ltr'>mconomos,</span> <span class='ocrx_word' id='word_1_693' title='bbox 3670 3787 3887 3858; x_wconf 87' lang='lat' dir='ltr'>quibus</span> 
     </span>
    </p>
   </div>
   <div class='ocr_carea' id='block_1_90' title="bbox 2235 3877 3888 3949">
    <p class='ocr_par' dir='ltr' id='par_1_90' title="bbox 2235 3877 3888 3949">
     <span class='ocr_line' id='line_1_90' title="bbox 2235 3877 3888 3949; baseline 0.002 -18"><span class='ocrx_word' id='word_1_694' title='bbox 2235 3893 2387 3931; x_wconf 81' lang='lat' dir='ltr'>curae</span> <span class='ocrx_word' id='word_1_695' title='bbox 2415 3877 2522 3932; x_wconf 89' lang='lat' dir='ltr'>erit</span> <span class='ocrx_word' id='word_1_696' title='bbox 2546 3877 2669 3931; x_wconf 61' lang='lat' dir='ltr'>huic</span> <span class='ocrx_word' id='word_1_697' title='bbox 2697 3878 3008 3949; x_wconf 88' lang='lat' dir='ltr'>inquirere,</span> <span class='ocrx_word' id='word_1_698' title='bbox 3037 3882 3095 3933; x_wconf 87' lang='lat' dir='ltr'>et</span> <span class='ocrx_word' id='word_1_699' title='bbox 3119 3877 3478 3947; x_wconf 90' lang='lat' dir='ltr'>denuntiare,</span> <span class='ocrx_word' id='word_1_700' title='bbox 3503 3884 3560 3933; x_wconf 92' lang='lat' dir='ltr'>et</span> <span class='ocrx_word' id='word_1_701' title='bbox 3591 3880 3888 3936; x_wconf 85' lang='lat' dir='ltr'>convictos</span> 
     </span>
    </p>
   </div>
   <div class='ocr_carea' id='block_1_91' title="bbox 2234 3969 3884 4045">
    <p class='ocr_par' dir='ltr' id='par_1_91' title="bbox 2234 3969 3884 4045">
     <span class='ocr_line' id='line_1_91' title="bbox 2234 3969 3884 4045; baseline 0.002 -21"><span class='ocrx_word' id='word_1_702' title='bbox 2234 3969 2456 4042; x_wconf 87' lang='lat' dir='ltr'>privare</span> <span class='ocrx_word' id='word_1_703' title='bbox 2486 3970 2636 4025; x_wconf 62' lang='lat' dir='ltr'>data</span> <span class='ocrx_word' id='word_1_704' title='bbox 2681 3970 2760 4025; x_wconf 89' lang='lat' dir='ltr'>eis</span> <span class='ocrx_word' id='word_1_705' title='bbox 2804 3987 2838 4025; x_wconf 88' lang='lat' dir='ltr'>a</span> <span class='ocrx_word' id='word_1_706' title='bbox 2881 3970 3088 4026; x_wconf 89' lang='lat' dir='ltr'>sanctis</span> <span class='ocrx_word' id='word_1_707' title='bbox 3110 3970 3358 4026; x_wconf 89' lang='lat' dir='ltr'>ecclesiis</span> <span class='ocrx_word' id='word_1_708' title='bbox 3398 3987 3644 4027; x_wconf 67' lang='lat' dir='ltr'>annonae</span> <span class='ocrx_word' id='word_1_709' title='bbox 3672 3989 3884 4045; x_wconf 76' lang='lat' dir='ltr'>eroga-</span> 
     </span>
    </p>
   </div>
   <div class='ocr_carea' id='block_1_92' title="bbox 2233 4062 3888 4135">
    <p class='ocr_par' dir='ltr' id='par_1_92' title="bbox 2233 4062 3888 4135">
     <span class='ocr_line' id='line_1_92' title="bbox 2233 4062 3888 4135; baseline 0.002 -18"><span class='ocrx_word' id='word_1_710' title='bbox 2233 4062 2387 4118; x_wconf 90' lang='lat' dir='ltr'>tione</span> <span class='ocrx_word' id='word_1_711' title='bbox 2422 4079 2435 4116; x_wconf 90' lang='lat'><strong>:</strong></span> <span class='ocrx_word' id='word_1_712' title='bbox 2468 4062 2529 4117; x_wconf 90' lang='lat' dir='ltr'>in</span> <span class='ocrx_word' id='word_1_713' title='bbox 2554 4062 2856 4134; x_wconf 91' lang='lat' dir='ltr'>provinciis</span> <span class='ocrx_word' id='word_1_714' title='bbox 2882 4068 3072 4119; x_wconf 90' lang='lat' dir='ltr'>autem</span> <span class='ocrx_word' id='word_1_715' title='bbox 3100 4062 3197 4135; x_wconf 91' lang='lat' dir='ltr'>qui</span> <span class='ocrx_word' id='word_1_716' title='bbox 3217 4063 3321 4118; x_wconf 89' lang='lat' dir='ltr'>sub</span> <span class='ocrx_word' id='word_1_717' title='bbox 3352 4068 3451 4119; x_wconf 87' lang='lat' dir='ltr'>tua</span> <span class='ocrx_word' id='word_1_718' title='bbox 3475 4064 3725 4120; x_wconf 87' lang='lat' dir='ltr'>ordlinati</span> <span class='ocrx_word' id='word_1_719' title='bbox 3750 4070 3888 4121; x_wconf 90' lang='lat' dir='ltr'>sunt</span> 
     </span>
    </p>
   </div>
   <div class='ocr_carea' id='block_1_93' title="bbox 2232 4155 3889 4229">
    <p class='ocr_par' dir='ltr' id='par_1_93' title="bbox 2232 4155 3889 4229">
     <span class='ocr_line' id='line_1_93' title="bbox 2232 4155 3889 4229; baseline 0.003 -19"><span class='ocrx_word' id='word_1_720' title='bbox 2232 4155 2600 4224; x_wconf 86' lang='lat' dir='ltr'>beatitudine,</span> <span class='ocrx_word' id='word_1_721' title='bbox 2636 4157 2746 4211; x_wconf 90' lang='lat' dir='ltr'>Deo</span> <span class='ocrx_word' id='word_1_722' title='bbox 2788 4156 3163 4211; x_wconf 86' lang='lat' dir='ltr'>amantissimi</span> <span class='ocrx_word' id='word_1_723' title='bbox 3204 4157 3606 4229; x_wconf 65' lang='lat' dir='ltr'>metropolitae,</span> <span class='ocrx_word' id='word_1_724' title='bbox 3638 4158 3715 4214; x_wconf 88' lang='lat' dir='ltr'>ad</span> <span class='ocrx_word' id='word_1_725' title='bbox 3759 4160 3889 4215; x_wconf 57' lang='lat' dir='ltr'>haec</span> 
     </span>
    </p>
   </div>
   <div class='ocr_carea' id='block_1_94' title="bbox 2234 4249 3889 4324">
    <p class='ocr_par' dir='ltr' id='par_1_94' title="bbox 2234 4249 3889 4324">
     <span class='ocr_line' id='line_1_94' title="bbox 2234 4249 3889 4324; baseline 0.002 -19"><span class='ocrx_word' id='word_1_726' title='bbox 2234 4249 2406 4305; x_wconf 91' lang='lat' dir='ltr'>etiam</span> <span class='ocrx_word' id='word_1_727' title='bbox 2434 4249 2534 4323; x_wconf 88' lang='lat' dir='ltr'>qui</span> <span class='ocrx_word' id='word_1_728' title='bbox 2562 4249 2672 4304; x_wconf 92' lang='lat' dir='ltr'>illis</span> <span class='ocrx_word' id='word_1_729' title='bbox 2703 4250 2944 4306; x_wconf 89' lang='lat' dir='ltr'>subsunt</span> <span class='ocrx_word' id='word_1_730' title='bbox 2966 4250 3372 4323; x_wconf 90' lang='lat' dir='ltr'>religiosissimi</span> <span class='ocrx_word' id='word_1_731' title='bbox 3401 4251 3682 4324; x_wconf 81' lang='lat' dir='ltr'>episcopi,</span> <span class='ocrx_word' id='word_1_732' title='bbox 3709 4259 3770 4309; x_wconf 91' lang='lat' dir='ltr'>et</span> <span class='ocrx_word' id='word_1_733' title='bbox 3797 4270 3889 4309; x_wconf 89' lang='lat' dir='ltr'>eo-</span> 
     </span>
    </p>
   </div>
   <div class='ocr_carea' id='block_1_95' title="bbox 2232 4343 3881 4416">
    <p class='ocr_par' dir='ltr' id='par_1_95' title="bbox 2232 4343 3881 4416">
     <span class='ocr_line' id='line_1_95' title="bbox 2232 4343 3881 4416; baseline 0.002 -19"><span class='ocrx_word' id='word_1_734' title='bbox 2232 4359 2363 4398; x_wconf 88' lang='lat' dir='ltr'>rum</span> <span class='ocrx_word' id='word_1_735' title='bbox 2388 4343 2758 4399; x_wconf 88' lang='lat' dir='ltr'>ecclesiecdici</span> <span class='ocrx_word' id='word_1_736' title='bbox 2804 4347 2861 4399; x_wconf 87' lang='lat' dir='ltr'>et</span> <span class='ocrx_word' id='word_1_737' title='bbox 2902 4343 3200 4413; x_wconf 73' lang='lat' dir='ltr'>oeconomi,</span> <span class='ocrx_word' id='word_1_738' title='bbox 3233 4347 3291 4399; x_wconf 91' lang='lat' dir='ltr'>et</span> <span class='ocrx_word' id='word_1_739' title='bbox 3330 4344 3437 4416; x_wconf 91' lang='lat' dir='ltr'>ipsi</span> <span class='ocrx_word' id='word_1_740' title='bbox 3481 4344 3553 4399; x_wconf 91' lang='lat' dir='ltr'>ad</span> <span class='ocrx_word' id='word_1_741' title='bbox 3597 4346 3881 4402; x_wconf 83' lang='lat' dir='ltr'>eumdem</span> 
     </span>
    </p>
   </div>
   <div class='ocr_carea' id='block_1_96' title="bbox 2234 4436 3884 4509">
    <p class='ocr_par' dir='ltr' id='par_1_96' title="bbox 2234 4436 3884 4509">
     <span class='ocr_line' id='line_1_96' title="bbox 2234 4436 3884 4509; baseline 0.002 -18"><span class='ocrx_word' id='word_1_742' title='bbox 2234 4436 2472 4491; x_wconf 89' lang='lat' dir='ltr'>modum</span> <span class='ocrx_word' id='word_1_743' title='bbox 2502 4437 2601 4509; x_wconf 91' lang='lat' dir='ltr'>qui</span> <span class='ocrx_word' id='word_1_744' title='bbox 2629 4437 2933 4508; x_wconf 84' lang='lat' dir='ltr'>praedictus</span> <span class='ocrx_word' id='word_1_745' title='bbox 2960 4441 3046 4492; x_wconf 90' lang='lat' dir='ltr'>est</span> <span class='ocrx_word' id='word_1_746' title='bbox 3072 4453 3132 4492; x_wconf 92' lang='lat' dir='ltr'>re</span> <span class='ocrx_word' id='word_1_747' title='bbox 3159 4442 3402 4507; x_wconf 87' lang='lat' dir='ltr'>utentes,</span> <span class='ocrx_word' id='word_1_748' title='bbox 3435 4441 3492 4493; x_wconf 92' lang='lat' dir='ltr'>et</span> <span class='ocrx_word' id='word_1_749' title='bbox 3521 4454 3745 4494; x_wconf 82' lang='lat' dir='ltr'>sacram</span> <span class='ocrx_word' id='word_1_750' title='bbox 3787 4457 3884 4495; x_wconf 82' lang='lat' dir='ltr'>ve-</span> 
     </span>
    </p>
   </div>
   <div class='ocr_carea' id='block_1_97' title="bbox 2232 4530 3886 4605">
    <p class='ocr_par' dir='ltr' id='par_1_97' title="bbox 2232 4530 3886 4605">
     <span class='ocr_line' id='line_1_97' title="bbox 2232 4530 3886 4605; baseline 0.002 -20"><span class='ocrx_word' id='word_1_751' title='bbox 2232 4531 2591 4585; x_wconf 89' lang='lat' dir='ltr'>nerationem</span> <span class='ocrx_word' id='word_1_752' title='bbox 2618 4530 2871 4603; x_wconf 90' lang='lat' dir='ltr'>undique</span> <span class='ocrx_word' id='word_1_753' title='bbox 2896 4530 3452 4602; x_wconf 89' lang='lat' dir='ltr'>irreprehensibilem</span> <span class='ocrx_word' id='word_1_754' title='bbox 3483 4536 3539 4586; x_wconf 90' lang='lat' dir='ltr'>et</span> <span class='ocrx_word' id='word_1_755' title='bbox 3567 4532 3886 4605; x_wconf 83' lang='lat' dir='ltr'>inculpabi-</span> 
     </span>
    </p>
   </div>
   <div class='ocr_carea' id='block_1_98' title="bbox 2234 4623 3889 4696">
    <p class='ocr_par' dir='ltr' id='par_1_98' title="bbox 2234 4623 3889 4696">
     <span class='ocr_line' id='line_1_98' title="bbox 2234 4623 3889 4696; baseline 0.002 -19"><span class='ocrx_word' id='word_1_756' title='bbox 2234 4623 2349 4679; x_wconf 90' lang='lat' dir='ltr'>lem</span> <span class='ocrx_word' id='word_1_757' title='bbox 2382 4623 2780 4693; x_wconf 89' lang='lat' dir='ltr'>custodientes,</span> <span class='ocrx_word' id='word_1_758' title='bbox 2813 4624 3230 4680; x_wconf 88' lang='lat' dir='ltr'>conservabunt</span> <span class='ocrx_word' id='word_1_759' title='bbox 3270 4624 3505 4696; x_wconf 89' lang='lat' dir='ltr'>quidem</span> <span class='ocrx_word' id='word_1_760' title='bbox 3546 4625 3655 4680; x_wconf 85' lang='lat' dir='ltr'>ista</span> <span class='ocrx_word' id='word_1_761' title='bbox 3689 4643 3704 4681; x_wconf 89' lang='lat'><strong>:</strong></span> <span class='ocrx_word' id='word_1_762' title='bbox 3734 4632 3805 4682; x_wconf 91' lang='lat' dir='ltr'>ut</span> <span class='ocrx_word' id='word_1_763' title='bbox 3831 4631 3889 4683; x_wconf 84' lang='lat' dir='ltr'>et</span> 
     </span>
    </p>
   </div>
   <div class='ocr_carea' id='block_1_99' title="bbox 2235 4716 3888 4793">
    <p class='ocr_par' dir='ltr' id='par_1_99' title="bbox 2235 4716 3888 4793">
     <span class='ocr_line' id='line_1_99' title="bbox 2235 4716 3888 4793; baseline 0.003 -22"><span class='ocrx_word' id='word_1_764' title='bbox 2235 4716 2618 4789; x_wconf 89' lang='lat' dir='ltr'>gloriosissimi</span> <span class='ocrx_word' id='word_1_765' title='bbox 2643 4733 2932 4772; x_wconf 89' lang='lat' dir='ltr'>sacrorum</span> <span class='ocrx_word' id='word_1_766' title='bbox 2954 4723 3278 4773; x_wconf 90' lang='lat' dir='ltr'>nostrorum</span> <span class='ocrx_word' id='word_1_767' title='bbox 3303 4718 3711 4790; x_wconf 57' lang='lat' dir='ltr'>praetoriorum</span> <span class='ocrx_word' id='word_1_768' title='bbox 3740 4738 3888 4793; x_wconf 71' lang='lat' dir='ltr'>pra:-</span> 
     </span>
    </p>
   </div>
   <div class='ocr_carea' id='block_1_100' title="bbox 2231 4810 3890 4885">
    <p class='ocr_par' dir='ltr' id='par_1_100' title="bbox 2231 4810 3890 4885">
     <span class='ocr_line' id='line_1_100' title="bbox 2231 4810 3890 4885; baseline 0.002 -20"><span class='ocrx_word' id='word_1_769' title='bbox 2231 4810 2363 4866; x_wconf 88' lang='lat' dir='ltr'>fecti</span> <span class='ocrx_word' id='word_1_770' title='bbox 2391 4810 2650 4879; x_wconf 89' lang='lat' dir='ltr'>(dicimus</span> <span class='ocrx_word' id='word_1_771' title='bbox 2678 4815 2870 4866; x_wconf 86' lang='lat' dir='ltr'>autem</span> <span class='ocrx_word' id='word_1_772' title='bbox 2901 4810 3148 4866; x_wconf 89' lang='lat' dir='ltr'>Orientis</span> <span class='ocrx_word' id='word_1_773' title='bbox 3174 4828 3305 4866; x_wconf 92' lang='lat' dir='ltr'>cum</span> <span class='ocrx_word' id='word_1_774' title='bbox 3330 4811 3570 4867; x_wconf 80' lang='lat' dir='ltr'>subditis</span> <span class='ocrx_word' id='word_1_775' title='bbox 3612 4814 3890 4885; x_wconf 85' lang='lat' dir='ltr'>gentibus</span> 
     </span>
    </p>
   </div>
   <div class='ocr_carea' id='block_1_101' title="bbox 2233 4903 3885 4977">
    <p class='ocr_par' dir='ltr' id='par_1_101' title="bbox 2233 4903 3885 4977">
     <span class='ocr_line' id='line_1_101' title="bbox 2233 4903 3885 4977; baseline 0.002 -17"><span class='ocrx_word' id='word_1_776' title='bbox 2233 4920 2435 4960; x_wconf 90' lang='lat' dir='ltr'>eorum</span> <span class='ocrx_word' id='word_1_777' title='bbox 2455 4904 2857 4975; x_wconf 87' lang='lat' dir='ltr'>jurisdictioni,</span> <span class='ocrx_word' id='word_1_778' title='bbox 2887 4903 3024 4959; x_wconf 90' lang='lat' dir='ltr'>item</span> <span class='ocrx_word' id='word_1_779' title='bbox 3057 4905 3274 4976; x_wconf 84' lang='lat' dir='ltr'>Illyrici,</span> <span class='ocrx_word' id='word_1_780' title='bbox 3302 4910 3472 4977; x_wconf 89' lang='lat' dir='ltr'>atque</span> <span class='ocrx_word' id='word_1_781' title='bbox 3501 4906 3681 4961; x_wconf 89' lang='lat' dir='ltr'>etiam</span> <span class='ocrx_word' id='word_1_782' title='bbox 3710 4908 3885 4964; x_wconf 74' lang='lat' dir='ltr'>Afro-</span> 
     </span>
    </p>
   </div>
   <div class='ocr_carea' id='block_1_102' title="bbox 2232 4997 3889 5071">
    <p class='ocr_par' dir='ltr' id='par_1_102' title="bbox 2232 4997 3889 5071">
     <span class='ocr_line' id='line_1_102' title="bbox 2232 4997 3889 5071; baseline 0.002 -19"><span class='ocrx_word' id='word_1_783' title='bbox 2232 5014 2365 5052; x_wconf 89' lang='lat' dir='ltr'>rum</span> <span class='ocrx_word' id='word_1_784' title='bbox 2395 4997 2833 5068; x_wconf 68' lang='lat' dir='ltr'>praseminentes</span> <span class='ocrx_word' id='word_1_785' title='bbox 2855 4997 3100 5069; x_wconf 68' lang='lat' dir='ltr'>dioecesi)</span> <span class='ocrx_word' id='word_1_786' title='bbox 3130 5001 3188 5052; x_wconf 90' lang='lat' dir='ltr'>et</span> <span class='ocrx_word' id='word_1_787' title='bbox 3213 4999 3471 5070; x_wconf 86' lang='lat' dir='ltr'>parentia</span> <span class='ocrx_word' id='word_1_788' title='bbox 3491 4999 3572 5054; x_wconf 76' lang='lat' dir='ltr'>eis</span> <span class='ocrx_word' id='word_1_789' title='bbox 3592 5000 3811 5071; x_wconf 83' lang='lat' dir='ltr'>ofﬁcia,</span> <span class='ocrx_word' id='word_1_790' title='bbox 3835 5006 3889 5056; x_wconf 87' lang='lat' dir='ltr'>et</span> 
     </span>
    </p>
   </div>
   <div class='ocr_carea' id='block_1_103' title="bbox 2232 5090 3885 5163">
    <p class='ocr_par' dir='ltr' id='par_1_103' title="bbox 2232 5090 3885 5163">
     <span class='ocr_line' id='line_1_103' title="bbox 2232 5090 3885 5163; baseline 0.003 -18"><span class='ocrx_word' id='word_1_791' title='bbox 2232 5090 2529 5145; x_wconf 88' lang='lat' dir='ltr'>clarissimi</span> <span class='ocrx_word' id='word_1_792' title='bbox 2558 5090 2978 5162; x_wconf 89' lang='lat' dir='ltr'>provinciarum</span> <span class='ocrx_word' id='word_1_793' title='bbox 3027 5091 3293 5163; x_wconf 64' lang='lat' dir='ltr'>praesides</span> <span class='ocrx_word' id='word_1_794' title='bbox 3338 5097 3394 5147; x_wconf 85' lang='lat' dir='ltr'>et</span> <span class='ocrx_word' id='word_1_795' title='bbox 3424 5091 3729 5148; x_wconf 80' lang='lat' dir='ltr'>civitatum</span> <span class='ocrx_word' id='word_1_796' title='bbox 3785 5095 3885 5150; x_wconf 86' lang='lat' dir='ltr'>de-</span> 
     </span>
    </p>
   </div>
   <div class='ocr_carea' id='block_1_104' title="bbox 2230 5183 3882 5259">
    <p class='ocr_par' dir='ltr' id='par_1_104' title="bbox 2230 5183 3882 5259">
     <span class='ocr_line' id='line_1_104' title="bbox 2230 5183 3882 5259; baseline 0.002 -20"><span class='ocrx_word' id='word_1_797' title='bbox 2230 5183 2501 5252; x_wconf 89' lang='lat' dir='ltr'>fensores,</span> <span class='ocrx_word' id='word_1_798' title='bbox 2529 5184 2639 5255; x_wconf 91' lang='lat' dir='ltr'>ipsi</span> <span class='ocrx_word' id='word_1_799' title='bbox 2665 5183 2899 5256; x_wconf 90' lang='lat' dir='ltr'>quidem</span> <span class='ocrx_word' id='word_1_800' title='bbox 2926 5184 3025 5256; x_wconf 90' lang='lat' dir='ltr'>qui</span> <span class='ocrx_word' id='word_1_801' title='bbox 3064 5184 3341 5239; x_wconf 80' lang='lat' dir='ltr'>maximos</span> <span class='ocrx_word' id='word_1_802' title='bbox 3378 5185 3756 5257; x_wconf 84' lang='lat' dir='ltr'>magistratus</span> <span class='ocrx_word' id='word_1_803' title='bbox 3785 5204 3882 5259; x_wconf 86' lang='lat' dir='ltr'>ge-</span> 
     </span>
    </p>
   </div>
   <div class='ocr_carea' id='block_1_105' title="bbox 2232 5276 3883 5349">
    <p class='ocr_par' dir='ltr' id='par_1_105' title="bbox 2232 5276 3883 5349">
     <span class='ocr_line' id='line_1_105' title="bbox 2232 5276 3883 5349; baseline 0.003 -17"><span class='ocrx_word' id='word_1_804' title='bbox 2232 5281 2386 5345; x_wconf 90' lang='lat' dir='ltr'>runt,</span> <span class='ocrx_word' id='word_1_805' title='bbox 2431 5276 2890 5349; x_wconf 89' lang='lat' dir='ltr'>indignationem</span> <span class='ocrx_word' id='word_1_806' title='bbox 2936 5280 3188 5332; x_wconf 89' lang='lat' dir='ltr'>nostram</span> <span class='ocrx_word' id='word_1_807' title='bbox 3232 5278 3637 5346; x_wconf 87' lang='lat' dir='ltr'>subverentes;</span> <span class='ocrx_word' id='word_1_808' title='bbox 3697 5281 3883 5337; x_wconf 83' lang='lat' dir='ltr'>ofﬁcia</span> 
     </span>
    </p>
   </div>
   <div class='ocr_carea' id='block_1_106' title="bbox 2233 5370 3879 5442">
    <p class='ocr_par' dir='ltr' id='par_1_106' title="bbox 2233 5370 3879 5442">
     <span class='ocr_line' id='line_1_106' title="bbox 2233 5370 3879 5442; baseline 0.003 -16"><span class='ocrx_word' id='word_1_809' title='bbox 2233 5374 2423 5426; x_wconf 90' lang='lat' dir='ltr'>autem</span> <span class='ocrx_word' id='word_1_810' title='bbox 2455 5387 2569 5426; x_wconf 91' lang='lat' dir='ltr'>non</span> <span class='ocrx_word' id='word_1_811' title='bbox 2594 5370 3033 5427; x_wconf 90' lang='lat' dir='ltr'>obsecundantia</span> <span class='ocrx_word' id='word_1_812' title='bbox 3051 5371 3228 5442; x_wconf 69' lang='lat' dir='ltr'>ipsis,f</span> <span class='ocrx_word' id='word_1_813' title='bbox 3232 5371 3426 5427; x_wconf 90' lang='lat' dir='ltr'>decem</span> <span class='ocrx_word' id='word_1_814' title='bbox 3445 5372 3573 5428; x_wconf 77' lang='lat' dir='ltr'>auri</span> <span class='ocrx_word' id='word_1_815' title='bbox 3600 5373 3879 5431; x_wconf 84' lang='lat' dir='ltr'>librarum</span> 
     </span>
    </p>
   </div>
   <div class='ocr_carea' id='block_1_107' title="bbox 2231 5464 3879 5537">
    <p class='ocr_par' dir='ltr' id='par_1_107' title="bbox 2231 5464 3879 5537">
     <span class='ocr_line' id='line_1_107' title="bbox 2231 5464 3879 5537; baseline 0.003 -18"><span class='ocrx_word' id='word_1_816' title='bbox 2231 5468 2536 5536; x_wconf 82' lang='lat' dir='ltr'>expertura</span> <span class='ocrx_word' id='word_1_817' title='bbox 2560 5479 2793 5535; x_wconf 79' lang='lat' dir='ltr'>pcenam</span> <span class='ocrx_word' id='word_1_818' title='bbox 2823 5482 2835 5519; x_wconf 89' lang='lat'><strong>:</strong></span> <span class='ocrx_word' id='word_1_819' title='bbox 2868 5464 3138 5536; x_wconf 69' lang='lat' dir='ltr'>praesides</span> <span class='ocrx_word' id='word_1_820' title='bbox 3166 5481 3296 5521; x_wconf 90' lang='lat' dir='ltr'>vero</span> <span class='ocrx_word' id='word_1_821' title='bbox 3326 5465 3706 5537; x_wconf 88' lang='lat' dir='ltr'>provinciales</span> <span class='ocrx_word' id='word_1_822' title='bbox 3755 5485 3879 5524; x_wconf 86' lang='lat' dir='ltr'>ma-</span> 
     </span>
    </p>
   </div>
   <div class='ocr_carea' id='block_1_108' title="bbox 496 5545 3874 5633">
    <p class='ocr_par' dir='ltr' id='par_1_108' title="bbox 496 5545 3874 5633">
     <span class='ocr_line' id='line_1_108' title="bbox 496 5545 3874 5633; baseline 0.005 -32"><span class='ocrx_word' id='word_1_823' title='bbox 496 5545 667 5613; x_wconf 90' lang='lat' dir='ltr'>tibus,</span> <span class='ocrx_word' id='word_1_824' title='bbox 696 5549 780 5602; x_wconf 91' lang='lat' dir='ltr'>vel</span> <span class='ocrx_word' id='word_1_825' title='bbox 807 5549 1091 5619; x_wconf 71' lang='lat' dir='ltr'>prazdictis</span> <span class='ocrx_word' id='word_1_826' title='bbox 1139 5550 1410 5606; x_wconf 87' lang='lat' dir='ltr'>interesse</span> <span class='ocrx_word' id='word_1_827' title='bbox 1449 5553 1803 5624; x_wconf 89' lang='lat' dir='ltr'>spectaculis,</span> <span class='ocrx_word' id='word_1_828' title='bbox 1831 5558 1932 5608; x_wconf 90' lang='lat' dir='ltr'>aut</span> <span class='ocrx_word' id='word_1_829' title='bbox 1958 5555 2129 5610; x_wconf 87' lang='lat' dir='ltr'>etiam</span> <span class='ocrx_word' id='word_1_830' title='bbox 2222 5557 2378 5629; x_wconf 90' lang='lat' dir='ltr'>jores</span> <span class='ocrx_word' id='word_1_831' title='bbox 2407 5557 2619 5629; x_wconf 90' lang='lat' dir='ltr'>pariter</span> <span class='ocrx_word' id='word_1_832' title='bbox 2663 5560 2721 5613; x_wconf 89' lang='lat' dir='ltr'>et</span> <span class='ocrx_word' id='word_1_833' title='bbox 2764 5558 3033 5628; x_wconf 90' lang='lat' dir='ltr'>minores,</span> <span class='ocrx_word' id='word_1_834' title='bbox 3057 5561 3116 5614; x_wconf 93' lang='lat' dir='ltr'>et</span> <span class='ocrx_word' id='word_1_835' title='bbox 3139 5559 3594 5631; x_wconf 74' lang='lat' dir='ltr'>obtemperantis.</span> <span class='ocrx_word' id='word_1_836' title='bbox 3620 5561 3769 5633; x_wconf 89' lang='lat' dir='ltr'>ipsis</span> <span class='ocrx_word' id='word_1_837' title='bbox 3796 5563 3874 5618; x_wconf 83' lang='lat' dir='ltr'>of-</span> 
     </span>
    </p>
   </div>
   <div class='ocr_carea' id='block_1_109' title="bbox 492 5640 2126 5720">
    <p class='ocr_par' dir='ltr' id='par_1_109' title="bbox 492 5640 2126 5720">
     <span class='ocr_line' id='line_1_109' title="bbox 492 5640 2126 5720; baseline 0.006 -26"><span class='ocrx_word' id='word_1_838' title='bbox 492 5641 639 5695; x_wconf 86' lang='lat' dir='ltr'>forte</span> <span class='ocrx_word' id='word_1_839' title='bbox 664 5640 868 5712; x_wconf 88' lang='lat' dir='ltr'>aliquis</span> <span class='ocrx_word' id='word_1_840' title='bbox 888 5643 1001 5696; x_wconf 88' lang='lat' dir='ltr'>Deo</span> <span class='ocrx_word' id='word_1_841' title='bbox 1021 5643 1351 5699; x_wconf 88' lang='lat' dir='ltr'>amabilium</span> <span class='ocrx_word' id='word_1_842' title='bbox 1380 5645 1774 5717; x_wconf 89' lang='lat' dir='ltr'>episcoporum</span> <span class='ocrx_word' id='word_1_843' title='bbox 1808 5647 1979 5718; x_wconf 92' lang='lat' dir='ltr'>(quod</span> <span class='ocrx_word' id='word_1_844' title='bbox 2002 5649 2126 5720; x_wconf 89' lang='lat' dir='ltr'>qni-</span> 
     </span>
    </p>
   </div>
   <div class='ocr_carea' id='block_1_110' title="bbox 496 5733 2130 5813">
    <p class='ocr_par' dir='ltr' id='par_1_110' title="bbox 496 5733 2130 5813">
     <span class='ocr_line' id='line_1_110' title="bbox 496 5733 2130 5813; baseline 0.006 -26"><span class='ocrx_word' id='word_1_845' title='bbox 496 5733 628 5789; x_wconf 91' lang='lat' dir='ltr'>dem</span> <span class='ocrx_word' id='word_1_846' title='bbox 658 5749 846 5805; x_wconf 90' lang='lat' dir='ltr'>neque</span> <span class='ocrx_word' id='word_1_847' title='bbox 871 5738 1205 5790; x_wconf 89' lang='lat' dir='ltr'>eventurum</span> <span class='ocrx_word' id='word_1_848' title='bbox 1225 5754 1341 5793; x_wconf 89' lang='lat' dir='ltr'>esse</span> <span class='ocrx_word' id='word_1_849' title='bbox 1368 5739 1727 5810; x_wconf 84' lang='lat' dir='ltr'>conﬁdimus)</span> <span class='ocrx_word' id='word_1_850' title='bbox 1752 5757 1980 5813; x_wconf 89' lang='lat' dir='ltr'>prorsus</span> <span class='ocrx_word' id='word_1_851' title='bbox 2000 5742 2130 5796; x_wconf 91' lang='lat' dir='ltr'>talis</span> 
     </span>
    </p>
   </div>
   <div class='ocr_carea' id='block_1_111' title="bbox 496 5826 2126 5902">
    <p class='ocr_par' dir='ltr' id='par_1_111' title="bbox 496 5826 2126 5902">
     <span class='ocr_line' id='line_1_111' title="bbox 496 5826 2126 5902; baseline 0.006 -23"><span class='ocrx_word' id='word_1_852' title='bbox 496 5826 783 5898; x_wconf 89' lang='lat' dir='ltr'>cujusdam</span> <span class='ocrx_word' id='word_1_853' title='bbox 816 5828 1098 5900; x_wconf 88' lang='lat' dir='ltr'>particeps</span> <span class='ocrx_word' id='word_1_854' title='bbox 1127 5846 1246 5884; x_wconf 87' lang='lat' dir='ltr'>esse</span> <span class='ocrx_word' id='word_1_855' title='bbox 1272 5833 1599 5902; x_wconf 88' lang='lat' dir='ltr'>spectaculi,</span> <span class='ocrx_word' id='word_1_856' title='bbox 1630 5838 1730 5888; x_wconf 90' lang='lat' dir='ltr'>aut</span> <span class='ocrx_word' id='word_1_857' title='bbox 1754 5850 1884 5888; x_wconf 91' lang='lat' dir='ltr'>cum</span> <span class='ocrx_word' id='word_1_858' title='bbox 1915 5835 2126 5889; x_wconf 86' lang='lat' dir='ltr'>aleato-</span> 
     </span>
    </p>
   </div>
   <div class='ocr_carea' id='block_1_112' title="bbox 497 5916 2124 6002">
    <p class='ocr_par' dir='ltr' id='par_1_112' title="bbox 497 5916 2124 6002">
     <span class='ocr_line' id='line_1_112' title="bbox 497 5916 2124 6002; baseline 0.009 -33"><span class='ocrx_word' id='word_1_859' title='bbox 497 5916 653 5971; x_wconf 84' lang='lat' dir='ltr'>ribus</span> <span class='ocrx_word' id='word_1_860' title='bbox 692 5935 807 5973; x_wconf 86' lang='lat' dir='ltr'>una</span> <span class='ocrx_word' id='word_1_861' title='bbox 843 5920 1039 5974; x_wconf 89' lang='lat' dir='ltr'>sedere</span> <span class='ocrx_word' id='word_1_862' title='bbox 1064 5926 1121 5975; x_wconf 88' lang='lat' dir='ltr'>et</span> <span class='ocrx_word' id='word_1_863' title='bbox 1151 5922 1452 5994; x_wconf 86' lang='lat' dir='ltr'>disponere</span> <span class='ocrx_word' id='word_1_864' title='bbox 1482 5944 1546 5981; x_wconf 87' lang='lat' dir='ltr'>ac</span> <span class='ocrx_word' id='word_1_865' title='bbox 1575 5926 1802 6000; x_wconf 86' lang='lat' dir='ltr'>pacisci,</span> <span class='ocrx_word' id='word_1_866' title='bbox 1834 5931 1933 5984; x_wconf 87' lang='lat' dir='ltr'>aut</span> <span class='ocrx_word' id='word_1_867' title='bbox 1958 5943 2124 6002; x_wconf 86' lang='lat' dir='ltr'>spon-</span> 
     </span>
    </p>
   </div>
   <div class='ocr_carea' id='block_1_113' title="bbox 2229 5650 3873 5727">
    <p class='ocr_par' dir='ltr' id='par_1_113' title="bbox 2229 5650 3873 5727">
     <span class='ocr_line' id='line_1_113' title="bbox 2229 5650 3873 5727; baseline 0.004 -22"><span class='ocrx_word' id='word_1_868' title='bbox 2229 5650 2376 5719; x_wconf 83' lang='lat' dir='ltr'>ﬁcia,</span> <span class='ocrx_word' id='word_1_869' title='bbox 2406 5655 2462 5707; x_wconf 90' lang='lat' dir='ltr'>et</span> <span class='ocrx_word' id='word_1_870' title='bbox 2503 5650 2737 5724; x_wconf 90' lang='lat' dir='ltr'>insuper</span> <span class='ocrx_word' id='word_1_871' title='bbox 2763 5652 3058 5708; x_wconf 88' lang='lat' dir='ltr'>civitatum</span> <span class='ocrx_word' id='word_1_872' title='bbox 3091 5652 3431 5723; x_wconf 87' lang='lat' dir='ltr'>defensores,</span> <span class='ocrx_word' id='word_1_873' title='bbox 3461 5653 3726 5727; x_wconf 86' lang='lat' dir='ltr'>quinque</span> <span class='ocrx_word' id='word_1_874' title='bbox 3758 5656 3873 5712; x_wconf 81' lang='lat' dir='ltr'>auri</span> 
     </span>
    </p>
   </div>
   <div class='ocr_carea' id='block_1_114' title="bbox 2228 5744 3869 5820">
    <p class='ocr_par' dir='ltr' id='par_1_114' title="bbox 2228 5744 3869 5820">
     <span class='ocr_line' id='line_1_114' title="bbox 2228 5744 3869 5820; baseline 0.002 -21"><span class='ocrx_word' id='word_1_875' title='bbox 2228 5744 2505 5800; x_wconf 89' lang='lat' dir='ltr'>librarum</span> <span class='ocrx_word' id='word_1_876' title='bbox 2548 5761 2776 5816; x_wconf 89' lang='lat' dir='ltr'>poenam</span> <span class='ocrx_word' id='word_1_877' title='bbox 2819 5749 3162 5814; x_wconf 88' lang='lat' dir='ltr'>metuentes,</span> <span class='ocrx_word' id='word_1_878' title='bbox 3193 5748 3237 5801; x_wconf 92' lang='lat' dir='ltr'>si</span> <span class='ocrx_word' id='word_1_879' title='bbox 3276 5747 3399 5801; x_wconf 70' lang='lat' dir='ltr'>haac</span> <span class='ocrx_word' id='word_1_880' title='bbox 3442 5754 3869 5820; x_wconf 82' lang='lat' dir='ltr'>cognoscentes,</span> 
     </span>
    </p>
   </div>
   <div class='ocr_carea' id='block_1_115' title="bbox 2227 5838 3869 5913">
    <p class='ocr_par' dir='ltr' id='par_1_115' title="bbox 2227 5838 3869 5913">
     <span class='ocr_line' id='line_1_115' title="bbox 2227 5838 3869 5913; baseline 0.002 -20"><span class='ocrx_word' id='word_1_881' title='bbox 2227 5853 2342 5893; x_wconf 91' lang='lat' dir='ltr'>non</span> <span class='ocrx_word' id='word_1_882' title='bbox 2371 5838 2835 5894; x_wconf 88' lang='lat' dir='ltr'>annuntiaverint</span> <span class='ocrx_word' id='word_1_883' title='bbox 2873 5842 2930 5894; x_wconf 90' lang='lat' dir='ltr'>et</span> <span class='ocrx_word' id='word_1_884' title='bbox 2968 5839 3074 5911; x_wconf 88' lang='lat' dir='ltr'>ipsi</span> <span class='ocrx_word' id='word_1_885' title='bbox 3114 5839 3500 5896; x_wconf 84' lang='lat' dir='ltr'>sacerdotibus</span> <span class='ocrx_word' id='word_1_886' title='bbox 3530 5842 3613 5913; x_wconf 80' lang='lat' dir='ltr'>(id</span> <span class='ocrx_word' id='word_1_887' title='bbox 3644 5847 3751 5912; x_wconf 88' lang='lat' dir='ltr'>est,</span> <span class='ocrx_word' id='word_1_888' title='bbox 3782 5846 3869 5897; x_wconf 86' lang='lat' dir='ltr'>aut</span> 
     </span>
    </p>
   </div>
   <div class='ocr_carea' id='block_1_116' title="bbox 2228 5930 3863 6011">
    <p class='ocr_par' dir='ltr' id='par_1_116' title="bbox 2228 5930 3863 6011">
     <span class='ocr_line' id='line_1_116' title="bbox 2228 5930 3863 6011; baseline 0.006 -25"><span class='ocrx_word' id='word_1_889' title='bbox 2228 5930 2343 5987; x_wconf 89' lang='lat' dir='ltr'>Deo</span> <span class='ocrx_word' id='word_1_890' title='bbox 2371 5930 2708 5989; x_wconf 86' lang='lat' dir='ltr'>amabilibns</span> <span class='ocrx_word' id='word_1_891' title='bbox 2737 5932 3033 6008; x_wconf 86' lang='lat' dir='ltr'>episcopis,</span> <span class='ocrx_word' id='word_1_892' title='bbox 3065 5938 3165 5992; x_wconf 89' lang='lat' dir='ltr'>aut</span> <span class='ocrx_word' id='word_1_893' title='bbox 3188 5932 3557 5994; x_wconf 84' lang='lat' dir='ltr'>sanctissimis</span> <span class='ocrx_word' id='word_1_894' title='bbox 3580 5938 3863 6011; x_wconf 78' lang='lat' dir='ltr'>metropo-</span> 
     </span>
    </p>
   </div>
  </div>
