  <div class='ocr_page' id='page_1' title='image "/cluster/home/n/w/nwhite01/storage/ocr_20150623/72/uva.x000827084/766.png"; bbox 0 0 4032 6232; ppageno 0'>
   <div class='ocr_carea' id='block_1_1' title="bbox 120 384 257 438">
    <p class='ocr_par' dir='ltr' id='par_1_1' title="bbox 120 384 257 438">
     <span class='ocr_line' id='line_1_1' title="bbox 120 384 257 438; baseline 0.015 -2"><span class='ocrx_word' id='word_1_1' title='bbox 120 385 135 436; x_wconf 85' lang='lat' dir='ltr'><strong>l</strong></span> <span class='ocrx_word' id='word_1_2' title='bbox 149 384 257 438; x_wconf 79' lang='lat'><strong>085</strong></span> 
     </span>
    </p>
   </div>
   <div class='ocr_carea' id='block_1_2' title="bbox 888 381 2719 451">
    <p class='ocr_par' dir='ltr' id='par_1_2' title="bbox 888 381 2719 451">
     <span class='ocr_line' id='line_1_2' title="bbox 888 381 2719 451; baseline 0.001 -12"><span class='ocrx_word' id='word_1_3' title='bbox 888 384 1257 441; x_wconf 82' lang='lat' dir='ltr'><strong>JUSTINIANI</strong></span> <span class='ocrx_word' id='word_1_4' title='bbox 1299 382 1507 441; x_wconf 86' lang='lat' dir='ltr'><strong>LEGES</strong></span> <span class='ocrx_word' id='word_1_5' title='bbox 1545 383 1878 442; x_wconf 63' lang='lat' dir='ltr'><strong>SELECTE.</strong></span> <span class='ocrx_word' id='word_1_6' title='bbox 1922 383 2047 439; x_wconf 86' lang='lat' dir='ltr'><strong>LIB.</strong></span> <span class='ocrx_word' id='word_1_7' title='bbox 2091 384 2131 451; x_wconf 87' lang='grc' dir='ltr'><strong>Ι,</strong></span> <span class='ocrx_word' id='word_1_8' title='bbox 2172 382 2298 439; x_wconf 83' lang='grc' dir='ltr'><strong>ΤΙΤ.</strong></span> <span class='ocrx_word' id='word_1_9' title='bbox 2343 384 2401 451; x_wconf 85' lang='lat' dir='ltr'><strong>V,</strong></span> <span class='ocrx_word' id='word_1_10' title='bbox 2443 382 2572 440; x_wconf 85' lang='lat' dir='ltr'><strong>LEX</strong></span> <span class='ocrx_word' id='word_1_11' title='bbox 2610 381 2719 441; x_wconf 82' lang='lat' dir='ltr'><strong>XV.</strong></span> 
     </span>
    </p>
   </div>
   <div class='ocr_carea' id='block_1_3' title="bbox 3353 385 3489 443">
    <p class='ocr_par' dir='ltr' id='par_1_3' title="bbox 3353 385 3489 443">
     <span class='ocr_line' id='line_1_3' title="bbox 3353 385 3489 443; baseline -0.015 0"><span class='ocrx_word' id='word_1_12' title='bbox 3353 385 3489 443; x_wconf 80' lang='lat' dir='ltr'><strong>l086</strong></span> 
     </span>
    </p>
   </div>
   <div class='ocr_carea' id='block_1_4' title="bbox 114 489 3490 583">
    <p class='ocr_par' dir='ltr' id='par_1_4' title="bbox 114 489 3490 583">
     <span class='ocr_line' id='line_1_4' title="bbox 114 489 3490 583; baseline 0.002 -40"><span class='ocrx_word' id='word_1_13' title='bbox 114 489 251 558; x_wconf 91' lang='lat' dir='ltr'><strong>litis,</strong></span> <span class='ocrx_word' id='word_1_14' title='bbox 287 492 391 583; x_wconf 87' lang='lat' dir='ltr'><strong>aut</strong></span> <span class='ocrx_word' id='word_1_15' title='bbox 425 490 872 564; x_wconf 83' lang='lat' dir='ltr'><strong>uniuscujusque</strong></span> <span class='ocrx_word' id='word_1_16' title='bbox 905 492 1210 549; x_wconf 70' lang='lat' dir='ltr'><strong>dimceseos</strong></span> <span class='ocrx_word' id='word_1_17' title='bbox 1249 491 1622 548; x_wconf 74' lang='lat' dir='ltr'><strong>sanctissimis</strong></span> <span class='ocrx_word' id='word_1_18' title='bbox 1647 508 1751 565; x_wconf 86' lang='lat' dir='ltr'><strong>pa-</strong></span> <span class='ocrx_word' id='word_1_19' title='bbox 1776 507 1834 583; x_wconf 70' lang='grc' dir='ltr'><strong>Α</strong></span> <span class='ocrx_word' id='word_1_20' title='bbox 1856 493 1982 547; x_wconf 62' lang='lat' dir='ltr'><strong>rite</strong></span> <span class='ocrx_word' id='word_1_21' title='bbox 2002 492 2386 564; x_wconf 83' lang='lat' dir='ltr'><strong>prohibentur</strong></span> <span class='ocrx_word' id='word_1_22' title='bbox 2400 493 2802 563; x_wconf 80' lang='lat' dir='ltr'><strong>magistratum</strong></span> <span class='ocrx_word' id='word_1_23' title='bbox 2820 506 3044 563; x_wconf 79' lang='lat' dir='ltr'><strong>gerere,</strong></span> <span class='ocrx_word' id='word_1_24' title='bbox 3067 493 3125 545; x_wconf 89' lang='lat' dir='ltr'><strong>et</strong></span> <span class='ocrx_word' id='word_1_25' title='bbox 3146 490 3490 563; x_wconf 87' lang='lat' dir='ltr'><strong>dignitatem</strong></span> 
     </span>
    </p>
   </div>
   <div class='ocr_carea' id='block_1_5' title="bbox 119 582 1756 657">
    <p class='ocr_par' dir='ltr' id='par_1_5' title="bbox 119 582 1756 657">
     <span class='ocr_line' id='line_1_5' title="bbox 119 582 1756 657; baseline 0.002 -21"><span class='ocrx_word' id='word_1_26' title='bbox 119 582 408 652; x_wconf 86' lang='lat' dir='ltr'><strong>triarchis,</strong></span> <span class='ocrx_word' id='word_1_27' title='bbox 443 583 760 640; x_wconf 90' lang='lat' dir='ltr'><strong>secundum</strong></span> <span class='ocrx_word' id='word_1_28' title='bbox 788 601 951 640; x_wconf 89' lang='lat' dir='ltr'><strong>suam</strong></span> <span class='ocrx_word' id='word_1_29' title='bbox 979 586 1183 657; x_wconf 86' lang='lat' dir='ltr'><strong>cuique</strong></span> <span class='ocrx_word' id='word_1_30' title='bbox 1215 585 1536 657; x_wconf 80' lang='lat' dir='ltr'><strong>regionem,</strong></span> <span class='ocrx_word' id='word_1_31' title='bbox 1556 588 1619 640; x_wconf 92' lang='lat' dir='ltr'><strong>ut</strong></span> <span class='ocrx_word' id='word_1_32' title='bbox 1643 585 1756 657; x_wconf 85' lang='lat' dir='ltr'><strong>ipsi</strong></span> 
     </span>
    </p>
   </div>
   <div class='ocr_carea' id='block_1_6' title="bbox 118 676 1753 750">
    <p class='ocr_par' dir='ltr' id='par_1_6' title="bbox 118 676 1753 750">
     <span class='ocr_line' id='line_1_6' title="bbox 118 676 1753 750; baseline 0.002 -20"><span class='ocrx_word' id='word_1_33' title='bbox 118 676 238 731; x_wconf 58' lang='lat' dir='ltr'><strong>hec</strong></span> <span class='ocrx_word' id='word_1_34' title='bbox 288 676 701 749; x_wconf 82' lang='lat' dir='ltr'><strong>intelligentes,</strong></span> <span class='ocrx_word' id='word_1_35' title='bbox 729 678 1045 733; x_wconf 88' lang='lat' dir='ltr'><strong>secundum</strong></span> <span class='ocrx_word' id='word_1_36' title='bbox 1075 679 1231 750; x_wconf 90' lang='lat' dir='ltr'><strong>quod</strong></span> <span class='ocrx_word' id='word_1_37' title='bbox 1257 683 1429 734; x_wconf 88' lang='lat' dir='ltr'><strong>antea</strong></span> <span class='ocrx_word' id='word_1_38' title='bbox 1452 678 1753 734; x_wconf 84' lang='lat' dir='ltr'><strong>deﬁnitum</strong></span> 
     </span>
    </p>
   </div>
   <div class='ocr_carea' id='block_1_7' title="bbox 116 775 1754 849">
    <p class='ocr_par' dir='ltr' id='par_1_7' title="bbox 116 775 1754 849">
     <span class='ocr_line' id='line_1_7' title="bbox 116 775 1754 849; baseline 0.003 -22"><span class='ocrx_word' id='word_1_39' title='bbox 116 780 219 842; x_wconf 84' lang='lat' dir='ltr'><strong>est,</strong></span> <span class='ocrx_word' id='word_1_40' title='bbox 244 775 516 830; x_wconf 90' lang='lat' dir='ltr'><strong>omnibus</strong></span> <span class='ocrx_word' id='word_1_41' title='bbox 531 793 590 830; x_wconf 92' lang='lat' dir='ltr'><strong>se</strong></span> <span class='ocrx_word' id='word_1_42' title='bbox 622 783 920 848; x_wconf 79' lang='lat' dir='ltr'><strong>apponant</strong></span> <span class='ocrx_word' id='word_1_43' title='bbox 947 783 1005 834; x_wconf 89' lang='lat' dir='ltr'><strong>et</strong></span> <span class='ocrx_word' id='word_1_44' title='bbox 1028 776 1342 848; x_wconf 70' lang='lat' dir='ltr'><strong>resistant);</strong></span> <span class='ocrx_word' id='word_1_45' title='bbox 1365 781 1422 832; x_wconf 84' lang='lat' dir='ltr'><strong>et</strong></span> <span class='ocrx_word' id='word_1_46' title='bbox 1449 782 1754 849; x_wconf 82' lang='lat' dir='ltr'><strong>postquam</strong></span> 
     </span>
    </p>
   </div>
   <div class='ocr_carea' id='block_1_8' title="bbox 116 867 1754 941">
    <p class='ocr_par' dir='ltr' id='par_1_8' title="bbox 116 867 1754 941">
     <span class='ocr_line' id='line_1_8' title="bbox 116 867 1754 941; baseline 0.001 -19"><span class='ocrx_word' id='word_1_47' title='bbox 116 868 187 922; x_wconf 90' lang='lat' dir='ltr'><strong>ab</strong></span> <span class='ocrx_word' id='word_1_48' title='bbox 211 867 295 922; x_wconf 92' lang='lat' dir='ltr'><strong>eis</strong></span> <span class='ocrx_word' id='word_1_49' title='bbox 321 868 369 923; x_wconf 90' lang='lat' dir='ltr'><strong>is</strong></span> <span class='ocrx_word' id='word_1_50' title='bbox 388 868 485 941; x_wconf 88' lang='lat' dir='ltr'><strong>qui</strong></span> <span class='ocrx_word' id='word_1_51' title='bbox 508 870 715 925; x_wconf 90' lang='lat' dir='ltr'><strong>harum</strong></span> <span class='ocrx_word' id='word_1_52' title='bbox 738 887 933 926; x_wconf 90' lang='lat' dir='ltr'><strong>rerum</strong></span> <span class='ocrx_word' id='word_1_53' title='bbox 961 869 1250 926; x_wconf 89' lang='lat' dir='ltr'><strong>convictus</strong></span> <span class='ocrx_word' id='word_1_54' title='bbox 1271 870 1444 925; x_wconf 86' lang='lat' dir='ltr'><strong>fuerit</strong></span> <span class='ocrx_word' id='word_1_55' title='bbox 1467 870 1754 941; x_wconf 88' lang='lat' dir='ltr'><strong>depositus</strong></span> 
     </span>
    </p>
   </div>
   <div class='ocr_carea' id='block_1_9' title="bbox 118 962 1754 1029">
    <p class='ocr_par' dir='ltr' id='par_1_9' title="bbox 118 962 1754 1029">
     <span class='ocr_line' id='line_1_9' title="bbox 118 962 1754 1029; baseline 0.001 -13"><span class='ocrx_word' id='word_1_56' title='bbox 118 962 317 1029; x_wconf 87' lang='lat' dir='ltr'><strong>fuerit,</strong></span> <span class='ocrx_word' id='word_1_57' title='bbox 349 979 465 1018; x_wconf 90' lang='lat' dir='ltr'><strong>non</strong></span> <span class='ocrx_word' id='word_1_58' title='bbox 496 964 667 1019; x_wconf 67' lang='lat' dir='ltr'><strong>curias</strong></span> <span class='ocrx_word' id='word_1_59' title='bbox 693 964 932 1019; x_wconf 78' lang='lat' dir='ltr'><strong>civitatis</strong></span> <span class='ocrx_word' id='word_1_60' title='bbox 956 969 1055 1019; x_wconf 90' lang='lat' dir='ltr'><strong>aut</strong></span> <span class='ocrx_word' id='word_1_61' title='bbox 1093 964 1283 1019; x_wconf 81' lang='lat' dir='ltr'><strong>officio</strong></span> <span class='ocrx_word' id='word_1_62' title='bbox 1320 980 1455 1018; x_wconf 87' lang='lat' dir='ltr'><strong>eum</strong></span> <span class='ocrx_word' id='word_1_63' title='bbox 1486 964 1634 1019; x_wconf 89' lang='lat' dir='ltr'><strong>tradi</strong></span> <span class='ocrx_word' id='word_1_64' title='bbox 1656 980 1754 1018; x_wconf 89' lang='lat' dir='ltr'><strong>cu-</strong></span> 
     </span>
    </p>
   </div>
   <div class='ocr_carea' id='block_1_10' title="bbox 122 1055 1757 1130">
    <p class='ocr_par' dir='ltr' id='par_1_10' title="bbox 122 1055 1757 1130">
     <span class='ocr_line' id='line_1_10' title="bbox 122 1055 1757 1130; baseline 0.001 -21"><span class='ocrx_word' id='word_1_65' title='bbox 122 1055 374 1123; x_wconf 89' lang='lat' dir='ltr'><strong>raverit;</strong></span> <span class='ocrx_word' id='word_1_66' title='bbox 406 1059 463 1111; x_wconf 89' lang='lat' dir='ltr'><strong>et</strong></span> <span class='ocrx_word' id='word_1_67' title='bbox 487 1057 925 1130; x_wconf 88' lang='lat' dir='ltr'><strong>gloriosissimus</strong></span> <span class='ocrx_word' id='word_1_68' title='bbox 948 1058 1245 1129; x_wconf 68' lang='lat' dir='ltr'><strong>praefectus</strong></span> <span class='ocrx_word' id='word_1_69' title='bbox 1272 1058 1443 1129; x_wconf 89' lang='lat' dir='ltr'><strong>hujus</strong></span> <span class='ocrx_word' id='word_1_70' title='bbox 1475 1056 1653 1113; x_wconf 84' lang='lat' dir='ltr'><strong>felicis</strong></span> <span class='ocrx_word' id='word_1_71' title='bbox 1683 1055 1757 1111; x_wconf 87' lang='lat' dir='ltr'><strong>ci-</strong></span> 
     </span>
    </p>
   </div>
   <div class='ocr_carea' id='block_1_11' title="bbox 119 1148 1752 1224">
    <p class='ocr_par' dir='ltr' id='par_1_11' title="bbox 119 1148 1752 1224">
     <span class='ocr_line' id='line_1_11' title="bbox 119 1148 1752 1224; baseline 0.002 -23"><span class='ocrx_word' id='word_1_72' title='bbox 119 1148 316 1203; x_wconf 81' lang='lat' dir='ltr'><strong>vitatis</strong></span> <span class='ocrx_word' id='word_1_73' title='bbox 341 1150 465 1205; x_wconf 70' lang='lat' dir='ltr'><strong>haec</strong></span> <span class='ocrx_word' id='word_1_74' title='bbox 488 1150 787 1220; x_wconf 88' lang='lat' dir='ltr'><strong>custodiet,</strong></span> <span class='ocrx_word' id='word_1_75' title='bbox 812 1152 858 1205; x_wconf 87' lang='lat' dir='ltr'><strong>si</strong></span> <span class='ocrx_word' id='word_1_76' title='bbox 883 1150 1119 1224; x_wconf 85' lang='lat' dir='ltr'><strong>quidem</strong></span> <span class='ocrx_word' id='word_1_77' title='bbox 1152 1150 1209 1205; x_wconf 91' lang='lat' dir='ltr'><strong>in</strong></span> <span class='ocrx_word' id='word_1_78' title='bbox 1238 1151 1347 1206; x_wconf 90' lang='lat' dir='ltr'><strong>hac</strong></span> <span class='ocrx_word' id='word_1_79' title='bbox 1378 1154 1644 1221; x_wconf 86' lang='lat' dir='ltr'><strong>peccetur</strong></span> <span class='ocrx_word' id='word_1_80' title='bbox 1663 1166 1752 1204; x_wconf 89' lang='lat' dir='ltr'><strong>re-</strong></span> 
     </span>
    </p>
   </div>
   <div class='ocr_carea' id='block_1_12' title="bbox 122 1243 1751 1317">
    <p class='ocr_par' dir='ltr' id='par_1_12' title="bbox 122 1243 1751 1317">
     <span class='ocr_line' id='line_1_12' title="bbox 122 1243 1751 1317; baseline 0.001 -20"><span class='ocrx_word' id='word_1_81' title='bbox 122 1243 221 1317; x_wconf 88' lang='lat' dir='ltr'><strong>gia</strong></span> <span class='ocrx_word' id='word_1_82' title='bbox 246 1247 445 1299; x_wconf 89' lang='lat' dir='ltr'><strong>nostra</strong></span> <span class='ocrx_word' id='word_1_83' title='bbox 483 1244 727 1310; x_wconf 81' lang='lat' dir='ltr'><strong>civitate,</strong></span> <span class='ocrx_word' id='word_1_84' title='bbox 766 1262 880 1301; x_wconf 89' lang='lat' dir='ltr'><strong>una</strong></span> <span class='ocrx_word' id='word_1_85' title='bbox 905 1262 1037 1300; x_wconf 91' lang='lat' dir='ltr'><strong>cum</strong></span> <span class='ocrx_word' id='word_1_86' title='bbox 1071 1244 1372 1301; x_wconf 91' lang='lat' dir='ltr'><strong>obediente</strong></span> <span class='ocrx_word' id='word_1_87' title='bbox 1403 1244 1507 1316; x_wconf 90' lang='lat' dir='ltr'><strong>ipsi</strong></span> <span class='ocrx_word' id='word_1_88' title='bbox 1542 1243 1751 1312; x_wconf 83' lang='lat' dir='ltr'><strong>officio,</strong></span> 
     </span>
    </p>
   </div>
   <div class='ocr_carea' id='block_1_13' title="bbox 121 1336 1758 1410">
    <p class='ocr_par' dir='ltr' id='par_1_13' title="bbox 121 1336 1758 1410">
     <span class='ocr_line' id='line_1_13' title="bbox 121 1336 1758 1410; baseline -0.001 -18"><span class='ocrx_word' id='word_1_89' title='bbox 121 1338 245 1409; x_wconf 88' lang='lat' dir='ltr'><strong>ipse</strong></span> <span class='ocrx_word' id='word_1_90' title='bbox 273 1337 509 1410; x_wconf 86' lang='lat' dir='ltr'><strong>quidem</strong></span> <span class='ocrx_word' id='word_1_91' title='bbox 540 1338 1003 1409; x_wconf 87' lang='lat' dir='ltr'><strong>indignationem</strong></span> <span class='ocrx_word' id='word_1_92' title='bbox 1029 1342 1283 1394; x_wconf 88' lang='lat' dir='ltr'><strong>nostram</strong></span> <span class='ocrx_word' id='word_1_93' title='bbox 1311 1337 1650 1406; x_wconf 89' lang='lat' dir='ltr'><strong>subveritus,</strong></span> <span class='ocrx_word' id='word_1_94' title='bbox 1674 1336 1758 1409; x_wconf 88' lang='lat' dir='ltr'><strong>ip-</strong></span> 
     </span>
    </p>
   </div>
   <div class='ocr_carea' id='block_1_14' title="bbox 122 1430 1755 1488">
    <p class='ocr_par' dir='ltr' id='par_1_14' title="bbox 122 1430 1755 1488">
     <span class='ocr_line' id='line_1_14' title="bbox 122 1430 1755 1488; baseline 0 -3"><span class='ocrx_word' id='word_1_95' title='bbox 122 1432 241 1488; x_wconf 85' lang='lat' dir='ltr'><strong>sius</strong></span> <span class='ocrx_word' id='word_1_96' title='bbox 269 1434 466 1485; x_wconf 89' lang='lat' dir='ltr'><strong>autem</strong></span> <span class='ocrx_word' id='word_1_97' title='bbox 505 1431 757 1486; x_wconf 83' lang='lat' dir='ltr'><strong>ofﬁcium</strong></span> <span class='ocrx_word' id='word_1_98' title='bbox 787 1431 985 1486; x_wconf 80' lang='lat' dir='ltr'><strong>decem</strong></span> <span class='ocrx_word' id='word_1_99' title='bbox 1026 1432 1303 1487; x_wconf 88' lang='lat' dir='ltr'><strong>librarum</strong></span> <span class='ocrx_word' id='word_1_100' title='bbox 1333 1430 1457 1486; x_wconf 87' lang='lat' dir='ltr'><strong>auri</strong></span> <span class='ocrx_word' id='word_1_101' title='bbox 1489 1433 1755 1486; x_wconf 88' lang='lat' dir='ltr'><strong>metuens</strong></span> 
     </span>
    </p>
   </div>
   <div class='ocr_carea' id='block_1_15' title="bbox 119 1523 1756 1598">
    <p class='ocr_par' dir='ltr' id='par_1_15' title="bbox 119 1523 1756 1598">
     <span class='ocr_line' id='line_1_15' title="bbox 119 1523 1756 1598; baseline -0.002 -18"><span class='ocrx_word' id='word_1_102' title='bbox 119 1541 376 1597; x_wconf 63' lang='lat' dir='ltr'><strong>pinnam.</strong></span> <span class='ocrx_word' id='word_1_103' title='bbox 398 1523 514 1598; x_wconf 88' lang='lat'><strong>—§</strong></span> <span class='ocrx_word' id='word_1_104' title='bbox 533 1528 585 1579; x_wconf 85' lang='lat'><strong>6.</strong></span> <span class='ocrx_word' id='word_1_105' title='bbox 613 1526 825 1579; x_wconf 81' lang='lat' dir='ltr'><strong>Verum</strong></span> <span class='ocrx_word' id='word_1_106' title='bbox 854 1524 960 1579; x_wconf 91' lang='lat' dir='ltr'><strong>ista</strong></span> <span class='ocrx_word' id='word_1_107' title='bbox 986 1524 1222 1596; x_wconf 88' lang='lat' dir='ltr'><strong>quidem</strong></span> <span class='ocrx_word' id='word_1_108' title='bbox 1252 1541 1357 1579; x_wconf 90' lang='lat' dir='ltr'><strong>nos</strong></span> <span class='ocrx_word' id='word_1_109' title='bbox 1383 1524 1756 1595; x_wconf 89' lang='lat' dir='ltr'><strong>legislationis</strong></span> 
     </span>
    </p>
   </div>
   <div class='ocr_carea' id='block_1_16' title="bbox 120 1617 1758 1689">
    <p class='ocr_par' dir='ltr' id='par_1_16' title="bbox 120 1617 1758 1689">
     <span class='ocr_line' id='line_1_16' title="bbox 120 1617 1758 1689; baseline -0.001 -16"><span class='ocrx_word' id='word_1_110' title='bbox 120 1619 299 1674; x_wconf 88' lang='lat' dir='ltr'><strong>modo</strong></span> <span class='ocrx_word' id='word_1_111' title='bbox 317 1617 690 1673; x_wconf 87' lang='lat' dir='ltr'><strong>confecimus.</strong></span> <span class='ocrx_word' id='word_1_112' title='bbox 712 1618 853 1672; x_wconf 92' lang='lat' dir='ltr'><strong>Illud</strong></span> <span class='ocrx_word' id='word_1_113' title='bbox 876 1634 1009 1673; x_wconf 90' lang='lat' dir='ltr'><strong>vero</strong></span> <span class='ocrx_word' id='word_1_114' title='bbox 1028 1618 1087 1674; x_wconf 90' lang='lat' dir='ltr'><strong>in</strong></span> <span class='ocrx_word' id='word_1_115' title='bbox 1104 1618 1364 1673; x_wconf 91' lang='lat' dir='ltr'><strong>confesso</strong></span> <span class='ocrx_word' id='word_1_116' title='bbox 1385 1622 1487 1685; x_wconf 91' lang='lat' dir='ltr'><strong>est,</strong></span> <span class='ocrx_word' id='word_1_117' title='bbox 1503 1617 1639 1689; x_wconf 88' lang='lat' dir='ltr'><strong>quia</strong></span> <span class='ocrx_word' id='word_1_118' title='bbox 1660 1634 1758 1671; x_wconf 92' lang='lat' dir='ltr'><strong>no-</strong></span> 
     </span>
    </p>
   </div>
   <div class='ocr_carea' id='block_1_17' title="bbox 120 1710 1755 1784">
    <p class='ocr_par' dir='ltr' id='par_1_17' title="bbox 120 1710 1755 1784">
     <span class='ocr_line' id='line_1_17' title="bbox 120 1710 1755 1784; baseline -0.001 -17"><span class='ocrx_word' id='word_1_119' title='bbox 120 1714 212 1767; x_wconf 86' lang='lat' dir='ltr'><strong>bis</strong></span> <span class='ocrx_word' id='word_1_120' title='bbox 253 1712 488 1784; x_wconf 87' lang='lat' dir='ltr'><strong>quidem</strong></span> <span class='ocrx_word' id='word_1_121' title='bbox 537 1714 871 1766; x_wconf 85' lang='lat' dir='ltr'><strong>consecrata</strong></span> <span class='ocrx_word' id='word_1_122' title='bbox 912 1715 1044 1765; x_wconf 89' lang='lat' dir='ltr'><strong>sunt</strong></span> <span class='ocrx_word' id='word_1_123' title='bbox 1079 1712 1193 1766; x_wconf 90' lang='lat' dir='ltr'><strong>Deo</strong></span> <span class='ocrx_word' id='word_1_124' title='bbox 1238 1728 1342 1782; x_wconf 90' lang='lat' dir='ltr'><strong>pro</strong></span> <span class='ocrx_word' id='word_1_125' title='bbox 1388 1710 1755 1765; x_wconf 84' lang='lat' dir='ltr'><strong>sacerdotum</strong></span> 
     </span>
    </p>
   </div>
   <div class='ocr_carea' id='block_1_18' title="bbox 124 1803 1758 1877">
    <p class='ocr_par' dir='ltr' id='par_1_18' title="bbox 124 1803 1758 1877">
     <span class='ocr_line' id='line_1_18' title="bbox 124 1803 1758 1877; baseline -0.001 -17"><span class='ocrx_word' id='word_1_126' title='bbox 124 1806 308 1877; x_wconf 87' lang='lat' dir='ltr'><strong>ipsius</strong></span> <span class='ocrx_word' id='word_1_127' title='bbox 338 1807 660 1861; x_wconf 83' lang='lat' dir='ltr'><strong>honestate.</strong></span> <span class='ocrx_word' id='word_1_128' title='bbox 694 1804 751 1859; x_wconf 90' lang='lat' dir='ltr'><strong>Si</strong></span> <span class='ocrx_word' id='word_1_129' title='bbox 780 1821 914 1859; x_wconf 90' lang='lat' dir='ltr'><strong>vero</strong></span> <span class='ocrx_word' id='word_1_130' title='bbox 942 1804 1048 1876; x_wconf 88' lang='lat' dir='ltr'><strong>ipsi</strong></span> <span class='ocrx_word' id='word_1_131' title='bbox 1082 1805 1422 1876; x_wconf 86' lang='lat' dir='ltr'><strong>transgressi</strong></span> <span class='ocrx_word' id='word_1_132' title='bbox 1447 1803 1663 1858; x_wconf 84' lang='lat' dir='ltr'><strong>fuerint</strong></span> <span class='ocrx_word' id='word_1_133' title='bbox 1689 1820 1758 1858; x_wconf 89' lang='lat' dir='ltr'><strong>ea</strong></span> 
     </span>
    </p>
   </div>
   <div class='ocr_carea' id='block_1_19' title="bbox 120 1872 1835 1970">
    <p class='ocr_par' dir='ltr' id='par_1_19' title="bbox 120 1872 1835 1970">
     <span class='ocr_line' id='line_1_19' title="bbox 120 1872 1835 1970; baseline -0.001 -17"><span class='ocrx_word' id='word_1_134' title='bbox 120 1872 252 1970; x_wconf 65' lang='lat' dir='ltr'><strong>qua:</strong></span> <span class='ocrx_word' id='word_1_135' title='bbox 277 1902 409 1952; x_wconf 89' lang='lat' dir='ltr'><strong>sunt</strong></span> <span class='ocrx_word' id='word_1_136' title='bbox 433 1898 721 1966; x_wconf 89' lang='lat' dir='ltr'><strong>ordinata,</strong></span> <span class='ocrx_word' id='word_1_137' title='bbox 737 1903 794 1952; x_wconf 91' lang='lat' dir='ltr'><strong>et</strong></span> <span class='ocrx_word' id='word_1_138' title='bbox 809 1872 1186 1965; x_wconf 80' lang='lat' dir='ltr'><strong>dissimulent,</strong></span> <span class='ocrx_word' id='word_1_139' title='bbox 1219 1872 1277 1952; x_wconf 72' lang='lat' dir='ltr'><strong>et</strong></span> <span class='ocrx_word' id='word_1_140' title='bbox 1300 1914 1419 1952; x_wconf 91' lang='lat' dir='ltr'><strong>non</strong></span> <span class='ocrx_word' id='word_1_141' title='bbox 1441 1897 1753 1965; x_wconf 85' lang='lat' dir='ltr'><strong>vindicent,</strong></span> <span class='ocrx_word' id='word_1_142' title='bbox 1779 1872 1835 1943; x_wconf 80' lang='grc' dir='ltr'><strong>Β</strong></span> 
     </span>
    </p>
   </div>
   <div class='ocr_carea' id='block_1_20' title="bbox 124 1989 1757 2063">
    <p class='ocr_par' dir='ltr' id='par_1_20' title="bbox 124 1989 1757 2063">
     <span class='ocr_line' id='line_1_20' title="bbox 124 1989 1757 2063; baseline -0.002 -16"><span class='ocrx_word' id='word_1_143' title='bbox 124 1993 224 2047; x_wconf 84' lang='lat' dir='ltr'><strong>sed</strong></span> <span class='ocrx_word' id='word_1_144' title='bbox 238 1992 496 2063; x_wconf 84' lang='lat' dir='ltr'><strong>quadam</strong></span> <span class='ocrx_word' id='word_1_145' title='bbox 516 1990 782 2046; x_wconf 89' lang='lat' dir='ltr'><strong>videlicet</strong></span> <span class='ocrx_word' id='word_1_146' title='bbox 797 1991 1156 2046; x_wconf 81' lang='lat' dir='ltr'><strong>humanitate</strong></span> <span class='ocrx_word' id='word_1_147' title='bbox 1175 2008 1291 2047; x_wconf 90' lang='lat' dir='ltr'><strong>non</strong></span> <span class='ocrx_word' id='word_1_148' title='bbox 1314 1991 1583 2046; x_wconf 88' lang='lat' dir='ltr'><strong>laudabili</strong></span> <span class='ocrx_word' id='word_1_149' title='bbox 1608 1989 1757 2061; x_wconf 90' lang='lat' dir='ltr'><strong>capti</strong></span> 
     </span>
    </p>
   </div>
   <div class='ocr_carea' id='block_1_21' title="bbox 124 2083 1758 2155">
    <p class='ocr_par' dir='ltr' id='par_1_21' title="bbox 124 2083 1758 2155">
     <span class='ocr_line' id='line_1_21' title="bbox 124 2083 1758 2155; baseline -0.002 -15"><span class='ocrx_word' id='word_1_150' title='bbox 124 2085 369 2152; x_wconf 81' lang='lat' dir='ltr'><strong>fuerint,</strong></span> <span class='ocrx_word' id='word_1_151' title='bbox 416 2087 627 2155; x_wconf 70' lang='lat' dir='ltr'><strong>prmter</strong></span> <span class='ocrx_word' id='word_1_152' title='bbox 654 2085 909 2139; x_wconf 66' lang='lat' dir='ltr'><strong>caelestes</strong></span> <span class='ocrx_word' id='word_1_153' title='bbox 950 2101 1144 2155; x_wconf 77' lang='lat' dir='ltr'><strong>pcenas</strong></span> <span class='ocrx_word' id='word_1_154' title='bbox 1182 2085 1475 2139; x_wconf 89' lang='lat' dir='ltr'><strong>habebunt</strong></span> <span class='ocrx_word' id='word_1_155' title='bbox 1518 2088 1576 2138; x_wconf 91' lang='lat' dir='ltr'><strong>et</strong></span> <span class='ocrx_word' id='word_1_156' title='bbox 1604 2083 1758 2137; x_wconf 89' lang='lat' dir='ltr'><strong>illinc</strong></span> 
     </span>
    </p>
   </div>
   <div class='ocr_carea' id='block_1_22' title="bbox 123 2176 1754 2249">
    <p class='ocr_par' dir='ltr' id='par_1_22' title="bbox 123 2176 1754 2249">
     <span class='ocr_line' id='line_1_22' title="bbox 123 2176 1754 2249; baseline -0.002 -16"><span class='ocrx_word' id='word_1_157' title='bbox 123 2178 699 2244; x_wconf 89' lang='lat' dir='ltr'><strong>condemnationem,</strong></span> <span class='ocrx_word' id='word_1_158' title='bbox 732 2193 862 2248; x_wconf 80' lang='lat' dir='ltr'><strong>quae</strong></span> <span class='ocrx_word' id='word_1_159' title='bbox 888 2176 1071 2232; x_wconf 89' lang='lat' dir='ltr'><strong>illisin</strong></span> <span class='ocrx_word' id='word_1_160' title='bbox 1097 2176 1220 2249; x_wconf 90' lang='lat' dir='ltr'><strong>ipso</strong></span> <span class='ocrx_word' id='word_1_161' title='bbox 1249 2177 1350 2232; x_wconf 90' lang='lat' dir='ltr'><strong>Dei</strong></span> <span class='ocrx_word' id='word_1_162' title='bbox 1379 2181 1754 2248; x_wconf 64' lang='lat' dir='ltr'><strong>repraesenta-</strong></span> 
     </span>
    </p>
   </div>
   <div class='ocr_carea' id='block_1_23' title="bbox 122 2269 1758 2341">
    <p class='ocr_par' dir='ltr' id='par_1_23' title="bbox 122 2269 1758 2341">
     <span class='ocr_line' id='line_1_23' title="bbox 122 2269 1758 2341; baseline -0.002 -14"><span class='ocrx_word' id='word_1_163' title='bbox 122 2272 283 2326; x_wconf 91' lang='lat' dir='ltr'><strong>bitur</strong></span> <span class='ocrx_word' id='word_1_164' title='bbox 298 2270 591 2337; x_wconf 85' lang='lat' dir='ltr'><strong>tribunali,</strong></span> <span class='ocrx_word' id='word_1_165' title='bbox 605 2287 733 2341; x_wconf 70' lang='lat' dir='ltr'><strong>qua:</strong></span> <span class='ocrx_word' id='word_1_166' title='bbox 755 2269 1115 2325; x_wconf 90' lang='lat' dir='ltr'><strong>indecentem</strong></span> <span class='ocrx_word' id='word_1_167' title='bbox 1140 2270 1654 2325; x_wconf 85' lang='lat' dir='ltr'><strong>dissimulationem</strong></span> <span class='ocrx_word' id='word_1_168' title='bbox 1674 2286 1758 2324; x_wconf 90' lang='lat' dir='ltr'><strong>ar-</strong></span> 
     </span>
    </p>
   </div>
   <div class='ocr_carea' id='block_1_24' title="bbox 127 2362 1755 2436">
    <p class='ocr_par' dir='ltr' id='par_1_24' title="bbox 127 2362 1755 2436">
     <span class='ocr_line' id='line_1_24' title="bbox 127 2362 1755 2436; baseline -0.002 -17"><span class='ocrx_word' id='word_1_169' title='bbox 127 2369 267 2436; x_wconf 87' lang='lat' dir='ltr'><strong>guet</strong></span> <span class='ocrx_word' id='word_1_170' title='bbox 293 2369 353 2418; x_wconf 92' lang='lat' dir='ltr'><strong>et</strong></span> <span class='ocrx_word' id='word_1_171' title='bbox 386 2362 714 2419; x_wconf 84' lang='lat' dir='ltr'><strong>vindicabit.</strong></span> <span class='ocrx_word' id='word_1_172' title='bbox 753 2363 808 2418; x_wconf 92' lang='lat' dir='ltr'><strong>Si</strong></span> <span class='ocrx_word' id='word_1_173' title='bbox 851 2379 996 2429; x_wconf 47' lang='lat' dir='ltr'><strong>vero,</strong></span> <span class='ocrx_word' id='word_1_174' title='bbox 1030 2367 1087 2417; x_wconf 88' lang='lat' dir='ltr'><strong>et</strong></span> <span class='ocrx_word' id='word_1_175' title='bbox 1119 2363 1323 2435; x_wconf 88' lang='lat' dir='ltr'><strong>aliquis</strong></span> <span class='ocrx_word' id='word_1_176' title='bbox 1357 2362 1608 2417; x_wconf 89' lang='lat' dir='ltr'><strong>civilium</strong></span> <span class='ocrx_word' id='word_1_177' title='bbox 1638 2378 1755 2416; x_wconf 92' lang='lat' dir='ltr'><strong>ma-</strong></span> 
     </span>
    </p>
   </div>
   <div class='ocr_carea' id='block_1_25' title="bbox 126 2455 1761 2529">
    <p class='ocr_par' dir='ltr' id='par_1_25' title="bbox 126 2455 1761 2529">
     <span class='ocr_line' id='line_1_25' title="bbox 126 2455 1761 2529; baseline -0.001 -18"><span class='ocrx_word' id='word_1_178' title='bbox 126 2458 474 2529; x_wconf 85' lang='lat' dir='ltr'><strong>gistratuum</strong></span> <span class='ocrx_word' id='word_1_179' title='bbox 504 2457 928 2527; x_wconf 88' lang='lat' dir='ltr'><strong>majorum,aut</strong></span> <span class='ocrx_word' id='word_1_180' title='bbox 947 2456 1258 2524; x_wconf 88' lang='lat' dir='ltr'><strong>minorum,</strong></span> <span class='ocrx_word' id='word_1_181' title='bbox 1288 2455 1761 2522; x_wconf 83' lang='lat' dir='ltr'><strong>ofﬁcialium,aut</strong></span> 
     </span>
    </p>
   </div>
   <div class='ocr_carea' id='block_1_26' title="bbox 127 2548 1757 2620">
    <p class='ocr_par' dir='ltr' id='par_1_26' title="bbox 127 2548 1757 2620">
     <span class='ocr_line' id='line_1_26' title="bbox 127 2548 1757 2620; baseline -0.002 -14"><span class='ocrx_word' id='word_1_182' title='bbox 127 2552 524 2618; x_wconf 86' lang='lat' dir='ltr'><strong>defensorum,</strong></span> <span class='ocrx_word' id='word_1_183' title='bbox 554 2553 671 2619; x_wconf 90' lang='lat' dir='ltr'><strong>aut,</strong></span> <span class='ocrx_word' id='word_1_184' title='bbox 696 2565 829 2604; x_wconf 91' lang='lat' dir='ltr'><strong>cum</strong></span> <span class='ocrx_word' id='word_1_185' title='bbox 861 2550 981 2604; x_wconf 71' lang='lat' dir='ltr'><strong>haec</strong></span> <span class='ocrx_word' id='word_1_186' title='bbox 1011 2549 1295 2616; x_wconf 86' lang='lat' dir='ltr'><strong>didicerit,</strong></span> <span class='ocrx_word' id='word_1_187' title='bbox 1331 2566 1447 2605; x_wconf 90' lang='lat' dir='ltr'><strong>non</strong></span> <span class='ocrx_word' id='word_1_188' title='bbox 1463 2548 1757 2620; x_wconf 88' lang='lat' dir='ltr'><strong>judicave-</strong></span> 
     </span>
    </p>
   </div>
   <div class='ocr_carea' id='block_1_27' title="bbox 127 2643 1760 2713">
    <p class='ocr_par' dir='ltr' id='par_1_27' title="bbox 127 2643 1760 2713">
     <span class='ocr_line' id='line_1_27' title="bbox 127 2643 1760 2713; baseline -0.003 -13"><span class='ocrx_word' id='word_1_189' title='bbox 127 2646 221 2713; x_wconf 90' lang='lat' dir='ltr'><strong>rit,</strong></span> <span class='ocrx_word' id='word_1_190' title='bbox 246 2647 368 2712; x_wconf 88' lang='lat' dir='ltr'><strong>aut,</strong></span> <span class='ocrx_word' id='word_1_191' title='bbox 401 2659 532 2699; x_wconf 90' lang='lat' dir='ltr'><strong>cum</strong></span> <span class='ocrx_word' id='word_1_192' title='bbox 568 2643 858 2697; x_wconf 88' lang='lat' dir='ltr'><strong>vindicare</strong></span> <span class='ocrx_word' id='word_1_193' title='bbox 888 2643 1106 2709; x_wconf 84' lang='lat' dir='ltr'><strong>liceret,</strong></span> <span class='ocrx_word' id='word_1_194' title='bbox 1141 2643 1477 2713; x_wconf 83' lang='lat' dir='ltr'><strong>neglexerit,</strong></span> <span class='ocrx_word' id='word_1_195' title='bbox 1510 2646 1609 2696; x_wconf 92' lang='lat' dir='ltr'><strong>aut</strong></span> <span class='ocrx_word' id='word_1_196' title='bbox 1635 2658 1760 2696; x_wconf 88' lang='lat' dir='ltr'><strong>rem</strong></span> 
     </span>
    </p>
   </div>
   <div class='ocr_carea' id='block_1_28' title="bbox 128 2734 1761 2808">
    <p class='ocr_par' dir='ltr' id='par_1_28' title="bbox 128 2734 1761 2808">
     <span class='ocr_line' id='line_1_28' title="bbox 128 2734 1761 2808; baseline -0.002 -17"><span class='ocrx_word' id='word_1_197' title='bbox 128 2738 400 2792; x_wconf 87' lang='lat' dir='ltr'><strong>mercede</strong></span> <span class='ocrx_word' id='word_1_198' title='bbox 420 2736 756 2808; x_wconf 86' lang='lat' dir='ltr'><strong>prodiderit,</strong></span> <span class='ocrx_word' id='word_1_199' title='bbox 782 2736 924 2791; x_wconf 88' lang='lat' dir='ltr'><strong>sciat</strong></span> <span class='ocrx_word' id='word_1_200' title='bbox 942 2735 1117 2807; x_wconf 92' lang='lat' dir='ltr'><strong>quod,</strong></span> <span class='ocrx_word' id='word_1_201' title='bbox 1141 2741 1351 2807; x_wconf 80' lang='lat' dir='ltr'><strong>praeter</strong></span> <span class='ocrx_word' id='word_1_202' title='bbox 1364 2734 1761 2789; x_wconf 88' lang='lat' dir='ltr'><strong>interminatas</strong></span> 
     </span>
    </p>
   </div>
   <div class='ocr_carea' id='block_1_29' title="bbox 128 2833 1763 2906">
    <p class='ocr_par' dir='ltr' id='par_1_29' title="bbox 128 2833 1763 2906">
     <span class='ocr_line' id='line_1_29' title="bbox 128 2833 1763 2906; baseline -0.003 -16"><span class='ocrx_word' id='word_1_203' title='bbox 128 2853 163 2890; x_wconf 89' lang='lat' dir='ltr'><strong>a</strong></span> <span class='ocrx_word' id='word_1_204' title='bbox 188 2835 356 2890; x_wconf 89' lang='lat' dir='ltr'><strong>nobis</strong></span> <span class='ocrx_word' id='word_1_205' title='bbox 375 2850 594 2906; x_wconf 63' lang='lat' dir='ltr'><strong>poenas,</strong></span> <span class='ocrx_word' id='word_1_206' title='bbox 610 2834 844 2889; x_wconf 89' lang='lat' dir='ltr'><strong>habebit</strong></span> <span class='ocrx_word' id='word_1_207' title='bbox 870 2838 929 2888; x_wconf 89' lang='lat' dir='ltr'><strong>et</strong></span> <span class='ocrx_word' id='word_1_208' title='bbox 948 2850 983 2888; x_wconf 93' lang='lat' dir='ltr'><strong>a</strong></span> <span class='ocrx_word' id='word_1_209' title='bbox 1011 2833 1261 2888; x_wconf 86' lang='lat' dir='ltr'><strong>maximo</strong></span> <span class='ocrx_word' id='word_1_210' title='bbox 1288 2834 1405 2888; x_wconf 93' lang='lat' dir='ltr'><strong>Deo</strong></span> <span class='ocrx_word' id='word_1_211' title='bbox 1429 2838 1624 2888; x_wconf 91' lang='lat' dir='ltr'><strong>nostro</strong></span> <span class='ocrx_word' id='word_1_212' title='bbox 1650 2849 1763 2903; x_wconf 82' lang='lat' dir='ltr'><strong>poe-</strong></span> 
     </span>
    </p>
   </div>
   <div class='ocr_carea' id='block_1_30' title="bbox 133 2925 1762 2999">
    <p class='ocr_par' dir='ltr' id='par_1_30' title="bbox 133 2925 1762 2999">
     <span class='ocr_line' id='line_1_30' title="bbox 133 2925 1762 2999; baseline -0.002 -16"><span class='ocrx_word' id='word_1_213' title='bbox 133 2946 262 2984; x_wconf 89' lang='lat' dir='ltr'><strong>nam</strong></span> <span class='ocrx_word' id='word_1_214' title='bbox 307 2931 667 2999; x_wconf 88' lang='lat' dir='ltr'><strong>sequentem,</strong></span> <span class='ocrx_word' id='word_1_215' title='bbox 707 2930 765 2983; x_wconf 90' lang='lat' dir='ltr'><strong>et</strong></span> <span class='ocrx_word' id='word_1_216' title='bbox 791 2927 1069 2982; x_wconf 78' lang='lat' dir='ltr'><strong>obnoxius</strong></span> <span class='ocrx_word' id='word_1_217' title='bbox 1122 2927 1232 2982; x_wconf 89' lang='lat' dir='ltr'><strong>erit</strong></span> <span class='ocrx_word' id='word_1_218' title='bbox 1280 2925 1762 2981; x_wconf 80' lang='lat' dir='ltr'><strong>exsecrationibus</strong></span> 
     </span>
    </p>
   </div>
   <div class='ocr_carea' id='block_1_31' title="bbox 133 3017 1766 3092">
    <p class='ocr_par' dir='ltr' id='par_1_31' title="bbox 133 3017 1766 3092">
     <span class='ocr_line' id='line_1_31' title="bbox 133 3017 1766 3092; baseline -0.003 -15"><span class='ocrx_word' id='word_1_219' title='bbox 133 3021 407 3077; x_wconf 89' lang='lat' dir='ltr'><strong>omnibus</strong></span> <span class='ocrx_word' id='word_1_220' title='bbox 435 3037 563 3092; x_wconf 83' lang='lat' dir='ltr'><strong>quae</strong></span> <span class='ocrx_word' id='word_1_221' title='bbox 592 3020 765 3076; x_wconf 86' lang='lat' dir='ltr'><strong>sacris</strong></span> <span class='ocrx_word' id='word_1_222' title='bbox 791 3020 1160 3077; x_wconf 89' lang='lat' dir='ltr'><strong>continentur</strong></span> <span class='ocrx_word' id='word_1_223' title='bbox 1182 3020 1357 3075; x_wconf 88' lang='lat' dir='ltr'><strong>libris.</strong></span> <span class='ocrx_word' id='word_1_224' title='bbox 1382 3017 1500 3091; x_wconf 86' lang='lat'><strong>—§</strong></span> <span class='ocrx_word' id='word_1_225' title='bbox 1526 3024 1579 3073; x_wconf 90' lang='lat'><strong>7.</strong></span> <span class='ocrx_word' id='word_1_226' title='bbox 1608 3018 1766 3074; x_wconf 87' lang='lat' dir='ltr'><strong>Sicut</strong></span> 
     </span>
    </p>
   </div>
   <div class='ocr_carea' id='block_1_32' title="bbox 130 3111 1763 3185">
    <p class='ocr_par' dir='ltr' id='par_1_32' title="bbox 130 3111 1763 3185">
     <span class='ocr_line' id='line_1_32' title="bbox 130 3111 1763 3185; baseline -0.003 -15"><span class='ocrx_word' id='word_1_227' title='bbox 130 3120 329 3171; x_wconf 82' lang='lat' dir='ltr'><strong>autem</strong></span> <span class='ocrx_word' id='word_1_228' title='bbox 380 3115 502 3170; x_wconf 57' lang='lat' dir='ltr'><strong>base</strong></span> <span class='ocrx_word' id='word_1_229' title='bbox 544 3114 709 3169; x_wconf 88' lang='lat' dir='ltr'><strong>nobis</strong></span> <span class='ocrx_word' id='word_1_230' title='bbox 748 3115 819 3169; x_wconf 93' lang='lat' dir='ltr'><strong>ob</strong></span> <span class='ocrx_word' id='word_1_231' title='bbox 849 3114 993 3169; x_wconf 90' lang='lat' dir='ltr'><strong>nihil</strong></span> <span class='ocrx_word' id='word_1_232' title='bbox 1037 3113 1189 3169; x_wconf 91' lang='lat' dir='ltr'><strong>aliud</strong></span> <span class='ocrx_word' id='word_1_233' title='bbox 1237 3130 1409 3185; x_wconf 90' lang='lat' dir='ltr'><strong>quam</strong></span> <span class='ocrx_word' id='word_1_234' title='bbox 1437 3113 1509 3168; x_wconf 91' lang='lat' dir='ltr'><strong>ob</strong></span> <span class='ocrx_word' id='word_1_235' title='bbox 1536 3111 1763 3167; x_wconf 89' lang='lat' dir='ltr'><strong>Domini</strong></span> 
     </span>
    </p>
   </div>
   <div class='ocr_carea' id='block_1_33' title="bbox 130 3205 1761 3277">
    <p class='ocr_par' dir='ltr' id='par_1_33' title="bbox 130 3205 1761 3277">
     <span class='ocr_line' id='line_1_33' title="bbox 130 3205 1761 3277; baseline -0.004 -12"><span class='ocrx_word' id='word_1_236' title='bbox 130 3209 353 3265; x_wconf 73' lang='lat' dir='ltr'><strong>sancite</strong></span> <span class='ocrx_word' id='word_1_237' title='bbox 381 3213 514 3263; x_wconf 89' lang='lat' dir='ltr'><strong>sunt</strong></span> <span class='ocrx_word' id='word_1_238' title='bbox 541 3207 780 3275; x_wconf 89' lang='lat' dir='ltr'><strong>cultum,</strong></span> <span class='ocrx_word' id='word_1_239' title='bbox 799 3208 877 3263; x_wconf 90' lang='lat' dir='ltr'><strong>sic</strong></span> <span class='ocrx_word' id='word_1_240' title='bbox 907 3212 964 3262; x_wconf 92' lang='lat' dir='ltr'><strong>et</strong></span> <span class='ocrx_word' id='word_1_241' title='bbox 990 3209 1097 3263; x_wconf 89' lang='lat' dir='ltr'><strong>hoc</strong></span> <span class='ocrx_word' id='word_1_242' title='bbox 1124 3207 1409 3275; x_wconf 89' lang='lat' dir='ltr'><strong>addimus,</strong></span> <span class='ocrx_word' id='word_1_243' title='bbox 1434 3209 1497 3261; x_wconf 91' lang='lat' dir='ltr'><strong>ut</strong></span> <span class='ocrx_word' id='word_1_244' title='bbox 1525 3205 1761 3277; x_wconf 89' lang='lat' dir='ltr'><strong>inquisi-</strong></span> 
     </span>
    </p>
   </div>
   <div class='ocr_carea' id='block_1_34' title="bbox 131 3299 1761 3373">
    <p class='ocr_par' dir='ltr' id='par_1_34' title="bbox 131 3299 1761 3373">
     <span class='ocr_line' id='line_1_34' title="bbox 131 3299 1761 3373; baseline -0.003 -15"><span class='ocrx_word' id='word_1_245' title='bbox 131 3304 317 3358; x_wconf 89' lang='lat' dir='ltr'><strong>tiones</strong></span> <span class='ocrx_word' id='word_1_246' title='bbox 361 3318 492 3357; x_wconf 90' lang='lat' dir='ltr'><strong>cum</strong></span> <span class='ocrx_word' id='word_1_247' title='bbox 533 3317 759 3356; x_wconf 87' lang='lat' dir='ltr'><strong>summa</strong></span> <span class='ocrx_word' id='word_1_248' title='bbox 800 3301 1099 3373; x_wconf 86' lang='lat' dir='ltr'><strong>diligentia</strong></span> <span class='ocrx_word' id='word_1_249' title='bbox 1131 3302 1292 3368; x_wconf 82' lang='lat' dir='ltr'><strong>ﬁant,</strong></span> <span class='ocrx_word' id='word_1_250' title='bbox 1326 3304 1382 3356; x_wconf 84' lang='lat' dir='ltr'><strong>et</strong></span> <span class='ocrx_word' id='word_1_251' title='bbox 1412 3316 1485 3354; x_wconf 91' lang='lat' dir='ltr'><strong>ne</strong></span> <span class='ocrx_word' id='word_1_252' title='bbox 1514 3299 1641 3371; x_wconf 91' lang='lat' dir='ltr'><strong>quis</strong></span> <span class='ocrx_word' id='word_1_253' title='bbox 1671 3316 1761 3353; x_wconf 88' lang='lat' dir='ltr'><strong>ca-</strong></span> 
     </span>
    </p>
   </div>
   <div class='ocr_carea' id='block_1_35' title="bbox 128 3394 1762 3466">
    <p class='ocr_par' dir='ltr' id='par_1_35' title="bbox 128 3394 1762 3466">
     <span class='ocr_line' id='line_1_35' title="bbox 128 3394 1762 3466; baseline -0.004 -14"><span class='ocrx_word' id='word_1_254' title='bbox 128 3396 447 3452; x_wconf 88' lang='lat' dir='ltr'><strong>lumniator</strong></span> <span class='ocrx_word' id='word_1_255' title='bbox 465 3395 730 3466; x_wconf 88' lang='lat' dir='ltr'><strong>insurgat</strong></span> <span class='ocrx_word' id='word_1_256' title='bbox 754 3394 814 3450; x_wconf 91' lang='lat' dir='ltr'><strong>in</strong></span> <span class='ocrx_word' id='word_1_257' title='bbox 836 3395 1061 3466; x_wconf 88' lang='lat' dir='ltr'><strong>aliquos</strong></span> <span class='ocrx_word' id='word_1_258' title='bbox 1086 3398 1186 3449; x_wconf 89' lang='lat' dir='ltr'><strong>aut</strong></span> <span class='ocrx_word' id='word_1_259' title='bbox 1211 3395 1356 3449; x_wconf 86' lang='lat' dir='ltr'><strong>falso</strong></span> <span class='ocrx_word' id='word_1_260' title='bbox 1377 3395 1762 3459; x_wconf 88' lang='lat' dir='ltr'><strong>accusaturus,</strong></span> 
     </span>
    </p>
   </div>
   <div class='ocr_carea' id='block_1_36' title="bbox 127 3484 1767 3551">
    <p class='ocr_par' dir='ltr' id='par_1_36' title="bbox 127 3484 1767 3551">
     <span class='ocr_line' id='line_1_36' title="bbox 127 3484 1767 3551; baseline -0.003 -7"><span class='ocrx_word' id='word_1_261' title='bbox 127 3494 231 3545; x_wconf 90' lang='lat' dir='ltr'><strong>aut</strong></span> <span class='ocrx_word' id='word_1_262' title='bbox 258 3488 466 3544; x_wconf 81' lang='lat' dir='ltr'><strong>falsum</strong></span> <span class='ocrx_word' id='word_1_263' title='bbox 499 3488 893 3543; x_wconf 89' lang='lat' dir='ltr'><strong>testimonium</strong></span> <span class='ocrx_word' id='word_1_264' title='bbox 922 3489 1142 3542; x_wconf 88' lang='lat' dir='ltr'><strong>laturus</strong></span> <span class='ocrx_word' id='word_1_265' title='bbox 1168 3486 1255 3541; x_wconf 91' lang='lat' dir='ltr'><strong>his</strong></span> <span class='ocrx_word' id='word_1_266' title='bbox 1282 3487 1354 3541; x_wconf 91' lang='lat' dir='ltr'><strong>de</strong></span> <span class='ocrx_word' id='word_1_267' title='bbox 1384 3486 1588 3551; x_wconf 88' lang='lat' dir='ltr'><strong>rebus;</strong></span> <span class='ocrx_word' id='word_1_268' title='bbox 1623 3484 1767 3539; x_wconf 89' lang='lat' dir='ltr'><strong>sicut</strong></span> 
     </span>
    </p>
   </div>
   <div class='ocr_carea' id='block_1_37' title="bbox 127 3578 1762 3653">
    <p class='ocr_par' dir='ltr' id='par_1_37' title="bbox 127 3578 1762 3653">
     <span class='ocr_line' id='line_1_37' title="bbox 127 3578 1762 3653; baseline -0.004 -15"><span class='ocrx_word' id='word_1_269' title='bbox 127 3583 288 3638; x_wconf 90' lang='lat' dir='ltr'><strong>enim</strong></span> <span class='ocrx_word' id='word_1_270' title='bbox 318 3581 729 3648; x_wconf 87' lang='lat' dir='ltr'><strong>sacerdotibus,</strong></span> <span class='ocrx_word' id='word_1_271' title='bbox 760 3581 808 3636; x_wconf 91' lang='lat' dir='ltr'><strong>si</strong></span> <span class='ocrx_word' id='word_1_272' title='bbox 835 3580 981 3653; x_wconf 84' lang='lat' dir='ltr'><strong>quid</strong></span> <span class='ocrx_word' id='word_1_273' title='bbox 1004 3581 1115 3635; x_wconf 87' lang='lat' dir='ltr'><strong>tale</strong></span> <span class='ocrx_word' id='word_1_274' title='bbox 1137 3578 1380 3651; x_wconf 89' lang='lat' dir='ltr'><strong>egerint,</strong></span> <span class='ocrx_word' id='word_1_275' title='bbox 1410 3580 1553 3633; x_wconf 88' lang='lat' dir='ltr'><strong>tales</strong></span> <span class='ocrx_word' id='word_1_276' title='bbox 1577 3578 1762 3649; x_wconf 91' lang='lat' dir='ltr'><strong>impo-</strong></span> 
     </span>
    </p>
   </div>
   <div class='ocr_carea' id='block_1_38' title="bbox 127 3672 1766 3746">
    <p class='ocr_par' dir='ltr' id='par_1_38' title="bbox 127 3672 1766 3746">
     <span class='ocr_line' id='line_1_38' title="bbox 127 3672 1766 3746; baseline -0.004 -14"><span class='ocrx_word' id='word_1_277' title='bbox 127 3677 354 3732; x_wconf 90' lang='lat' dir='ltr'><strong>suimus</strong></span> <span class='ocrx_word' id='word_1_278' title='bbox 377 3692 592 3746; x_wconf 84' lang='lat' dir='ltr'><strong>poenas,</strong></span> <span class='ocrx_word' id='word_1_279' title='bbox 614 3675 694 3729; x_wconf 88' lang='lat' dir='ltr'><strong>ita</strong></span> <span class='ocrx_word' id='word_1_280' title='bbox 715 3678 773 3729; x_wconf 91' lang='lat' dir='ltr'><strong>et</strong></span> <span class='ocrx_word' id='word_1_281' title='bbox 798 3674 886 3728; x_wconf 91' lang='lat' dir='ltr'><strong>his</strong></span> <span class='ocrx_word' id='word_1_282' title='bbox 912 3674 1010 3745; x_wconf 90' lang='lat' dir='ltr'><strong>qui</strong></span> <span class='ocrx_word' id='word_1_283' title='bbox 1039 3673 1374 3728; x_wconf 88' lang='lat' dir='ltr'><strong>calumniari</strong></span> <span class='ocrx_word' id='word_1_284' title='bbox 1402 3672 1552 3743; x_wconf 90' lang='lat' dir='ltr'><strong>ipsos</strong></span> <span class='ocrx_word' id='word_1_285' title='bbox 1585 3674 1766 3726; x_wconf 86' lang='lat' dir='ltr'><strong>tenta-</strong></span> 
     </span>
    </p>
   </div>
   <div class='ocr_carea' id='block_1_39' title="bbox 130 3765 1768 3838">
    <p class='ocr_par' dir='ltr' id='par_1_39' title="bbox 130 3765 1768 3838">
     <span class='ocr_line' id='line_1_39' title="bbox 130 3765 1768 3838; baseline -0.003 -15"><span class='ocrx_word' id='word_1_286' title='bbox 130 3770 266 3838; x_wconf 86' lang='lat' dir='ltr'><strong>rint,</strong></span> <span class='ocrx_word' id='word_1_287' title='bbox 291 3786 362 3823; x_wconf 82' lang='lat' dir='ltr'><strong>ex</strong></span> <span class='ocrx_word' id='word_1_288' title='bbox 388 3768 529 3823; x_wconf 70' lang='lat' dir='ltr'><strong>casio</strong></span> <span class='ocrx_word' id='word_1_289' title='bbox 559 3772 615 3822; x_wconf 88' lang='lat' dir='ltr'><strong>et</strong></span> <span class='ocrx_word' id='word_1_290' title='bbox 640 3767 861 3838; x_wconf 91' lang='lat' dir='ltr'><strong>legibus</strong></span> <span class='ocrx_word' id='word_1_291' title='bbox 887 3766 1095 3821; x_wconf 84' lang='lat' dir='ltr'><strong>nostris</strong></span> <span class='ocrx_word' id='word_1_292' title='bbox 1120 3782 1320 3838; x_wconf 68' lang='lat' dir='ltr'><strong>poenas</strong></span> <span class='ocrx_word' id='word_1_293' title='bbox 1346 3765 1648 3820; x_wconf 78' lang='lat' dir='ltr'><strong>imminere</strong></span> <span class='ocrx_word' id='word_1_294' title='bbox 1675 3779 1768 3818; x_wconf 91' lang='lat' dir='ltr'><strong>vo-</strong></span> 
     </span>
    </p>
   </div>
   <div class='ocr_carea' id='block_1_40' title="bbox 129 3858 1763 3931">
    <p class='ocr_par' dir='ltr' id='par_1_40' title="bbox 129 3858 1763 3931">
     <span class='ocr_line' id='line_1_40' title="bbox 129 3858 1763 3931; baseline -0.004 -14"><span class='ocrx_word' id='word_1_295' title='bbox 129 3864 345 3928; x_wconf 88' lang='lat' dir='ltr'><strong>lumus,</strong></span> <span class='ocrx_word' id='word_1_296' title='bbox 395 3862 462 3928; x_wconf 91' lang='lat' dir='ltr'><strong>si,</strong></span> <span class='ocrx_word' id='word_1_297' title='bbox 506 3860 867 3916; x_wconf 88' lang='lat' dir='ltr'><strong>accusatione</strong></span> <span class='ocrx_word' id='word_1_298' title='bbox 916 3863 1117 3931; x_wconf 72' lang='lat' dir='ltr'><strong>empta,</strong></span> <span class='ocrx_word' id='word_1_299' title='bbox 1165 3876 1261 3914; x_wconf 90' lang='lat' dir='ltr'><strong>seu</strong></span> <span class='ocrx_word' id='word_1_300' title='bbox 1302 3858 1763 3924; x_wconf 86' lang='lat' dir='ltr'><strong>annuntiatione,</strong></span> 
     </span>
    </p>
   </div>
   <div class='ocr_carea' id='block_1_41' title="bbox 131 3949 1768 4027">
    <p class='ocr_par' dir='ltr' id='par_1_41' title="bbox 131 3949 1768 4027">
     <span class='ocr_line' id='line_1_41' title="bbox 131 3949 1768 4027; baseline -0.004 -17"><span class='ocrx_word' id='word_1_301' title='bbox 131 3958 236 4010; x_wconf 88' lang='lat' dir='ltr'><strong>aut</strong></span> <span class='ocrx_word' id='word_1_302' title='bbox 244 3954 841 4027; x_wconf 89' lang='lat' dir='ltr'><strong>persequinoluerint,</strong></span> <span class='ocrx_word' id='word_1_303' title='bbox 857 3956 957 4009; x_wconf 88' lang='lat' dir='ltr'><strong>aut</strong></span> <span class='ocrx_word' id='word_1_304' title='bbox 973 3952 1414 4025; x_wconf 85' lang='lat' dir='ltr'><strong>perseverarein</strong></span> <span class='ocrx_word' id='word_1_305' title='bbox 1435 3949 1768 4022; x_wconf 89' lang='lat' dir='ltr'><strong>hujusmodi</strong></span> 
     </span>
    </p>
   </div>
   <div class='ocr_carea' id='block_1_42' title="bbox 130 4044 1765 4119">
    <p class='ocr_par' dir='ltr' id='par_1_42' title="bbox 130 4044 1765 4119">
     <span class='ocr_line' id='line_1_42' title="bbox 130 4044 1765 4119; baseline -0.004 -15"><span class='ocrx_word' id='word_1_306' title='bbox 130 4048 587 4104; x_wconf 88' lang='lat' dir='ltr'><strong>accusationibus</strong></span> <span class='ocrx_word' id='word_1_307' title='bbox 638 4065 755 4103; x_wconf 93' lang='lat' dir='ltr'><strong>non</strong></span> <span class='ocrx_word' id='word_1_308' title='bbox 804 4047 1146 4119; x_wconf 88' lang='lat' dir='ltr'><strong>quieverint.</strong></span> <span class='ocrx_word' id='word_1_309' title='bbox 1190 4048 1255 4101; x_wconf 93' lang='lat' dir='ltr'><strong>D.</strong></span> <span class='ocrx_word' id='word_1_310' title='bbox 1298 4047 1389 4101; x_wconf 85' lang='lat' dir='ltr'><strong>Pr.</strong></span> <span class='ocrx_word' id='word_1_311' title='bbox 1427 4046 1573 4100; x_wconf 91' lang='lat' dir='ltr'><strong>Non.</strong></span> <span class='ocrx_word' id='word_1_312' title='bbox 1606 4044 1765 4113; x_wconf 92' lang='lat' dir='ltr'><strong>Nov.,</strong></span> 
     </span>
    </p>
   </div>
   <div class='ocr_carea' id='block_1_43' title="bbox 130 4138 1766 4211">
    <p class='ocr_par' dir='ltr' id='par_1_43' title="bbox 130 4138 1766 4211">
     <span class='ocr_line' id='line_1_43' title="bbox 130 4138 1766 4211; baseline -0.004 -12"><span class='ocrx_word' id='word_1_313' title='bbox 130 4146 193 4199; x_wconf 91' lang='lat' dir='ltr'><strong>C.</strong></span> <span class='ocrx_word' id='word_1_314' title='bbox 224 4143 318 4211; x_wconf 87' lang='lat' dir='ltr'><strong>P.,</strong></span> <span class='ocrx_word' id='word_1_315' title='bbox 371 4141 693 4198; x_wconf 76' lang='lat' dir='ltr'><strong>Iustiniano</strong></span> <span class='ocrx_word' id='word_1_316' title='bbox 740 4143 800 4197; x_wconf 86' lang='lat' dir='ltr'><strong>P.</strong></span> <span class='ocrx_word' id='word_1_317' title='bbox 851 4142 912 4195; x_wconf 88' lang='lat' dir='ltr'><strong>P.</strong></span> <span class='ocrx_word' id='word_1_318' title='bbox 968 4142 1034 4196; x_wconf 82' lang='lat' dir='ltr'><strong>A.</strong></span> <span class='ocrx_word' id='word_1_319' title='bbox 1088 4156 1143 4196; x_wconf 78' lang='lat' dir='ltr'><strong>1v</strong></span> <span class='ocrx_word' id='word_1_320' title='bbox 1195 4142 1255 4195; x_wconf 91' lang='lat' dir='ltr'><strong>et</strong></span> <span class='ocrx_word' id='word_1_321' title='bbox 1305 4138 1545 4194; x_wconf 92' lang='lat' dir='ltr'><strong>Paulino</strong></span> <span class='ocrx_word' id='word_1_322' title='bbox 1600 4153 1654 4193; x_wconf 86' lang='lat' dir='ltr'><strong>v.</strong></span> <span class='ocrx_word' id='word_1_323' title='bbox 1716 4154 1766 4193; x_wconf 91' lang='lat' dir='ltr'><strong>c.</strong></span> 
     </span>
    </p>
   </div>
   <div class='ocr_carea' id='block_1_44' title="bbox 130 4235 431 4291">
    <p class='ocr_par' dir='ltr' id='par_1_44' title="bbox 130 4235 431 4291">
     <span class='ocr_line' id='line_1_44' title="bbox 130 4235 431 4291; baseline 0.003 -1"><span class='ocrx_word' id='word_1_324' title='bbox 130 4253 276 4291; x_wconf 87' lang='lat' dir='ltr'><strong>coss.</strong></span> <span class='ocrx_word' id='word_1_325' title='bbox 307 4235 431 4291; x_wconf 80' lang='grc'><strong>543.</strong></span> 
     </span>
    </p>
   </div>
   <div class='ocr_carea' id='block_1_45' title="bbox 674 4415 1249 4494">
    <p class='ocr_par' dir='ltr' id='par_1_45' title="bbox 674 4415 1249 4494">
     <span class='ocr_line' id='line_1_45' title="bbox 674 4415 1249 4494; baseline -0.003 -14"><span class='ocrx_word' id='word_1_326' title='bbox 674 4416 825 4480; x_wconf 89' lang='lat' dir='ltr'><strong>LIB.</strong></span> <span class='ocrx_word' id='word_1_327' title='bbox 875 4416 932 4494; x_wconf 90' lang='grc' dir='ltr'>Ι,</span> <span class='ocrx_word' id='word_1_328' title='bbox 978 4415 1129 4481; x_wconf 92' lang='grc' dir='ltr'><strong>ΤΙΤ.</strong></span> <span class='ocrx_word' id='word_1_329' title='bbox 1175 4416 1249 4482; x_wconf 76' lang='grc' dir='ltr'><strong>ν.</strong></span> 
     </span>
    </p>
   </div>
   <div class='ocr_carea' id='block_1_46' title="bbox 381 4521 1555 4577">
    <p class='ocr_par' dir='ltr' id='par_1_46' title="bbox 381 4521 1555 4577">
     <span class='ocr_line' id='line_1_46' title="bbox 381 4521 1555 4577; baseline -0.001 -2"><span class='ocrx_word' id='word_1_330' title='bbox 381 4522 457 4575; x_wconf 83' lang='lat' dir='ltr'><strong>De</strong></span> <span class='ocrx_word' id='word_1_331' title='bbox 482 4521 742 4576; x_wconf 71' lang='lat' dir='ltr'><strong>haereticis</strong></span> <span class='ocrx_word' id='word_1_332' title='bbox 762 4524 813 4576; x_wconf 81' lang='lat' dir='ltr'><strong>et</strong></span> <span class='ocrx_word' id='word_1_333' title='bbox 837 4521 1146 4575; x_wconf 72' lang='lat' dir='ltr'><strong>manichwis</strong></span> <span class='ocrx_word' id='word_1_334' title='bbox 1172 4524 1225 4576; x_wconf 83' lang='lat' dir='ltr'><strong>et</strong></span> <span class='ocrx_word' id='word_1_335' title='bbox 1245 4521 1555 4577; x_wconf 81' lang='lat' dir='ltr'><strong>Samaritis.</strong></span> 
     </span>
    </p>
   </div>
   <div class='ocr_carea' id='block_1_47' title="bbox 846 4702 1084 4757">
    <p class='ocr_par' dir='ltr' id='par_1_47' title="bbox 846 4702 1084 4757">
     <span class='ocr_line' id='line_1_47' title="bbox 846 4702 1084 4757; baseline -0.004 0"><span class='ocrx_word' id='word_1_336' title='bbox 846 4702 972 4757; x_wconf 87' lang='lat' dir='ltr'><strong>LEX</strong></span> <span class='ocrx_word' id='word_1_337' title='bbox 999 4702 1084 4756; x_wconf 87' lang='lat' dir='ltr'><strong>XI.</strong></span> 
     </span>
    </p>
   </div>
   <div class='ocr_carea' id='block_1_48' title="bbox 234 4790 1686 4921">
    <p class='ocr_par' dir='ltr' id='par_1_48' title="bbox 234 4790 1686 4921">
     <span class='ocr_line' id='line_1_48' title="bbox 234 4790 1686 4921; baseline -0.004 -73"><span class='ocrx_word' id='word_1_338' title='bbox 234 4799 426 4848; x_wconf 74' lang='lat' dir='ltr'><strong>Graeca</strong></span> <span class='ocrx_word' id='word_1_339' title='bbox 450 4794 751 4846; x_wconf 74' lang='lat' dir='ltr'><strong>constitutio</strong></span> <span class='ocrx_word' id='word_1_340' title='bbox 776 4793 1070 4921; x_wconf 60' lang='grc' dir='ltr'><strong>11ηέςῖιείἱὲ</strong></span> <span class='ocrx_word' id='word_1_341' title='bbox 1093 4790 1522 4863; x_wconf 86' lang='lat' dir='ltr'><strong>aut_Justiniani.</strong></span> <span class='ocrx_word' id='word_1_342' title='bbox 1553 4790 1686 4855; x_wconf 85' lang='lat' dir='ltr'><strong>Ejus</strong></span> 
     </span>
     <span class='ocr_line' id='line_1_49' title="bbox 913 4870 1086 4907; baseline -0.017 0"><span class='ocrx_word' id='word_1_343' title='bbox 913 4871 931 4906; x_wconf 77' lang='grc' dir='ltr'><strong><em>ι</em></strong></span> <span class='ocrx_word' id='word_1_344' title='bbox 955 4870 1038 4907; x_wconf 88' lang='lat' dir='ltr'><strong>om</strong></span> <span class='ocrx_word' id='word_1_345' title='bbox 1073 4890 1086 4903; x_wconf 94' lang='lat'><strong>.</strong></span> 
     </span>
    </p>
   </div>
   <div class='ocr_carea' id='block_1_49' title="bbox 913 4870 1086 4907">
    <p class='ocr_par' dir='ltr' id='par_1_49' title="bbox 913 4870 1086 4907">
     <span class='ocr_line' id='line_1_50' title="bbox 913 4870 1086 4907; baseline -0.012 -1"><span class='ocrx_word' id='word_1_346' title='bbox 913 4870 1086 4907; x_wconf 80' lang='lat' dir='ltr'><strong>ttome.</strong></span> 
     </span>
    </p>
   </div>
   <div class='ocr_carea' id='block_1_50' title="bbox 206 4933 1770 5009">
    <p class='ocr_par' dir='ltr' id='par_1_50' title="bbox 206 4933 1770 5009">
     <span class='ocr_line' id='line_1_51' title="bbox 206 4933 1770 5009; baseline -0.005 -14"><span class='ocrx_word' id='word_1_347' title='bbox 206 4939 551 5009; x_wconf 88' lang='lat' dir='ltr'><strong>Ubicunque</strong></span> <span class='ocrx_word' id='word_1_348' title='bbox 604 4937 897 4994; x_wconf 70' lang='lat' dir='ltr'><strong>Manichaei</strong></span> <span class='ocrx_word' id='word_1_349' title='bbox 950 4935 1336 5006; x_wconf 86' lang='lat' dir='ltr'><strong>inveniantur,</strong></span> <span class='ocrx_word' id='word_1_350' title='bbox 1382 4934 1568 5006; x_wconf 88' lang='lat' dir='ltr'><strong>capite</strong></span> <span class='ocrx_word' id='word_1_351' title='bbox 1608 4933 1770 4989; x_wconf 89' lang='lat' dir='ltr'><strong>dam-</strong></span> 
     </span>
    </p>
   </div>
   <div class='ocr_carea' id='block_1_51' title="bbox 134 5035 504 5092">
    <p class='ocr_par' dir='ltr' id='par_1_51' title="bbox 134 5035 504 5092">
     <span class='ocr_line' id='line_1_52' title="bbox 134 5035 504 5092; baseline -0.008 0"><span class='ocrx_word' id='word_1_352' title='bbox 134 5035 320 5092; x_wconf 88' lang='lat' dir='ltr'><strong>nandi</strong></span> <span class='ocrx_word' id='word_1_353' title='bbox 347 5038 504 5090; x_wconf 90' lang='lat' dir='ltr'><strong>sunt.</strong></span> 
     </span>
    </p>
   </div>
   <div class='ocr_carea' id='block_1_52' title="bbox 194 5138 1690 5206">
    <p class='ocr_par' dir='ltr' id='par_1_52' title="bbox 194 5138 1690 5206">
     <span class='ocr_line' id='line_1_53' title="bbox 194 5138 1690 5206; baseline -0.005 -13"><span class='ocrx_word' id='word_1_354' title='bbox 194 5141 329 5193; x_wconf 76' lang='lat' dir='ltr'><strong>Alia</strong></span> <span class='ocrx_word' id='word_1_355' title='bbox 355 5142 577 5206; x_wconf 85' lang='lat' dir='ltr'><strong>epitome</strong></span> <span class='ocrx_word' id='word_1_356' title='bbox 604 5154 673 5193; x_wconf 75' lang='lat' dir='ltr'><strong>ea:</strong></span> <span class='ocrx_word' id='word_1_357' title='bbox 693 5139 875 5206; x_wconf 79' lang='lat' dir='ltr'><strong>Eclog.</strong></span> <span class='ocrx_word' id='word_1_358' title='bbox 909 5142 1080 5190; x_wconf 79' lang='grc' dir='ltr'><strong>Βασιλ.</strong></span> <span class='ocrx_word' id='word_1_359' title='bbox 1112 5139 1201 5206; x_wconf 65' lang='lat' dir='ltr'><strong>lib.</strong></span> <span class='ocrx_word' id='word_1_360' title='bbox 1227 5154 1265 5197; x_wconf 78' lang='grc' dir='ltr'><strong>Ι,</strong></span> <span class='ocrx_word' id='word_1_361' title='bbox 1292 5140 1369 5191; x_wconf 69' lang='grc' dir='ltr'><strong>εει.</strong></span> <span class='ocrx_word' id='word_1_362' title='bbox 1396 5139 1516 5203; x_wconf 83' lang='grc' dir='ltr'><strong>Περὶ</strong></span> <span class='ocrx_word' id='word_1_363' title='bbox 1541 5138 1690 5186; x_wconf 82' lang='grc' dir='ltr'>Μανι-</span> 
     </span>
    </p>
   </div>
   <div class='ocr_carea' id='block_1_53' title="bbox 736 5202 1179 5268">
    <p class='ocr_par' dir='ltr' id='par_1_53' title="bbox 736 5202 1179 5268">
     <span class='ocr_line' id='line_1_54' title="bbox 736 5202 1179 5268; baseline 0.002 -17"><span class='ocrx_word' id='word_1_364' title='bbox 736 5202 908 5268; x_wconf 72' lang='grc' dir='ltr'><strong>χαίὼν,</strong></span> <span class='ocrx_word' id='word_1_365' title='bbox 950 5217 1068 5268; x_wconf 88' lang='lat' dir='ltr'><strong>cap.</strong></span> <span class='ocrx_word' id='word_1_366' title='bbox 1098 5204 1179 5256; x_wconf 80' lang='lat'><strong>25.</strong></span> 
     </span>
    </p>
   </div>
   <div class='ocr_carea' id='block_1_54' title="bbox 205 5285 1775 5359">
    <p class='ocr_par' dir='ltr' id='par_1_54' title="bbox 205 5285 1775 5359">
     <span class='ocr_line' id='line_1_55' title="bbox 205 5285 1775 5359; baseline -0.005 -12"><span class='ocrx_word' id='word_1_367' title='bbox 205 5288 524 5347; x_wconf 74' lang='lat' dir='ltr'><strong>Manichaeo</strong></span> <span class='ocrx_word' id='word_1_368' title='bbox 566 5288 625 5344; x_wconf 93' lang='lat' dir='ltr'><strong>in</strong></span> <span class='ocrx_word' id='word_1_369' title='bbox 665 5290 792 5345; x_wconf 92' lang='lat' dir='ltr'><strong>loco</strong></span> <span class='ocrx_word' id='word_1_370' title='bbox 836 5289 1093 5344; x_wconf 80' lang='lat' dir='ltr'><strong>Romano</strong></span> <span class='ocrx_word' id='word_1_371' title='bbox 1129 5288 1341 5359; x_wconf 90' lang='lat' dir='ltr'><strong>degere</strong></span> <span class='ocrx_word' id='word_1_372' title='bbox 1396 5285 1775 5356; x_wconf 88' lang='lat' dir='ltr'><strong>deprehenso,</strong></span> 
     </span>
    </p>
   </div>
   <div class='ocr_carea' id='block_1_55' title="bbox 69 5384 690 5456">
    <p class='ocr_par' dir='ltr' id='par_1_55' title="bbox 69 5384 690 5456">
     <span class='ocr_line' id='line_1_56' title="bbox 69 5384 690 5456; baseline -0.006 -15"><span class='ocrx_word' id='word_1_373' title='bbox 69 5430 91 5448; x_wconf 85' lang='grc'><strong><em>,</em></strong></span> <span class='ocrx_word' id='word_1_374' title='bbox 132 5386 313 5456; x_wconf 89' lang='lat' dir='ltr'><strong>caput</strong></span> <span class='ocrx_word' id='word_1_375' title='bbox 336 5384 690 5454; x_wconf 89' lang='lat' dir='ltr'><strong>amputator.</strong></span> 
     </span>
    </p>
   </div>
   <div class='ocr_carea' id='block_1_56' title="bbox 833 5476 1107 5532">
    <p class='ocr_par' dir='ltr' id='par_1_56' title="bbox 833 5476 1107 5532">
     <span class='ocr_line' id='line_1_57' title="bbox 833 5476 1107 5532; baseline -0.011 0"><span class='ocrx_word' id='word_1_376' title='bbox 833 5476 959 5532; x_wconf 85' lang='lat' dir='ltr'><strong>LEX</strong></span> <span class='ocrx_word' id='word_1_377' title='bbox 992 5477 1107 5531; x_wconf 82' lang='lat' dir='ltr'><strong>XII.</strong></span> 
     </span>
    </p>
   </div>
   <div class='ocr_carea' id='block_1_57' title="bbox 166 5556 1732 5627">
    <p class='ocr_par' dir='ltr' id='par_1_57' title="bbox 166 5556 1732 5627">
     <span class='ocr_line' id='line_1_58' title="bbox 166 5556 1732 5627; baseline -0.006 -10"><span class='ocrx_word' id='word_1_378' title='bbox 166 5569 360 5617; x_wconf 61' lang='lat' dir='ltr'><strong>Graeca</strong></span> <span class='ocrx_word' id='word_1_379' title='bbox 384 5564 693 5627; x_wconf 71' lang='lat' dir='ltr'><strong>constitutio</strong></span> <span class='ocrx_word' id='word_1_380' title='bbox 716 5563 1027 5615; x_wconf 85' lang='lat' dir='ltr'><strong>Justiniani.</strong></span> <span class='ocrx_word' id='word_1_381' title='bbox 1059 5564 1193 5627; x_wconf 83' lang='lat' dir='ltr'><strong>Ejus</strong></span> <span class='ocrx_word' id='word_1_382' title='bbox 1220 5562 1440 5627; x_wconf 71' lang='lat' dir='ltr'><strong>epitome</strong></span> <span class='ocrx_word' id='word_1_383' title='bbox 1462 5572 1529 5610; x_wconf 78' lang='lat' dir='ltr'><strong>ea:</strong></span> <span class='ocrx_word' id='word_1_384' title='bbox 1553 5556 1732 5608; x_wconf 80' lang='lat' dir='ltr'><strong>collec-</strong></span> 
     </span>
    </p>
   </div>
   <div class='ocr_carea' id='block_1_58' title="bbox 279 5623 1630 5680">
    <p class='ocr_par' dir='ltr' id='par_1_58' title="bbox 279 5623 1630 5680">
     <span class='ocr_line' id='line_1_59' title="bbox 279 5623 1630 5680; baseline -0.009 0"><span class='ocrx_word' id='word_1_385' title='bbox 279 5629 422 5680; x_wconf 81' lang='lat' dir='ltr'><strong>tione</strong></span> <span class='ocrx_word' id='word_1_386' title='bbox 456 5628 641 5678; x_wconf 72' lang='lat' dir='ltr'><strong>Graeca</strong></span> <span class='ocrx_word' id='word_1_387' title='bbox 667 5623 1111 5678; x_wconf 81' lang='lat' dir='ltr'><strong>Constitutionuni</strong></span> <span class='ocrx_word' id='word_1_388' title='bbox 1140 5623 1630 5676; x_wconf 69' lang='lat' dir='ltr'><strong>ecclesiasticarum.</strong></span> 
     </span>
    </p>
   </div>
   <div class='ocr_carea' id='block_1_59' title="bbox 207 5706 1776 5784">
    <p class='ocr_par' dir='ltr' id='par_1_59' title="bbox 207 5706 1776 5784">
     <span class='ocr_line' id='line_1_60' title="bbox 207 5706 1776 5784; baseline -0.008 -15"><span class='ocrx_word' id='word_1_389' title='bbox 207 5712 773 5784; x_wconf 65' lang='lat' dir='ltr'><strong>Manichaziundique</strong></span> <span class='ocrx_word' id='word_1_390' title='bbox 791 5712 1234 5783; x_wconf 85' lang='lat' dir='ltr'><strong>expelluntor,et</strong></span> <span class='ocrx_word' id='word_1_391' title='bbox 1244 5709 1428 5781; x_wconf 89' lang='lat' dir='ltr'><strong>capite</strong></span> <span class='ocrx_word' id='word_1_392' title='bbox 1442 5706 1776 5779; x_wconf 90' lang='lat' dir='ltr'><strong>puniuntor.</strong></span> 
     </span>
    </p>
   </div>
   <div class='ocr_carea' id='block_1_60' title="bbox 140 5800 1781 5880">
    <p class='ocr_par' dir='ltr' id='par_1_60' title="bbox 140 5800 1781 5880">
     <span class='ocr_line' id='line_1_61' title="bbox 140 5800 1781 5880; baseline -0.007 -17"><span class='ocrx_word' id='word_1_393' title='bbox 140 5806 373 5880; x_wconf 82' lang='lat' dir='ltr'><strong>Reliqui</strong></span> <span class='ocrx_word' id='word_1_394' title='bbox 397 5810 594 5862; x_wconf 88' lang='lat' dir='ltr'><strong>autem</strong></span> <span class='ocrx_word' id='word_1_395' title='bbox 620 5805 874 5861; x_wconf 84' lang='lat' dir='ltr'><strong>haeretici</strong></span> <span class='ocrx_word' id='word_1_396' title='bbox 893 5804 1210 5876; x_wconf 69' lang='lat' dir='ltr'><strong>(haereticus</strong></span> <span class='ocrx_word' id='word_1_397' title='bbox 1231 5806 1313 5858; x_wconf 86' lang='lat' dir='ltr'><strong>est</strong></span> <span class='ocrx_word' id='word_1_398' title='bbox 1338 5800 1528 5858; x_wconf 90' lang='lat' dir='ltr'><strong>omnis</strong></span> <span class='ocrx_word' id='word_1_399' title='bbox 1550 5814 1673 5853; x_wconf 58' lang='lat' dir='ltr'><strong>non.</strong></span> <span class='ocrx_word' id='word_1_400' title='bbox 1695 5813 1781 5852; x_wconf 84' lang='lat' dir='ltr'><strong>or-</strong></span> 
     </span>
    </p>
   </div>
   <div class='ocr_carea' id='block_1_61' title="bbox 141 5893 1777 5973">
    <p class='ocr_par' dir='ltr' id='par_1_61' title="bbox 141 5893 1777 5973">
     <span class='ocr_line' id='line_1_62' title="bbox 141 5893 1777 5973; baseline -0.007 -14"><span class='ocrx_word' id='word_1_401' title='bbox 141 5901 449 5973; x_wconf 77' lang='lat' dir='ltr'><strong>thodoxus)</strong></span> <span class='ocrx_word' id='word_1_402' title='bbox 477 5904 537 5956; x_wconf 89' lang='lat' dir='ltr'><strong>et</strong></span> <span class='ocrx_word' id='word_1_403' title='bbox 555 5900 731 5957; x_wconf 64' lang='lat' dir='ltr'><strong>Graeci</strong></span> <span class='ocrx_word' id='word_1_404' title='bbox 768 5897 887 5972; x_wconf 84' lang='lat' dir='ltr'><strong>[seu</strong></span> <span class='ocrx_word' id='word_1_405' title='bbox 914 5897 1145 5972; x_wconf 83' lang='lat' dir='ltr'><strong>pagani]</strong></span> <span class='ocrx_word' id='word_1_406' title='bbox 1173 5899 1230 5952; x_wconf 88' lang='lat' dir='ltr'><strong>et</strong></span> <span class='ocrx_word' id='word_1_407' title='bbox 1267 5894 1468 5969; x_wconf 68' lang='lat' dir='ltr'><strong>Judaei,</strong></span> <span class='ocrx_word' id='word_1_408' title='bbox 1497 5898 1553 5950; x_wconf 88' lang='lat' dir='ltr'><strong>et</strong></span> <span class='ocrx_word' id='word_1_409' title='bbox 1580 5893 1777 5949; x_wconf 85' lang='lat' dir='ltr'><strong>Sama-</strong></span> 
     </span>
    </p>
   </div>
   <div class='ocr_carea' id='block_1_62' title="bbox 1854 586 3491 657">
    <p class='ocr_par' dir='ltr' id='par_1_62' title="bbox 1854 586 3491 657">
     <span class='ocr_line' id='line_1_63' title="bbox 1854 586 3491 657; baseline 0.001 -17"><span class='ocrx_word' id='word_1_410' title='bbox 1854 586 2088 654; x_wconf 88' lang='lat' dir='ltr'><strong>habere,</strong></span> <span class='ocrx_word' id='word_1_411' title='bbox 2122 590 2221 641; x_wconf 90' lang='lat' dir='ltr'><strong>aut</strong></span> <span class='ocrx_word' id='word_1_412' title='bbox 2257 586 2353 656; x_wconf 88' lang='lat' dir='ltr'><strong>jus</strong></span> <span class='ocrx_word' id='word_1_413' title='bbox 2398 586 2608 654; x_wconf 91' lang='lat' dir='ltr'><strong>dicere,</strong></span> <span class='ocrx_word' id='word_1_414' title='bbox 2640 589 2739 641; x_wconf 91' lang='lat' dir='ltr'><strong>aut</strong></span> <span class='ocrx_word' id='word_1_415' title='bbox 2769 586 3127 652; x_wconf 90' lang='lat' dir='ltr'><strong>defensores,</strong></span> <span class='ocrx_word' id='word_1_416' title='bbox 3170 588 3271 640; x_wconf 88' lang='lat' dir='ltr'><strong>aut</strong></span> <span class='ocrx_word' id='word_1_417' title='bbox 3297 590 3491 657; x_wconf 87' lang='lat' dir='ltr'><strong>patres</strong></span> 
     </span>
    </p>
   </div>
   <div class='ocr_carea' id='block_1_63' title="bbox 1854 678 3487 751">
    <p class='ocr_par' dir='ltr' id='par_1_63' title="bbox 1854 678 3487 751">
     <span class='ocr_line' id='line_1_64' title="bbox 1854 678 3487 751; baseline 0 -18"><span class='ocrx_word' id='word_1_418' title='bbox 1854 679 2141 734; x_wconf 89' lang='lat' dir='ltr'><strong>civitatum</strong></span> <span class='ocrx_word' id='word_1_419' title='bbox 2165 679 2292 734; x_wconf 88' lang='lat' dir='ltr'><strong>fieri</strong></span> <span class='ocrx_word' id='word_1_420' title='bbox 2321 679 2414 751; x_wconf 89' lang='lat' dir='ltr'><strong>(ne</strong></span> <span class='ocrx_word' id='word_1_421' title='bbox 2443 679 2694 734; x_wconf 88' lang='lat' dir='ltr'><strong>habeant</strong></span> <span class='ocrx_word' id='word_1_422' title='bbox 2709 678 3002 734; x_wconf 89' lang='lat' dir='ltr'><strong>licentiam</strong></span> <span class='ocrx_word' id='word_1_423' title='bbox 3027 694 3257 747; x_wconf 80' lang='lat' dir='ltr'><strong>vexare,</strong></span> <span class='ocrx_word' id='word_1_424' title='bbox 3281 683 3380 734; x_wconf 87' lang='lat' dir='ltr'><strong>aut</strong></span> <span class='ocrx_word' id='word_1_425' title='bbox 3390 681 3487 750; x_wconf 86' lang='lat' dir='ltr'><strong>ju-</strong></span> 
     </span>
    </p>
   </div>
   <div class='ocr_carea' id='block_1_64' title="bbox 1856 770 3488 844">
    <p class='ocr_par' dir='ltr' id='par_1_64' title="bbox 1856 770 3488 844">
     <span class='ocr_line' id='line_1_65' title="bbox 1856 770 3488 844; baseline 0 -16"><span class='ocrx_word' id='word_1_426' title='bbox 1856 772 2045 828; x_wconf 88' lang='lat' dir='ltr'><strong>dicare</strong></span> <span class='ocrx_word' id='word_1_427' title='bbox 2090 771 2461 840; x_wconf 87' lang='lat' dir='ltr'><strong>Christianos,</strong></span> <span class='ocrx_word' id='word_1_428' title='bbox 2514 775 2611 827; x_wconf 91' lang='lat' dir='ltr'><strong>aut</strong></span> <span class='ocrx_word' id='word_1_429' title='bbox 2655 771 2992 844; x_wconf 90' lang='lat' dir='ltr'><strong>episcopos).</strong></span> <span class='ocrx_word' id='word_1_430' title='bbox 3043 773 3190 827; x_wconf 89' lang='lat' dir='ltr'><strong>Item</strong></span> <span class='ocrx_word' id='word_1_431' title='bbox 3240 770 3488 828; x_wconf 89' lang='lat' dir='ltr'><strong>militare</strong></span> 
     </span>
    </p>
   </div>
   <div class='ocr_carea' id='block_1_65' title="bbox 1854 864 3483 937">
    <p class='ocr_par' dir='ltr' id='par_1_65' title="bbox 1854 864 3483 937">
     <span class='ocr_line' id='line_1_66' title="bbox 1854 864 3483 937; baseline 0.001 -19"><span class='ocrx_word' id='word_1_432' title='bbox 1854 881 2082 937; x_wconf 90' lang='lat' dir='ltr'><strong>quoque</strong></span> <span class='ocrx_word' id='word_1_433' title='bbox 2109 865 2509 935; x_wconf 90' lang='lat' dir='ltr'><strong>prohibentur,</strong></span> <span class='ocrx_word' id='word_1_434' title='bbox 2542 867 2931 937; x_wconf 67' lang='lat' dir='ltr'><strong>praeterquam</strong></span> <span class='ocrx_word' id='word_1_435' title='bbox 2960 864 3006 918; x_wconf 90' lang='lat' dir='ltr'><strong>si</strong></span> <span class='ocrx_word' id='word_1_436' title='bbox 3036 880 3104 918; x_wconf 81' lang='lat' dir='ltr'><strong>ex</strong></span> <span class='ocrx_word' id='word_1_437' title='bbox 3147 881 3361 935; x_wconf 87' lang='lat' dir='ltr'><strong>genere</strong></span> <span class='ocrx_word' id='word_1_438' title='bbox 3389 881 3483 920; x_wconf 83' lang='lat' dir='ltr'><strong>co-</strong></span> 
     </span>
    </p>
   </div>
   <div class='ocr_carea' id='block_1_66' title="bbox 1855 957 3484 1030">
    <p class='ocr_par' dir='ltr' id='par_1_66' title="bbox 1855 957 3484 1030">
     <span class='ocr_line' id='line_1_67' title="bbox 1855 957 3484 1030; baseline 0.001 -18"><span class='ocrx_word' id='word_1_439' title='bbox 1855 957 2274 1013; x_wconf 89' lang='lat' dir='ltr'><strong>hortalinorum</strong></span> <span class='ocrx_word' id='word_1_440' title='bbox 2302 961 2466 1027; x_wconf 86' lang='lat' dir='ltr'><strong>sunt;</strong></span> <span class='ocrx_word' id='word_1_441' title='bbox 2496 957 2556 1013; x_wconf 92' lang='lat' dir='ltr'><strong>hi</strong></span> <span class='ocrx_word' id='word_1_442' title='bbox 2580 957 2733 1012; x_wconf 90' lang='lat' dir='ltr'><strong>enim</strong></span> <span class='ocrx_word' id='word_1_443' title='bbox 2761 962 3021 1025; x_wconf 90' lang='lat' dir='ltr'><strong>manent,</strong></span> <span class='ocrx_word' id='word_1_444' title='bbox 3051 974 3228 1013; x_wconf 91' lang='lat' dir='ltr'><strong>onera</strong></span> <span class='ocrx_word' id='word_1_445' title='bbox 3249 957 3484 1030; x_wconf 88' lang='lat' dir='ltr'><strong>quidem</strong></span> 
     </span>
    </p>
   </div>
   <div class='ocr_carea' id='block_1_67' title="bbox 1854 1050 3495 1123">
    <p class='ocr_par' dir='ltr' id='par_1_67' title="bbox 1854 1050 3495 1123">
     <span class='ocr_line' id='line_1_68' title="bbox 1854 1050 3495 1123; baseline 0.001 -17"><span class='ocrx_word' id='word_1_446' title='bbox 1854 1051 2218 1119; x_wconf 86' lang='lat' dir='ltr'><strong>sustinentes,</strong></span> <span class='ocrx_word' id='word_1_447' title='bbox 2244 1068 2357 1106; x_wconf 92' lang='lat' dir='ltr'><strong>non</strong></span> <span class='ocrx_word' id='word_1_448' title='bbox 2380 1050 2738 1107; x_wconf 71' lang='lat' dir='ltr'><strong>ofi‘endentes</strong></span> <span class='ocrx_word' id='word_1_449' title='bbox 2759 1056 2973 1120; x_wconf 89' lang='lat' dir='ltr'><strong>autem,</strong></span> <span class='ocrx_word' id='word_1_450' title='bbox 3000 1068 3189 1123; x_wconf 90' lang='lat' dir='ltr'><strong>neque</strong></span> <span class='ocrx_word' id='word_1_451' title='bbox 3216 1050 3274 1105; x_wconf 90' lang='lat' dir='ltr'><strong>in</strong></span> <span class='ocrx_word' id='word_1_452' title='bbox 3302 1052 3495 1107; x_wconf 88' lang='lat' dir='ltr'><strong>ortho-</strong></span> 
     </span>
    </p>
   </div>
   <div class='ocr_carea' id='block_1_68' title="bbox 1854 1144 3489 1217">
    <p class='ocr_par' dir='ltr' id='par_1_68' title="bbox 1854 1144 3489 1217">
     <span class='ocr_line' id='line_1_69' title="bbox 1854 1144 3489 1217; baseline 0 -17"><span class='ocrx_word' id='word_1_453' title='bbox 1854 1145 2027 1200; x_wconf 85' lang='lat' dir='ltr'><strong>doxos</strong></span> <span class='ocrx_word' id='word_1_454' title='bbox 2048 1144 2185 1216; x_wconf 91' lang='lat' dir='ltr'><strong>quid</strong></span> <span class='ocrx_word' id='word_1_455' title='bbox 2201 1148 2569 1216; x_wconf 83' lang='lat' dir='ltr'><strong>exsequentes</strong></span> <span class='ocrx_word' id='word_1_456' title='bbox 2592 1144 2649 1199; x_wconf 94' lang='lat' dir='ltr'><strong>in</strong></span> <span class='ocrx_word' id='word_1_457' title='bbox 2670 1144 2910 1217; x_wconf 91' lang='lat' dir='ltr'><strong>publicis</strong></span> <span class='ocrx_word' id='word_1_458' title='bbox 2923 1146 3009 1199; x_wconf 87' lang='lat' dir='ltr'><strong>vel</strong></span> <span class='ocrx_word' id='word_1_459' title='bbox 3032 1144 3269 1216; x_wconf 83' lang='lat' dir='ltr'><strong>privatis</strong></span> <span class='ocrx_word' id='word_1_460' title='bbox 3286 1144 3489 1200; x_wconf 88' lang='lat' dir='ltr'><strong>causis.</strong></span> 
     </span>
    </p>
   </div>
   <div class='ocr_carea' id='block_1_69' title="bbox 1856 1236 3489 1309">
    <p class='ocr_par' dir='ltr' id='par_1_69' title="bbox 1856 1236 3489 1309">
     <span class='ocr_line' id='line_1_70' title="bbox 1856 1236 3489 1309; baseline 0 -18"><span class='ocrx_word' id='word_1_461' title='bbox 1856 1237 1963 1303; x_wconf 85' lang='lat' dir='ltr'><strong>Qui</strong></span> <span class='ocrx_word' id='word_1_462' title='bbox 1975 1241 2168 1292; x_wconf 91' lang='lat' dir='ltr'><strong>autem</strong></span> <span class='ocrx_word' id='word_1_463' title='bbox 2188 1237 2494 1291; x_wconf 88' lang='lat' dir='ltr'><strong>tentaverit</strong></span> <span class='ocrx_word' id='word_1_464' title='bbox 2512 1236 2649 1309; x_wconf 91' lang='lat' dir='ltr'><strong>quid</strong></span> <span class='ocrx_word' id='word_1_465' title='bbox 2666 1237 2870 1292; x_wconf 89' lang='lat' dir='ltr'><strong>horum</strong></span> <span class='ocrx_word' id='word_1_466' title='bbox 2888 1239 3092 1305; x_wconf 88' lang='lat' dir='ltr'><strong>facere,</strong></span> <span class='ocrx_word' id='word_1_467' title='bbox 3109 1240 3489 1308; x_wconf 62' lang='lat' dir='ltr'><strong>praeterquam</strong></span> 
     </span>
    </p>
   </div>
   <div class='ocr_carea' id='block_1_70' title="bbox 1856 1330 3487 1402">
    <p class='ocr_par' dir='ltr' id='par_1_70' title="bbox 1856 1330 3487 1402">
     <span class='ocr_line' id='line_1_71' title="bbox 1856 1330 3487 1402; baseline -0.002 -16"><span class='ocrx_word' id='word_1_468' title='bbox 1856 1330 2013 1402; x_wconf 90' lang='lat' dir='ltr'><strong>quod</strong></span> <span class='ocrx_word' id='word_1_469' title='bbox 2039 1331 2253 1386; x_wconf 86' lang='lat' dir='ltr'><strong>factum</strong></span> <span class='ocrx_word' id='word_1_470' title='bbox 2279 1347 2384 1402; x_wconf 91' lang='lat' dir='ltr'><strong>pro</strong></span> <span class='ocrx_word' id='word_1_471' title='bbox 2415 1330 2627 1385; x_wconf 87' lang='lat' dir='ltr'><strong>infecto</strong></span> <span class='ocrx_word' id='word_1_472' title='bbox 2652 1332 2778 1398; x_wconf 91' lang='lat' dir='ltr'><strong>erit,</strong></span> <span class='ocrx_word' id='word_1_473' title='bbox 2810 1330 2971 1385; x_wconf 90' lang='lat' dir='ltr'><strong>dabit</strong></span> <span class='ocrx_word' id='word_1_474' title='bbox 2995 1330 3170 1385; x_wconf 90' lang='lat' dir='ltr'><strong>etiam</strong></span> <span class='ocrx_word' id='word_1_475' title='bbox 3194 1346 3265 1386; x_wconf 83' lang='lat' dir='ltr'><strong>xx</strong></span> <span class='ocrx_word' id='word_1_476' title='bbox 3293 1330 3487 1398; x_wconf 89' lang='lat' dir='ltr'><strong>libras,</strong></span> 
     </span>
    </p>
   </div>
   <div class='ocr_carea' id='block_1_71' title="bbox 1856 1423 3489 1497">
    <p class='ocr_par' dir='ltr' id='par_1_71' title="bbox 1856 1423 3489 1497">
     <span class='ocr_line' id='line_1_72' title="bbox 1856 1423 3489 1497; baseline -0.002 -16"><span class='ocrx_word' id='word_1_477' title='bbox 1856 1430 1915 1481; x_wconf 91' lang='lat' dir='ltr'><strong>et</strong></span> <span class='ocrx_word' id='word_1_478' title='bbox 1943 1424 2039 1497; x_wconf 91' lang='lat' dir='ltr'><strong>qui</strong></span> <span class='ocrx_word' id='word_1_479' title='bbox 2070 1424 2310 1496; x_wconf 90' lang='lat' dir='ltr'><strong>publicis</strong></span> <span class='ocrx_word' id='word_1_480' title='bbox 2336 1424 2485 1496; x_wconf 89' lang='lat' dir='ltr'><strong>ipsos</strong></span> <span class='ocrx_word' id='word_1_481' title='bbox 2516 1424 2991 1496; x_wconf 88' lang='lat' dir='ltr'><strong>descriptionibus</strong></span> <span class='ocrx_word' id='word_1_482' title='bbox 3021 1423 3277 1478; x_wconf 89' lang='lat' dir='ltr'><strong>inserere</strong></span> <span class='ocrx_word' id='word_1_483' title='bbox 3301 1423 3489 1477; x_wconf 88' lang='lat' dir='ltr'><strong>conati</strong></span> 
     </span>
    </p>
   </div>
   <div class='ocr_carea' id='block_1_72' title="bbox 1856 1516 3489 1588">
    <p class='ocr_par' dir='ltr' id='par_1_72' title="bbox 1856 1516 3489 1588">
     <span class='ocr_line' id='line_1_73' title="bbox 1856 1516 3489 1588; baseline -0.002 -15"><span class='ocrx_word' id='word_1_484' title='bbox 1856 1518 2090 1588; x_wconf 89' lang='lat' dir='ltr'><strong>fuerint,</strong></span> <span class='ocrx_word' id='word_1_485' title='bbox 2120 1518 2294 1573; x_wconf 89' lang='lat' dir='ltr'><strong>etiam</strong></span> <span class='ocrx_word' id='word_1_486' title='bbox 2325 1533 2412 1584; x_wconf 81' lang='lat' dir='ltr'><strong>xx,</strong></span> <span class='ocrx_word' id='word_1_487' title='bbox 2438 1522 2495 1571; x_wconf 88' lang='lat' dir='ltr'><strong>et</strong></span> <span class='ocrx_word' id='word_1_488' title='bbox 2519 1517 2792 1573; x_wconf 62' lang='lat' dir='ltr'><strong>Praesides</strong></span> <span class='ocrx_word' id='word_1_489' title='bbox 2819 1534 2870 1587; x_wconf 88' lang='lat' dir='ltr'><strong>L,</strong></span> <span class='ocrx_word' id='word_1_490' title='bbox 2892 1522 2949 1573; x_wconf 90' lang='lat' dir='ltr'><strong>et</strong></span> <span class='ocrx_word' id='word_1_491' title='bbox 2972 1533 3169 1571; x_wconf 90' lang='lat' dir='ltr'><strong>omnes</strong></span> <span class='ocrx_word' id='word_1_492' title='bbox 3186 1517 3276 1571; x_wconf 65' lang='lat' dir='ltr'><strong>has</strong></span> <span class='ocrx_word' id='word_1_493' title='bbox 3301 1516 3489 1588; x_wconf 84' lang='lat' dir='ltr'><strong>priva-</strong></span> 
     </span>
    </p>
   </div>
   <div class='ocr_carea' id='block_1_73' title="bbox 1856 1610 3494 1682">
    <p class='ocr_par' dir='ltr' id='par_1_73' title="bbox 1856 1610 3494 1682">
     <span class='ocr_line' id='line_1_74' title="bbox 1856 1610 3494 1682; baseline -0.001 -17"><span class='ocrx_word' id='word_1_494' title='bbox 1856 1611 1927 1665; x_wconf 85' lang='lat' dir='ltr'><strong>tis</strong></span> <span class='ocrx_word' id='word_1_495' title='bbox 1964 1610 2134 1665; x_wconf 89' lang='lat' dir='ltr'><strong>rebus</strong></span> <span class='ocrx_word' id='word_1_496' title='bbox 2183 1611 2528 1665; x_wconf 85' lang='lat' dir='ltr'><strong>inferuntur.</strong></span> <span class='ocrx_word' id='word_1_497' title='bbox 2568 1610 2938 1682; x_wconf 83' lang='lat' dir='ltr'><strong>Excipiuntur</strong></span> <span class='ocrx_word' id='word_1_498' title='bbox 2984 1611 3172 1678; x_wconf 89' lang='lat' dir='ltr'><strong>Gothi,</strong></span> <span class='ocrx_word' id='word_1_499' title='bbox 3216 1610 3313 1681; x_wconf 90' lang='lat' dir='ltr'><strong>qui</strong></span> <span class='ocrx_word' id='word_1_500' title='bbox 3346 1610 3494 1663; x_wconf 85' lang='lat' dir='ltr'><strong>fiunt</strong></span> 
     </span>
    </p>
   </div>
   <div class='ocr_carea' id='block_1_74' title="bbox 1856 1702 3489 1775">
    <p class='ocr_par' dir='ltr' id='par_1_74' title="bbox 1856 1702 3489 1775">
     <span class='ocr_line' id='line_1_75' title="bbox 1856 1702 3489 1775; baseline -0.001 -16"><span class='ocrx_word' id='word_1_501' title='bbox 1856 1703 2138 1771; x_wconf 84' lang='lat' dir='ltr'><strong>foederati,</strong></span> <span class='ocrx_word' id='word_1_502' title='bbox 2178 1709 2235 1759; x_wconf 89' lang='lat' dir='ltr'><strong>et</strong></span> <span class='ocrx_word' id='word_1_503' title='bbox 2265 1703 2450 1774; x_wconf 89' lang='lat' dir='ltr'><strong>aliter,</strong></span> <span class='ocrx_word' id='word_1_504' title='bbox 2494 1709 2668 1775; x_wconf 90' lang='lat' dir='ltr'><strong>prout</strong></span> <span class='ocrx_word' id='word_1_505' title='bbox 2706 1703 2889 1758; x_wconf 90' lang='lat' dir='ltr'><strong>visum</strong></span> <span class='ocrx_word' id='word_1_506' title='bbox 2935 1703 3269 1775; x_wconf 86' lang='lat' dir='ltr'><strong>imperatori</strong></span> <span class='ocrx_word' id='word_1_507' title='bbox 3298 1702 3489 1769; x_wconf 87' lang='lat' dir='ltr'><strong>fuerit,</strong></span> 
     </span>
    </p>
   </div>
   <div class='ocr_carea' id='block_1_75' title="bbox 1857 1799 2236 1853">
    <p class='ocr_par' dir='ltr' id='par_1_75' title="bbox 1857 1799 2236 1853">
     <span class='ocr_line' id='line_1_76' title="bbox 1857 1799 2236 1853; baseline -0.005 0"><span class='ocrx_word' id='word_1_508' title='bbox 1857 1799 2236 1853; x_wconf 87' lang='lat' dir='ltr'><strong>honorantur.</strong></span> 
     </span>
    </p>
   </div>
   <div class='ocr_carea' id='block_1_76' title="bbox 2013 1914 3334 1981">
    <p class='ocr_par' dir='ltr' id='par_1_76' title="bbox 2013 1914 3334 1981">
     <span class='ocr_line' id='line_1_77' title="bbox 2013 1914 3334 1981; baseline -0.003 -13"><span class='ocrx_word' id='word_1_509' title='bbox 2013 1917 2134 1968; x_wconf 79' lang='lat' dir='ltr'><strong>Alia</strong></span> <span class='ocrx_word' id='word_1_510' title='bbox 2160 1917 2396 1981; x_wconf 78' lang='lat' dir='ltr'><strong>ejusdem</strong></span> <span class='ocrx_word' id='word_1_511' title='bbox 2416 1930 2548 1981; x_wconf 86' lang='lat' dir='ltr'><strong>pars</strong></span> <span class='ocrx_word' id='word_1_512' title='bbox 2571 1929 2638 1965; x_wconf 79' lang='lat' dir='ltr'><strong>ea:</strong></span> <span class='ocrx_word' id='word_1_513' title='bbox 2664 1916 2925 1967; x_wconf 77' lang='lat' dir='ltr'><strong>Theodoro</strong></span> <span class='ocrx_word' id='word_1_514' title='bbox 2952 1914 3334 1980; x_wconf 85' lang='lat' dir='ltr'><strong>Hermopolita.</strong></span> 
     </span>
    </p>
   </div>
   <div class='ocr_carea' id='block_1_77' title="bbox 1930 2020 3493 2095">
    <p class='ocr_par' dir='ltr' id='par_1_77' title="bbox 1930 2020 3493 2095">
     <span class='ocr_line' id='line_1_78' title="bbox 1930 2020 3493 2095; baseline -0.003 -18"><span class='ocrx_word' id='word_1_515' title='bbox 1930 2022 1959 2095; x_wconf 83' lang='lat'><strong>§</strong></span> <span class='ocrx_word' id='word_1_516' title='bbox 1990 2027 2039 2076; x_wconf 95' lang='grc'><strong>1.</strong></span> <span class='ocrx_word' id='word_1_517' title='bbox 2067 2022 2405 2077; x_wconf 88' lang='lat' dir='ltr'><strong>Parentibus</strong></span> <span class='ocrx_word' id='word_1_518' title='bbox 2440 2022 2673 2076; x_wconf 70' lang='lat' dir='ltr'><strong>diversa:</strong></span> <span class='ocrx_word' id='word_1_519' title='bbox 2708 2020 2843 2075; x_wconf 85' lang='lat' dir='ltr'><strong>ﬁdei</strong></span> <span class='ocrx_word' id='word_1_520' title='bbox 2870 2020 3241 2075; x_wconf 84' lang='lat' dir='ltr'><strong>existentibus</strong></span> <span class='ocrx_word' id='word_1_521' title='bbox 3271 2023 3330 2074; x_wconf 91' lang='lat' dir='ltr'><strong>et</strong></span> <span class='ocrx_word' id='word_1_522' title='bbox 3354 2020 3493 2074; x_wconf 87' lang='lat' dir='ltr'><strong>reli-</strong></span> 
     </span>
    </p>
   </div>
   <div class='ocr_carea' id='block_1_78' title="bbox 1814 2113 3495 2187">
    <p class='ocr_par' dir='ltr' id='par_1_78' title="bbox 1814 2113 3495 2187">
     <span class='ocr_line' id='line_1_79' title="bbox 1814 2113 3495 2187; baseline -0.002 -17"><span class='ocrx_word' id='word_1_523' title='bbox 1814 2160 1815 2163; x_wconf 54' lang='grc' dir='ltr'><strong>η</strong></span> <span class='ocrx_word' id='word_1_524' title='bbox 1860 2116 2063 2187; x_wconf 88' lang='lat' dir='ltr'><strong>gionis,</strong></span> <span class='ocrx_word' id='word_1_525' title='bbox 2092 2115 2239 2169; x_wconf 92' lang='lat' dir='ltr'><strong>illius</strong></span> <span class='ocrx_word' id='word_1_526' title='bbox 2252 2114 2539 2169; x_wconf 86' lang='lat' dir='ltr'><strong>sententia</strong></span> <span class='ocrx_word' id='word_1_527' title='bbox 2559 2114 2885 2185; x_wconf 64' lang='lat' dir='ltr'><strong>praevaleat,</strong></span> <span class='ocrx_word' id='word_1_528' title='bbox 2905 2113 3002 2184; x_wconf 90' lang='lat' dir='ltr'><strong>qui</strong></span> <span class='ocrx_word' id='word_1_529' title='bbox 3017 2113 3088 2167; x_wconf 92' lang='lat' dir='ltr'><strong>ad</strong></span> <span class='ocrx_word' id='word_1_530' title='bbox 3116 2113 3495 2167; x_wconf 82' lang='lat' dir='ltr'><strong>orthodoxam</strong></span> 
     </span>
    </p>
   </div>
   <div class='ocr_carea' id='block_1_79' title="bbox 1858 2204 3496 2279">
    <p class='ocr_par' dir='ltr' id='par_1_79' title="bbox 1858 2204 3496 2279">
     <span class='ocr_line' id='line_1_80' title="bbox 1858 2204 3496 2279; baseline -0.002 -17"><span class='ocrx_word' id='word_1_531' title='bbox 1858 2208 1986 2263; x_wconf 88' lang='lat' dir='ltr'><strong>illos</strong></span> <span class='ocrx_word' id='word_1_532' title='bbox 2012 2207 2249 2279; x_wconf 83' lang='lat' dir='ltr'><strong>elegerit</strong></span> <span class='ocrx_word' id='word_1_533' title='bbox 2274 2208 2589 2279; x_wconf 90' lang='lat' dir='ltr'><strong>perducere</strong></span> <span class='ocrx_word' id='word_1_534' title='bbox 2617 2207 2813 2273; x_wconf 84' lang='lat' dir='ltr'><strong>ﬁdem,</strong></span> <span class='ocrx_word' id='word_1_535' title='bbox 2850 2210 2906 2261; x_wconf 91' lang='lat' dir='ltr'><strong>et</strong></span> <span class='ocrx_word' id='word_1_536' title='bbox 2942 2205 3204 2276; x_wconf 87' lang='lat' dir='ltr'><strong>quamvis</strong></span> <span class='ocrx_word' id='word_1_537' title='bbox 3232 2210 3397 2276; x_wconf 85' lang='lat' dir='ltr'><strong>pater</strong></span> <span class='ocrx_word' id='word_1_538' title='bbox 3421 2204 3496 2258; x_wconf 91' lang='lat' dir='ltr'><strong>sit</strong></span> 
     </span>
    </p>
   </div>
   <div class='ocr_carea' id='block_1_80' title="bbox 1860 2290 3493 2373">
    <p class='ocr_par' dir='ltr' id='par_1_80' title="bbox 1860 2290 3493 2373">
     <span class='ocr_line' id='line_1_81' title="bbox 1860 2290 3493 2373; baseline -0.002 -17"><span class='ocrx_word' id='word_1_539' title='bbox 1860 2302 1957 2373; x_wconf 90' lang='lat' dir='ltr'><strong>qui</strong></span> <span class='ocrx_word' id='word_1_540' title='bbox 2006 2300 2365 2368; x_wconf 89' lang='lat' dir='ltr'><strong>contradicit,</strong></span> <span class='ocrx_word' id='word_1_541' title='bbox 2416 2290 2731 2355; x_wconf 33' lang='lat' dir='ltr'><strong>ne&#39;exinde</strong></span> <span class='ocrx_word' id='word_1_542' title='bbox 2777 2299 3144 2354; x_wconf 90' lang='lat' dir='ltr'><strong>succensendi</strong></span> <span class='ocrx_word' id='word_1_543' title='bbox 3187 2297 3493 2353; x_wconf 89' lang='lat' dir='ltr'><strong>materiam</strong></span> 
     </span>
    </p>
   </div>
   <div class='ocr_carea' id='block_1_81' title="bbox 1860 2390 3495 2466">
    <p class='ocr_par' dir='ltr' id='par_1_81' title="bbox 1860 2390 3495 2466">
     <span class='ocr_line' id='line_1_82' title="bbox 1860 2390 3495 2466; baseline -0.003 -17"><span class='ocrx_word' id='word_1_544' title='bbox 1860 2398 2119 2466; x_wconf 86' lang='lat' dir='ltr'><strong>captans,</strong></span> <span class='ocrx_word' id='word_1_545' title='bbox 2160 2394 2490 2449; x_wconf 89' lang='lat' dir='ltr'><strong>necessariis</strong></span> <span class='ocrx_word' id='word_1_546' title='bbox 2526 2410 2620 2449; x_wconf 90' lang='lat' dir='ltr'><strong>eos</strong></span> <span class='ocrx_word' id='word_1_547' title='bbox 2660 2393 2844 2465; x_wconf 88' lang='lat' dir='ltr'><strong>privet</strong></span> <span class='ocrx_word' id='word_1_548' title='bbox 2894 2391 3202 2460; x_wconf 89' lang='lat' dir='ltr'><strong>alimentis,</strong></span> <span class='ocrx_word' id='word_1_549' title='bbox 3241 2396 3341 2449; x_wconf 88' lang='lat' dir='ltr'><strong>aut</strong></span> <span class='ocrx_word' id='word_1_550' title='bbox 3369 2390 3495 2446; x_wconf 90' lang='lat' dir='ltr'><strong>aliis</strong></span> 
     </span>
    </p>
   </div>
   <div class='ocr_carea' id='block_1_82' title="bbox 1861 2487 2492 2559">
    <p class='ocr_par' dir='ltr' id='par_1_82' title="bbox 1861 2487 2492 2559">
     <span class='ocr_line' id='line_1_83' title="bbox 1861 2487 2492 2559; baseline -0.003 -16"><span class='ocrx_word' id='word_1_551' title='bbox 1861 2487 2190 2544; x_wconf 88' lang='lat' dir='ltr'><strong>necessariis</strong></span> <span class='ocrx_word' id='word_1_552' title='bbox 2215 2488 2492 2559; x_wconf 84' lang='lat' dir='ltr'><strong>expensis.</strong></span> 
     </span>
    </p>
   </div>
   <div class='ocr_carea' id='block_1_83' title="bbox 2523 2608 2815 2663">
    <p class='ocr_par' dir='ltr' id='par_1_83' title="bbox 2523 2608 2815 2663">
     <span class='ocr_line' id='line_1_84' title="bbox 2523 2608 2815 2663; baseline 0.003 -2"><span class='ocrx_word' id='word_1_553' title='bbox 2523 2608 2651 2662; x_wconf 83' lang='lat' dir='ltr'><strong>LEX</strong></span> <span class='ocrx_word' id='word_1_554' title='bbox 2681 2609 2815 2663; x_wconf 84' lang='lat' dir='ltr'><strong>XIII.</strong></span> 
     </span>
    </p>
   </div>
   <div class='ocr_carea' id='block_1_84' title="bbox 1941 2699 3422 2812">
    <p class='ocr_par' dir='ltr' id='par_1_84' title="bbox 1941 2699 3422 2812">
     <span class='ocr_line' id='line_1_85' title="bbox 1941 2699 3422 2812; baseline 0 -61"><span class='ocrx_word' id='word_1_555' title='bbox 1941 2701 2016 2752; x_wconf 90' lang='grc'><strong>13.</strong></span> <span class='ocrx_word' id='word_1_556' title='bbox 2057 2702 2241 2751; x_wconf 69' lang='lat' dir='ltr'><strong>Graeca</strong></span> <span class='ocrx_word' id='word_1_557' title='bbox 2270 2700 2571 2751; x_wconf 77' lang='lat' dir='ltr'><strong>constitutio</strong></span> <span class='ocrx_word' id='word_1_558' title='bbox 2600 2700 2820 2812; x_wconf 45' lang='lat' dir='ltr'><strong>(pastini,</strong></span> <span class='ocrx_word' id='word_1_559' title='bbox 2848 2699 2930 2750; x_wconf 81' lang='lat' dir='ltr'><strong>vel</strong></span> <span class='ocrx_word' id='word_1_560' title='bbox 2953 2699 3261 2750; x_wconf 75' lang='lat' dir='ltr'><strong>Iustiniani.</strong></span> <span class='ocrx_word' id='word_1_561' title='bbox 3292 2700 3422 2764; x_wconf 82' lang='lat' dir='ltr'><strong>Ejus</strong></span> 
     </span>
     <span class='ocr_line' id='line_1_86' title="bbox 2548 2776 2784 2812; baseline 0 -1"><span class='ocrx_word' id='word_1_562' title='bbox 2548 2776 2630 2812; x_wconf 84' lang='lat' dir='ltr'><strong>em</strong></span> <span class='ocrx_word' id='word_1_563' title='bbox 2688 2776 2784 2811; x_wconf 83' lang='lat' dir='ltr'><strong>me.</strong></span> 
     </span>
    </p>
   </div>
   <div class='ocr_carea' id='block_1_85' title="bbox 2548 2776 2784 2826">
    <p class='ocr_par' dir='ltr' id='par_1_85' title="bbox 2548 2776 2784 2826">
     <span class='ocr_line' id='line_1_87' title="bbox 2548 2776 2784 2826; baseline -0.004 -15"><span class='ocrx_word' id='word_1_564' title='bbox 2548 2776 2784 2826; x_wconf 83' lang='lat' dir='ltr'><strong>epuome.</strong></span> 
     </span>
    </p>
   </div>
   <div class='ocr_carea' id='block_1_86' title="bbox 1934 2859 3498 2933">
    <p class='ocr_par' dir='ltr' id='par_1_86' title="bbox 1934 2859 3498 2933">
     <span class='ocr_line' id='line_1_88' title="bbox 1934 2859 3498 2933; baseline -0.003 -17"><span class='ocrx_word' id='word_1_565' title='bbox 1934 2861 2193 2917; x_wconf 81' lang='lat' dir='ltr'><strong>Haeretici</strong></span> <span class='ocrx_word' id='word_1_566' title='bbox 2220 2864 2413 2933; x_wconf 89' lang='lat' dir='ltr'><strong>patres</strong></span> <span class='ocrx_word' id='word_1_567' title='bbox 2444 2860 2586 2914; x_wconf 90' lang='lat' dir='ltr'><strong>nihil</strong></span> <span class='ocrx_word' id='word_1_568' title='bbox 2615 2860 2895 2915; x_wconf 89' lang='lat' dir='ltr'><strong>habentes</strong></span> <span class='ocrx_word' id='word_1_569' title='bbox 2922 2859 3245 2930; x_wconf 88' lang='lat' dir='ltr'><strong>legitimum</strong></span> <span class='ocrx_word' id='word_1_570' title='bbox 3274 2874 3389 2929; x_wconf 89' lang='lat' dir='ltr'><strong>quo</strong></span> <span class='ocrx_word' id='word_1_571' title='bbox 3409 2875 3498 2913; x_wconf 91' lang='lat' dir='ltr'><strong>ac-</strong></span> 
     </span>
    </p>
   </div>
   <div class='ocr_carea' id='block_1_87' title="bbox 1862 2952 3498 3024">
    <p class='ocr_par' dir='ltr' id='par_1_87' title="bbox 1862 2952 3498 3024">
     <span class='ocr_line' id='line_1_89' title="bbox 1862 2952 3498 3024; baseline -0.003 -14"><span class='ocrx_word' id='word_1_572' title='bbox 1862 2959 2064 3010; x_wconf 90' lang='lat' dir='ltr'><strong>cusent</strong></span> <span class='ocrx_word' id='word_1_573' title='bbox 2084 2955 2433 3009; x_wconf 85' lang='lat' dir='ltr'><strong>orthodoxos</strong></span> <span class='ocrx_word' id='word_1_574' title='bbox 2454 2954 2620 3020; x_wconf 83' lang='lat' dir='ltr'><strong>ﬁlios,</strong></span> <span class='ocrx_word' id='word_1_575' title='bbox 2655 2956 2941 3024; x_wconf 88' lang='lat' dir='ltr'><strong>coguntur</strong></span> <span class='ocrx_word' id='word_1_576' title='bbox 2962 2955 3173 3023; x_wconf 59' lang='lat' dir='ltr'><strong>praeter</strong></span> <span class='ocrx_word' id='word_1_577' title='bbox 3199 2952 3498 3007; x_wconf 86' lang='lat' dir='ltr'><strong>facultates</strong></span> 
     </span>
    </p>
   </div>
   <div class='ocr_carea' id='block_1_88' title="bbox 1864 3045 3498 3117">
    <p class='ocr_par' dir='ltr' id='par_1_88' title="bbox 1864 3045 3498 3117">
     <span class='ocr_line' id='line_1_90' title="bbox 1864 3045 3498 3117; baseline -0.002 -15"><span class='ocrx_word' id='word_1_578' title='bbox 1864 3066 1994 3103; x_wconf 89' lang='lat' dir='ltr'><strong>suas</strong></span> <span class='ocrx_word' id='word_1_579' title='bbox 2020 3049 2198 3103; x_wconf 90' lang='lat' dir='ltr'><strong>etiam</strong></span> <span class='ocrx_word' id='word_1_580' title='bbox 2224 3048 2504 3103; x_wconf 88' lang='lat' dir='ltr'><strong>alimenta</strong></span> <span class='ocrx_word' id='word_1_581' title='bbox 2529 3062 2769 3117; x_wconf 88' lang='lat' dir='ltr'><strong>erogare</strong></span> <span class='ocrx_word' id='word_1_582' title='bbox 2800 3046 2930 3113; x_wconf 91' lang='lat' dir='ltr'><strong>illis,</strong></span> <span class='ocrx_word' id='word_1_583' title='bbox 2963 3048 3023 3099; x_wconf 91' lang='lat' dir='ltr'><strong>et</strong></span> <span class='ocrx_word' id='word_1_584' title='bbox 3050 3045 3273 3116; x_wconf 90' lang='lat' dir='ltr'><strong>reliqua</strong></span> <span class='ocrx_word' id='word_1_585' title='bbox 3303 3061 3498 3099; x_wconf 83' lang='lat' dir='ltr'><strong>neces-</strong></span> 
     </span>
    </p>
   </div>
   <div class='ocr_carea' id='block_1_89' title="bbox 1866 3137 3495 3213">
    <p class='ocr_par' dir='ltr' id='par_1_89' title="bbox 1866 3137 3495 3213">
     <span class='ocr_line' id='line_1_91' title="bbox 1866 3137 3495 3213; baseline -0.004 -16"><span class='ocrx_word' id='word_1_586' title='bbox 1866 3143 2035 3209; x_wconf 88' lang='lat' dir='ltr'><strong>saria,</strong></span> <span class='ocrx_word' id='word_1_587' title='bbox 2065 3145 2124 3196; x_wconf 93' lang='lat' dir='ltr'><strong>et</strong></span> <span class='ocrx_word' id='word_1_588' title='bbox 2151 3142 2503 3213; x_wconf 91' lang='lat' dir='ltr'><strong>conjungere</strong></span> <span class='ocrx_word' id='word_1_589' title='bbox 2532 3140 2610 3211; x_wconf 92' lang='lat' dir='ltr'><strong>(in</strong></span> <span class='ocrx_word' id='word_1_590' title='bbox 2653 3139 3111 3209; x_wconf 86' lang='lat' dir='ltr'><strong>matrimonium)</strong></span> <span class='ocrx_word' id='word_1_591' title='bbox 3141 3137 3495 3203; x_wconf 86' lang='lat' dir='ltr'><strong>orthodoxis,</strong></span> 
     </span>
    </p>
   </div>
   <div class='ocr_carea' id='block_1_90' title="bbox 1786 3230 3500 3313">
    <p class='ocr_par' dir='ltr' id='par_1_90' title="bbox 1786 3230 3500 3313">
     <span class='ocr_line' id='line_1_92' title="bbox 1786 3230 3500 3313; baseline -0.004 -22"><span class='ocrx_word' id='word_1_592' title='bbox 1786 3238 1841 3313; x_wconf 68' lang='grc' dir='ltr'>Ο</span> <span class='ocrx_word' id='word_1_593' title='bbox 1866 3240 1925 3291; x_wconf 90' lang='lat' dir='ltr'><strong>et</strong></span> <span class='ocrx_word' id='word_1_594' title='bbox 1942 3236 2079 3291; x_wconf 89' lang='lat' dir='ltr'><strong>dare</strong></span> <span class='ocrx_word' id='word_1_595' title='bbox 2103 3236 2266 3290; x_wconf 90' lang='lat' dir='ltr'><strong>dotes</strong></span> <span class='ocrx_word' id='word_1_596' title='bbox 2287 3237 2347 3289; x_wconf 90' lang='lat' dir='ltr'><strong>et</strong></span> <span class='ocrx_word' id='word_1_597' title='bbox 2364 3232 2790 3304; x_wconf 88' lang='lat' dir='ltr'><strong>antenuptiales</strong></span> <span class='ocrx_word' id='word_1_598' title='bbox 2813 3232 3174 3298; x_wconf 90' lang='lat' dir='ltr'><strong>donationes,</strong></span> <span class='ocrx_word' id='word_1_599' title='bbox 3196 3230 3500 3303; x_wconf 87' lang='lat' dir='ltr'><strong>providen-</strong></span> 
     </span>
    </p>
   </div>
   <div class='ocr_carea' id='block_1_91' title="bbox 1864 3324 3497 3401">
    <p class='ocr_par' dir='ltr' id='par_1_91' title="bbox 1864 3324 3497 3401">
     <span class='ocr_line' id='line_1_93' title="bbox 1864 3324 3497 3401; baseline -0.004 -16"><span class='ocrx_word' id='word_1_600' title='bbox 1864 3332 1944 3385; x_wconf 90' lang='lat' dir='ltr'><strong>tia</strong></span> <span class='ocrx_word' id='word_1_601' title='bbox 1975 3328 2285 3401; x_wconf 72' lang='lat' dir='ltr'><strong>prsesidum</strong></span> <span class='ocrx_word' id='word_1_602' title='bbox 2315 3331 2371 3382; x_wconf 88' lang='lat' dir='ltr'><strong>et</strong></span> <span class='ocrx_word' id='word_1_603' title='bbox 2399 3327 2823 3399; x_wconf 90' lang='lat' dir='ltr'><strong>episcoporum.</strong></span> <span class='ocrx_word' id='word_1_604' title='bbox 2847 3358 2915 3366; x_wconf 95' lang='lat'><strong><em>—</em></strong></span> <span class='ocrx_word' id='word_1_605' title='bbox 2938 3324 2969 3399; x_wconf 85' lang='lat'>§</span> <span class='ocrx_word' id='word_1_606' title='bbox 2989 3329 3038 3380; x_wconf 94' lang='grc'><strong>1.</strong></span> <span class='ocrx_word' id='word_1_607' title='bbox 3066 3324 3379 3380; x_wconf 80' lang='lat' dir='ltr'><strong>Orthodoxi</strong></span> <span class='ocrx_word' id='word_1_608' title='bbox 3396 3324 3497 3378; x_wconf 83' lang='lat' dir='ltr'><strong>filii</strong></span> 
     </span>
    </p>
   </div>
   <div class='ocr_carea' id='block_1_92' title="bbox 1864 3417 3501 3492">
    <p class='ocr_par' dir='ltr' id='par_1_92' title="bbox 1864 3417 3501 3492">
     <span class='ocr_line' id='line_1_94' title="bbox 1864 3417 3501 3492; baseline -0.004 -15"><span class='ocrx_word' id='word_1_609' title='bbox 1864 3422 2291 3489; x_wconf 69' lang='lat' dir='ltr'><strong>haereticorum,</strong></span> <span class='ocrx_word' id='word_1_610' title='bbox 2311 3422 2408 3492; x_wconf 92' lang='lat' dir='ltr'><strong>qui</strong></span> <span class='ocrx_word' id='word_1_611' title='bbox 2436 3420 2578 3475; x_wconf 90' lang='lat' dir='ltr'><strong>nihil</strong></span> <span class='ocrx_word' id='word_1_612' title='bbox 2607 3420 2974 3492; x_wconf 85' lang='lat' dir='ltr'><strong>deliquerunt</strong></span> <span class='ocrx_word' id='word_1_613' title='bbox 2993 3419 3054 3473; x_wconf 90' lang='lat' dir='ltr'><strong>in</strong></span> <span class='ocrx_word' id='word_1_614' title='bbox 3082 3422 3372 3491; x_wconf 88' lang='lat' dir='ltr'><strong>parentes,</strong></span> <span class='ocrx_word' id='word_1_615' title='bbox 3398 3417 3501 3472; x_wconf 87' lang='lat' dir='ltr'><strong>illi-</strong></span> 
     </span>
    </p>
   </div>
   <div class='ocr_carea' id='block_1_93' title="bbox 1865 3510 3498 3586">
    <p class='ocr_par' dir='ltr' id='par_1_93' title="bbox 1865 3510 3498 3586">
     <span class='ocr_line' id='line_1_95' title="bbox 1865 3510 3498 3586; baseline -0.004 -17"><span class='ocrx_word' id='word_1_616' title='bbox 1865 3517 2063 3570; x_wconf 88' lang='lat' dir='ltr'><strong>batum</strong></span> <span class='ocrx_word' id='word_1_617' title='bbox 2095 3514 2404 3586; x_wconf 88' lang='lat' dir='ltr'><strong>accipiunt,</strong></span> <span class='ocrx_word' id='word_1_618' title='bbox 2432 3516 2490 3567; x_wconf 90' lang='lat' dir='ltr'><strong>et</strong></span> <span class='ocrx_word' id='word_1_619' title='bbox 2516 3512 2968 3579; x_wconf 88' lang='lat' dir='ltr'><strong>indeminutum,</strong></span> <span class='ocrx_word' id='word_1_620' title='bbox 2999 3511 3157 3582; x_wconf 90' lang='lat' dir='ltr'><strong>quod</strong></span> <span class='ocrx_word' id='word_1_621' title='bbox 3187 3511 3269 3564; x_wconf 90' lang='lat' dir='ltr'><strong>eis</strong></span> <span class='ocrx_word' id='word_1_622' title='bbox 3298 3510 3368 3564; x_wconf 90' lang='lat' dir='ltr'><strong>ab</strong></span> <span class='ocrx_word' id='word_1_623' title='bbox 3412 3510 3498 3563; x_wconf 86' lang='lat' dir='ltr'><strong>in-</strong></span> 
     </span>
    </p>
   </div>
   <div class='ocr_carea' id='block_1_94' title="bbox 1864 3603 3497 3679">
    <p class='ocr_par' dir='ltr' id='par_1_94' title="bbox 1864 3603 3497 3679">
     <span class='ocr_line' id='line_1_96' title="bbox 1864 3603 3497 3679; baseline -0.004 -16"><span class='ocrx_word' id='word_1_624' title='bbox 1864 3612 2073 3663; x_wconf 88' lang='lat' dir='ltr'><strong>testato</strong></span> <span class='ocrx_word' id='word_1_625' title='bbox 2105 3606 2404 3679; x_wconf 89' lang='lat' dir='ltr'><strong>competit,</strong></span> <span class='ocrx_word' id='word_1_626' title='bbox 2433 3610 2492 3660; x_wconf 92' lang='lat' dir='ltr'><strong>et</strong></span> <span class='ocrx_word' id='word_1_627' title='bbox 2520 3605 2791 3659; x_wconf 89' lang='lat' dir='ltr'><strong>adversus</strong></span> <span class='ocrx_word' id='word_1_628' title='bbox 2817 3605 2940 3659; x_wconf 62' lang='lat' dir='ltr'><strong>haec</strong></span> <span class='ocrx_word' id='word_1_629' title='bbox 2968 3605 3122 3658; x_wconf 90' lang='lat' dir='ltr'><strong>facta</strong></span> <span class='ocrx_word' id='word_1_630' title='bbox 3166 3603 3369 3657; x_wconf 88' lang='lat' dir='ltr'><strong>ultima</strong></span> <span class='ocrx_word' id='word_1_631' title='bbox 3398 3619 3497 3657; x_wconf 89' lang='lat' dir='ltr'><strong>vo-</strong></span> 
     </span>
    </p>
   </div>
   <div class='ocr_carea' id='block_1_95' title="bbox 1864 3694 3500 3761">
    <p class='ocr_par' dir='ltr' id='par_1_95' title="bbox 1864 3694 3500 3761">
     <span class='ocr_line' id='line_1_97' title="bbox 1864 3694 3500 3761; baseline -0.006 -5"><span class='ocrx_word' id='word_1_632' title='bbox 1864 3703 2057 3757; x_wconf 89' lang='lat' dir='ltr'><strong>luntas</strong></span> <span class='ocrx_word' id='word_1_633' title='bbox 2082 3700 2442 3754; x_wconf 83' lang='lat' dir='ltr'><strong>infirmatur:</strong></span> <span class='ocrx_word' id='word_1_634' title='bbox 2471 3697 2820 3754; x_wconf 90' lang='lat' dir='ltr'><strong>conservatis</strong></span> <span class='ocrx_word' id='word_1_635' title='bbox 2849 3696 3231 3761; x_wconf 85' lang='lat' dir='ltr'><strong>libertatibus,</strong></span> <span class='ocrx_word' id='word_1_636' title='bbox 3256 3695 3362 3748; x_wconf 91' lang='lat' dir='ltr'><strong>nisi</strong></span> <span class='ocrx_word' id='word_1_637' title='bbox 3395 3694 3500 3748; x_wconf 91' lang='lat' dir='ltr'><strong>ali-</strong></span> 
     </span>
    </p>
   </div>
   <div class='ocr_carea' id='block_1_96' title="bbox 1868 3787 3500 3871">
    <p class='ocr_par' dir='ltr' id='par_1_96' title="bbox 1868 3787 3500 3871">
     <span class='ocr_line' id='line_1_98' title="bbox 1868 3787 3500 3871; baseline -0.006 -22"><span class='ocrx_word' id='word_1_638' title='bbox 1868 3812 1982 3867; x_wconf 89' lang='lat' dir='ltr'><strong>qua</strong></span> <span class='ocrx_word' id='word_1_639' title='bbox 2014 3796 2139 3865; x_wconf 89' lang='lat' dir='ltr'><strong>lege</strong></span> <span class='ocrx_word' id='word_1_640' title='bbox 2170 3791 2605 3871; x_wconf 76' lang='lat' dir='ltr'><strong>prohibeantur.</strong></span> <span class='ocrx_word' id='word_1_641' title='bbox 2642 3791 2699 3845; x_wconf 92' lang='lat' dir='ltr'><strong>Si</strong></span> <span class='ocrx_word' id='word_1_642' title='bbox 2728 3806 2863 3845; x_wconf 87' lang='lat' dir='ltr'><strong>vero</strong></span> <span class='ocrx_word' id='word_1_643' title='bbox 2895 3789 3032 3860; x_wconf 90' lang='lat' dir='ltr'><strong>quid</strong></span> <span class='ocrx_word' id='word_1_644' title='bbox 3065 3787 3415 3858; x_wconf 88' lang='lat' dir='ltr'><strong>deliquerint</strong></span> <span class='ocrx_word' id='word_1_645' title='bbox 3441 3787 3500 3841; x_wconf 93' lang='lat' dir='ltr'><strong>in</strong></span> 
     </span>
    </p>
   </div>
   <div class='ocr_carea' id='block_1_97' title="bbox 1867 3881 3499 3959">
    <p class='ocr_par' dir='ltr' id='par_1_97' title="bbox 1867 3881 3499 3959">
     <span class='ocr_line' id='line_1_99' title="bbox 1867 3881 3499 3959; baseline -0.005 -18"><span class='ocrx_word' id='word_1_646' title='bbox 1867 3890 2156 3959; x_wconf 90' lang='lat' dir='ltr'><strong>parentes,</strong></span> <span class='ocrx_word' id='word_1_647' title='bbox 2189 3889 2546 3951; x_wconf 86' lang='lat' dir='ltr'><strong>accusantur,</strong></span> <span class='ocrx_word' id='word_1_648' title='bbox 2570 3889 2628 3937; x_wconf 90' lang='lat' dir='ltr'><strong>et</strong></span> <span class='ocrx_word' id='word_1_649' title='bbox 2657 3883 2993 3954; x_wconf 91' lang='lat' dir='ltr'><strong>puniuntur.</strong></span> <span class='ocrx_word' id='word_1_650' title='bbox 3029 3881 3254 3935; x_wconf 82' lang='lat' dir='ltr'><strong>Habent</strong></span> <span class='ocrx_word' id='word_1_651' title='bbox 3280 3885 3499 3949; x_wconf 88' lang='lat' dir='ltr'><strong>autem,</strong></span> 
     </span>
    </p>
   </div>
   <div class='ocr_carea' id='block_1_98' title="bbox 1870 3973 3502 4050">
    <p class='ocr_par' dir='ltr' id='par_1_98' title="bbox 1870 3973 3502 4050">
     <span class='ocr_line' id='line_1_100' title="bbox 1870 3973 3502 4050; baseline -0.006 -15"><span class='ocrx_word' id='word_1_652' title='bbox 1870 3985 1929 4036; x_wconf 90' lang='lat' dir='ltr'><strong>et</strong></span> <span class='ocrx_word' id='word_1_653' title='bbox 1964 3996 2095 4035; x_wconf 92' lang='lat' dir='ltr'><strong>cum</strong></span> <span class='ocrx_word' id='word_1_654' title='bbox 2142 3978 2507 4050; x_wconf 88' lang='lat' dir='ltr'><strong>deliquerint,</strong></span> <span class='ocrx_word' id='word_1_655' title='bbox 2557 3980 2822 4048; x_wconf 89' lang='lat' dir='ltr'><strong>quartam</strong></span> <span class='ocrx_word' id='word_1_656' title='bbox 2862 3975 3201 4030; x_wconf 89' lang='lat' dir='ltr'><strong>facultatum</strong></span> <span class='ocrx_word' id='word_1_657' title='bbox 3239 3973 3502 4045; x_wconf 88' lang='lat' dir='ltr'><strong>ipsorum</strong></span> 
     </span>
    </p>
   </div>
   <div class='ocr_carea' id='block_1_99' title="bbox 1875 4065 3501 4147">
    <p class='ocr_par' dir='ltr' id='par_1_99' title="bbox 1875 4065 3501 4147">
     <span class='ocr_line' id='line_1_101' title="bbox 1875 4065 3501 4147; baseline -0.004 -19"><span class='ocrx_word' id='word_1_658' title='bbox 1875 4072 2141 4147; x_wconf 87' lang='lat' dir='ltr'><strong>[partem]</strong></span> <span class='ocrx_word' id='word_1_659' title='bbox 2170 4073 2520 4127; x_wconf 86' lang='lat' dir='ltr'><strong>testamento</strong></span> <span class='ocrx_word' id='word_1_660' title='bbox 2552 4071 2723 4126; x_wconf 90' lang='lat' dir='ltr'><strong>facto.</strong></span> <span class='ocrx_word' id='word_1_661' title='bbox 2762 4100 2832 4110; x_wconf 86' lang='lat'><strong>-—-</strong></span> <span class='ocrx_word' id='word_1_662' title='bbox 2859 4067 2962 4142; x_wconf 76' lang='lat'><strong>§2.</strong></span> <span class='ocrx_word' id='word_1_663' title='bbox 2991 4067 3211 4124; x_wconf 89' lang='lat' dir='ltr'><strong>Eadem</strong></span> <span class='ocrx_word' id='word_1_664' title='bbox 3241 4072 3298 4123; x_wconf 91' lang='lat' dir='ltr'><strong>et</strong></span> <span class='ocrx_word' id='word_1_665' title='bbox 3320 4065 3381 4121; x_wconf 91' lang='lat' dir='ltr'><strong>in</strong></span> <span class='ocrx_word' id='word_1_666' title='bbox 3405 4067 3501 4122; x_wconf 83' lang='lat' dir='ltr'><strong>Ju-</strong></span> 
     </span>
    </p>
   </div>
   <div class='ocr_carea' id='block_1_100' title="bbox 1872 4164 2727 4222">
    <p class='ocr_par' dir='ltr' id='par_1_100' title="bbox 1872 4164 2727 4222">
     <span class='ocr_line' id='line_1_102' title="bbox 1872 4164 2727 4222; baseline -0.005 0"><span class='ocrx_word' id='word_1_667' title='bbox 1872 4167 2011 4222; x_wconf 72' lang='lat' dir='ltr'><strong>daais</strong></span> <span class='ocrx_word' id='word_1_668' title='bbox 2030 4170 2089 4221; x_wconf 92' lang='lat' dir='ltr'><strong>et</strong></span> <span class='ocrx_word' id='word_1_669' title='bbox 2114 4165 2412 4221; x_wconf 88' lang='lat' dir='ltr'><strong>Samaritis</strong></span> <span class='ocrx_word' id='word_1_670' title='bbox 2444 4164 2727 4220; x_wconf 90' lang='lat' dir='ltr'><strong>obtinent.</strong></span> 
     </span>
    </p>
   </div>
   <div class='ocr_carea' id='block_1_101' title="bbox 2537 4285 2817 4341">
    <p class='ocr_par' dir='ltr' id='par_1_101' title="bbox 2537 4285 2817 4341">
     <span class='ocr_line' id='line_1_103' title="bbox 2537 4285 2817 4341; baseline -0.004 -2"><span class='ocrx_word' id='word_1_671' title='bbox 2537 4285 2665 4341; x_wconf 86' lang='lat' dir='ltr'><strong>LEX</strong></span> <span class='ocrx_word' id='word_1_672' title='bbox 2688 4285 2817 4340; x_wconf 85' lang='lat' dir='ltr'><strong>XIV.</strong></span> 
     </span>
    </p>
   </div>
   <div class='ocr_carea' id='block_1_102' title="bbox 1875 4378 3508 4446">
    <p class='ocr_par' dir='ltr' id='par_1_102' title="bbox 1875 4378 3508 4446">
     <span class='ocr_line' id='line_1_104' title="bbox 1875 4378 3508 4446; baseline -0.007 -9"><span class='ocrx_word' id='word_1_673' title='bbox 1875 4387 2059 4437; x_wconf 68' lang='lat' dir='ltr'><strong>Grzeca</strong></span> <span class='ocrx_word' id='word_1_674' title='bbox 2100 4383 2401 4446; x_wconf 82' lang='lat' dir='ltr'><strong>constitutio</strong></span> <span class='ocrx_word' id='word_1_675' title='bbox 2451 4382 2683 4446; x_wconf 81' lang='lat' dir='ltr'><strong>ejusdem</strong></span> <span class='ocrx_word' id='word_1_676' title='bbox 2732 4379 3089 4446; x_wconf 73' lang='lat' dir='ltr'><strong>imperatoris.</strong></span> <span class='ocrx_word' id='word_1_677' title='bbox 3115 4378 3383 4446; x_wconf 83' lang='lat' dir='ltr'><strong>_Ep_itome</strong></span> <span class='ocrx_word' id='word_1_678' title='bbox 3439 4390 3508 4446; x_wconf 69' lang='lat' dir='ltr'><strong>ea;</strong></span> 
     </span>
    </p>
   </div>
   <div class='ocr_carea' id='block_1_103' title="bbox 1936 4440 3505 4497">
    <p class='ocr_par' dir='ltr' id='par_1_103' title="bbox 1936 4440 3505 4497">
     <span class='ocr_line' id='line_1_105' title="bbox 1936 4440 3505 4497; baseline -0.006 -1"><span class='ocrx_word' id='word_1_679' title='bbox 1936 4448 2119 4497; x_wconf 73' lang='lat' dir='ltr'><strong>Graeca</strong></span> <span class='ocrx_word' id='word_1_680' title='bbox 2142 4445 2443 4495; x_wconf 84' lang='lat' dir='ltr'><strong>collectione</strong></span> <span class='ocrx_word' id='word_1_681' title='bbox 2470 4440 2917 4495; x_wconf 70' lang='lat' dir='ltr'><strong>Constitutionum</strong></span> <span class='ocrx_word' id='word_1_682' title='bbox 2946 4440 3422 4492; x_wconf 87' lang='lat' dir='ltr'><strong>ecclesiasticarum</strong></span> <span class='ocrx_word' id='word_1_683' title='bbox 3458 4444 3505 4487; x_wconf 87' lang='lat' dir='ltr'><strong>et</strong></span> 
     </span>
    </p>
   </div>
   <div class='ocr_carea' id='block_1_104' title="bbox 1935 4506 2693 4570">
    <p class='ocr_par' dir='ltr' id='par_1_104' title="bbox 1935 4506 2693 4570">
     <span class='ocr_line' id='line_1_106' title="bbox 1935 4506 2693 4570; baseline -0.007 -10"><span class='ocrx_word' id='word_1_684' title='bbox 1935 4511 2246 4566; x_wconf 86' lang='lat' dir='ltr'><strong>Nomocan.,</strong></span> <span class='ocrx_word' id='word_1_685' title='bbox 2280 4508 2357 4557; x_wconf 85' lang='lat' dir='ltr'><strong>tit.</strong></span> <span class='ocrx_word' id='word_1_686' title='bbox 2388 4507 2465 4569; x_wconf 77' lang='grc'><strong>12,</strong></span> <span class='ocrx_word' id='word_1_687' title='bbox 2498 4520 2615 4570; x_wconf 81' lang='lat' dir='ltr'><strong>cap.</strong></span> <span class='ocrx_word' id='word_1_688' title='bbox 2642 4506 2693 4556; x_wconf 74' lang='lat'><strong>2.</strong></span> 
     </span>
    </p>
   </div>
   <div class='ocr_carea' id='block_1_105' title="bbox 1786 4601 3503 4677">
    <p class='ocr_par' dir='ltr' id='par_1_105' title="bbox 1786 4601 3503 4677">
     <span class='ocr_line' id='line_1_107' title="bbox 1786 4601 3503 4677; baseline -0.006 -15"><span class='ocrx_word' id='word_1_689' title='bbox 1786 4602 1846 4675; x_wconf 91' lang='lat' dir='ltr'><strong>D</strong></span> <span class='ocrx_word' id='word_1_690' title='bbox 1940 4606 2199 4661; x_wconf 69' lang='lat' dir='ltr'><strong>Haeretici</strong></span> <span class='ocrx_word' id='word_1_691' title='bbox 2225 4604 2568 4677; x_wconf 83' lang='lat' dir='ltr'><strong>synacteria,</strong></span> <span class='ocrx_word' id='word_1_692' title='bbox 2593 4620 2691 4658; x_wconf 91' lang='lat' dir='ltr'><strong>seu</strong></span> <span class='ocrx_word' id='word_1_693' title='bbox 2719 4601 2985 4657; x_wconf 89' lang='lat' dir='ltr'><strong>collectas</strong></span> <span class='ocrx_word' id='word_1_694' title='bbox 3010 4602 3201 4655; x_wconf 89' lang='lat' dir='ltr'><strong>facere</strong></span> <span class='ocrx_word' id='word_1_695' title='bbox 3227 4615 3344 4655; x_wconf 91' lang='lat' dir='ltr'><strong>non</strong></span> <span class='ocrx_word' id='word_1_696' title='bbox 3376 4614 3503 4669; x_wconf 88' lang='lat' dir='ltr'><strong>pos-</strong></span> 
     </span>
    </p>
   </div>
   <div class='ocr_carea' id='block_1_106' title="bbox 1874 4690 3557 4771">
    <p class='ocr_par' dir='ltr' id='par_1_106' title="bbox 1874 4690 3557 4771">
     <span class='ocr_line' id='line_1_108' title="bbox 1874 4690 3557 4771; baseline -0.005 -16"><span class='ocrx_word' id='word_1_697' title='bbox 1874 4704 2024 4767; x_wconf 90' lang='lat' dir='ltr'><strong>sunt,</strong></span> <span class='ocrx_word' id='word_1_698' title='bbox 2049 4702 2149 4754; x_wconf 90' lang='lat' dir='ltr'><strong>aut</strong></span> <span class='ocrx_word' id='word_1_699' title='bbox 2172 4714 2577 4771; x_wconf 84' lang='lat' dir='ltr'><strong>parasynaxes,</strong></span> <span class='ocrx_word' id='word_1_700' title='bbox 2618 4699 2718 4750; x_wconf 91' lang='lat' dir='ltr'><strong>aut</strong></span> <span class='ocrx_word' id='word_1_701' title='bbox 2750 4694 3021 4767; x_wconf 89' lang='lat' dir='ltr'><strong>synodos,</strong></span> <span class='ocrx_word' id='word_1_702' title='bbox 3054 4696 3156 4748; x_wconf 88' lang='lat' dir='ltr'><strong>aut</strong></span> <span class='ocrx_word' id='word_1_703' title='bbox 3185 4690 3500 4748; x_wconf 91' lang='lat' dir='ltr'><strong>ordinatio-</strong></span> <span class='ocrx_word' id='word_1_704' title='bbox 3554 4718 3557 4721; x_wconf 57' lang='grc' dir='ltr'><strong><em>ν</em></strong></span> 
     </span>
    </p>
   </div>
   <div class='ocr_carea' id='block_1_107' title="bbox 1875 4787 3506 4864">
    <p class='ocr_par' dir='ltr' id='par_1_107' title="bbox 1875 4787 3506 4864">
     <span class='ocr_line' id='line_1_109' title="bbox 1875 4787 3506 4864; baseline -0.005 -15"><span class='ocrx_word' id='word_1_705' title='bbox 1875 4811 1995 4862; x_wconf 91' lang='lat' dir='ltr'><strong>nes,</strong></span> <span class='ocrx_word' id='word_1_706' title='bbox 2029 4795 2129 4847; x_wconf 92' lang='lat' dir='ltr'><strong>aut</strong></span> <span class='ocrx_word' id='word_1_707' title='bbox 2154 4790 2521 4864; x_wconf 90' lang='lat' dir='ltr'><strong>baptismata,</strong></span> <span class='ocrx_word' id='word_1_708' title='bbox 2553 4792 2653 4843; x_wconf 90' lang='lat' dir='ltr'><strong>aut</strong></span> <span class='ocrx_word' id='word_1_709' title='bbox 2682 4787 2959 4844; x_wconf 77' lang='lat' dir='ltr'><strong>exarchos</strong></span> <span class='ocrx_word' id='word_1_710' title='bbox 2994 4787 3231 4862; x_wconf 81' lang='lat' dir='ltr'><strong>habere,</strong></span> <span class='ocrx_word' id='word_1_711' title='bbox 3262 4789 3362 4841; x_wconf 89' lang='lat' dir='ltr'><strong>aut</strong></span> <span class='ocrx_word' id='word_1_712' title='bbox 3403 4802 3506 4858; x_wconf 88' lang='lat' dir='ltr'><strong>pa-</strong></span> 
     </span>
    </p>
   </div>
   <div class='ocr_carea' id='block_1_108' title="bbox 1874 4880 3506 4950">
    <p class='ocr_par' dir='ltr' id='par_1_108' title="bbox 1874 4880 3506 4950">
     <span class='ocr_line' id='line_1_110' title="bbox 1874 4880 3506 4950; baseline -0.006 -7"><span class='ocrx_word' id='word_1_713' title='bbox 1874 4887 2173 4943; x_wconf 88' lang='lat' dir='ltr'><strong>ternitates</strong></span> <span class='ocrx_word' id='word_1_714' title='bbox 2200 4902 2299 4941; x_wconf 92' lang='lat' dir='ltr'><strong>seu</strong></span> <span class='ocrx_word' id='word_1_715' title='bbox 2341 4882 2619 4950; x_wconf 88' lang='lat' dir='ltr'><strong>abbatias,</strong></span> <span class='ocrx_word' id='word_1_716' title='bbox 2658 4885 2758 4936; x_wconf 85' lang='lat' dir='ltr'><strong>aut</strong></span> <span class='ocrx_word' id='word_1_717' title='bbox 2787 4880 3155 4937; x_wconf 88' lang='lat' dir='ltr'><strong>defensiones</strong></span> <span class='ocrx_word' id='word_1_718' title='bbox 3184 4880 3506 4948; x_wconf 90' lang='lat' dir='ltr'><strong>instituere,</strong></span> 
     </span>
    </p>
   </div>
   <div class='ocr_carea' id='block_1_109' title="bbox 1877 4974 3511 5048">
    <p class='ocr_par' dir='ltr' id='par_1_109' title="bbox 1877 4974 3511 5048">
     <span class='ocr_line' id='line_1_111' title="bbox 1877 4974 3511 5048; baseline -0.007 -11"><span class='ocrx_word' id='word_1_719' title='bbox 1877 4986 1976 5036; x_wconf 92' lang='lat' dir='ltr'><strong>aut</strong></span> <span class='ocrx_word' id='word_1_720' title='bbox 2000 4996 2199 5036; x_wconf 89' lang='lat' dir='ltr'><strong>curare</strong></span> <span class='ocrx_word' id='word_1_721' title='bbox 2230 4995 2330 5033; x_wconf 88' lang='lat' dir='ltr'><strong>seu</strong></span> <span class='ocrx_word' id='word_1_722' title='bbox 2359 4976 2766 5032; x_wconf 89' lang='lat' dir='ltr'><strong>administrare</strong></span> <span class='ocrx_word' id='word_1_723' title='bbox 2797 4975 2960 5031; x_wconf 90' lang='lat' dir='ltr'><strong>villas</strong></span> <span class='ocrx_word' id='word_1_724' title='bbox 2987 4992 3092 5048; x_wconf 89' lang='lat' dir='ltr'><strong>per</strong></span> <span class='ocrx_word' id='word_1_725' title='bbox 3139 4974 3377 5047; x_wconf 90' lang='lat' dir='ltr'><strong>seipsos,</strong></span> <span class='ocrx_word' id='word_1_726' title='bbox 3412 4976 3511 5028; x_wconf 91' lang='lat' dir='ltr'><strong>aut</strong></span> 
     </span>
    </p>
   </div>
   <div class='ocr_carea' id='block_1_110' title="bbox 1877 5066 3510 5146">
    <p class='ocr_par' dir='ltr' id='par_1_110' title="bbox 1877 5066 3510 5146">
     <span class='ocr_line' id='line_1_112' title="bbox 1877 5066 3510 5146; baseline -0.007 -17"><span class='ocrx_word' id='word_1_727' title='bbox 1877 5091 1981 5146; x_wconf 90' lang='lat' dir='ltr'><strong>per</strong></span> <span class='ocrx_word' id='word_1_728' title='bbox 1998 5071 2366 5144; x_wconf 89' lang='lat' dir='ltr'><strong>interpositas</strong></span> <span class='ocrx_word' id='word_1_729' title='bbox 2387 5086 2682 5142; x_wconf 88' lang='lat' dir='ltr'><strong>personas,</strong></span> <span class='ocrx_word' id='word_1_730' title='bbox 2702 5072 2803 5124; x_wconf 91' lang='lat' dir='ltr'><strong>aut</strong></span> <span class='ocrx_word' id='word_1_731' title='bbox 2829 5068 2968 5141; x_wconf 91' lang='lat' dir='ltr'><strong>quid</strong></span> <span class='ocrx_word' id='word_1_732' title='bbox 2991 5068 3413 5142; x_wconf 89' lang='lat' dir='ltr'><strong>prohibitorum</strong></span> <span class='ocrx_word' id='word_1_733' title='bbox 3430 5066 3510 5119; x_wconf 91' lang='lat' dir='ltr'><strong>fa-</strong></span> 
     </span>
    </p>
   </div>
   <div class='ocr_carea' id='block_1_111' title="bbox 1876 5159 3507 5236">
    <p class='ocr_par' dir='ltr' id='par_1_111' title="bbox 1876 5159 3507 5236">
     <span class='ocr_line' id='line_1_113' title="bbox 1876 5159 3507 5236; baseline -0.006 -14"><span class='ocrx_word' id='word_1_734' title='bbox 1876 5184 2025 5223; x_wconf 90' lang='lat' dir='ltr'><strong>cere.</strong></span> <span class='ocrx_word' id='word_1_735' title='bbox 2061 5166 2171 5231; x_wconf 85' lang='lat' dir='ltr'><strong>Qui</strong></span> <span class='ocrx_word' id='word_1_736' title='bbox 2202 5168 2591 5236; x_wconf 89' lang='lat' dir='ltr'><strong>transgressus</strong></span> <span class='ocrx_word' id='word_1_737' title='bbox 2615 5163 2740 5219; x_wconf 62' lang='lat' dir='ltr'><strong>haec</strong></span> <span class='ocrx_word' id='word_1_738' title='bbox 2771 5164 2965 5232; x_wconf 84' lang='lat' dir='ltr'><strong>fuerit,</strong></span> <span class='ocrx_word' id='word_1_739' title='bbox 2996 5164 3264 5219; x_wconf 88' lang='lat' dir='ltr'><strong>ultimum</strong></span> <span class='ocrx_word' id='word_1_740' title='bbox 3293 5159 3507 5230; x_wconf 88' lang='lat' dir='ltr'><strong>suppli-</strong></span> 
     </span>
    </p>
   </div>
   <div class='ocr_carea' id='block_1_112' title="bbox 1877 5260 2181 5317">
    <p class='ocr_par' dir='ltr' id='par_1_112' title="bbox 1877 5260 2181 5317">
     <span class='ocr_line' id='line_1_114' title="bbox 1877 5260 2181 5317; baseline -0.01 -1"><span class='ocrx_word' id='word_1_741' title='bbox 1877 5261 2029 5317; x_wconf 91' lang='lat' dir='ltr'><strong>cium</strong></span> <span class='ocrx_word' id='word_1_742' title='bbox 2059 5260 2181 5314; x_wconf 91' lang='lat' dir='ltr'><strong>luit.</strong></span> 
     </span>
    </p>
   </div>
   <div class='ocr_carea' id='block_1_113' title="bbox 2556 5353 2835 5408">
    <p class='ocr_par' dir='ltr' id='par_1_113' title="bbox 2556 5353 2835 5408">
     <span class='ocr_line' id='line_1_115' title="bbox 2556 5353 2835 5408; baseline -0.011 0"><span class='ocrx_word' id='word_1_743' title='bbox 2556 5355 2682 5408; x_wconf 86' lang='lat' dir='ltr'><strong>LEX</strong></span> <span class='ocrx_word' id='word_1_744' title='bbox 2730 5353 2835 5407; x_wconf 86' lang='lat' dir='ltr'><strong>XV.</strong></span> 
     </span>
    </p>
   </div>
   <div class='ocr_carea' id='block_1_114' title="bbox 1956 5444 3432 5527">
    <p class='ocr_par' dir='ltr' id='par_1_114' title="bbox 1956 5444 3432 5527">
     <span class='ocr_line' id='line_1_116' title="bbox 1956 5444 3432 5527; baseline -0.007 -24"><span class='ocrx_word' id='word_1_745' title='bbox 1956 5454 2140 5503; x_wconf 51' lang='lat' dir='ltr'><strong>Greca</strong></span> <span class='ocrx_word' id='word_1_746' title='bbox 2164 5451 2482 5503; x_wconf 86' lang='lat' dir='ltr'><strong>constitutio.</strong></span> <span class='ocrx_word' id='word_1_747' title='bbox 2517 5451 2751 5527; x_wconf 67' lang='lat' dir='ltr'><strong>Epitome</strong></span> <span class='ocrx_word' id='word_1_748' title='bbox 2777 5462 2844 5521; x_wconf 70' lang='lat' dir='ltr'><strong>ex</strong></span> <span class='ocrx_word' id='word_1_749' title='bbox 2875 5445 3049 5496; x_wconf 85' lang='lat' dir='ltr'><strong>indice</strong></span> <span class='ocrx_word' id='word_1_750' title='bbox 3076 5444 3432 5496; x_wconf 81' lang='lat' dir='ltr'><strong>Basilicarum</strong></span> 
     </span>
    </p>
   </div>
   <div class='ocr_carea' id='block_1_115' title="bbox 2498 5525 2884 5574">
    <p class='ocr_par' dir='ltr' id='par_1_115' title="bbox 2498 5525 2884 5574">
     <span class='ocr_line' id='line_1_117' title="bbox 2498 5525 2884 5574; baseline -0.013 -13"><span class='ocrx_word' id='word_1_751' title='bbox 2498 5525 2621 5561; x_wconf 78' lang='grc' dir='ltr'>κατα</span> <span class='ocrx_word' id='word_1_752' title='bbox 2645 5525 2884 5574; x_wconf 76' lang='grc' dir='ltr'><strong>στιχειων.</strong></span> 
     </span>
    </p>
   </div>
   <div class='ocr_carea' id='block_1_116' title="bbox 1950 5601 3510 5677">
    <p class='ocr_par' dir='ltr' id='par_1_116' title="bbox 1950 5601 3510 5677">
     <span class='ocr_line' id='line_1_118' title="bbox 1950 5601 3510 5677; baseline -0.005 -13"><span class='ocrx_word' id='word_1_753' title='bbox 1950 5609 2246 5664; x_wconf 66' lang='grc' dir='ltr'><strong>111δηὶ6ὴωὶ</strong></span> <span class='ocrx_word' id='word_1_754' title='bbox 2266 5609 2475 5664; x_wconf 89' lang='lat' dir='ltr'><strong>liberos</strong></span> <span class='ocrx_word' id='word_1_755' title='bbox 2496 5603 2732 5677; x_wconf 77' lang='lat' dir='ltr'><strong>quidem</strong></span> <span class='ocrx_word' id='word_1_756' title='bbox 2758 5604 3037 5659; x_wconf 88' lang='lat' dir='ltr'><strong>habentes</strong></span> <span class='ocrx_word' id='word_1_757' title='bbox 3058 5603 3428 5670; x_wconf 87' lang='lat' dir='ltr'><strong>orthodoxos,</strong></span> <span class='ocrx_word' id='word_1_758' title='bbox 3451 5601 3510 5657; x_wconf 91' lang='lat' dir='ltr'><strong>in</strong></span> 
     </span>
    </p>
   </div>
   <div class='ocr_carea' id='block_1_117' title="bbox 1882 5696 3512 5769">
    <p class='ocr_par' dir='ltr' id='par_1_117' title="bbox 1882 5696 3512 5769">
     <span class='ocr_line' id='line_1_119' title="bbox 1882 5696 3512 5769; baseline -0.005 -12"><span class='ocrx_word' id='word_1_759' title='bbox 1882 5720 1981 5757; x_wconf 89' lang='lat' dir='ltr'><strong>eos</strong></span> <span class='ocrx_word' id='word_1_760' title='bbox 1998 5706 2056 5757; x_wconf 87' lang='lat' dir='ltr'><strong>et</strong></span> <span class='ocrx_word' id='word_1_761' title='bbox 2081 5704 2232 5759; x_wconf 91' lang='lat' dir='ltr'><strong>solos</strong></span> <span class='ocrx_word' id='word_1_762' title='bbox 2248 5703 2320 5757; x_wconf 90' lang='lat' dir='ltr'><strong>ab</strong></span> <span class='ocrx_word' id='word_1_763' title='bbox 2342 5702 2610 5756; x_wconf 87' lang='lat' dir='ltr'><strong>intestato</strong></span> <span class='ocrx_word' id='word_1_764' title='bbox 2634 5697 3093 5769; x_wconf 82' lang='lat' dir='ltr'><strong>(transmittant:</strong></span> <span class='ocrx_word' id='word_1_765' title='bbox 3125 5696 3287 5767; x_wconf 89' lang='lat' dir='ltr'><strong>nulli)</strong></span> <span class='ocrx_word' id='word_1_766' title='bbox 3318 5699 3512 5750; x_wconf 91' lang='lat' dir='ltr'><strong>autem</strong></span> 
     </span>
    </p>
   </div>
   <div class='ocr_carea' id='block_1_118' title="bbox 1876 5789 3512 5860">
    <p class='ocr_par' dir='ltr' id='par_1_118' title="bbox 1876 5789 3512 5860">
     <span class='ocr_line' id='line_1_120' title="bbox 1876 5789 3512 5860; baseline -0.006 -9"><span class='ocrx_word' id='word_1_767' title='bbox 1876 5795 1976 5851; x_wconf 85' lang='lat' dir='ltr'><strong>alii</strong></span> <span class='ocrx_word' id='word_1_768' title='bbox 1997 5796 2251 5851; x_wconf 85' lang='lat' dir='ltr'><strong>viventes</strong></span> <span class='ocrx_word' id='word_1_769' title='bbox 2269 5800 2366 5851; x_wconf 88' lang='lat' dir='ltr'><strong>aut</strong></span> <span class='ocrx_word' id='word_1_770' title='bbox 2388 5792 2703 5849; x_wconf 87' lang='lat' dir='ltr'><strong>morientes</strong></span> <span class='ocrx_word' id='word_1_771' title='bbox 2718 5791 3008 5846; x_wconf 88' lang='lat' dir='ltr'><strong>alienanto</strong></span> <span class='ocrx_word' id='word_1_772' title='bbox 3032 5791 3150 5858; x_wconf 90' lang='lat' dir='ltr'><strong>(seu</strong></span> <span class='ocrx_word' id='word_1_773' title='bbox 3175 5806 3277 5860; x_wconf 90' lang='lat' dir='ltr'><strong>per</strong></span> <span class='ocrx_word' id='word_1_774' title='bbox 3297 5789 3512 5843; x_wconf 88' lang='lat' dir='ltr'><strong>institu-</strong></span> 
     </span>
    </p>
   </div>
   <div class='ocr_carea' id='block_1_119' title="bbox 1882 5882 3512 5964">
    <p class='ocr_par' dir='ltr' id='par_1_119' title="bbox 1882 5882 3512 5964">
     <span class='ocr_line' id='line_1_121' title="bbox 1882 5882 3512 5964; baseline -0.005 -19"><span class='ocrx_word' id='word_1_775' title='bbox 1882 5889 2123 5959; x_wconf 87' lang='lat' dir='ltr'><strong>tionem,</strong></span> <span class='ocrx_word' id='word_1_776' title='bbox 2147 5906 2244 5947; x_wconf 90' lang='lat' dir='ltr'><strong>seu</strong></span> <span class='ocrx_word' id='word_1_777' title='bbox 2265 5907 2369 5964; x_wconf 86' lang='lat' dir='ltr'><strong>per</strong></span> <span class='ocrx_word' id='word_1_778' title='bbox 2389 5890 2664 5960; x_wconf 86' lang='lat' dir='ltr'><strong>legatum,</strong></span> <span class='ocrx_word' id='word_1_779' title='bbox 2701 5903 2801 5941; x_wconf 89' lang='lat' dir='ltr'><strong>seu</strong></span> <span class='ocrx_word' id='word_1_780' title='bbox 2830 5902 2931 5958; x_wconf 84' lang='lat' dir='ltr'><strong>per</strong></span> <span class='ocrx_word' id='word_1_781' title='bbox 2953 5882 3374 5954; x_wconf 88' lang='lat' dir='ltr'><strong>donationem),</strong></span> <span class='ocrx_word' id='word_1_782' title='bbox 3397 5897 3512 5937; x_wconf 88' lang='lat' dir='ltr'><strong>om-</strong></span> 
     </span>
    </p>
   </div>
  </div>
