4032 6232
544 446 677 500 1087

1674 441 1929 496 SECULI
1968 439 2162 496 SEXTI
2200 440 2756 498 SUPPLEMENTUM.

3782 449 3801 498 1
3813 446 3917 499 088

539 551 773 606 nimodo
817 566 1021 608 eorum
1064 549 1430 608 facultatibus
1462 547 1536 607 ad
1575 546 1830 604 ﬁscalem
1863 547 2176 603 reddituris
2199 560 2258 634 Α
2279 548 2614 619 praesidibus
2657 548 2917 606 referunt
2961 549 3228 624 principi,
3261 565 3451 623 poena
3479 566 3616 605 vero
3646 550 3782 605 ﬁsco
3811 568 3916 622 ap-

545 644 855 701 rationem.

1212 717 1337 771 LEX
1368 717 1492 770 XVI.

546 810 740 868 Greca:
783 812 1182 866 constitutionis
1234 812 1477 879 epitome,
1534 825 1600 863 ea:
1651 810 1954 864 collectione
1998 809 2181 865 Graeca

866 883 1346 935 ecclesiastica-rum
1376 882 1848 938 Constitutionum.

614 999 690 1052 Ex
719 996 1029 1052 Manichaee
1066 997 1244 1050 factus
1284 997 1657 1064 orthodoxus,
1699 996 1746 1050 si
1775 996 2040 1050 inventus
2063 995 2180 1049 fue-

545 1091 621 1144 rit
652 1107 716 1144 ea
738 1106 862 1159 quae
890 1090 1158 1160 [pristini]
1193 1090 1403 1144 erroris
1435 1095 1599 1144 erant
1622 1095 1834 1157 tacere,
1859 1092 1960 1142 aut
1977 1090 2180 1142 saltem

546 1200 660 1236 una
690 1182 901 1252 degere
932 1183 1229 1249 duntaxat,
1255 1186 1311 1236 et
1328 1183 1649 1237 conversari
1671 1199 1803 1236 cum
1832 1181 2177 1248 Manichaeis,

548 1293 651 1329 nec
681 1276 978 1330 confestim
1003 1275 1323 1346 prodiderit
1343 1278 1438 1330 illa
1453 1276 1799 1347 competenti
1822 1275 2022 1345 judici,
2054 1274 2181 1328 ulti-

546 1385 642 1422 mo
671 1368 948 1439 supplicio
971 1369 1224 1439 punitur.
1253 1369 1371 1441 —§
1402 1373 1451 1423 l.
1480 1369 1638 1423 Idem
1666 1369 1763 1439 qui
1793 1369 1851 1422 in
1883 1367 2176 1438 dignitati-

543 1461 649 1515 bus
675 1466 733 1516 et
758 1461 975 1515 militiis
1003 1466 1135 1515 sunt
1161 1463 1398 1516 sollicite
1423 1479 1521 1515 eos
1547 1463 1645 1532 qui
1673 1462 1733 1515 in
1761 1478 1860 1514 suo
1888 1460 2178 1514 consortio

545 1559 679 1608 sunt
708 1555 991 1625 ejusmodi
1020 1555 1332 1626 inquirant,
1359 1561 1415 1609 et
1440 1555 1692 1626 prodant
1721 1572 1732 1609 :
1768 1555 1901 1625 quia
1943 1555 1988 1607 si
2020 1569 2176 1607 com-

545 1649 864 1720 prehensus
889 1649 1230 1703 Manichacus
1264 1649 1470 1702 dixerit
1495 1649 1623 1702 sciri
1646 1665 1704 1702 se
1734 1651 1791 1701 et
1819 1648 1973 1701 nosci
2002 1647 2178 1700 talem

547 1758 580 1795 a
613 1741 982 1811 quibusdam,
1006 1758 1260 1812 congrue
1291 1743 1368 1795 illi
1397 1742 1729 1812 puniuntur,
1765 1744 1826 1794 ut
1852 1739 1947 1810 qui
1976 1740 2179 1794 eadem

549 1834 914 1904 deliquerint,
946 1835 1175 1888 tametsi
1207 1852 1320 1888 non
1348 1835 1463 1888 sint
1484 1836 1625 1888 tales
1646 1852 1659 1900 ;
1680 1834 1879 1888 eadem
1908 1833 2064 1886 enim
2086 1833 2180 1886 de-

547 1927 811 1998 linquere
848 1927 1116 1981 videntur
1155 1928 1399 1982 scientes
1446 1927 1680 1998 quidem
1722 1927 2259 2004 delinquentem,B

550 2036 667 2073 non
695 2019 969 2074 facientes
998 2025 1191 2074 autem
1224 2021 1388 2074 illum
1414 2020 1807 2074 manifestum.
1831 2051 1899 2058 —
1928 2018 1957 2089 ξ
1986 2022 2038 2072 2.
2074 2018 2183 2081 Qui

548 2112 724 2166 habet
753 2113 930 2167 libros
955 2112 1350 2180 Manichaicos,
1382 2117 1439 2167 et
1469 2130 1585 2167 non
1614 2112 1944 2167 manifestat
1970 2129 2088 2179 eos,
2125 2115 2184 2165 ut

549 2198 986 2274 comburantur,
1016 2206 1273 2278 punitur.

1220 2297 1346 2377 LEX
1377 2324 1530 2377 xvn.

619 2417 811 2472 Graecae
831 2399 1230 2472 constitutionis
1256 2418 1555 2542 lesttiniani
1577 2419 1802 2487 epitome
1830 2431 1898 2470 ea:
1925 2416 2112 2470 eadem

1205 2504 1284 2541 co.
1313 2503 1364 2542 eo
1392 2503 1527 2542 ioue.
1579 2516 1597 2533 ο

1205 2503 1527 2542 couecuone.
1579 2516 1597 2533 ο

619 2593 865 2659 Sanctae,
895 2597 1002 2647 etc.
1028 2592 1521 2648 Samaritanorum
1554 2607 1860 2664 synagogas
1882 2591 2184 2646 destruun-

549 2689 677 2752 tur;
711 2688 788 2752 et,
822 2684 867 2738 si
903 2685 1042 2739 alias
1079 2689 1303 2740 tentent
1339 2687 1550 2752 facere,
1602 2685 1936 2756 puniuntur.
1974 2716 2042 2724 —
2070 2684 2100 2756 §
2132 2689 2182 2739 1.

550 2779 674 2832 Non
707 2783 940 2847 possunt
966 2795 1320 2832 successores
1355 2779 1566 2832 habere
1598 2795 1665 2833 ex
1694 2782 2062 2844 testamento,
2094 2778 2185 2832 vel

551 2871 622 2924 ab
643 2871 938 2937 intestato,
967 2875 1177 2941 praeter
1203 2872 1583 2936 orthodoxos;
1610 2889 1797 2942 neque
1825 2871 2061 2937 donant,
2089 2875 2188 2924 aut

552 2964 719 3018 aliter
747 2964 1006 3038 alienant
1031 2966 1090 3018 bi
1114 2966 1213 3035 qui
1240 2983 1351 3019 non
1385 2970 1516 3020 sunt
1537 2965 1859 3032 orthodoxi,
1894 2964 1993 3019 sed
2021 2965 2186 3017 fiscus

550 3058 672 3129 ipsa
698 3057 950 3113 vindicat
975 3045 1334 3129 providentia
1352 3059 1755 3129 episcoporum
1780 3063 1837 3111 et
1854 3056 2182 3128 prmsidum.

1197 3175 1324 3228 LEX
1363 3175 1544 3228 XVIII.

553 3269 746 3323 Grecae
785 3269 1178 3322 constitution-is
1221 3268 1453 3335 ejusdem
1495 3269 1798 3321 Iustiniani
1843 3269 2067 3336 epitome
2122 3281 2190 3319 ea:

1101 3339 1286 3392 eadem
1313 3339 1638 3392 collectione.

624 3440 760 3503 Quae
778 3440 847 3493 de
864 3419 1160 3495 Samaritis
1183 3442 1309 3510 lege
1332 3444 1544 3493 statuta
1560 3443 1690 3492 sunt
1704 3439 1852 3492 circa
1866 3455 2188 3509 synagogas

555 3538 612 3588 et
637 3533 1043 3600 successiones,
1078 3533 1338 3587 obtinent
1364 3537 1422 3586 et
1444 3533 1502 3586 in
1523 3532 1896 3599 Montanistis,
1933 3537 1989 3586 et
2013 3534 2187 3586 Asco-

555 3626 815 3697 drogitis,
847 3631 904 3680 et
930 3626 1170 3697 Ophitis.
1206 3627 1322 3682 Soli
1352 3627 1507 3680 enim
1539 3626 1839 3680 orthodoxi
1873 3624 2187 3680 succedunt

552 3719 690 3790 ipsis
716 3736 781 3773 ex
813 3723 1184 3785 testamento,
1225 3723 1283 3774 et
1323 3720 1394 3773 ab
1421 3721 1716 3787 intestato,
1760 3722 1819 3772 et
1861 3720 2050 3789 legata
2093 3735 2186 3772 ca-

553 3813 722 3884 piunt
751 3830 762 3867 :
794 3813 989 3866 caeteri
1034 3817 1228 3867 autem
1256 3812 1530 3879 haeretici,
1565 3813 1620 3867 id
1652 3815 1755 3878 est,
1793 3812 1888 3883 qui
1915 3829 2030 3865 non
2059 3813 2191 3864 sunt

555 3906 881 3973 orthodoxi,
927 3909 985 3960 et
1015 3906 1209 3973 Graeci,
1243 3923 1345 3960 seu
1377 3905 1610 3977 pagani,
1636 3913 1692 3960 et
1719 3905 2040 3972 Samaritae,
2069 3921 2187 3958 non

554 4003 822 4070 militant,
843 4020 1032 4074 neque
1053 4005 1168 4058 ulla
1186 4004 1468 4074 dignitate
1494 4004 1862 4070 decorantur,
1883 4019 2070 4074 neque
2093 4018 2190 4072 pu—

550 4097 762 4151 blicam
813 4097 1207 4167 adipiscuntur
1264 4115 1481 4163 curam,
1521 4114 1708 4168 neque
1742 4097 1968 4160 docent,
2001 4111 2190 4165 neque

553 4191 1017 4244 advocationibus
1054 4190 1393 4261 funguntur.
1430 4191 1486 4246 Si
1517 4193 1652 4245 vero
1682 4189 1807 4260 quis
1840 4189 1912 4243 ad
1944 4206 2011 4243 ea
2042 4188 2184 4242 obti-

553 4283 744 4336 nenda
769 4283 999 4337 simulet
1036 4300 1096 4337 se
1125 4284 1532 4350 orthodoxum,
1565 4289 1622 4338 et
1643 4285 1920 4354 appareat
1947 4297 2186 4336 uxorem

555 4376 795 4444 habens,
824 4380 925 4430 aut
957 4377 1166 4431 liberos
1198 4378 1516 4444 haereticos,
1553 4381 1612 4430 et
1635 4394 1752 4431 non
1781 4376 2027 4430 adducat
2054 4375 2190 4445 ipsis

555 4469 625 4524 ad
657 4470 1079 4537 orthodoxiam,
1116 4470 1357 4542 ejicitur.
1392 4471 1449 4525 Si
1471 4487 1605 4525 vero
1630 4470 1807 4525 etiam
1838 4471 2035 4537 lateat,
2071 4484 2188 4522 non

556 4567 744 4634 potest
756 4564 892 4634 quid
914 4581 1148 4618 suarum
1169 4581 1362 4618 rerum
1381 4565 1619 4632 donare,
1634 4567 1731 4618 aut
1749 4563 1916 4616 aliter
1937 4562 2187 4617 alienare

2207 3297 2262 3371 C

2282 642 2588 715 plicantur.

2957 740 3091 794 LEX
3121 740 3247 795 XIX.

2350 851 2511 906 Idem
2534 854 2820 920 Augustus
2843 849 3068 905 Iuliano
3088 853 3150 905 P.
3179 853 3242 904 P.

2352 943 2735 1014 Cognovimus
2775 944 2988 998 multos
3017 960 3139 998 esse
3167 943 3520 998 orthodoxos
3547 944 3761 998 liberos
3789 944 3917 1013 qui-

2279 1037 2386 1091 bus
2416 1053 2521 1091 nec
2542 1042 2706 1107 pater
2728 1053 2832 1091 nec
2857 1039 3045 1091 mater
3072 1037 3408 1092 orthodoxa
3435 1041 3568 1090 sunt
3592 1036 3916 1107 religionis.

2280 1131 2349 1184 Et
2388 1130 2515 1185 ideo
2543 1130 2829 1185 sancimus
2858 1134 2920 1184 ut
2956 1147 3071 1184 non
3111 1133 3340 1185 tantum
3383 1131 3442 1183 in
3473 1147 3604 1184 casu
3646 1130 3742 1183 ubi
3776 1130 3924 1182 alter

2282 1223 2440 1295 [non]
2492 1223 2831 1277 orthodoxa).
2883 1223 3176 1292 religionis
3222 1227 3325 1290 est,
3368 1223 3468 1276 sed
3507 1222 3678 1276 etiam
3727 1222 3787 1275 in
3833 1221 3925 1274 his

2280 1317 2503 1370 casibus
2522 1316 2581 1370 in
2601 1316 2805 1386 quibus
2828 1320 3070 1386 uterque
3091 1333 3300 1387 parens
3328 1317 3532 1370 alienae
3555 1320 3724 1370 secta:
3749 1315 3841 1382 sit,
3862 1313 3927 1368 id

2282 1413 2385 1473 est,
2406 1411 2569 1479 pater
2589 1411 2647 1462 et
2667 1413 2873 1476 mater,
2898 1408 2956 1462 hi
2987 1408 3385 1463 tantummodo
3416 1409 3581 1463 liberi
3607 1408 3681 1462 ad
3713 1424 3919 1462 eorum

2280 1502 2721 1568 successionem,
2761 1502 2876 1555 sive
2903 1518 2972 1556 ex
3003 1506 3371 1571 testamento,
3405 1501 3520 1556 sive
3551 1502 3622 1555 ab
3649 1501 3923 1555 intestato

2279 1599 2572 1662 vocentur,
2605 1598 2661 1649 et
2688 1595 3048 1663 donationes,
3093 1611 3191 1650 seu
3223 1595 3348 1649 alite
3378 1595 3676 1649 libertates
3707 1594 3798 1647 his
3829 1610 3921 1646 ac-

2280 1689 2484 1743 cedere
2497 1688 2738 1759 possint,
2757 1689 2854 1759 qui
2873 1689 3322 1744 orthodoxorum
3335 1688 3645 1743 venerabili
3667 1692 3804 1740 sunt
3823 1703 3927 1739 no-

2280 1781 2435 1835 mine
2470 1782 2726 1836 decorati
2756 1799 2768 1835 :
2813 1782 3033 1835 caeteris
3063 1782 3258 1835 liberis
3297 1798 3498 1835 eorum
3529 1783 3628 1852 qui
3661 1797 3780 1835 non
3821 1781 3926 1834 Dei

2285 1875 2698 1945 omnipotentis
2740 1891 3022 1942 amorem,
3065 1875 3164 1928 sed
3209 1878 3532 1946 paternam,
3575 1875 3660 1927 vel
3704 1878 3922 1928 mater-

2285 1984 2420 2021 nam
2447 1967 2682 2038 impiam
2707 1967 3072 2022 affectionem
3094 1968 3270 2022 secuti
3292 1971 3442 2035 sunt,
3458 1967 3529 2020 ab
3552 1967 3716 2021 omni
3741 1967 3922 2020 bene~

2284 2061 2412 2114 ﬁcio
2445 2061 2811 2131 repellendis.
2832 2061 3050 2115 Liberis
3073 2066 3265 2115 autem
3287 2060 3614 2115 orthodoxis
3646 2077 3765 2114 non
3797 2061 3917 2113 exi-

2286 2154 2583 2221 stentibus,
2619 2155 2694 2208 ad
2725 2155 3121 2224 agnationem,
3149 2153 3238 2208 vel
3272 2153 3679 2224 cognationem
3711 2169 3922 2207 eorum

2286 2247 2650 2317 (orthodoxos
2692 2249 2908 2317 tamen)
2954 2247 3187 2302 easdem
3237 2263 3348 2314 res,
3397 2247 3486 2301 vel
3528 2247 3923 2302 successiones

2284 2341 2605 2412 pervenire.

2358 2428 2523 2492 Quod
2544 2429 2589 2482 si
2607 2427 2732 2500 [nec
2748 2429 3004 2500 agnatio]
3020 2431 3106 2484 vel
3123 2429 3391 2500 cognatio
3402 2434 3557 2484 recta
3574 2430 3927 2496 inveniatur,

2287 2527 2420 2576 tunc
2443 2522 2676 2576 easdem
2704 2539 2795 2576 res
2814 2522 2935 2576 ﬁsci
2958 2523 3139 2576 nostri
3149 2523 3374 2594 juribus
3390 2522 3696 2576 vindicari—
3718 2523 3834 2595 —§
3872 2528 3922 2576 l.

2287 2615 2396 2670 Sed
2410 2633 2483 2669 ne
2501 2615 2800 2670 videamur
2818 2616 3194 2670 morientibus
3215 2616 3450 2687 quidem
3473 2615 3838 2687 genitoribus
3854 2617 3921 2670 li-

2285 2713 2437 2767 beris
2450 2713 2772 2783 providere,
2787 2713 3106 2767 viventibus
3119 2717 3313 2767 autem
3332 2714 3549 2767 nullam
3561 2714 3780 2768 inferre
3797 2731 3928 2784 pro-

2286 2805 2599 2860 videntiam
2621 2806 2797 2877 (quod
2819 2807 2991 2861 etiam
3013 2823 3078 2862 ex
3107 2807 3253 2860 facto
3276 2807 3442 2861 nobis
3464 2807 3767 2877 cognitum
3789 2807 3918 2874 est),

2287 2899 2684 2954 necessitatem
2699 2899 3052 2970 imponimus
3063 2900 3269 2954 talibus
3283 2901 3640 2970 genitoribus
3654 2901 3930 2955 orthodo-

2287 3009 2385 3046 xos
2411 2993 2622 3046 liberos
2653 2993 2966 3047 secundum
3001 2993 3116 3046 vim
3149 2993 3478 3064 patrimonii
3510 2993 3686 3060 alere,
3721 2997 3780 3047 et
3809 3010 3930 3047 om-

2288 3085 2381 3139 nia
2411 3086 2492 3138 eis
2522 3089 2815 3156 praestare,
2851 3103 2978 3156 quae
3015 3086 3088 3139 ad
3119 3085 3469 3156 quotidianae
3508 3085 3636 3139 vitae
3685 3102 3927 3140 conser-

2287 3178 2576 3232 vationem
2603 3179 2915 3233 sufﬁciant:
2942 3179 3042 3232 sed
3066 3181 3123 3232 et
3138 3178 3301 3232 dotes
3326 3195 3430 3248 pro
3452 3178 3676 3232 ﬁliabus
3704 3183 3763 3232 et
3789 3195 3931 3249 nep-

2289 3271 2438 3325 tibus
2470 3271 2626 3338 dare,
2657 3275 2715 3325 et
2734 3276 2867 3325 ante
2892 3271 3119 3342 nuptias
3145 3271 3487 3326 donationes
3519 3287 3624 3342 pro
3651 3271 3807 3337 ﬁliis,
3838 3273 3931 3325 vel

2289 3364 2594 3435 nepotibus
2614 3365 3056 3435 perscribere,in
3079 3365 3241 3420 omni
3269 3382 3402 3419 casu
3431 3364 3752 3419 secundum
3772 3365 3930 3419 vires

2288 3457 2620 3529 patrimonii
2646 3458 2743 3528 huj
2754 3458 2975 3512 usmodi
2993 3458 3430 3513 liberalitatibus
3448 3458 3834 3524 mstimandis,
3855 3475 3930 3513 ne

2287 3555 2524 3622 propter
2553 3551 2729 3605 divini
2750 3552 2962 3606 amoris
2993 3552 3355 3618 electionem,
3383 3555 3650 3623 paterna,
3683 3553 3772 3605 vel
3799 3569 3931 3606 ma-

2289 3649 2456 3699 terna
2487 3645 2599 3698 sint
2621 3645 2786 3699 liberi
2817 3645 3140 3716 provisione
3171 3645 3518 3700 defraudati.

2361 3738 2641 3793 Omnibus
2682 3737 2947 3793 videlicet
2973 3755 3100 3809 quae
3139 3743 3346 3793 nostra:
3384 3738 3827 3793 constitutiones
3861 3740 3931 3793 de

2290 3831 2470 3902 poenis
2494 3847 2876 3902 paganorum,
2909 3834 2966 3886 et
3002 3831 3467 3899 Manichaeorum,
3504 3834 3563 3885 et
3593 3832 3930 3886 Borborita-

2289 3940 2440 3990 rum,
2470 3927 2528 3977 et
2551 3924 2981 3992 Samaritarum,
3011 3924 3507 3991 Montanistarum,
3538 3927 3594 3978 et
3609 3925 3930 3979 Tascodro-

2291 4016 2564 4087 gitarum,
2611 4023 2668 4071 et
2705 4017 3065 4088 Ophitarum,
3109 4020 3566 4088 caeterorumque
3614 4017 3927 4072 haeretico-

2289 4127 2419 4164 rum
2457 4110 2581 4180 jam
2623 4110 3062 4178 constituerunt,
3095 4126 3159 4165 ex
3189 4111 3297 4164 hac
3326 4115 3523 4164 nostra
3553 4111 3686 4182 lege
3721 4109 3932 4165 conﬁr-

2290 4203 2537 4270 mandis,
2557 4207 2615 4258 et
2633 4203 2691 4257 in
2718 4205 3063 4274 perpetuum
3083 4203 3503 4258 valituris.Dat.
3529 4203 3729 4258 Const.
3756 4204 3930 4258 xKal.

2290 4298 2444 4364 Dec.,
2476 4296 2786 4368 Lampadio
2807 4299 2863 4351 et
2883 4297 3080 4352 Oreste
3109 4312 3200 4351 vv.
3224 4313 3303 4352 cc.
3339 4313 3484 4351 coss.
3519 4299 3643 4351 530.

2977 4445 3104 4502 LEX
3137 4446 3242 4500 XX.

2326 4539 2732 4597 Constitutionis
2759 4537 2956 4594 Grzcz
2979 4541 3204 4609 epitome
3232 4553 3298 4593 ea:
3327 4539 3511 4593 eadem
3537 4539 3875 4594 collectione.

554 4657 845 4722 haaretico,
880 4657 980 4711 sed
1011 4658 1131 4711 haec
1159 4660 1216 4710 et
1240 4657 1569 4710 haereticam
1590 4657 1841 4711 delatam
1867 4655 2041 4725 ipsius
2071 4671 2190 4709 suc-
2207 4663 2266 4734 D
2362 4654 2623 4709 Hmretici
2646 4654 3155 4722 communicantes,
3178 4658 3279 4708 aut
3302 4671 3557 4725 synaxes,
3585 4657 3689 4708 aut
3711 4654 3930 4726 baptis-

557 4750 877 4805 cessionem
891 4750 1144 4804 vindicat
1158 4750 1344 4804 ﬁscus.
1361 4752 1421 4804 In
1441 4750 1768 4804 universum
1786 4749 1942 4803 enim
1958 4750 2055 4820 qui
2071 4764 2193 4820 par-

557 4842 754 4914 ticipes
783 4847 914 4898 sunt
934 4844 1171 4910 militiae,
1201 4847 1298 4897 aut
1320 4843 1634 4914 dignitatis,
1658 4845 1758 4896 aut
1777 4841 2188 4909 advocationis,

559 4940 658 4990 aut
681 4937 926 5006 publica:
948 4937 1330 5004 liberalitatis,
1361 4941 1459 4990 aut
1484 4937 1806 5007 applausus,
1827 4937 1975 4990 solos
2000 4936 2193 4991 ortho-

555 5030 732 5085 doxos
750 5030 965 5085 habent
993 5047 1365 5096 successores,
1388 5036 1444 5084 et
1463 5047 1555 5084 res
1572 5030 1828 5100 ipsorum
1846 5045 2190 5100 quocunque

557 5123 728 5178 modo
760 5123 832 5178 ad
865 5123 1200 5178 haereticum
1236 5123 1474 5188 delatas,
1498 5122 1665 5177 ﬁscus
1696 5123 1964 5177 vindicat.
1988 5153 2056 5163 —-
2080 5122 2110 5194 §
2139 5125 2188 5177 1.

555 5218 612 5273 Si
633 5220 778 5272 alter
797 5219 1108 5288 conjugum
1129 5217 1477 5272 orthodoxus
1496 5218 1586 5283 sit,
1611 5221 1668 5270 et
1693 5217 1839 5271 alter
1865 5215 2189 5284 haereticus,

555 5315 784 5384 oportet
811 5312 933 5366 ﬁeri
967 5311 1178 5365 liberos
1211 5326 1411 5364 eorum
1443 5311 1812 5366 orthodoxos.
1846 5309 2012 5374 Quod
2045 5309 2091 5363 si
2124 5326 2192 5363 ex

554 5406 643 5460 his
671 5405 767 5460 alii
804 5405 1108 5460 orthodoxi
1137 5404 1299 5472 ﬁant,
1334 5404 1428 5458 alii
1475 5404 1729 5458 haeretici
1762 5407 2059 5470 maneant,
2089 5402 2191 5458 soli

553 5499 867 5554 succedunt
884 5499 1113 5570 utrique
1146 5498 1372 5569 parenti
1405 5497 1726 5552 orthodoxi.
1753 5497 1961 5552 Sivero
1991 5512 2192 5550 omnes

553 5594 668 5647 sint
681 5592 956 5659 haeretici,
976 5592 1202 5665 cognati
1218 5591 1520 5646 orthodoxi
1536 5590 1868 5656 succedunt,
1885 5589 2061 5645 autiis
2075 5605 2192 5644 non

555 5687 928 5742 existentibus
955 5687 1140 5740 ﬁscus.
1162 5718 1230 5726 —-
1257 5685 1287 5757 §
1317 5688 1368 5739 2.
1399 5685 1582 5740 Habet
1607 5683 1971 5755 (constitutio)
2006 5682 2190 5736 diver-

553 5796 643 5835 sas
672 5796 872 5852 poenas
902 5784 1104 5834 contra
1134 5780 1514 5850 neglectores,
1546 5781 1604 5832 et
1634 5793 1749 5832 non
1782 5777 2194 5847 persequentes

553 5880 651 5929 aut
675 5872 996 5928 indicantes
1016 5873 1290 5942 prasides
1314 5876 1370 5926 et
1393 5871 1581 5927 ofﬁcia
1603 5870 1808 5935 civilia,
1848 5870 1933 5922 vel
1979 5865 2194 5920 milita-

555 5967 639 6017 ria
669 5969 725 6016 et
768 5963 1088 6033 episcopos,
1130 5966 1227 6034 qui
1277 5964 1513 6035 quidem
1551 5969 1609 6019 et
1651 5965 1723 6018 de
1767 5957 2196 6034 neglectoribus

2291 4750 2447 4802 mata
2485 4748 2761 4802 facientes
2805 4747 3139 4818 puniuntur,
3187 4751 3249 4801 ut
3283 4748 3379 4818 qui
3432 4748 3588 4818 leges
3628 4752 3930 4819 transgre-

2293 4841 2547 4908 diuntur,
2565 4845 2622 4895 et
2642 4841 2739 4912 qui
2758 4841 2964 4896 domos
2985 4841 3119 4911 ipsis
3134 4841 3208 4894 ad
3229 4841 3337 4895 hoc
3358 4839 3638 4911 praebent,
3656 4840 3789 4910 jam
3810 4858 3936 4895 san-

2293 4934 2416 4989 citis
2443 4934 2623 5004 poenis
2648 4917 3178 5006 subjiciuntur.——§
3209 4938 3256 4988 ί.
3286 4933 3406 4989 Soli
3438 4933 3754 4988 orthodoxi
3783 4934 3933 4988 intra

2293 5043 2453 5082 sacra
2498 5031 2660 5099 septa
2705 5027 2983 5083 habentes
3021 5027 3355 5098 ergasteria,
3398 5029 3642 5081 utuntur
3683 5027 3924 5098 privile-

2293 5121 2421 5192 giis,
2460 5137 2579 5177 non
2618 5121 2759 5175 item
2790 5120 3061 5189 haeretici,
3091 5121 3187 5190 qui
3228 5137 3333 5175 nec
3378 5120 3531 5174 intra
3573 5136 3743 5174 sacra
3773 5125 3935 5192 septa

2294 5214 2680 5286 negotiantur,
2724 5230 2796 5269 ne
2841 5214 3032 5269 divina
3076 5213 3318 5268 audiant
3370 5212 3669 5284 mysteria.
3704 5213 3842 5284 -ξ
3882 5217 3930 5267 2.

2292 5307 2647 5364 Montanista:
2667 5323 2822 5376 vero,
2867 5323 3052 5379 neque
3085 5311 3519 5362 commorantur
3548 5322 3681 5360 cum
3725 5307 3816 5361 his
3840 5305 3932 5377 qui

2295 5419 2360 5456 ex
2387 5402 2474 5456 his
2502 5401 2801 5457 orthodoxi
2830 5401 2964 5456 facti
2993 5406 3158 5467 sunt;
3191 5405 3248 5455 et
3277 5400 3377 5471 qui
3403 5400 3672 5454 dicuntur
3706 5417 3779 5454 ex
3802 5400 3930 5471 ipsis

2295 5495 2568 5566 episcopi,
2603 5497 2703 5550 aut
2726 5495 2941 5562 clerici,
2965 5494 3333 5566 expelluntur
3347 5493 3492 5548 urbe
3522 5493 3929 5549 Constantino-

2294 5589 2573 5660 politana.

2365 5682 2747 5754 §3.Vetantur
2764 5681 3008 5737 mercari
3029 5681 3336 5752 mancipia,
3356 5696 3547 5751 neque
3567 5681 3930 5750 erogationes

2295 5775 2618 5846 percipiunt
2643 5775 2743 5846 qui
2772 5793 2838 5830 ex
2865 5775 2953 5830 his
2975 5779 3210 5847 egentes
3231 5778 3366 5828 sunt
3390 5791 3488 5830 eas
3509 5791 3645 5845 quae
3673 5774 3928 5828 dicuntur

2295 5869 2606 5923 honoraria
2633 5886 2695 5922 ex
2721 5869 2954 5939 judiciis
2975 5870 3060 5924 vel
3095 5868 3379 5936 ecclesiis;
3416 5871 3474 5921 et
3505 5867 3606 5939 qui
3627 5867 3918 5922 tribuiteis

2295 5962 2749 6021 irrationabilem
2771 5963 3193 6035 prafecturam,
3220 5962 3421 6018 decem
3449 5961 3614 6018 libris
3634 5963 3913 6020 multatur.
