4032 6232
95 337 235 390 1089

859 332 1222 389 JUSTINIANI
1264 333 1471 388 LEGES
1509 332 1839 389 SELECT/E.
1884 335 2006 388 LIB.
2051 334 2090 400 I,
2133 334 2258 388 TIT.
2302 333 2457 399 XVII,
2500 335 2627 389 LEX
2671 333 2709 386 I.
2756 296 2766 306 '

3333 341 3348 390 I
3362 337 3466 391 O90

84 449 140 496 et
165 445 367 497 decem
396 457 620 513 quoque
656 440 811 495 libris
841 442 1109 511 praesides
1148 459 1216 496 ex
1260 443 1624 514 negligentia,
1667 447 1724 498 et
1745 459 1803 532 Α
1824 447 1879 496 et
1907 443 2104 498 mundi
2134 442 2307 497 totius
2330 443 2608 498 elementa
2623 446 3115 513 processerunt,et
3145 459 3336 498 rerum
3359 444 3470 498 dis-

87 552 279 590 comes
310 535 678 606 privatarum,
708 539 764 588 et
791 535 1043 588 officium
1071 552 1290 590 eorum.

775 647 900 700 LEX
940 648 1064 700 XXI.

161 741 324 794 Idem
350 743 635 811 Augustus
661 741 860 794 Joanni
887 741 946 793 P.
979 741 1039 794 Ρ.

156 829 442 893 Quoniam
480 829 649 882 multi
691 829 910 898 judices
947 829 1004 881 in
1037 828 1371 882 dirimendis
1400 828 1599 899 litigiis
1629 846 1730 883 nos

87 923 619 994 interpellaverunt,
669 927 859 976 nostro
912 921 1229 991 indigentes
1267 923 1508 987 oraculo,
1540 927 1606 976 ut
1652 923 1730 976 eis

88 1020 378 1070 reseretur
407 1015 542 1086 quid
572 1016 640 1070 de
668 1015 900 1070 testibus
931 1015 1209 1069 haereticis
1240 1015 1604 1070 statuendum
1635 1015 1726 1084 sit,

86 1115 363 1163 utrumne
409 1109 757 1180 accipiantur
798 1125 1002 1162 eorum
1034 1109 1378 1176 testimonia,
1421 1126 1492 1162 an
1533 1125 1728 1179 respu-

87 1208 278 1270 antur,
305 1203 586 1256 sancimus
611 1207 806 1257 contra
835 1202 1176 1255 orthodoxos
1196 1202 1424 1272 quidem
1447 1202 1729 1273 litigantes

87 1295 310 1349 nemini
339 1296 620 1365 haeretico,
649 1297 735 1348 vel
761 1295 848 1349 his
879 1295 1052 1349 etiam
1079 1295 1176 1366 qui
1195 1295 1484 1349 Iudaicam
1510 1311 1730 1366 supers-

85 1390 350 1442 titionem
377 1389 587 1456 colunt,
620 1404 738 1442 esse
779 1389 839 1441 in
885 1387 1214 1442 testimonia
1245 1389 1724 1456 communionem,

87 1483 200 1534 sive
230 1486 476 1552 utraque
503 1499 634 1552 pars
666 1481 975 1535 orthodoxa
1002 1481 1093 1549 sit,
1127 1481 1238 1534 sive
1266 1483 1460 1536 altera.
1492 1483 1640 1536 Inter
1669 1498 1727 1536 se

87 1580 282 1628 autem
315 1575 616 1643 haereticis,
647 1576 732 1627 vel
758 1574 988 1638 Iudaeis,
1018 1574 1115 1628 ubi
1165 1574 1506 1645 litigandum
1531 1575 1725 1629 existi-

87 1669 392 1734 maverint,
423 1667 780 1722 concedimus
818 1667 997 1721 foedus
1040 1667 1404 1738 permixtum,
1439 1673 1495 1723 et
1529 1669 1728 1739 dignos

87 1761 472 1831 litigatoribus
499 1761 669 1814 etiam
702 1764 872 1814 testes
901 1760 1262 1815 introducere
1293 1778 1306 1815 :
1335 1763 1580 1832 exceptis
1617 1762 1724 1815 sci-

1833 537 2032 608 positio
2073 538 2131 590 in
2177 538 2373 591 orbem
2409 541 2692 590 terrarum
2734 536 3008 606 producta
3044 536 3206 608 est.§
3251 541 3297 590 1.
3330 538 3473 591 Cum

1830 630 2020 701 itaque
2051 630 2196 684 nihil
2225 635 2343 684 tam
2369 630 2682 684 studiosum
2714 630 2771 683 in
2814 630 3082 683 omnibus
3119 630 3288 684 rebus
3318 631 3472 686 inve-

1831 724 2004 792 nitur,
2039 740 2209 794 quam
2237 724 2425 794 legum
2457 723 2784 789 auctoritas,
2810 739 2935 793 quae
2960 730 3017 778 et
3045 723 3261 777 divinas
3290 728 3348 778 et
3374 725 3476 778 hu-

1830 832 2026 870 manas
2057 834 2142 871 res
2162 817 2306 870 bene
2337 816 2606 887 disponit,
2639 820 2694 869 et
2721 832 2950 869 omnem
2979 815 3336 886 iniquitatem
3373 834 3473 871 ex-

1831 910 2008 979 pellit,
2028 910 2345 980 reperimus
2361 914 2549 963 autem
2567 925 2800 963 omnem
2818 909 3013 979 legum
3037 910 3351 979 tramitem,
3377 910 3476 981 qui

1831 1003 1902 1056 ab
1936 1004 2071 1057 urbe
2100 1004 2276 1057 Roma
2302 1002 2527 1056 condita
2549 1002 2920 1057 et‘Romuleis
2943 1002 3231 1056 descendit
3257 1007 3475 1074 tempo-

1831 1095 1985 1149 ribus
2006 1096 2081 1149 ita
2117 1112 2235 1150 esse
2261 1096 2582 1163 confusum,
2601 1101 2666 1149 ut
2688 1095 2782 1166 [in]
2810 1096 3094 1150 infinitum
3118 1097 3473 1163 extendatur,

1830 1194 1886 1242 et
1911 1190 2122 1242 nullius
2160 1191 2427 1243 humana:
2469 1194 2690 1243 naturae
2734 1189 3044 1259 capacitate
3081 1189 3471 1258 concludatur,

1829 1282 2079 1352 primum
2106 1282 2266 1336 nobis
2286 1282 2393 1336 fuit
2417 1281 2670 1336 studium
2691 1300 2723 1336 a
2740 1282 3124 1336 sacratissimis
3143 1285 3297 1337 retro
3314 1283 3472 1353 prin-

1830 1370 2045 1440 cipibus
2087 1371 2312 1425 initium
2365 1387 2612 1439 sumere,
2667 1376 2724 1425 et
2770 1387 2967 1426 eorum
3039 1370 3468 1426 constitutiones

1828 1464 2149 1532 emendare,
2173 1470 2228 1518 et
2246 1465 2349 1518 vite
2369 1464 2891 1536 dilucidaa_tradere,
2911 1468 3189 1535 quatenus
3221 1465 3475 1518 inunum

1829 1557 2088 1612 Codicem
2115 1564 2473 1629 congregata:
2502 1564 2557 1612 et
2583 1558 2738 1612 omni
2765 1574 3108 1628 supervacua
3158 1557 3476 1612 similitudi-

1827 1666 1918 1718 ne,
1949 1656 2004 1704 et
2032 1650 2385 1721 iniquissima
2410 1651 2686 1705 discordia
2715 1651 3010 1718 absolutae,
3040 1649 3328 1704 universis
3364 1651 3470 1704 ho-

1828 1743 2075 1798 minibus
2100 1748 2431 1815 promptum
2459 1761 2575 1798 suae
2603 1744 2942 1798 sinceritatis
2963 1743 3257 1814 praebeant
3273 1744 3472 1814 praesi-

87 1825 218 1907 licet
251 1854 339 1908 his
367 1871 508 1925 quos
533 1855 618 1908 vel
641 1854 1014 1908 Manichaicus
1043 1854 1202 1908 furor
1218 1855 1395 1925 (cujus
1424 1825 1645 1926 partem
1671 1825 1802 1909 etB
1827 1837 2005 1891 dium-
2039 1868 2108 1878 ·-
2140 1838 2186 1908 .§
2234 1842 2288 1892 2-
2331 1839 2553 1909 Hocque
2601 1853 2771 1909 Opere
2811 1840 3221 1905 consummato:
3261 1837 3320 1890 in
3355 1851 3472 1890 υΠο

89 1947 413 2002 Borboritas
445 1963 562 2002 esse.
593 1947 958 2002 manifestum
988 1949 1086 2016 est)
1111 1949 1196 2002 vel
1223 1965 1441 2019 pagana
1465 1949 1731 2019 supersti-

87 2041 161 2094 tio
191 2041 440 2109 detinet;
473 2041 763 2095 Samaritis
789 2041 1182 2110 nihilominus,
1232 2047 1287 2096 et
1331 2042 1429 2112 qui
1472 2042 1582 2096 illis
1612 2059 1729 2096 non

88 2134 376 2188 absimiles
430 2139 580 2202 sunt,
636 2135 1006 2200 Montanistis,
1066 2138 1122 2188 et
1184 2135 1610 2206 Tascodrogitis,
1674 2140 1730 2190 et

87 2227 307 2297 Ophitis
337 2244 350 2281 :
382 2228 590 2298 quibus
615 2244 717 2298 pro
746 2233 932 2282 reatus
961 2227 1336 2283 similitudine
1369 2227 1554 2282 omnis
1583 2227 1726 2296 legi-

87 2321 260 2375 timus
299 2324 458 2374 actus
483 2320 813 2374 interdictus
844 2327 946 2375 est.
973 2322 1079 2376 Sed
1105 2321 1192 2375 his
1241 2322 1488 2392 quidem,
1536 2321 1589 2374 id
1622 2325 1725 2391 est,

90 2413 427 2480 Manichteis,
454 2413 781 2481 Borboritis,
807 2419 862 2467 et
886 2415 1142 2485 paganis,
1175 2431 1397 2468 necnon
1417 2414 1725 2483 Samaritis,

88 2510 144 2560 et
169 2506 540 2574 Montanistis,
562 2511 618 2560 et
644 2507 1076 2577 Tascodrogitis,
1102 2513 1158 2561 et
1182 2507 1400 2578 Ophitis
1427 2523 1594 2561 omne
1622 2512 1730 2561 tes—

88 2600 418 2665 timonium,
460 2600 602 2653 sicut
654 2605 709 2654 et
755 2600 892 2653 alias
939 2601 1219 2672 legitimas
1257 2601 1724 2666 conversationes,

90 2693 371 2746 sancimus
400 2708 514 2746 esse
541 2692 924 2746 interdictum.
958 2693 1094 2746 Aliis
1121 2710 1254 2746 vero
1299 2693 1573 2746 hmreticis
1601 2698 1725 2747 tan-

88 2786 386 2840 tummodo
430 2785 719 2854 judicialia
746 2786 1069 2839 testimonia
1123 2792 1321 2840 contra
1362 2786 1724 2854 orthodoxos,

90 2879 407 2932 secundum
433 2879 584 2949 quod
611 2879 984 2932 constitutum
1008 2885 1110 2945 est,
1137 2879 1397 2932 volumus
1426 2896 1544 2932 esse
1573 2879 1724 2933 inhi-

88 2970 222 3025 bita.
257 2972 540 3025 Caeterum
577 2973 1006 3025 testamentaria
1045 2972 1368 3026 testimonia
1414 2989 1632 3040 eorum,
1673 2977 1728 3026 et

89 3080 216 3134 quae
242 3063 300 3117 in
329 3064 546 3118 ultimis
571 3064 770 3135 elogiis
797 3066 881 3118 vel
909 3066 969 3119 in
997 3066 1378 3120 contractibus
1416 3065 1728 3120 consistunt

90 3161 328 3227 propter
352 3157 653 3211 utilitatem
682 3157 980 3212 necessarii
1002 3174 1133 3212 usus
1161 3159 1241 3212 eis
1267 3159 1386 3212 sine
1406 3160 1518 3213 ulla
1537 3159 1727 3212 distin-
1748 3192 1803 3265 Ο

90 3250 277 3303 ctione
309 3249 710 3319 permittimus,
742 3267 812 3304 ne
837 3250 1234 3321 probationum
1265 3252 1500 3306 facultas
1525 3269 1730 3322 angus-

88 3346 260 3395 tetur.
298 3342 420 3396 Dat.
464 3359 498 3395 v
540 3343 768 3398 Kalend.
813 3348 1074 3414 August,
1115 3345 1559 3416 Constantinop.,
1604 3351 1730 3416 post

93 3434 458 3489 consulatum
480 3437 676 3508 Lamp.
706 3442 762 3492 et
789 3437 998 3492 Orestis
1023 3453 1110 3492 vv.
1138 3454 1218 3492 cc.
1244 3439 1366 3491 532.

754 3553 880 3607 LEX
906 3554 1056 3607 XXII.

157 3645 319 3699 Idem
347 3647 633 3717 Augustus
662 3646 862 3700 Joanni
886 3647 944 3700 P.
971 3648 1033 3700 P.

156 3737 418 3792 Divinam
446 3743 697 3793 nostram
728 3739 1094 3808 sanctionem,
1127 3756 1233 3810 per
1255 3755 1431 3810 quam
1451 3739 1727 3810 jussimus

87 3831 382 3886 neminem
411 3848 599 3886 errore
628 3833 993 3886 constrictum
1022 3834 1449 3902 haereticorum,
1481 3833 1723 3888 hmredi-

86 3929 283 3993 tatem,
332 3925 414 3978 vel
465 3926 738 3996 legatum,
780 3927 866 3980 vel
905 3926 1403 3980 fideicommissum
1451 3927 1724 3997 accipere,

89 4019 263 4072 etiam
292 4018 352 4071 in
380 4017 596 4072 ultimis
621 4019 870 4074 militum
897 4020 1275 4074 voluntatibus
1299 4019 1490 4074 locum
1517 4019 1727 4074 habere

89 4111 472 4182 precipimus,
498 4112 610 4167 sive
637 4113 925 4167 communi
946 4113 1097 4183 jure,
1130 4113 1245 4167 sive
1271 4113 1501 4168 militari
1525 4118 1730 4168 testen-

89 4211 200 4259 tur.
235 4206 364 4258 Dat.
396 4205 512 4259 Kal.
543 4206 790 4277 Septem.
824 4212 950 4278 post
975 4208 1328 4261 consulatum
1355 4207 1647 4278 Lampadii
1673 4211 1730 4261 et

89 4298 305 4353 Orestis
355 4314 443 4351 vv.
506 4315 586 4354 cc.
637 4316 771 4354 ann.
829 4301 1072 4355 secundo
1123 4300 1367 4372 [imperii
1407 4300 1726 4370 Iustiniani]

89 4394 218 4446 532.

573 4573 721 4636 LIB.
771 4574 817 4649 Ι,
866 4573 1017 4638 ΤΙΤ.
1063 4575 1249 4640 XVII.

90 4680 166 4730 Dr
192 4681 358 4731 veteri
374 4682 519 4748 j_ure_
544 4679 898 4748 σηιισιιεςιηιὶοζ
921 4687 971 4748 et
1005 4681 1068 4748 de
1106 4681 1423 4748 auctoritate
1445 4684 1729 4748 jurispru-

375 4743 610 4793 dentium
646 4744 741 4806 qui
773 4746 830 4791 in
866 4743 1085 4808 Digestis
1117 4743 1442 4828 referuntur.

711 4910 836 4964 LEX
873 4911 1107 4965 PRIMA.

160 5009 484 5078 Imperator
522 5007 867 5062 Justinianus
915 5012 1206 5080 Augustus
1241 5009 1582 5066 Triboniano
1608 5011 1731 5066 viro

89 5101 538 5156 eminentissimo
557 5102 824 5172 quastori
855 5103 995 5156 sacri
1016 5103 1224 5173 palatii.

167 5195 283 5248 Deo
308 5198 538 5249 auctore
564 5197 824 5248 nostrum
851 5195 1206 5266 gubernante
1231 5196 1558 5267 imperium,
1581 5197 1733 5269 quod

90 5287 258 5341 nobis
289 5304 321 5340 a
345 5287 555 5342 caelesti
583 5287 866 5358 Majestate
895 5289 1171 5344 traditum
1214 5295 1317 5359 est,
1349 5295 1404 5344 et
1427 5291 1574 5345 bella
1601 5290 1729 5344 feli-

93 5381 238 5434 citer
263 5380 616 5451 peregimus,
638 5386 694 5435 et
721 5398 925 5453 pacem
947 5380 1298 5452 decoramus,
1322 5385 1379 5437 et
1399 5388 1609 5438 statum
1630 5384 1735 5439 rei-

91 5472 341 5544 publicae
387 5477 770 5528 sustentamus
799 5491 812 5528 :
847 5478 905 5528 et
933 5475 1010 5529 ita
1047 5481 1267 5530 nostros
1294 5476 1516 5530 animos
1538 5477 1608 5531 ad
1637 5477 1736 5532 Dei

94 5565 520 5636 Omnipotentis
549 5567 822 5638 erigimus
854 5567 1220 5638 adiutorium,
1245 5574 1312 5624 ut
1343 5585 1528 5641 neque
1564 5569 1736 5622 armis

95 5655 478 5726 conﬁdamus,
501 5675 686 5730 neque
699 5661 909 5714 nostris
933 5661 1226 5729 militibus,
1243 5678 1426 5733 neque
1453 5661 1734 5716 bellorum

95 5751 361 5821 ducibus,
380 5751 469 5806 vel
497 5757 688 5807 nostro
716 5753 968 5825 ingenio,
986 5755 1082 5810 sed
1111 5771 1340 5810 omnem
1366 5771 1524 5826 spem
1550 5755 1620 5809 ad
1647 5771 1733 5808 so-

94 5845 214 5902 lam
242 5844 668 5918 providentiam
682 5846 996 5906 referamus
1009 5863 1246 5904 summas
1262 5847 1572 5920 Trinitatis,
1591 5847 1740 5904 unde

1747 4564 1807 4636 D

1829 1930 2132 1998 volumine,
2175 1935 2367 1984 nostro
2399 1930 2629 1984 nomine
2669 1930 3068 2001 prae-fulgente,
3128 1926 3469 1999 coadunato,

1829 2040 1958 2077 cum
1987 2040 2050 2076 ex
2080 2023 2270 2094 paucis
2295 2028 2351 2077 et
2381 2023 2733 2077 tenuioribus
2762 2021 2992 2076 relevati
3018 2021 3090 2075 ad
3115 2037 3399 2076 summam
3415 2024 3473 2076 et

1830 2115 2215 2186 plenissimam
2234 2116 2383 2187 juris
2404 2116 2861 2170 emendationem
2887 2114 3182 2186 pervenire
3203 2131 3476 2186 propera-

1829 2224 2040 2278 remus,
2073 2215 2128 2263 et
2156 2227 2385 2264 omnem
2404 2211 2719 2264 Romanam
2749 2209 3097 2262 sanctionem
3127 2212 3183 2261 et
3202 2208 3470 2278 colligere

1828 2307 1884 2356 et
1911 2303 2235 2369 emendare,
2263 2308 2320 2357 et
2349 2307 2429 2356 tot
2455 2307 2751 2357 auctorum
2772 2302 3024 2372 dispersa
3049 2301 3340 2355 volumina
3372 2301 3470 2355 uni

1829 2395 2014 2450 Codici
2045 2395 2221 2449 indita
2252 2396 2569 2464 ostendere,
2596 2396 2745 2466 quod
2768 2412 2938 2449 nemo
2965 2395 3109 2449 alius
3136 2411 3323 2466 neque
3349 2411 3470 2466 spe.

1829 2505 1954 2544 rare
1985 2505 2170 2560 neque
2196 2494 2388 2559 optare
2421 2506 2589 2542 ausus
2617 2494 2718 2553 est,
2749 2505 2838 2543 res
2869 2489 3102 2560 quidem
3134 2488 3296 2542 nobis
3327 2488 3471 2542 difﬁ-

1830 2581 2058 2650 cillima,
2083 2582 2197 2636 imo
2224 2583 2405 2652 magis
2427 2582 2788 2652 impossibilis
2816 2581 3130 2647 videbatur,
3157 2581 3253 2635 sed
3288 2581 3474 2634 mani-

1828 2674 1932 2727 bus
1969 2672 2040 2727 ad
2079 2676 2285 2729 coelum
2321 2676 2539 2742 erectis,
2587 2681 2644 2728 et
2690 2679 2902 2728 asterno
2941 2674 3153 2728 auxilio
3193 2674 3471 2742 invocato,

1829 2783 1956 2821 eam
1991 2784 2217 2838 quoque
2243 2785 2436 2821 curam
2466 2767 2671 2821 nostris
2701 2783 3064 2837 reposuimus
3093 2767 3320 2835 animis,
3357 2769 3471 2822 Deo

1829 2860 2090 2931 freti,qui
2106 2866 2161 2915 et
2191 2877 2282 2914 res
2298 2861 2523 2931 penitus
2549 2861 2867 2931 desperatas
2893 2859 3196 2926 donare,et
3214 2876 3476 2914 consum-

1829 2970 1984 3007 mare
2025 2951 2142 3008 suae
2174 2954 2392 3008 virtutis
2425 2953 2820 3024 magnitudine
2841 2955 3044 3023 potest.
3072 2983 3140 2993 -——
3167 2952 3198 3024 §
3227 2956 3282 3007 3.
3310 2954 3377 3008 Et
3397 2953 3471 3008 ad

1830 3051 1942 3101 tuae
1968 3047 2301 3102 sinceritatis
2333 3047 2614 3118 optimum
2647 3046 2999 3118 respeximus
3039 3046 3421 3101 ministerium
3453 3063 3466 3101 :

1827 3141 2039 3211 tibique
2066 3140 2249 3211 primo
2297 3145 2353 3195 et
2394 3141 2499 3194 hoc
2529 3157 2673 3211 opus
2701 3140 3108 3209 commisimus,
3139 3139 3357 3210 ingenii
3385 3137 3472 3193 tui

1828 3234 2206 3303 documentis,
2235 3250 2304 3288 ex
2338 3234 2517 3288 nostri
2547 3233 2770 3288 Codicis
2817 3233 3170 3288 ordinatione
3206 3235 3469 3304 acceptis,

1828 3333 1882 3383 et
1903 3328 2178 3399 jussimus
2222 3344 2365 3398 quos
2410 3327 2758 3398 probaveris,
2791 3332 2911 3381 tam
2948 3344 3018 3382 ex
3055 3327 3470 3382 facundissimis

1825 3421 2271 3475 antecessoribus
2287 3437 2456 3492 quam
2478 3437 2546 3475 ex
2568 3421 2701 3474 viris
2720 3420 3101 3476 disertissimis
3121 3421 3326 3492 togatis
3350 3419 3465 3475 fori

1824 3514 2191 3584 amplissima:
2217 3515 2386 3581 sedis,
2408 3515 2478 3568 ad
2498 3515 2829 3569 sociandum
2846 3513 3099 3568 laborem
3114 3514 3346 3585 eligere.
3374 3515 3470 3568 His

1825 3606 2014 3677 itaque
2041 3607 2308 3673 collectis,
2341 3613 2398 3661 et
2427 3607 2485 3660 in
2511 3610 2771 3660 nostrum
2800 3606 3074 3676 palatium
3102 3606 3464 3673 introductis,

1826 3699 2098 3770 nobisque
2111 3705 2210 3754 tuo
2233 3699 2555 3754 testimonio
2566 3699 2804 3772 placitis,
2825 3701 3000 3753 totam
3018 3715 3137 3754 rem
3149 3699 3467 3754 faciendam

1827 3797 2190 3868 permisimus
2231 3813 2243 3851 :
2291 3798 2369 3852 ita
2401 3803 2613 3867 tamen,
2645 3802 2708 3851 ut
2733 3796 2816 3850 tui
2844 3795 3258 3867 vigilantissimi
3286 3797 3464 3851 animi

1829 3890 2236 3960 gubernatione
2273 3907 2363 3944 res
2393 3890 2577 3944 omnis
2595 3889 2930 3944 celebretur.
2956 3919 3025 3929 —
3055 3887 3086 3960 §
3115 3889 3168 3944 4.
3196 3889 3472 3944 Jubemus

1827 3983 2004 4053 igitur
2022 3983 2177 4037 vobis
2191 3983 2561 4054 antiquorum
2581 3982 2976 4050 Prudentium,
2999 3983 3208 4054 quibus
3226 3983 3466 4038 auctori-

1827 4080 2000 4130 tatem
2028 4075 2559 4131 conscribendarum
2585 4075 3254 4148 interpretendarumque
3274 4075 3469 4147 legum

1827 4169 2190 4224 sacratissimi
2217 4170 2502 4240 principes
2530 4168 2920 4240 praebuerunt,
2949 4169 3124 4224 libros
3149 4171 3219 4224 ad
3241 4170 3338 4240 jus
3367 4171 3474 4224 Ro-

1829 4279 2062 4316 manum
2103 4263 2450 4334 pertinentes
2486 4267 2541 4316 et
2570 4263 2779 4334 legere,
2811 4267 2867 4316 et
2900 4263 3152 4332 elimare,
3183 4269 3249 4317 ut
3278 4281 3347 4319 ex
3376 4264 3468 4318 his

1829 4357 2013 4410 omnis
2037 4356 2271 4411 materia
2298 4356 2617 4427 colligatur,
2641 4355 2797 4410 nulla
2817 4357 3148 4424 (secundum
3168 4356 3318 4426 quod
3339 4373 3469 4427 pos-

1827 4449 1986 4503 sibile
2017 4450 2119 4520 est)
2147 4465 2332 4520 neque
2371 4449 2763 4514 similitudine,
2793 4465 2979 4519 neque
3006 4449 3284 4504 discordia
3312 4449 3471 4505 dere-

1828 4541 1993 4610 licta;
2028 4541 2123 4596 sed
2145 4558 2212 4596 ex
2235 4541 2322 4595 his
2340 4541 2447 4594 hoc
2467 4541 2676 4612 colligi,
2704 4541 2855 4612 quod
2877 4558 3056 4596 unum
3075 4557 3178 4612 pro
3199 4540 3466 4596 omnibus

1829 4634 2088 4689 sufﬁciat.
2120 4633 2259 4698 Quia
2287 4638 2479 4688 autem
2510 4639 2565 4688 et
2591 4634 2683 4688 alii
2710 4633 2882 4688 libros
2912 4635 2981 4688 ad
3001 4635 3097 4704 jus
3116 4634 3468 4705 pertinentes

1829 4728 2192 4798 scripserunt,
2235 4742 2481 4797 quorum
2526 4727 2818 4797 scripturae
2859 4743 2893 4780 a
2935 4727 3106 4781 nullis
3143 4727 3468 4782 auctoribus

1829 4825 2094 4892 receptae,
2125 4836 2228 4875 nec
2255 4820 2474 4874 usitatae
2492 4825 2643 4888 sunt,
2673 4835 2858 4891 neque
2879 4835 2984 4874 nos
3005 4837 3210 4876 eorum
3233 4821 3475 4876 volumi-

1828 4931 1903 4970 na
1924 4919 2174 4969 nostram
2201 4913 2521 4984 inquietare
2539 4914 2848 4984 dignamur
2867 4914 3244 4970 sanctionem.
3276 4915 3392 4988 —§
3415 4920 3468 4972 5.

1831 5011 2088 5080 Cumque
2118 5009 2238 5062 haec
2265 5007 2498 5062 materia
2527 5022 2752 5061 summa
2787 5007 2963 5062 nostri
2990 5009 3243 5063 numinis
3262 5009 3468 5064 libera-

1830 5101 1984 5156 litate
2011 5102 2241 5156 collecta
2268 5099 2458 5169 fuerit,
2491 5104 2713 5170 oportet
2738 5117 2868 5156 eam
2894 5102 3280 5172 pulcherrimo
3299 5118 3470 5172 opere

1833 5197 2118 5261 extruere,
2153 5201 2207 5250 et
2235 5193 2393 5265 quasi
2436 5193 2735 5264 proprium
2778 5199 2834 5250 et
2877 5195 3288 5250 sanctissimum
3333 5200 3474 5250 tem.

1833 5289 1994 5360 plum
2017 5288 2253 5343 Iustitiae
2283 5303 2639 5354 consecrare,
2671 5293 2726 5342 et
2749 5287 2810 5341 in
2840 5288 3016 5341 libros
3033 5287 3470 5359 quinquaginta,

1833 5387 1888 5436 et
1917 5387 2100 5436 certos
2126 5381 2314 5436 titulos
2335 5385 2519 5436 totum
2548 5380 2678 5452 [jus]
2715 5380 2994 5450 digerere,
3020 5383 3139 5433 tam
3159 5381 3473 5436 secundum

1832 5475 2016 5529 nostri
2045 5475 2275 5530 Codicis
2312 5473 2786 5540 constitutionem,
2820 5488 2993 5544 quam
3023 5472 3194 5527 edicti
3215 5472 3480 5546 perpetui

1834 5567 2231 5637 imitationem,
2255 5573 2425 5640 prout
2450 5569 2556 5622 hoc
2581 5565 2735 5620 vobis
2753 5564 3262 5637 commodumjesse
3280 5573 3477 5638 patue-

1835 5660 1930 5730 rit,
1949 5666 2012 5716 ut
2031 5661 2176 5716 nihil
2200 5667 2361 5718 extra
2380 5665 2756 5717 memoratam
2775 5659 3328 5716 consummationem
3348 5675 3476 5733 pos»

1838 5754 1909 5810 sit
1929 5771 2045 5810 esse
2072 5755 2405 5812 derelictum
2428 5773 2442 5810 :
2468 5755 2564 5810 sed
2581 5755 2668 5809 his
2689 5753 3100 5826 quinquaginta
3122 5753 3280 5808 libris
3293 5759 3478 5810 totum

1832 5848 1926 5920 jus
1945 5848 2248 5922 antiquum
2272 5864 2377 5923 per
2399 5848 2551 5905 mille
2581 5852 2640 5903 et
2657 5848 3108 5920 quadringentos
3135 5863 3280 5923 pene
3299 5861 3479 5912 annos
