4032 6232
564 291 690 344 1091

1703 291 1957 346 ΞΑΞΟΙΠᾸ
1997 290 2187 346 SEXTl
2225 291 2777 347 SUPPLEMENTUM.

3797 294 3931 346 1092

559 398 874 464 confusum,
906 401 962 452 et
988 415 1020 450 a
1041 396 1202 451 nobis
1221 400 1550 468 purgatum,
1572 397 1730 468 quasi
1755 398 2001 468 quodam
2021 414 2184 453 muro
2209 409 2268 482 Α
2288 398 2500 452 oriatur
2519 398 2734 470 aliquid
2766 400 2823 452 in
2840 399 2938 452 tali
2959 402 3122 469 prato
3147 396 3460 469 spinosum.
3483 429 3551 438 —
3574 398 3607 468 §
3633 401 3717 453 l0.
3745 399 3856 454 Sed
3879 405 3934 452 et

556 491 846 560 vallatum,
872 490 1019 544 nihil
1048 495 1208 545 extra
1237 506 1294 543 se
1324 490 1557 544 habeat:
1579 491 1843 545 omnibus
1869 492 2194 548 auctoribus

550 585 699 657 juris
729 600 891 656 aequa
917 584 1196 655 dignitate
1224 583 1588 654 pollentibus,
1623 588 1679 638 et
1698 584 1922 638 nemini
1949 586 2191 655 quadam

557 678 933 750 praerogativa
962 676 1250 743 servanda,
1282 675 1414 746 quia
1430 693 1542 730 non
1565 693 1762 732 omnes
1790 677 1847 731 in
1861 678 2072 748 omnia,
2097 680 2192 734 sed

560 772 697 827 certi
718 789 820 843 per
847 776 1018 839 certa,
1037 771 1123 824 vel
1151 770 1429 838 meliores,
1447 772 1533 824 vel
1555 771 1862 826 deteriores
1888 772 2190 826 inveniun-

559 871 674 921 tur.
706 895 774 906 --
800 864 895 935 ἐϋ.
913 863 1019 918 Sed
1037 879 1222 933 neque
1238 879 1306 917 ex
1335 864 1704 919 multitudine
1717 866 2193 936 auctorum,quod

559 959 763 1013 melius
809 961 864 1012 et
911 956 1125 1027 aequius
1171 959 1275 1026 est,
1299 957 1632 1027 judicatote,
1661 974 1792 1012 cum
1818 959 1999 1028 possit
2026 959 2192 1013 unius

565 1049 837 1123 [forsitan]
865 1055 921 1104 et
937 1049 1235 1104 deterioris
1261 1051 1561 1117 sententia,
1594 1057 1650 1105 et
1677 1052 1900 1120 multas,
1932 1057 1987 1106 et
2009 1053 2188 1122 majo-

561 1162 652 1200 res
676 1145 736 1198 in
763 1144 950 1214 aliqua
972 1148 1130 1214 parte
1159 1160 1448 1215 superare.
1472 1145 1539 1197 Et
1559 1144 1687 1199 ideo
1703 1161 1767 1198 ea
1795 1161 1923 1216 quae
1954 1150 2117 1199 antea
2133 1145 2193 1200 in

563 1237 710 1292 notis
739 1237 926 1291 {Emili
959 1236 1255 1307 Papiniani
1287 1241 1342 1291 et
1373 1237 1628 1308 Ulpiano,
1656 1242 1710 1292 et
1738 1239 1931 1306 Paulo,
1973 1254 2192 1292 necnon

559 1331 838 1386 Marciano
866 1330 1106 1400 ascripta
1136 1334 1286 1398 sunt,
1317 1347 1446 1402 quae
1487 1334 1652 1384 antea
1673 1331 1894 1384 nullam
1917 1331 2030 1385 vim
2056 1331 2195 1385 obti-

562 1424 773 1478 nebant
808 1429 1041 1494 propter
1078 1423 1354 1478 honorem
1399 1423 1840 1494 splendidissimi
1871 1424 2190 1496 Papiniani,

558 1535 679 1573 non
704 1517 895 1571 statim
927 1504 1190 1587 respuere
1214 1535 1230 1587 ;
1260 1517 1356 1572 sed
1382 1517 1426 1571 si
1456 1517 1594 1588 quid
1621 1533 1687 1572 ex
1711 1517 1800 1572 his
1825 1518 1895 1572 ad
1925 1519 2190 1589 repletio-

562 1627 694 1666 nem
719 1610 927 1665 summi
951 1610 1169 1681 ingenii
1188 1609 1482 1681 Papiniani
1502 1610 1782 1680 laborum,
1811 1612 1898 1665 vel
1919 1611 2194 1683 interpre-

559 1705 828 1760 tationem
858 1705 1237 1758 necessarium
1264 1720 1381 1758 esse
1412 1705 1831 1775 perspexeritis,
1863 1710 1918 1759 et
1945 1705 2051 1758 hoc
2086 1721 2190 1776 po-

2293 490 2338 543 si
2368 507 2495 562 quae
2517 492 2672 562 leges
2700 492 2760 546 in
2785 492 3067 547 veteribus
3093 491 3248 546 libris
3268 493 3488 562 positae,
3513 492 3632 564 jam
3657 492 3714 546 in
3737 492 3935 546 desue-

2293 584 2550 639 tudinem
2574 584 2855 654 abierunt,
2887 585 3045 639 nullo
3073 585 3241 639 modo
3270 586 3427 639 vobis
3454 586 3682 640 easdem
3719 601 3933 656 ponere

2293 677 2694 747 permittimus,
2728 681 2874 732 'cum
2911 678 3032 731 haec
3079 679 3476 733 tantummodo
3512 678 3771 733 obtinere
3802 679 3932 731 veli-

2293 787 2419 824 mus
2448 787 2575 840 quae
2604 771 2689 825 vel
2709 771 3057 840 judiciorum
3086 772 3581 843 frequentissimus
3611 773 3750 827 ordo
3777 788 3933 826 exer-

2293 863 2426 930 cuit,
2456 864 2542 917 Vel
2572 863 2745 936 longa
2779 865 3129 919 consuetudo
3171 865 3344 935 hujus
3373 866 3537 920 almae
3579 865 3740 919 urbis
3771 881 3928 919 com-

2293 956 2565 1026 probavit,
2585 958 3312 1028 secundumealviiJuliani
3330 959 3829 1030 scripturam,quae
3851 959 3936 1011 in-

2294 1048 2441 1104 dicat
2467 1050 2669 1105 debere
2696 1067 2891 1106 omnes
2930 1051 3182 1106 civitates
3217 1037 3690 1106 consuetudinem
3732 1053 3933 1106 Romae

2292 1143 2450 1213 sequi
2483 1142 2559 1214 [et
2581 1144 2777 1214 leges],
2808 1161 2938 1215 quae
2974 1149 3143 1215 caput
3172 1149 3255 1198 est
3282 1145 3434 1199 orbis
3468 1149 3781 1212 terrarum,
3813 1162 3934 1198 non

2292 1235 2474 1306 ipsam
2492 1236 2628 1290 alias
2646 1237 2914 1303 civitates.
2941 1238 3182 1292 Romam
3206 1243 3398 1292 autem
3424 1237 3799 1309 intelligimus
3816 1254 3937 1292 non

2295 1329 2479 1382 solum
2528 1333 2796 1397 veterem,
2851 1330 2949 1384 sed
2993 1330 3167 1384 etiam
3210 1331 3427 1401 regiam
3475 1335 3759 1401 nostram,
3805 1347 3936 1402 qua:

2294 1422 2408 1476 Deo
2432 1422 2678 1493 propitio
2707 1439 2839 1477 cum
2872 1424 3204 1478 melioribus
3232 1424 3454 1478 condita
3481 1428 3565 1478 est
3589 1424 3867 1495 auguriis.

2365 1516 2397 1586 §
2429 1519 2511 1570 ll.
2547 1514 2676 1570 Ideo
2696 1515 2966 1586 jubemus
2994 1517 3214 1571 duobus
3241 1517 3366 1571 istic
3401 1516 3698 1571 Codicibus
3733 1518 3936 1571 omnia

2295 1609 2601 1680 gubernari
2631 1626 2643 1662 :
2681 1626 2793 1663 uno
2824 1610 3313 1678 constitutionum,
3336 1611 3514 1664 altero
3535 1611 3682 1680 juris
3712 1611 3937 1664 enucle-

2293 1703 2370 1756 ati
2398 1707 2454 1756 et
2482 1702 2541 1755 in
2573 1702 2824 1756 futurum
2851 1703 3117 1758 Codicem
3145 1703 3548 1774 componendi,
3581 1704 3667 1757 vel
3699 1704 3744 1757 si
3796 1704 3937 1774 quid

563 1814 718 1866 nere,
747 1797 887 1868 legis
912 1797 1093 1851 vicem
1111 1797 1387 1867 obtinens,
1408 1814 1522 1851 non
1544 1797 1880 1852 moremini:
1900 1802 1960 1852 ut
1973 1814 2191 1866 omnes,
2214 1779 2268 1850 Β
2292 1795 2446 1849 aliud
2465 1796 2853 1850 anobisfuerit
2866 1797 3289 1868 promulgatum
3309 1796 3734 1851 institutionum
3752 1797 3936 1850 vicem

563 1891 661 1962 qui
684 1890 842 1945 relati
863 1890 1077 1945 fuerint
1096 1890 1155 1944 in
1176 1891 1329 1945 hunc
1350 1892 1611 1946 Codicem
1633 1891 2191 1962 prudentissimiviri,

559 1984 810 2038 habeant
833 1983 1245 2051 auctoritatem,
1286 1987 1561 2054 tanquam
1609 1984 1654 2038 si
1691 2001 1890 2039 eorum
1916 1985 2099 2040 studia
2125 2001 2195 2040 ex

560 2077 961 2149 principalibus
1003 2076 1500 2132 constitutionibus
1541 2077 1815 2149 profecta,
1859 2082 1914 2131 et
1938 2095 1970 2130 a
2003 2083 2195 2133 nostro

561 2169 753 2226 divino
776 2170 988 2224 fuerint
999 2186 1094 2224 ore
1110 2171 1339 2241 profusa
1362 2187 1374 2224 :
1395 2170 1588 2225 omnia
1603 2171 1756 2226 enim
1778 2171 1980 2226 merito
1999 2176 2196 2226 nostra

561 2263 818 2332 facimus,
851 2264 984 2334 quia
1007 2280 1076 2317 ex
1104 2263 1267 2317 nobis
1298 2264 1484 2318 omnis
1512 2264 1592 2318 eis
1617 2263 1974 2335 impertietur
1996 2268 2192 2319 aucto-

559 2358 725 2426 ritas;
754 2374 885 2411 nam
915 2356 1014 2428 qui
1047 2356 1197 2428 [non]
1224 2357 1504 2411 subtiliter
1526 2358 1738 2412 factum
1765 2358 2046 2426 emendat,
2080 2358 2196 2412 lau-

561 2451 802 2506 dabilior
829 2455 913 2504 est
939 2467 1004 2504 eo
1024 2450 1121 2521 qui
1149 2450 1368 2520 primus
1394 2450 1630 2505 invenit.
1661 2481 1728 2489 —-
1748 2451 1778 2522 §
1795 2455 1845 2504 7.
1872 2451 1978 2506 Sed
2008 2455 2064 2504 et
2088 2452 2192 2506 hoc

562 2544 878 2598 studiosum
902 2543 1058 2596 vobis
1084 2559 1202 2597 esse
1219 2544 1496 2610 volumus,
1514 2549 1578 2598 ut
1596 2543 1641 2597 si
1667 2544 1805 2614 quid
1828 2545 1888 2598 in
1914 2545 2194 2599 veteribus

560 2653 676 2691 non
696 2637 839 2691 bene
866 2636 1115 2708 positum
1134 2637 1292 2690 libris
1319 2636 1633 2705 inveniatis,
1661 2637 1748 2691 vel
1765 2637 1978 2708 aliquid
1997 2654 2195 2708 super-

561 2730 764 2797 ﬂuum,
794 2730 878 2784 vel
898 2730 1087 2784 minus
1108 2730 1423 2800 perfectum
1450 2729 1816 2802 [supervacua
1837 2731 2193 2801 longitudine

562 2827 798 2891 semota,
829 2826 885 2878 et
911 2823 1497 2895 quodimperfectum]
1525 2827 1609 2878 est
1629 2824 1913 2895 repleatis,
1945 2830 2000 2879 et
2025 2841 2194 2879 omne

561 2934 708 2990 opus
733 2918 1112 2986 moderatum,
1135 2919 1190 2971 et
1206 2933 1379 2988 quam
1395 2917 1845 2988 pulcherrimum
1867 2918 2189 2972 ostendatis.

559 3013 673 3066 Hoc
703 3011 876 3065 etiam
907 3010 1275 3064 nihilominus
1304 3011 1677 3077 observando,
1717 3014 1777 3064 ut
1821 3010 1865 3064 si
1894 3011 2105 3082 aliquid
2132 3011 2190 3064 in

557 3104 843 3160 veteribus
871 3104 1113 3175 legibus,
1142 3105 1228 3158 vel
1263 3104 1778 3170 constitutionibus,
1809 3121 1946 3175 quas
1975 3103 2193 3175 antiqui
2215 3145 2269 3218 Ο

561 3199 612 3218 2..
639 3197 918 3218 ___3-1:L_1_
936 3202 1246 3218 __-___-...-_A
1283 3213 1315 3218 μ
1333 3214 1395 3218 ___
1419 3200 1565 3218 _.__l_
1589 3196 1850 3218 _-_.'_L____
1874 3198 2168 3218 :__-_:_12_

560 3199 619 3252 in
633 3198 748 3252 suis
761 3197 921 3251 libris
936 3202 1268 3267 posuerunt,
1283 3213 1400 3251 non
1419 3200 1570 3251 recte
1585 3196 1857 3267 scriptum
1874 3198 2191 3264 inveniatis,

563 3296 619 3346 et
648 3293 753 3344 hoc
779 3290 1117 3358 reformetis,
1147 3295 1202 3344 et
1221 3290 1404 3344 ordini
1430 3290 1721 3344 moderato
1737 3291 1993 3356 tradatis,
2007 3295 2072 3344 ut
2089 3290 2196 3345 hoc

559 3383 818 3437 videatur
843 3398 962 3436 esse
988 3397 1206 3451 verum,
1239 3387 1295 3437 et
1320 3382 1622 3453 optimum,
1651 3386 1707 3436 et
1733 3382 1892 3453 quasi
1935 3382 2003 3437 ab
2033 3383 2196 3438 initio

562 3475 859 3547 scriptum,
881 3475 1033 3547 quod
1053 3491 1086 3528 a
1117 3474 1270 3529 vobis
1287 3476 1547 3542 electum,
1563 3480 1618 3530 et
1633 3474 1708 3530 ibi
1729 3476 1975 3546 positum
2002 3476 2193 3532 fuerit.

563 3571 631 3625 Et
658 3585 827 3624 nemo
871 3585 937 3623 ex
977 3568 1396 3640 comparatione
1436 3569 1638 3624 veteris
1679 3569 2000 3636 voluminis,
2037 3569 2198 3641 quasi

558 3663 822 3717 vitiosam
846 3662 1187 3733 scripturam
1213 3678 1456 3733 arguere
1483 3661 1708 3717 audeat.
1733 3663 1872 3716 Cum
1894 3663 2048 3718 enim
2072 3663 2196 3734 lege

559 3757 814 3828 antiqua,
843 3772 970 3828 quae
997 3754 1176 3826 Regia
1201 3753 1653 3826 nuncupabatur,
1681 3771 1849 3811 omne
1869 3756 1964 3826 jus
1990 3756 2198 3811 omnis-

561 3867 672 3922 que
684 3854 933 3921 potestas
950 3848 1396 3920 populiRomani
1413 3848 1470 3902 in
1485 3849 1908 3918 imperatoriam
1928 3849 2199 3904 translata

559 3949 692 3998 sunt
721 3946 1077 4015 potestatem,
1123 3958 1226 3996 nos
1269 3958 1403 3996 vero
1431 3942 1777 3998 sanctionem
1822 3958 2054 3996 omnem
2083 3958 2199 3996 non

561 4037 868 4092 dividimus
891 4037 951 4090 in
987 4035 1144 4105 alias,
1191 4039 1248 4089 et
1295 4036 1428 4090 alias
1462 4035 1821 4090 conditorum
1865 4041 2071 4107 partes,
2099 4034 2199 4090 sed

559 4134 736 4185 totam
765 4132 1015 4184 nostram
1043 4145 1161 4184 esse
1190 4129 1474 4196 volumus,
1503 4129 1642 4200 quid
1678 4129 1852 4200 possit
1890 4128 2199 4199 antiquitas

563 4223 768 4278 nostris
781 4222 1002 4295 legibus
1015 4223 1290 4295 abrogare
1303 4225 1330 4278 ‘i
1346 4224 1413 4277 Et
1427 4223 1486 4276 in
1513 4226 1738 4278 tantum
1755 4221 1958 4277 eadem
1985 4221 2198 4289 omnia,

562 4335 695 4379 cum
718 4317 960 4389 reposita
975 4320 1128 4387 sunt,
1149 4317 1423 4385 obtinere,
1441 4319 1501 4369 ut
1516 4319 1572 4370 et
1589 4316 1634 4369 si
1656 4317 1818 4370 aliter
1829 4315 2041 4370 fuerint
2050 4315 2202 4386 apud

559 4423 777 4478 veteres
797 4410 1132 4482 conscripta,
1165 4410 1223 4464 in
1244 4409 1591 4464 contrarium
1618 4414 1810 4464 autem
1837 4409 1896 4463 in
1916 4408 2194 4479 positione

2297 1887 2594 1955 obtinens;
2626 1894 2686 1944 ut
2714 1889 2870 1944 rudis
2897 1890 3125 1944 animus
3156 1890 3391 1945 studiosi
3417 1890 3768 1961 simplicibus
3801 1906 3938 1944 enu-

2294 1982 2481 2049 tritus,
2508 1982 2726 2036 facilius
2756 1983 2826 2036 ad
2849 1983 3059 2037 altioris
3079 1983 3396 2054 prudentiae
3427 1984 3720 2056 redigatur
3744 1985 3933 2037 scien-

2296 2075 2452 2130 tiam.
2485 2106 2552 2114 ——
2595 2075 2625 2146 §
2670 2079 2753 2129 l2.
2803 2075 3059 2129 Nostram
3105 2083 3297 2130 autem
3351 2077 3936 2144 consummationem,

2295 2185 2422 2239 qua:
2441 2186 2473 2222 a
2491 2168 2651 2222 nobis
2679 2168 2795 2222 Deo
2824 2174 3114 2224 annuente
3145 2174 3536 2240 componetur,
3568 2169 3938 2236 Digestorum

2294 2263 2380 2315 vel
2432 2261 2847 2316 Pandectarum
2896 2278 3105 2316 nomen
3159 2263 3367 2317 habere
3412 2262 3718 2332 sancimus,
3763 2263 3938 2316 nullis

2286 2355 2433 2425 juris
2456 2354 2652 2426 peritis
2678 2355 2738 2408 in
2768 2359 3057 2425 posterum
3100 2356 3436 2410 audentibus
3490 2357 3939 2410 commentarios

2294 2448 2371 2501 illi
2422 2449 2705 2519 applicare
2746 2451 2802 2502 et
2842 2449 3180 2503 verbositate
3223 2466 3323 2503 sua
3367 2450 3678 2520 supradicti
3714 2451 3937 2505 Codicis

2295 2541 2694 2613 compendium
2726 2541 3072 2596 confundere
3107 2559 3119 2596 :
3160 2543 3648 2612 quemadmodum
3697 2543 3755 2596 in
3781 2545 3935 2598 antio

2293 2635 2584 2707 quioribus
2612 2635 3000 2707 [temporibus]
3035 2635 3248 2689 factum
3277 2641 3379 2704 est,
3413 2653 3542 2689 cum
3579 2652 3682 2706 per
3708 2643 3934 2690 contra-

2293 2730 2405 2783 rias
2429 2729 2931 2799 interpretantium
2953 2728 3260 2783 sententias
3289 2733 3476 2783 totum
3496 2729 3590 2799 jus
3620 2746 3766 2800 pene
3795 2747 3934 2784 con-

2293 2823 2582 2877 turbatum
2608 2827 2726 2889 est;
2751 2822 2845 2877 sed
2873 2821 3112 2876 sufﬁciat
3137 2839 3240 2892 per
3283 2822 3493 2876 indices
3534 2823 3937 2877 tantummodo

2293 2922 2350 2970 et
2374 2916 2667 2970 titulorum
2678 2915 3044 2970 subtilitatem
3066 2913 3934 2986 [(Ῑιιωπαράτιτλαξηυυοιιμιλίων]

2292 3010 2555 3080 quaedam
2581 3008 2962 3062 admonitoria
2987 3009 3107 3079 ejus
3129 3009 3331 3078 facere,
3355 3009 3512 3063 nullo
3544 3026 3612 3064 ex
3653 3009 3936 3080 interpre-

2293 3103 2508 3157 tatione
2534 3119 2732 3157 eorum
2756 3101 2890 3156 vitio
2922 3101 3182 3156 oriundo.
3217 3131 3283 3141 -—-
3311 3103 3342 3173 ς
3368 3105 3452 3156 13.
3483 3104 3561 3155 Ne
3597 3108 3790 3157 autem
3833 3120 3938 3173 per

2294 3193 2628 3266 scripturam
2653 3195 2846 3265 aliqua
2872 3194 2996 3259 ﬁat
3024 3195 3084 3248 in
3113 3202 3405 3265 posterum
3433 3194 3728 3262 dubitatio,
3760 3195 3934 3265 jube-

2297 3304 2424 3342 mus
2450 3305 2564 3342 non
2594 3305 2697 3359 per
2723 3287 3065 3359 simplorum
3106 3289 3393 3359 captiones
3431 3291 3488 3342 et
3527 3289 3938 3358 compendiosa

2295 3381 2619 3452 mnigmata,
2646 3398 2776 3452 qua:
2821 3381 3028 3436 inultas
3065 3397 3169 3452 per
3196 3397 3254 3434 se
3286 3385 3344 3435 ct
3375 3398 3480 3452 per
3514 3398 3684 3436 suum
3730 3382 3937 3437 vitium

2295 3474 2634 3529 antinomias
2654 3475 3018 3543 induxerunt,
3042 3475 3296 3545 ejusdem
3319 3474 3534 3529 Codicis
3555 3478 3776 3530 textum
3804 3493 3936 3530 con-

2296 3568 2482 3634 scribi,
2525 3567 2745 3623 etiamsi
2784 3584 3060 3622 numerus
3105 3568 3377 3622 librorum
3404 3568 3800 3646 ‘signiﬁcetur,
3837 3575 3937 3623 aut

2295 3661 2445 3715 aliud
2475 3661 2814 3732 quidquam;
2848 3679 2952 3715 nec
2977 3661 3129 3715 enim
3149 3678 3248 3732 per
3268 3662 3528 3732 specialia
3553 3663 3719 3732 signa
3738 3679 3938 3717 nume—

2297 3771 2494 3808 rorum
2521 3755 2888 3823 manifestari,
2905 3755 3001 3809 sed
3021 3771 3120 3824 per
3135 3755 3936 3827 litterarumconsequentiam

2298 3848 2588 3918 explanari
2630 3847 3012 3902 concedimus.
3063 3879 3129 3887 -—-
3167 3849 3200 3919 ς
3239 3849 3324 3903 14.
3361 3849 3488 3902 Haec
3533 3848 3708 3919 igitur
3739 3851 3937 3904 omnia

2299 3942 2411 3996 Deo
2441 3941 2662 4012 placido
2688 3942 2872 3995 facere
2894 3946 2990 3995 tua
3008 3942 3309 4012 prudentia
3332 3959 3442 3996 una
3455 3959 3586 3996 cum
3601 3942 3724 3996 aliis
3747 3944 3936 3997 facun-

2299 4035 2544 4090 dissimis
2570 4034 2704 4111 viris
2732 4035 2970 4102 studeat,
3005 4041 3063 4089 et
3088 4039 3201 4088 tam
3231 4035 3416 4090 subtili
3445 4052 3617 4108 quam
3638 4037 3936 4092 celerrimo

2297 4127 2400 4182 ﬁni
2420 4128 2661 4193 tradere;
2684 4132 2748 4182 ut
2773 4128 2960 4182 Codex
2989 4132 3435 4198 consummatus,
3467 4135 3525 4183 et
3555 4130 3615 4184 in
3643 4130 3934 4202 quinqua-

2302 4225 2459 4296 ginta
2487 4225 2657 4280 libros
2685 4225 2937 4296 digestus
2965 4226 3128 4280 nobis
3153 4226 3419 4281 offeratur
3448 4227 3506 4281 in
3533 4227 3850 4282 maximam
3878 4234 3932 4283 et

2301 4324 2574 4374 aeternam
2613 4318 2696 4373 rei
2724 4319 3083 4389 memoriam,
3117 4321 3324 4391 Deique
3357 4320 3767 4392 omnipotentis
3799 4340 3931 4395 pru-

2301 4411 2507 4466 dentiaa
2545 4419 2969 4484 argumentum,
3012 4413 3301 4485 nostrique
3349 4414 3590 4486 imperii,
3649 4418 3933 4490 vestrique

555 4503 1167 4579 invenianturmullum
1181 4503 1398 4557 crimen
1427 4502 1720 4574 scriptura).
1747 4502 2082 4574 imputetur,
2103 4502 2195 4557 sed

2301 4506 2598 4560 ministerii
2618 4507 2872 4578 gloriam.
2899 4508 3017 4562 Dat.
3047 4524 3178 4562 XVlll
3207 4507 3438 4562 Kalend.
3455 4509 3764 4577 Ianuariis,
3782 4512 3935 4566 Lam-

559 4613 768 4665 nostraz
794 4602 1052 4662 electioni
1081 4595 1188 4656 hoc
1215 4593 1547 4652 ascribatur.
1578 4625 1646 4634 ——
1677 4594 1706 4667 ξ
1737 4598 1790 4651 8.
1822 4595 1984 4650 Nulla
2008 4596 2197 4667 itaque

561 4705 620 4758 in
646 4701 911 4757 omnibus
935 4694 1189 4769 praadicti
1215 4688 1432 4748 Codicis
1461 4688 1733 4745 membris
1754 4687 2074 4743 antinomia
2104 4688 2198 4757 (sic

560 4797 716 4853 enim
745 4812 778 4850 a
819 4796 1091 4849 vetustate
1121 4790 1312 4844 Graeco
1352 4783 1626 4840 vocabulo
1670 4783 2051 4854 nuncupatur)
2093 4780 2194 4837 ali-

562 4907 736 4962 quem
763 4888 868 4943 sibi
895 4885 1142 4941 vindicet
1163 4883 1371 4948 locum,
1401 4880 1498 4935 sed
1519 4879 1592 4933 sit
1615 4895 1729 4934 una
1753 4874 2068 4944 concordia,
2083 4892 2200 4933 una

561 4981 986 5055 consequentia,
1013 4977 1337 5034 adversario
1371 4973 1597 5030 nemine
1639 4973 1964 5028 constituto.
1993 5003 2063 5012 —
2087 4971 2120 5044 §
2143 4973 2196 5026 9.

563 5078 674 5135 Sed
700 5083 756 5132 et
781 5073 1210 5130 similitudinem
1238 5069 1574 5140 (secundum
1603 5065 1752 5139 quod
1773 5065 1986 5122 dictum
2012 5066 2112 5137 est)
2130 5065 2199 5120 ab

561 5168 894 5244 hujusmodi
924 5164 1416 5221 consummatione
1441 5164 1706 5217 volumus
1738 5162 2016 5229 exsulare,
2050 5161 2107 5214 et
2135 5173 2202 5214 ea

562 5282 692 5338 quae
716 5259 1109 5319 sacratissimis
1141 5255 1641 5314 constitutionibus
1669 5271 1809 5328 quas
1840 5255 1901 5308 in
1937 5253 2201 5310 Codicem

556 5365 821 5417 nostrum
841 5355 1174 5426 redegimus
1194 5357 1355 5406 cauta
1374 5353 1527 5419 sunt,
1549 5349 1760 5404 iterum
1775 5347 1911 5420 poni
1937 5364 2005 5403 ex
2022 5345 2205 5403 veteri

553 5454 687 5526 jure
716 5468 832 5507 non
857 5447 1239 5512 concedimus,
1269 5461 1399 5500 cum
1429 5443 1696 5498 divalium
1737 5441 2200 5496 constitutionum

557 5546 778 5603 sanatio
806 5543 1050 5598 sufﬁciat
1068 5541 1140 5596 ad
1165 5555 1364 5596 eorum
1390 5536 1806 5601 auctoritatem,
1831 5534 2104 5605 nisi_forte
2117 5533 2203 5588 vel

561 5644 796 5710 propter
825 5636 1176 5705 divisionem,
1201 5634 1289 5688 vel
1307 5635 1541 5704 propter
1559 5627 1951 5702 repletionem,
1968 5628 2053 5682 vel
2077 5643 2204 5697 pro-

561 5736 691 5799 pter
715 5729 1027 5799 pleniorem
1056 5727 1387 5799 indaginem
1415 5726 1523 5780 hoc
1550 5722 1882 5795 contigerit;
1913 5724 1970 5777 et
1993 5719 2102 5777 hoc
2123 5721 2204 5775 ta-

562 5838 701 5879 men
723 5839 977 5898 perraro,
1004 5841 1078 5882 ne
1105 5840 1177 5884 ex
1201 5822 1621 5881 continuatione
1647 5818 1984 5892 hujusmOd-i
2007 5817 2200 5889 lapsus

2295 4599 2465 4672 padio
2496 4605 2552 4654 et
2569 4601 2759 4655 Oreste
2789 4601 2922 4655 viris
2946 4601 3272 4655 clarissimis
3297 4617 3438 4656 coss.
3488 4605 3612 4658 530.
3650 4604 3930 4662 Feliciter.

2996 4703 3118 4757 LEX
3150 4704 3240 4758 Ill.

2454 4797 2515 4847 In
2539 4794 2749 4848 nomine
2783 4795 2991 4846 Dom‘im‘
3016 4801 3062 4845 et
3089 4796 3183 4845 Dei
3207 4797 3379 4846 nostri
3401 4795 3524 4846 Iesu
3547 4795 3768 4848 Christi.

2370 4883 2686 4954 Imperator
2701 4884 2884 4936 Caesar
2899 4881 3156 4936 FlaviusJ
3165 4879 3931 4954 ustinianus,A1emannicus,

2297 4977 2578 5046 Gothicus,
2613 4975 2928 5043 Francicus,
2961 4971 3346 5042 Germanicus,
3372 4975 3625 5044 Anticus,
3648 4978 3931 5046 Alanicus,

2299 5069 2646 5138 Vandalicus,
2679 5069 2992 5137 Africanus,
3035 5069 3185 5140 pius,
3225 5069 3380 5136 felix,
3419 5069 3684 5139 inclytus,
3739 5072 3930 5141 victor,

2299 5164 2700 5234 triumphator,
2725 5179 2960 5233 semper.
2974 5163 3241 5218 colendus
3263 5165 3348 5217 Au
3355 5168 3552 5234 gustus
3567 5164 3643 5218 ad
3658 5181 3928 5236 magnum

2300 5260 2558 5312 senatum
2589 5262 2644 5312 et
2668 5256 2962 5328 pOpulum,
2986 5259 3043 5312 et
3060 5272 3258 5312 omnes
3277 5256 3430 5311 orbis
3451 5256 3634 5311 nostri
3657 5258 3927 5313 civitates.

2372 5350 2539 5405 Dedit
2567 5349 2728 5404 nobis
2759 5350 2905 5404 Deus
2933 5355 3058 5420 post
3095 5366 3299 5421 pacem
3326 5366 3456 5404 cum
3499 5351 3688 5405 Persis
3713 5351 3928 5416 initam,

2298 5447 2430 5516 post
2454 5442 2758 5498 Vandalica
2787 5443 3064 5514 trophaaa,
3087 5448 3145 5498 et
3173 5445 3348 5498 totam
3375 5443 3562 5514 Libym
3596 5444 3924 5516 acquisitio-

2300 5553 2454 5604 nem,
2487 5541 2722 5607 postque
2751 5535 3260 5590 nominatissimam
3291 5536 3697 5606 Carthaginem
3743 5543 3926 5592 nostro

2302 5629 2505 5685 iterum
2536 5629 2777 5700 imperio
2804 5629 3089 5696 sociatam,
3115 5633 3179 5683 ut
3203 5633 3458 5683 veterum
3484 5629 3687 5700 legum
3699 5647 3926 5685 renova-

2305 5721 2470 5778 tionis
2499 5737 2639 5794 opus
2650 5723 2721 5778 ad
2731 5726 2990 5796 optatum
3003 5720 3646 5794 ﬁnemperduceremus,
3668 5724 3822 5796 quod
3832 5740 3918 5779 ne-

2302 5832 2398 5874 mo
2411 5815 2736 5889 principum
2747 5819 2878 5874 ante
2891 5821 3149 5873 nostrum
3159 5815 3469 5888 imperium
3479 5820 3598 5886 ,aut
3607 5816 3671 5875 in
3681 5824 3918 5876 mentem
