4032 6232
175 323 186 372 Ι
199 321 304 374 093

897 319 1262 376 JUSTINIANI
1306 319 1512 375 LEGES
1551 319 1882 375 SELECTJﬂ.
1928 319 2050 373 LIB.
2097 320 2136 389 Ι,
2178 319 2301 373 TIT.
2343 319 2497 386 XVII,
2542 321 2668 376 LEX
2711 319 2798 376 Ill.

3397 323 3529 379 1094

163 427 359 481 induci
385 443 567 498 posse,
591 433 690 482 aut
715 428 972 483 humano
1001 428 1234 499 ingenio
1259 428 1520 499 possibile
1551 444 1666 482 esse
1688 428 1802 482 exi-
1824 441 1881 512 Α
1901 426 2224 494 maritimis,
2244 431 2301 480 et
2323 427 2392 481 de
2411 428 2850 498 probationibus
2881 432 3052 500 atque
3071 430 3526 502 prtesumptioni-

160 520 428 575 stimavit.
459 523 590 575 Erat
610 521 765 576 enim
786 521 1047 577 mirabile
1071 538 1298 576 omnem
1328 523 1648 575 Romanam
1668 538 1798 575 san-

160 614 415 668 ctionem
454 631 484 667 a
514 615 742 669 condita
768 620 960 671 vetere
983 617 1168 670 Roma
1196 632 1373 686 usque
1395 615 1464 669 ad
1494 615 1676 668 nostri
1701 614 1802 667 im-

156 707 306 778 perii
335 713 618 778 tempora,
651 725 778 780 quae
803 726 948 780 pene
977 710 1036 763 in
1059 709 1218 763 mille
1245 712 1301 762 et
1322 712 1601 763 trecentos
1619 724 1800 762 annos

157 807 531 868 concurrunt,
563 819 679 856 non
701 803 886 857 solum
900 819 1096 858 secum
1117 803 1178 856 in
1197 802 1367 855 variis
1383 801 1495 856 suis
1523 801 1796 872 partibus,

155 893 264 948 sed
295 894 355 948 in
384 895 780 966 imperialibus
810 895 1037 967 quoque
1067 895 1386 966 praesertim
1419 893 1800 948 sanctionibus

156 987 313 1042 inter
333 1004 566 1042 omnem
581 992 786 1044 nutare
809 989 1245 1044 consonantiam
1263 989 1478 1060 pariter
1494 1005 1557 1043 ac
1584 987 1795 1042 discor-

157 1081 352 1148 diam;
393 1098 510 1136 non
548 1085 742 1138 tamen
773 1083 830 1138 id
867 1084 1056 1138 solum
1083 1083 1237 1155 quod
1262 1099 1456 1137 secum
1486 1081 1796 1153 pugnabat,

157 1173 384 1240 tollere,
425 1175 525 1229 sed
553 1176 724 1230 etiam
753 1176 906 1248 quod
937 1176 1109 1243 idem,
1141 1182 1242 1232 aut
1264 1176 1451 1232 simile
1478 1175 1795 1247 reperieba-

155 1273 272 1337 tur,
289 1269 594 1339 expellere,
612 1270 942 1341 variamque
963 1270 1138 1342 ipsius
1153 1269 1592 1342 pulchritudinis
1605 1268 1798 1322 ideam

156 1360 433 1427 tribuere,
451 1362 532 1416 ita
559 1367 620 1416 ut
645 1380 749 1434 pro
769 1364 1007 1434 singulis
1033 1364 1205 1418 rebus
1226 1364 1465 1434 singulae
1487 1363 1642 1435 leges
1661 1379 1795 1417 cou-

153 1454 372 1508 stitutae
391 1454 746 1511 viderentur.
764 1458 926 1522 Quod
952 1457 1326 1528 proculdubio
1359 1456 1665 1528 superioris
1691 1457 1798 1510 Nu-

153 1547 334 1601 minis
366 1552 426 1602 et
452 1549 682 1604 ﬂuentis
705 1550 835 1605 inde
855 1551 1226 1622 benignitatis
1247 1551 1375 1617 fuit,
1397 1567 1515 1605 non
1533 1551 1799 1604 humanae

153 1641 542 1711 cogitationis,
566 1647 664 1697 aut
694 1644 930 1716 incepti,
953 1648 1054 1699 aut
1085 1643 1406 1715 potestatis.
1435 1645 1547 1698 Nos
1582 1643 1796 1714 itaque,

155 1751 323 1789 more
354 1735 520 1790 solito
547 1737 812 1792 manibus
832 1738 903 1793 ad
923 1739 1105 1792 Deum
1135 1737 1358 1804 erectis,
1389 1754 1592 1808 coque,
1615 1739 1679 1790 ut
1697 1753 1800 1790 nos

1900 519 2005 574 bus
2019 520 2077 573 in
2093 537 2271 574 unum
2285 521 2518 590 librum;
2541 521 2628 574 his
2644 524 2839 576 autem
2857 523 3036 576 tribus
3049 523 3530 594 monobiblis,sin-

1902 613 2197 684 gularibus
2218 614 2375 667 libris
2396 617 2528 686 post
2551 618 2857 669 tractatum
2881 616 2949 670 de
2973 617 3138 671 rebus
3161 617 3266 671 sibi
3289 618 3527 673 invicem

1899 706 2168 776 proximis
2186 707 2479 779 depositis,
2511 713 2566 762 et
2584 726 2810 762 rursum
2832 725 2899 764 ea
2919 726 3048 780 quae
3067 712 3134 766 de
3151 711 3528 782 sponsalibus,

1900 802 1957 853 et
1979 799 2209 870 nuptiis,
2235 805 2292 854 et
2314 801 2383 853 de
2407 801 2537 855 dote
2561 801 2780 872 legibus
2797 802 2949 856 dicta
2969 808 3531 875 suntcongregantes

1901 892 1989 945 his
2020 893 2194 947 etiam
2223 894 2334 948 tria
2370 894 2579 949 habere
2616 895 2674 948 in
2718 895 2824 950 hac
2850 896 3211 952 ordinatione
3241 899 3532 953 volumina

1900 987 2302 1041 concessimus.
2333 988 2411 1042 De
2432 988 2709 1042 tutoribus
2735 992 2930 1043 autem
2960 990 3202 1045 minoris
3227 993 3410 1048 aetatis
3429 1009 3526 1063 ge.

1899 1079 2086 1134 minos
2113 1080 2306 1148 libros,
2338 1097 2456 1148 eos,
2484 1081 2742 1152 inquam,
2778 1082 2876 1152 qui
2907 1083 2978 1136 de
3005 1084 3196 1137 tutelis
3223 1086 3372 1156 apud
3402 1103 3529 1140 om-

1901 1188 2003 1226 nes
2015 1172 2407 1240 nominantur,
2424 1177 2480 1227 et
2497 1173 2586 1227 hic
2604 1174 2777 1229 etiam
2789 1175 2848 1228 in
2865 1177 3272 1246 compendium
3285 1179 3531 1232 concidi-

1900 1282 2028 1319 mus
2057 1270 2436 1321 memoratam
2483 1271 2611 1322 octo
2661 1267 2936 1322 librorum
2983 1269 3429 1341 ordinationem,
3473 1276 3530 1325 et

1900 1359 2153 1413 mediam
2195 1361 2276 1430 (ut
2305 1361 2523 1414 dictum
2549 1365 2648 1430 est)
2686 1361 2834 1415 hanc
2866 1366 3089 1431 partem
3123 1364 3294 1418 totius
3337 1366 3528 1436 operis

1899 1452 2267 1522 confecimus,
2296 1454 2685 1525 pulcherrima
2703 1460 2759 1508 et
2781 1454 3296 1526 utilissimajurain
3325 1458 3412 1512 his
3434 1459 3527 1513 de-

1901 1545 2306 1600 scribentes.—
2325 1549 2418 1619 §6.
2444 1549 2522 1601 De
2547 1548 2904 1602 testamentis
2926 1552 3207 1616 autem,et
3231 1551 3454 1622 legatis,
3470 1556 3527 1606 et

1899 1639 2377 1710 fideicommissis,
2409 1641 2602 1694 omnia
2627 1642 3103 1712 congregavimus
3137 1643 3195 1696 in
3239 1661 3445 1699 novem
3465 1647 3527 1699 li-

1900 1731 2136 1786 brorum
2156 1750 2493 1788 numerum:
2515 1750 2760 1804 quorum
2781 1735 3164 1805 principatum
3181 1736 3444 1792 obtinent
3461 1756 3527 1793 ea

153 1828 466 1898 complecti
496 1829 850 1899 dignaretur,
876 1831 1160 1898 invocato,
1195 1833 1254 1884 et
1280 1847 1402 1886 rem
1432 1830 1691 1901 aggressi
1711 1846 1799 1883 su-
1820 1809 1876 1880 B
1901 1841 2028 1896 quae
2059 1831 2188 1880 sunt
2210 1827 2280 1880 de
2301 1827 2673 1897 testamentis,
2695 1831 2752 1881 et
2764 1827 3055 1896 codicillis,
3083 1845 3212 1884 cum
3244 1832 3524 1899 omnium,

154 1937 307 1989 mus,
337 1924 397 1974 et
426 1922 622 1976 omnia
643 1923 880 1978 tandem
908 1924 1278 1993 confecimus,
1310 1923 1658 1978 Triboniano
1681 1924 1799 1993 glo-

154 2014 470 2068 riosissimo
496 2017 792 2086 magistro,
817 2021 874 2070 et
895 2024 1252 2088 exqumstore
1271 2017 1416 2072 sacri
1439 2015 1618 2072 nostri
1639 2033 1713 2087 pa
1736 2032 1793 2070 a-

153 2107 239 2174 tii,
273 2111 331 2162 et
359 2110 679 2176 exconsule,
713 2111 784 2164 ad
813 2127 982 2165 omne
1009 2111 1399 2166 ministerium
1429 2110 1537 2178 usi,
1572 2125 1797 2164 necnon

153 2199 281 2254 aliis
313 2201 660 2272 quibusdam
694 2203 1004 2258 illustribus
1031 2208 1089 2258 et
1119 2204 1494 2276 prudentibus
1519 2203 1673 2269 viris,
1701 2203 1791 2257 in-

155 2293 456 2364 quirentes
476 2313 707 2367 semper
737 2313 806 2352 ea
832 2314 959 2368 quae
989 2299 1060 2352 ab
1083 2297 1162 2353 eis
1188 2298 1713 2369 componebantur;
1739 2300 1797 2351 et

153 2387 232 2454 id,
254 2388 410 2458 quod
431 2393 556 2444 erat
575 2390 814 2444 dubium
830 2392 1546 2462 perscrutantes,omnibus
1565 2407 1792 2462 quoque

155 2483 472 2537 secundum
501 2482 694 2538 datam
724 2485 890 2538 nobis
919 2502 951 2538 a
986 2485 1226 2540 Domino
1260 2486 1375 2539 Deo
1409 2488 1467 2538 et
1505 2485 1793 2539 Salvatore

153 2579 356 2629 nostro
383 2578 513 2631 Jesu
538 2577 758 2632 Christo
788 2578 1086 2632 scientiam
1109 2582 1166 2632 et
1194 2578 1517 2633 intellectus
1537 2578 1792 2647 vigorem

155 2668 523 2739 imponentes
547 2674 972 2741 competentem
1003 2673 1352 2727 formam.——-
1380 2672 1409 2742 ξ
1444 2677 1492 2727 l.
1528 2673 1594 2725 Et
1619 2671 1795 2742 piissi-

156 2778 283 2816 mas
305 2763 479 2833 igitur
498 2764 948 2818 Constitutiones
961 2765 1084 2835 jam
1098 2770 1229 2820 ante
1241 2765 1300 2819 in
1316 2765 1616 2820 duodecim
1635 2765 1795 2818 libris

155 2856 624 2926 comprehensas,
649 2858 916 2914 Codicem
946 2862 1155 2913 nostra:
1184 2859 1411 2929 pietatis
1442 2859 1791 2929 cognomine

151 2949 483 3018 fulgentem
515 2952 972 3022 composuimus:
997 2969 1150 3006 nunc
1181 2969 1314 3007 vero
1349 2952 1611 3007 omnium
1634 2955 1788 3006 vete-

153 3058 292 3096 rum
298 3043 447 3113 juris
463 3043 826 3099 conditorum
847 3046 1154 3100 sententias
1169 3063 1233 3100 ex
1255 3045 1642 3115 multitudine,
1665 3062 1792 3116 qua:

153 3135 232 3190 ad
266 3135 380 3190 duo
413 3136 593 3191 millia
620 3155 770 3208 pene
799 3138 1078 3193 librorum
1106 3143 1164 3193 et
1194 3142 1481 3194 trecentas
1503 3139 1792 3210 myriadas
1812 3175 1866 3250 Ο

152 3245 428 3283 versuum
455 3231 840 3302 pertingebat,
873 3231 930 3286 in
956 3232 1312 3286 moderatum
1343 3235 1398 3286 et
1427 3232 1792 3304 perspicuum

153 3322 494 3393 collegimus
525 3325 955 3396 compendium.
988 3325 1418 3395 Quinquaginta
1439 3326 1614 3396 igitur
1633 3326 1791 3380 libris

153 3417 357 3472 omnia
370 3417 648 3489 complexi
671 3435 823 3473 nunc
842 3435 1041 3473 sumus
1053 3419 1263 3474 caalesti
1279 3419 1493 3488 favore,
1513 3419 1787 3490 colligen-

151 3515 241 3566 tes
271 3527 444 3566 omne
469 3510 522 3566 id
556 3511 711 3582 quod
741 3516 866 3567 erat
887 3513 1043 3579 utile,
1072 3515 1130 3566 et
1160 3528 1365 3567 omnes
1389 3512 1792 3584 ambiguitates

154 3603 511 3672 decidentes,
536 3605 692 3658 nullo
712 3605 981 3661 seditioso
1008 3605 1224 3661 relicto.
1260 3605 1412 3669 Quos
1439 3605 1612 3660 libros
1631 3605 1791 3676 Dige-

153 3701 247 3752 sta
275 3713 376 3751 seu
415 3697 724 3752 Pandectas
755 3699 1190 3769 appellavimus,
1223 3715 1288 3754 ex
1315 3715 1383 3753 eo
1416 3700 1570 3770 quod
1597 3700 1791 3770 legum

153 3790 413 3845 habeant
429 3790 736 3845 divisiones
754 3795 812 3844 et
829 3791 1177 3860 decisiones;
1196 3793 1452 3863 itemque
1471 3809 1537 3847 ex
1555 3809 1621 3848 eo
1636 3793 1791 3864 quod

154 3900 334 3938 omne
367 3883 426 3938 in
467 3901 644 3939 unum
686 3889 1103 3957 congregatum
1140 3886 1482 3957 receperint,
1520 3887 1667 3940 hanc
1710 3885 1790 3939 eis

154 3976 605 4048 appellationem
654 3978 1056 4049 imponentes:
1110 3996 1214 4034 nec
1266 3981 1412 4034 ultra
1460 3980 1789 4050 quindecim

152 4070 489 4142 myriadum
527 4088 793 4126 versuum
827 4089 1138 4127 numerum
1170 4074 1250 4127 eis
1283 4073 1502 4141 dantes,
1533 4077 1587 4127 et
1621 4073 1677 4127 in
1710 4090 1791 4128 se-

151 4169 312 4234 ptem
337 4180 434 4218 eos
457 4164 822 4236 disponentes
843 4169 1137 4220 tractatus.
1161 4167 1334 4237 ldque
1356 4183 1469 4220 non
1489 4183 1787 4237 perperam

151 4272 345 4327 neque
372 4257 493 4312 sine
523 4258 766 4325 ratione,
803 4260 902 4314 sed
932 4259 1005 4313 ad
1033 4276 1409 4314 numerorum
1438 4265 1702 4315 naturam
1734 4264 1792 4314 et

150 4349 526 4406 harmoniam
553 4351 1016 4422 respicientes.—-
1041 4351 1138 4424 §2.
1163 4355 1241 4407 Ea
1268 4353 1460 4423 igitur,
1485 4370 1609 4424 qum
1638 4353 1789 4423 apud

151 4460 359 4500 omnes
391 4452 573 4516 πρῶτα,
591 4444 644 4498 id
673 4448 759 4499 est
775 4445 1110 4516 primordia,
1133 4450 1553 4517 nuncupantur,
1577 4447 1637 4500 in
1658 4463 1792 4516 qua-

1901 1923 2023 1973 tum
2037 1920 2210 1974 etiam
2229 1920 2497 1987 militum,
2514 1921 2611 1991 qui
2633 1938 2720 1989 ea,
2738 1923 2801 1974 ut
2818 1923 2986 1975 volun
2998 1922 3290 1993 t,faciunt,
3307 1925 3528 1980 duobus

1899 2012 2060 2066 libris
2085 2012 2370 2082 ordinata,
2393 2017 2450 2068 et
2469 2014 2538 2067 de
2561 2014 2920 2068 testamentis
2939 2015 3237 2087 inscripta;
3271 2017 3525 2089 quinque

1899 2108 2091 2159 autem
2108 2107 2480 2178 sequentibus
2491 2107 2858 2161 continentur
2872 2125 2940 2162 ea
2957 2124 3083 2178 quas
3096 2109 3164 2162 de
3185 2110 3386 2180 legatis
3399 2112 3526 2166 etﬁ-

1900 2198 2330 2266 deicommissis,
2351 2203 2407 2253 et
2428 2201 2588 2254 omni
2609 2216 2811 2255 eorum
2838 2200 3217 2272 ambiguitate
3239 2203 3524 2274 disputata

1898 2295 2059 2346 sunt:
2075 2296 2132 2347 et
2153 2291 2429 2363 quoniam
2447 2293 2709 2347 Falcidiaa
2724 2294 2975 2348 narratio
3001 2294 3302 2350 continens
3319 2302 3376 2351 et
3393 2313 3525 2352 con-

1898 2389 2174 2440 sentanea
2205 2390 2325 2440 erat
2349 2387 2667 2457 legatorum
2691 2390 2749 2440 et
2777 2387 2910 2440 fidei
2931 2387 3368 2442 commissorum
3397 2407 3524 2460 pros

1894 2479 2020 2550 prio
2034 2479 2316 2547 tractatui,
2332 2483 2636 2551 propterea
2655 2479 2906 2551 etipsam
2923 2481 3194 2536 continuo
3207 2483 3526 2554 legatorum

1894 2573 2300 2643 supposuimus
2328 2573 2674 2639 tractationi,
2699 2574 2842 2628 libro
2866 2574 3092 2647 integro
3115 2575 3199 2630 rei
3219 2577 3523 2647 applicato,

1895 2681 2026 2719 cum
2063 2666 2222 2720 brevi
2265 2667 2516 2737 quadam
2551 2667 2911 2737 adjectione;
2944 2672 3001 2722 et
3029 2686 3256 2723 rursum
3287 2670 3422 2740 quia
3453 2671 3525 2726 ad

1895 2759 2158 2814 Falcidia:
2191 2759 2574 2813 imitationem
2606 2760 3038 2830 [introductum]
3073 2766 3194 2815 erat
3216 2763 3523 2818 Trebellia-

1893 2867 2035 2906 num
2055 2853 2611 2906 senatusconsultum
2639 2851 2697 2905 in
2719 2852 3196 2923 ﬁdeicommissis,
3215 2859 3274 2908 et
3292 2856 3423 2909 huic
3444 2857 3527 2910 ul-

1895 2946 2100 3000 timum
2117 2945 2284 3015 hujus
2299 2945 2672 2999 ordinationis
2685 2945 2991 2999 tribuimus
3010 2947 3214 3014 locum,
3231 2951 3413 3003 totum
3426 2949 3522 3019 jus

1895 3055 2066 3109 super
2086 3039 2174 3092 his
2192 3039 2460 3110 positum,
2479 3038 2833 3092 Trebelliano
2853 3042 3344 3095 senatusconsulto
3364 3042 3525 3096 attri-

1892 3131 2152 3199 buentes,
2185 3137 2241 3186 et
2263 3148 2672 3202 supervacuam
2691 3149 2809 3188 esse
2835 3133 3132 3203 Pegasiani
3162 3140 3523 3190 senatuscon-

1892 3226 2023 3280 sulti
2054 3226 2397 3296 positionem
2428 3225 2797 3293 invenientes,
2827 3231 2886 3280 et
2913 3227 3187 3282 absurdas
3209 3230 3414 3283 horum
3435 3246 3522 3284 se.

1894 3321 2452 3374 natusconsultorum
2471 3321 2623 3375 inter
2638 3336 2697 3374 se
2711 3320 3082 3389 differentias,
3102 3326 3160 3375 et
3171 3323 3524 3378 communio-

1891 3430 2164 3484 nes,quas
2175 3430 2312 3468 sane
2327 3420 2383 3468 et
2404 3418 2622 3469 veteres
2636 3414 2827 3485 perosi
2843 3416 3117 3486 captiosas
3139 3420 3196 3469 et
3215 3416 3525 3472 damnosas

1893 3507 2272 3577 appellarunt,
2307 3508 2650 3578 simpliciore
2683 3507 2928 3578 quadam
2968 3509 3315 3578 narratione,
3351 3527 3524 3566 omne

1891 3599 2001 3654 hoc
2012 3599 2244 3654 schema
2255 3604 2697 3672 congregantes,
2715 3601 2856 3654 etad
2871 3601 3037 3655 unius
3049 3604 3525 3659 senatusconsulti

1890 3692 2229 3748 Trebelliani
2263 3693 2686 3748 ordinationem
2719 3694 3090 3764 applicantes,
3115 3699 3172 3748 et
3199 3696 3348 3750 hanc
3361 3697 3524 3768 quin-

1891 3790 2012 3841 tam
2027 3792 2250 3858 partem
2270 3785 2444 3841 totius
2459 3786 2834 3842 ordinationis
2848 3804 3055 3842 novem
3077 3787 3162 3841 his
3174 3789 3524 3858 perfecimus

1891 3880 2085 3946 libris;
2121 3881 2179 3934 in
2206 3880 2411 3952 quibus
2433 3897 2641 3936 novem
2669 3880 2830 3935 libris
2845 3881 2981 3935 nihil
3012 3881 3083 3934 de
3097 3882 3394 3952 quondam
3427 3901 3520 3939 ca-

1893 3974 2052 4028 ducis
2085 3974 2300 4029 dictum
2332 3992 2366 4028 a
2385 3975 2551 4030 nobis
2575 3979 2678 4041 est,
2710 3975 2842 4046 quia
2871 3978 3108 4047 propter
3129 3992 3292 4030 usum
3324 3993 3525 4048 quem-

1892 4067 2025 4133 dam
2045 4084 2160 4123 non
2178 4085 2538 4140 prosperum,
2558 4084 2688 4122 cum
2706 4068 3189 4123 increbuissentin
3205 4070 3519 4141 republica,

1891 4163 1949 4214 et
1961 4162 2284 4216 luctuosum
2298 4163 2739 4216 monumentum
2752 4161 3028 4216 bellorum
3045 4163 3293 4218 civilium
3311 4168 3520 4235 essent,

1892 4269 2006 4307 non
2036 4255 2341 4324 Oportebat
2372 4254 2430 4308 in
2467 4254 2555 4308 his
2581 4271 2815 4309 manere
2845 4256 3199 4327 temporibus
3227 4257 3285 4310 in
3315 4258 3522 4328 quibus

1891 4351 1948 4400 et
1971 4349 2118 4402 Deus
2150 4347 2309 4402 dedit
2335 4365 2534 4418 pacem
2566 4365 2736 4420 agere
2765 4349 2922 4402 domi
2960 4352 3017 4401 et
3060 4349 3218 4415 foris,
3271 4353 3345 4417 et,
3389 4368 3519 4406 cum

1891 4440 2146 4510 oportuit
2173 4441 2389 4495 bellum
2416 4458 2633 4511 gerere,
2663 4442 2824 4495 facile
2846 4457 2973 4494 cum
3005 4440 3180 4510 ipsius
3207 4442 3397 4496 favore
3425 4445 3520 4498 hod

148 4541 286 4592 tuor
305 4537 482 4592 libros
507 4537 1064 4611 seposuimus.—§3.
1089 4539 1370 4611 Deinceps
1391 4557 1461 4594 ea
1481 4556 1608 4611 quae
1629 4539 1868 4616 deju-D
1891 4535 2003 4587 stes
2038 4549 2310 4604 superare
2339 4537 2397 4587 et
2417 4550 2638 4604 capere.
2672 4564 2738 4572 —
2769 4531 2799 4603 §
2827 4538 2878 4587 7.
2907 4532 3177 4603 Sequitur
3215 4534 3420 4590 deinde
3462 4539 3518 4591 et

155 4630 320 4686 (liciis
338 4632 604 4700 tractant,
625 4631 683 4685 in
711 4631 853 4687 alios
879 4635 1100 4704 septem
1121 4633 1312 4688 libros.
1335 4664 1402 4672 —
1426 4632 1522 4706 §4.
1556 4634 1696 4688 Item
1719 4649 1788 4687 ea

154 4741 284 4796 quas
308 4723 380 4778 de
405 4724 596 4792 rebus,
618 4742 735 4780 non
760 4726 822 4779 in
845 4726 1034 4797 plures
1053 4743 1226 4798 quam
1255 4730 1384 4782 octo
1402 4727 1670 4782 libros.—
1691 4726 1786 4798 §5.

155 4818 511 4889 Sequentem
534 4835 668 4874 vero
687 4818 877 4890 aperis
893 4824 1138 4890 partem,
1155 4837 1281 4892 quae
1295 4824 1501 4892 quarta
1519 4825 1576 4875 et
1593 4819 1789 4875 media

153 4915 242 4965 est
261 4911 436 4966 totius
449 4912 638 4983 operis
652 4911 816 4974 (μέσον
828 4911 928 4960 ἐστι
939 4911 1022 4962 τοῦ
1035 4913 1246 4976 παντὸς),
1261 4914 1318 4967 in
1341 4914 1466 4968 aliis
1488 4918 1614 4969 octo
1633 4913 1790 4968 libris

151 5004 547 5076 deposuimus,
568 5005 628 5059 in
652 5007 859 5078 quibus
871 5012 956 5062 est
982 5007 1216 5079 quidem
1243 5008 1790 5079 liypothecariamon

148 5095 330 5168 longe
352 5097 670 5153 admodum
691 5116 724 5154 a
743 5100 1114 5172 pignoratitia
1125 5102 1348 5157 actione
1372 5101 1609 5168 distans;
1631 5104 1717 5157 est
1736 5105 1791 5156 et

150 5189 472 5245 Edilitium
520 5191 792 5261 edictum,
843 5196 901 5247 et
943 5193 1012 5249 de
1042 5194 1415 5250 evictionibus
1445 5195 1737 5266 stipulatio
1773 5211 1786 5249 :

151 5298 282 5354 quas
312 5283 426 5339 duo
454 5286 785 5354 accessoria,
808 5289 865 5341 et
890 5288 1304 5359 consequentia
1320 5287 1629 5343 constituta
1656 5305 1789 5344 ven-

152 5375 465 5446 ditionum,
485 5379 657 5450 longe
673 5382 860 5434 tamen
883 5379 1269 5436 admodumin
1288 5381 1467 5435 veteri
1483 5379 1628 5451 juris
1648 5379 1792 5436 ordi-

151 5468 388 5524 natione
439 5471 510 5525 ab
552 5473 640 5526 his
671 5473 1016 5545 devagantia
1046 5474 1523 5546 congregavimus
1555 5476 1790 5545 propius

152 5565 395 5634 propter
423 5567 687 5620 mutuam
714 5565 865 5621 inter
895 5582 954 5620 se
985 5567 1414 5638 cognationem,
1448 5583 1520 5621 ne
1561 5583 1688 5637 qua:
1716 5566 1788 5620 de

154 5655 367 5711 eodem
381 5671 528 5728 pene
549 5658 862 5730 loquuntur
891 5661 1067 5730 longe
1079 5677 1113 5714 a
1131 5677 1188 5714 se
1202 5659 1496 5715 distarent.
1521 5662 1650 5715 Post
1670 5661 1791 5716 haec

155 5747 582 5807 introduximus
605 5755 734 5826 post
752 5751 896 5808 duos
915 5752 1039 5807 illos
1064 5752 1238 5808 libros
1260 5769 1328 5808 ea
1348 5769 1480 5824 quae
1497 5756 1629 5807 sunt
1653 5754 1787 5808 scri-

155 5845 254 5913 pta
281 5843 354 5898 de
383 5845 566 5901 usuris
600 5851 718 5904 tam
749 5845 1113 5902 terrestribus
1146 5863 1318 5920 quam
1348 5846 1668 5918 trajectitiis
1691 5863 1791 5902 seu

1890 4626 2145 4682 exoritur
2165 4625 2326 4680 nobis
2343 4630 2400 4681 et
2411 4632 2561 4681 sexta
2577 4643 2710 4697 pars
2727 4626 2898 4681 totius
2914 4627 3364 4698 compositionis,
3389 4635 3515 4686 octo

1889 4721 2155 4775 conclusa
2195 4719 2375 4773 libris.
2424 4720 2658 4774 Pulchre
2699 4724 2894 4774 autem
2932 4719 3133 4792 incipit
3171 4721 3242 4778 ab
3268 4722 3356 4777 his
3388 4740 3517 4795 quae

1888 4812 2276 4887 possessiones
2297 4814 2687 4881 nominantur,
2721 4830 2863 4884 quas
2893 4831 2998 4869 nos
3022 4814 3300 4887 similiter,
3329 4821 3391 4872 ut
3417 4836 3520 4874 ca:-

1889 4912 2012 4964 tera
2035 4907 2346 4979 diligenter
2373 4906 2819 4975 considerantes,
2843 4911 2961 4962 tam
2988 4925 3081 4963 eas
3108 4927 3237 4981 quin
3265 4911 3339 4966 ad
3367 4913 3518 4986 inge-

1891 5018 2037 5056 nuos
2062 5017 2234 5072 quam
2277 5017 2405 5072 qua).
2436 4999 2507 5054 ad
2557 4999 2853 5054 libertinos
2887 5003 3198 5072 pertinent,
3246 5021 3312 5060 ex
3343 5007 3520 5062 multa

1891 5095 2246 5149 anteriorum
2276 5098 2604 5164 temporum
2638 5094 2976 5149 confusione
3004 5100 3058 5150 et
3089 5097 3426 5151 obscuritate
3456 5099 3516 5155 in

1888 5204 2099 5260 purum
2124 5186 2459 5241 deduximus
2484 5187 2909 5258 compendium,
2942 5189 3430 5260 geminorumillis
3450 5191 3519 5246 li-

1889 5287 2125 5343 brorum
2145 5273 2449 5341 numerum
2461 5286 2720 5341 sufﬁcere
2734 5286 2984 5341 arbitran
2993 5288 3517 5358 tes.Applicavimus

1889 5385 2079 5437 autem
2107 5380 2240 5452 ipsis
2267 5383 2323 5435 et
2356 5396 2556 5435 omnes
2575 5379 2644 5434 ab
2663 5380 2931 5434 intestato
2962 5380 3274 5450 appellatas
3295 5398 3514 5438 succes-

1889 5475 2100 5541 siones,
2125 5478 2184 5528 et
2201 5474 2354 5545 ipsos
2370 5489 2648 5545 generum
2669 5471 2920 5538 ordines,
2943 5487 3138 5528 eorum
3159 5475 3436 5545 gradibus
3454 5494 3512 5533 e-

1889 5567 2031 5622 tiam
2047 5566 2194 5622 libro
2207 5567 2566 5638 inscriptis,et
2583 5565 2731 5619 circa
2747 5564 3007 5620 omnium
3026 5565 3204 5622 finem
3222 5566 3520 5626 Tertullia-

1891 5675 2032 5714 num
2055 5662 2114 5712 et
2131 5660 2488 5715 Orsicianum
2500 5657 2922 5730 composuimus
2935 5663 3514 5730 senatusconsultum,

1891 5769 1958 5807 ex
1985 5751 2191 5823 quibus
2210 5757 2427 5808 matres
2451 5760 2509 5810 et
2533 5753 2696 5808 liberi
2716 5752 2959 5808 invicem
2981 5770 3329 5811 successores
3345 5756 3509 5810 ﬁunt.

1889 5845 2152 5900 Procedit
2174 5849 2369 5904 autem
2394 5851 2524 5916 post
2540 5847 2660 5903 hec
2685 5847 2828 5903 alius
2853 5847 3018 5916 liber,
3047 5849 3144 5922 qui
3165 5850 3233 5904 de
3253 5848 3516 5906 aediﬁcio-
