4032 6232
518 339 651 393 1095

1663 332 1914 388 S/ECULI
1955 331 2138 386 SEXTI
2178 328 2733 385 SUPPLEMENTUM.

3752 329 3884 382 1096

513 461 644 498 rum
666 441 934 514 operibus
955 441 1092 497 etde
1127 460 1192 496 ea
1218 458 1343 513 quae
1371 441 1440 493 ob
1466 439 1696 493 ruinosa
1724 443 1781 492 et
1797 439 1984 494 diruta
2005 438 2138 491 azdi-
2166 449 2225 521 Α
2245 452 2393 502 mus,
2422 435 2468 488 si
2489 436 2819 489 conferatur
2847 434 2921 488 ad
2948 436 3130 488 totam
3149 433 3666 488 consummationis
3698 435 3889 504 perfe-

515 537 642 591 ﬁcia
677 535 884 608 [datur]
937 535 1349 599 satisfactione,
1395 536 1453 586 et
1484 533 1571 586 his
1600 532 1696 604 qui
1725 533 1782 585 in
1815 532 1904 585 his
1934 532 2149 602 aliquid

514 629 855 684 insidiarum
887 633 982 682 aut
1009 628 1223 682 fraudis
1250 625 1605 693 admiserint,
1650 629 1707 680 et
1735 626 1804 680 de
1837 625 1924 678 his
1948 626 2047 696 qui
2079 643 2150 680 ex

516 740 795 795 aquarum
825 723 1038 793 impetu
1066 720 1281 774 vicinos
1308 719 1575 784 laeserint,
1605 724 1662 773 et
1693 718 1763 772 de
1789 719 2149 790 publicorum

514 817 878 886 vectigalium
893 813 1451 883 coactoribus,atque
1472 813 1703 882 insuper
1723 812 1793 865 dc
1825 812 2146 866 donationi-

515 909 622 963 bus
649 913 767 962 tam
793 905 1106 960 indeﬁnitis
1125 907 1246 976 [seu
1267 905 1664 976 simplicibus],
1696 918 1873 976 quam
1903 905 1961 958 in
1992 905 2147 976 cogi-

517 1003 797 1055 tationem
831 998 1032 1053 mortis
1057 999 1252 1052 relatis
1275 999 1431 1069 leges
1453 999 1665 1069 acjura
1697 998 1983 1052 ordinant.
2012 999 2150 1052 Rur-

516 1110 645 1148 sum
675 1096 869 1148 autem
909 1092 1187 1163 quidquid
1214 1092 1283 1146 de
1322 1109 1662 1162 quacunque
1700 1091 2148 1146 manumissione

517 1191 717 1254 exstat,
735 1188 820 1240 vel
847 1187 917 1240 de
938 1186 1026 1239 his
1047 1202 1176 1256 quae
1207 1202 1378 1256 super
1402 1185 1526 1256 ipsa
1557 1185 1846 1256 agitantur
1871 1185 2068 1250 causis,
2094 1188 2152 1238 et

515 1278 624 1335 hoc
671 1279 768 1333 uni
801 1279 1079 1333 traditum
1106 1285 1191 1333 est
1220 1279 1386 1333 libro.
1412 1279 1670 1348 Amplius
1701 1283 1893 1332 autem
1927 1295 1996 1331 ea
2025 1293 2150 1348 qua:

517 1374 587 1428 de
615 1373 992 1444 possessione,
1017 1377 1074 1425 et
1097 1389 1201 1444 per
1220 1373 1403 1444 ipsam
1427 1372 1824 1442 acquisitione,
1850 1375 1908 1425 et
1930 1372 2000 1424 de
2022 1387 2150 1426 cau-

515 1467 589 1520 sis
610 1483 738 1520 eam
769 1466 1262 1520 introducentibus
1295 1468 1446 1534 sunt,
1479 1465 1535 1518 in
1571 1481 1754 1519 unum
1796 1463 2150 1536 seposuimus

515 1563 823 1614 tractatum
842 1560 962 1630 [seu
982 1559 1235 1628 librum].
1257 1560 1323 1613 Et
1335 1558 1616 1629 quidquid
1635 1559 1806 1611 etiam
1829 1559 1898 1612 de
1911 1557 2152 1628 judicia-

516 1654 615 1707 riis
646 1656 822 1708 exstat
848 1652 1168 1720 sententiis,
1202 1655 1259 1705 et
1288 1651 1376 1705 his
1408 1651 1508 1721 qui
1539 1652 1596 1704 in
1632 1652 1711 1704 eis
1736 1651 1924 1721 aliqua
1955 1654 2152 1704 contra

517 1746 735 1817 seipsos
770 1745 1011 1800 confessi
1051 1748 1201 1811 sunt,
1241 1750 1297 1798 et
1336 1745 1405 1798 de
1449 1744 1735 1798 bonorum
1766 1743 2041 1808 cessione,
2095 1745 2153 1796 et

2248 530 2496 583 ctioncm
2523 529 2642 599 [seu
2664 526 3075 598 harmoniam].
3109 557 3179 566 —
3204 525 3236 600 §
3257 531 3310 582 9.
3328 529 3476 600 Quae
3503 528 3706 583 omnia
3725 543 3885 581 com-

2247 621 2432 692 posita
2462 624 2614 688 sunt,
2635 623 2693 674 et
2713 621 3006 675 elaborata
3026 621 3370 692 peroptime,
3387 626 3445 675 et
3468 623 3532 673 ut
3561 623 3762 676 nostra
3772 621 3888 690 jus-

2249 715 2408 769 sione
2442 715 2684 785 dignum
2709 715 2836 781 fuit,
2863 730 2970 785 per
2988 713 3396 768 Tribonianum
3415 713 3884 779 illustrissimum,

2249 824 2356 862 nec
2368 825 2480 862 non
2497 807 3454 879 prudentissimum,magistrum,et
3468 810 3888 879 exquaestorem

2250 905 2579 956 nostrorum
2615 900 2983 972 palatiorum,
3019 906 3078 954 et
3107 901 3495 968 exconsulem,
3527 900 3720 954 virum
3747 903 3807 954 et
3831 900 3888 952 in

2245 993 2383 1065 ipsis
2414 1011 2605 1048 rerum
2634 992 3063 1064 experimentis,
3091 996 3147 1047 et
3165 993 3226 1046 in
3253 993 3604 1064 eloquentia,
3637 997 3697 1046 et
3723 993 3785 1046 in
3819 993 3890 1046 le-

2251 1087 2414 1158 gibus
2433 1087 2746 1140 scribendis
2767 1087 2903 1140 satis
2923 1089 3260 1157 spectatum,
3282 1089 3339 1140 et
3352 1086 3449 1156 qui
3468 1085 3609 1139 nihil
3627 1101 3889 1156 unquam

2249 1185 2576 1234 nostrarum
2605 1180 2934 1250 jussionum
2961 1179 3322 1250 contempsit,
3354 1195 3580 1233 necnon
3609 1195 3718 1249 per
3747 1177 3891 1232 alios

2251 1273 2442 1343 [viros]
2456 1273 2552 1345 qui
2571 1273 2672 1326 sub
2695 1273 2817 1343 ipso
2837 1272 3004 1327 nobis
3023 1273 3132 1327 hoc
3153 1289 3296 1344 Opus
3319 1272 3707 1338 elaborarunt,
3724 1271 3785 1324 id
3806 1274 3893 1324 est

2247 1366 2675 1420 Constantinum
2686 1365 3309 1437 magniﬁcentissimum
3321 1365 3582 1419 comitem
3595 1380 3892 1418 sacrarum

2249 1458 2710 1530 largitionum,et
2723 1458 3223 1529 antigrapharium
3236 1459 3358 1530 [seu
3371 1457 3894 1528 magistrum]sacri

2252 1552 2465 1618 scrinii,
2480 1555 2536 1606 et
2555 1555 2846 1606 sacrorum
2869 1552 3192 1606 libellorum
3217 1557 3274 1606 et
3289 1551 3692 1622 cognitionum
3712 1551 3894 1620 impe-

2251 1644 2500 1711 rialium,
2531 1645 2626 1715 qui
2650 1645 2809 1698 nobis
2826 1645 3041 1699 bonam
3070 1644 3139 1698 de
3168 1661 3226 1698 se
3259 1645 3588 1714 opinionem
3614 1644 3674 1697 in
3704 1644 3894 1698 omni-

2249 1737 2354 1790 bus
2388 1738 2668 1809 prasbuit;
2710 1754 2936 1792 necnon
2976 1733 3354 1808 Theophilum
3389 1736 3890 1808 magniﬁcentissi-

518 1839 871 1893 creditorum
886 1837 1676 1904 detentione,e‘tvenditione,
1702 1838 1843 1891 etde
1863 1837 2151 1890 bonorum
2173 1832 2230 1904 B
2256 1847 2416 1884 mum
2443 1830 2805 1902 magistrum,
2839 1837 2897 1885 et
2920 1832 3076 1901 leges
3107 1832 3226 1901 [seu
3268 1831 3422 1901 jura]
3466 1831 3528 1884 in
3574 1831 3741 1900 regia
3788 1830 3894 1883 hac

519 1932 883 2002 separatione
910 1934 966 1985 et
981 1931 1295 1997 curatione,
1319 1936 1376 1984 et
1394 1947 1469 1984 ne
1489 1930 1626 2001 quid
1646 1931 1938 2001 patiantur
1967 1929 2150 1984 credi-

517 2029 671 2080 tores
703 2024 940 2092 fraudis,
983 2028 1040 2078 et
1076 2024 1135 2077 id
1167 2023 1226 2077 in
1269 2040 1443 2077 unum
1475 2024 1746 2078 similiter
1772 2024 2038 2078 collatum
2069 2029 2153 2077 est

515 2117 750 2173 librum.
785 2118 899 2172 Sed
925 2121 982 2173 et
1009 2117 1442 2171 lnterdictorum
1469 2117 1706 2171 modum
1737 2133 1852 2171 non
1894 2117 2151 2187 pluribus

519 2225 695 2282 quam
728 2210 826 2264 uni
855 2210 1118 2265 dedimus
1143 2210 1307 2263 libro.
1332 2209 1469 2264 Inde
1487 2215 1678 2264 autem
1705 2213 1759 2266 et
1788 2209 1859 2263 ad
1888 2209 2149 2279 przescri-

514 2303 744 2376 ptiones
770 2302 888 2375 [seu
915 2302 1293 2374 exceptiones]
1325 2303 1454 2356 etin
1477 2302 1564 2356 his
1595 2303 1861 2357 ordinata
1886 2305 2150 2373 tempora

515 2397 795 2451 venimus.
830 2399 898 2450 Et
923 2396 1336 2466 obligationum
1376 2396 1629 2466 quidem,
1659 2400 1715 2450 et
1741 2397 2028 2450 actionum
2062 2412 2147 2450 se-

515 2491 812 2561 posuimus
837 2490 1060 2556 modos,
1090 2495 1146 2543 et
1175 2489 1469 2560 coegimus
1491 2506 1723 2543 omnem
1753 2491 1901 2544 hanc
1925 2492 2149 2560 partem

517 2579 608 2632 cui
640 2581 891 2648 praesunt
917 2578 1299 2648 possessiones
1334 2582 1414 2648 (ut
1435 2579 1650 2632 dictum
1680 2579 1783 2649 est)
1817 2585 1942 2633 octo
1976 2579 2146 2632 libro-

517 2687 647 2725 rum
669 2687 909 2726 numero
933 2671 1296 2742 descriptam,
1318 2676 1536 2726 sextam
1559 2672 1708 2726 hanc
1731 2675 1951 2743 partem
1977 2671 2150 2726 totius

515 2764 822 2819 voluminis
849 2768 1288 2836 seponentes.—-
1315 2763 1345 2836 §
1376 2768 1428 2819 8.
1453 2765 1640 2819 Totius
1670 2768 1861 2820 autem
1893 2769 2150 2819 extrema

514 2875 666 2930 pars,
697 2875 826 2929 quae
857 2863 914 2912 et
939 2858 1179 2928 septima
1214 2862 1300 2912 est
1335 2858 1508 2913 totius
1553 2859 1918 2925 tractationis,
1961 2876 2056 2912 sex
2091 2859 2152 2912 li-

515 2952 752 3005 brorum
775 2967 1020 3005 numero
1050 2951 1405 3006 demandata
1431 2957 1534 3019 est,
1554 2951 1835 3023 incipiens
1857 2951 2092 3022 quidem
2118 2970 2151 3005 a

516 3044 998 3115 stipulationibus,
1044 3045 1362 3115 procedens
1401 3062 1535 3099 vero
1582 3045 1654 3100 ad
1684 3062 1754 3099 ea
1784 3061 1911 3116 quas
1941 3045 2148 3116 scripta

515 3144 648 3191 sunt
673 3138 744 3193 de
764 3138 1151 3208 ﬁdejussione,
1181 3141 1237 3191 et
1263 3139 1593 3193 debitorum
1626 3139 2043 3206 numeratione,
2065 3155 2150 3192 so-

2253 1925 2391 1978 urbe
2426 1924 2809 1994 laudabiliter,
2833 1928 2891 1978 et
2910 1940 3040 1978 cum
3065 1923 3305 1978 summis
3331 1923 3554 1994 vigiliis,
3585 1927 3645 1976 et
3672 1926 3739 1977 ut
3763 1940 3892 1977 ma-

2251 2017 2483 2088 gisteria
2509 2017 2806 2071 sedulitate
2839 2018 3079 2087 dignum
3110 2020 3213 2084 est,
3238 2017 3566 2085 docentem;
3615 2023 3671 2070 et
3710 2019 3891 2071 Doro-

2250 2111 2454 2164 theum
2474 2111 3108 2182 magniﬁcentissimum
3130 2115 3496 2180 quaestorem,
3512 2115 3570 2164 et
3587 2111 3895 2165 doctorem

2251 2204 2308 2257 in
2330 2204 2525 2274 legum
2543 2204 2766 2258 civitate
2797 2204 3186 2275 designatum;
3216 2204 3458 2258 dicimus
3475 2209 3673 2259 autem
3685 2221 3894 2258 veren-

2252 2297 2387 2352 dam
2411 2302 2468 2351 et
2485 2297 2847 2368 splendidam
2865 2297 3282 2369 Berytiensium
3301 2297 3692 2368 metropolim,
3713 2314 3892 2368 quem

2251 2390 2323 2444 de
2353 2391 2478 2462 ipso
2507 2392 2724 2462 optima
2754 2391 2948 2462 opinio
2987 2395 3043 2445 et
3087 2392 3286 2462 gloria,
3315 2396 3372 2445 et
3407 2391 3480 2444 ad
3507 2408 3608 2445 nos
3653 2391 3898 2446 deduxit

2249 2484 2458 2555 ipsum,
2475 2487 2533 2538 et
2548 2489 2609 2538 ut
2625 2486 2792 2556 hujus
2817 2485 3006 2556 operis
3022 2485 3361 2556 participem
3379 2484 3726 2553 faceremus,
3750 2485 3891 2538 hor-

2250 2581 2367 2632 tata
2397 2582 2514 2632 est:
2535 2579 2634 2633 sed
2660 2583 2717 2632 et
2744 2579 3071 2633 Anatolium
3093 2578 3730 2648 magnificentissimum
3760 2594 3890 2632 ma-

2252 2671 2511 2741 gistrum,
2540 2672 2638 2742 qui
2663 2675 2720 2725 et
2743 2672 2865 2743 ipse
2898 2672 3052 2743 apud
3073 2672 3427 2743 Berytienses
3453 2688 3519 2726 ea
3549 2687 3683 2742 quas
3709 2688 3779 2725 ex
3806 2672 3888 2725 le-

2251 2764 2417 2834 gibus
2446 2766 2872 2835 [proﬁscuntur]
2895 2765 3128 2836 pulchre
3151 2765 3333 2832 docet,
3365 2765 3450 2818 vir
3473 2781 3539 2817 ex
3563 2764 3738 2819 tertia
3765 2765 3893 2818 stir-

2248 2873 2320 2928 pe
2366 2858 2641 2912 laudabili
2677 2859 2822 2928 juris
2866 2859 3019 2929 apud
3055 2858 3348 2913 Phanices
3372 2857 3756 2928 interpretum
3787 2857 3890 2910 de-

2251 2949 2554 3017 scendens;
2584 2953 2763 3005 refert
2783 2951 2938 3005 enim
2961 2967 3144 3022 genus
3165 2951 3238 3004 ad
3266 2950 3592 3016 Leontium,
3623 2955 3683 3003 et
3703 2949 3893 3003 Eudo-

2248 3043 2421 3110 xium,
2466 3045 2732 3098 homines
2771 3044 2828 3098 in
2879 3045 3100 3116 legibus
3143 3044 3372 3115 optimae
3403 3044 3723 3110 memoriae,
3758 3046 3894 3113 post

2249 3137 2556 3191 Patricium
2579 3138 2805 3209 inclyta;
2829 3138 3264 3204 recordationis,
3289 3137 3660 3208 qumstorium
3693 3140 3753 3190 et
3785 3152 3889 3190 an-

513 3231 734 3285 lutione
767 3235 824 3284 et
854 3231 1190 3285 liberatione
1216 3232 1494 3302 ipsorum,
1527 3235 1584 3285 et
1610 3232 1680 3286 de
1707 3232 2048 3287 introductis
2078 3248 2149 3286 ex
2169 3199 2223 3272 Ο
2249 3230 2612 3297 ticensorem,
2653 3237 2709 3285 et
2735 3231 3034 3285 Leontium
3067 3230 3562 3302 gloriosissimum,
3596 3230 3884 3300 expraafe—

515 3327 826 3393 praetorum
856 3323 1226 3393 juridictione
1274 3325 1750 3395 stipulationibus,
1785 3342 1913 3396 quae
1956 3326 2149 3380 omnia

516 3417 738 3471 duobus
760 3434 793 3470 a
812 3417 975 3470 nobis
1001 3419 1292 3471 contracta
1313 3423 1444 3472 sunt
1472 3418 1647 3486 libris,
1668 3435 1798 3472 cum
1820 3419 1972 3490 apud
2001 3423 2150 3474 vete—

515 3526 608 3564 res
635 3527 740 3564 nec
768 3510 879 3564 dici
910 3514 1101 3580 posset
1127 3516 1264 3581 quot
1287 3514 1474 3566 essent
1504 3512 1632 3566 libri
1661 3514 1748 3583 [ea
1777 3513 1846 3567 de
1876 3514 1981 3583 re].
2011 3515 2144 3567 Pro-

516 3604 668 3658 cedit
688 3609 744 3658 et
767 3603 1036 3675 deinceps
1059 3605 1129 3659 ad
1149 3605 1490 3659 delictorum
1513 3606 1922 3671 narrationem,
1955 3611 2011 3660 et
2031 3622 2148 3660 om-

516 3697 614 3752 nia
642 3703 901 3752 recenset
936 3715 1065 3769 quse
1092 3698 1166 3753 ad
1195 3699 1418 3769 majora
1445 3699 1652 3753 delicta
1679 3700 1987 3770 pertinent,
2018 3716 2146 3770 quae

511 3797 720 3846 vocant
743 3791 995 3862 privata;
1029 3796 1088 3846 et
1107 3793 1247 3846 item
1273 3809 1401 3864 quae
1433 3793 1502 3847 ad
1531 3809 1598 3847 ea
1627 3809 1753 3863 quae
1787 3793 2032 3847 necdum
2060 3809 2147 3848 or-

515 3885 733 3940 dinaria
745 3885 1055 3956 appellant,
1076 3885 1176 3940 sed
1191 3886 1329 3957 ipsis
1351 3886 1932 3941 extraordinariorum
1950 3887 2142 3958 appel-

513 3979 789 4033 lationem
824 3979 1167 4050 imponunt:
1203 3979 1497 4034 descendit
1527 3981 1701 4034 etiam
1730 3984 1787 4034 et
1815 3980 1888 4034 ad
1921 3980 2146 4050 publica

513 4072 772 4140 crimina,
799 4088 928 4142 quae
947 4072 1305 4126 atrocissima
1322 4078 1454 4127 sunt
1477 4076 1534 4126 et
1549 4089 1823 4143 magnam
1854 4072 1959 4126 sibi
1977 4073 2146 4126 advo-

514 4167 649 4219 cant
681 4181 929 4234 poenam.
984 4167 1104 4220 Duo
1147 4171 1339 4220 autem
1370 4169 1428 4219 et
1462 4165 1553 4220 hic
1585 4170 1716 4220 sunt
1743 4166 1894 4233 libri,
1923 4167 2022 4238 qui
2049 4166 2145 4220 illa

515 4256 747 4328 quidem
780 4274 905 4328 quae
934 4257 1006 4311 ad
1029 4257 1243 4313 delicta
1262 4264 1317 4313 et
1327 4258 1570 4313 crimina
1585 4260 1876 4329 pertinent
1895 4260 2145 4331 comple-

513 4353 784 4405 ctuntur:
820 4351 1023 4421 quibus
1052 4352 1333 4423 permixta
1374 4355 1506 4405 sunt
1543 4355 1600 4405 et
1637 4369 1706 4406 ea
1749 4369 1876 4424 quae
1922 4353 1992 4407 de
2030 4353 2142 4407 reis

512 4444 818 4499 criminum
840 4445 937 4515 qui
958 4462 1016 4500 se
1034 4447 1216 4500 celare
1233 4451 1430 4500 tamen
1447 4449 1731 4500 conantur
1756 4445 1966 4518 scripta
1989 4450 2139 4514 sunt,

515 4542 572 4592 et
589 4537 658 4592 de
680 4553 882 4592 eorum
897 4537 1082 4608 bonis,
1099 4539 1238 4592 etde
1262 4554 1330 4593 ea
1344 4538 1762 4609 quaeinﬂigitur
1783 4540 2137 4594 condemna-
2159 4569 2218 4641 D

510 4631 584 4684 tis
608 4647 776 4702 poma
807 4633 894 4685 vel
923 4631 1298 4702 indulgentia.
1333 4631 1560 4686 Initium
1593 4637 1784 4687 autem
1812 4633 1974 4687 nobis
1995 4635 2138 4688 alte-

512 4723 631 4779 rius
655 4741 884 4780 rursum
905 4724 1033 4779 libri
1055 4726 1118 4779 ﬁt
1132 4724 1384 4780 narratio
1406 4725 1475 4779 de
1496 4727 1988 4797 appellationibus,
2016 4743 2142 4798 qua:

513 4818 834 4871 communis
852 4820 936 4872 est
954 4819 1205 4889 profecto
1223 4819 1295 4872 ad
1313 4818 1724 4873 rescindendas
1743 4824 1859 4874 tam
1876 4820 2142 4890 pecunia-

511 4910 628 4964 rias
659 4911 780 4979 [seu
811 4911 1015 4984 civiles]
1045 4912 1373 4978 sententias,
1404 4928 1577 4982 quam
1605 4912 1948 4968 criminales.
1972 4914 2139 4976 Quae:

513 5019 739 5074 cunque
762 5007 957 5058 autem
975 5003 1044 5058 de
1066 5005 1280 5059 civibus
1301 5006 1424 5075 [seu
1445 5005 1872 5076 municipibus],
1898 5010 1955 5060 et
1975 5006 2144 5061 decu-

511 5096 787 5165 rionibus,
812 5100 870 5150 et
888 5097 1241 5164 muneribus,
1273 5101 1330 5151 et
1351 5097 1588 5167 publicis
1617 5098 1901 5169 operibus,
1923 5103 1981 5153 et
1999 5117 2142 5154 nun-

514 5189 682 5256 dinis,
702 5193 760 5243 et
771 5189 1058 5243 redituum
1072 5189 1663 5260 pollicitationibus,et
1673 5192 1842 5246 variis
1859 5193 2138 5264 cognitio-

511 5281 680 5336 nibus
696 5280 1472 5353 [seuinterrogationibus],et
1486 5284 1715 5354 publica
1735 5285 2138 5357 descriptione,

511 5373 799 5428 veteribus
831 5375 1065 5429 inventa
1098 5379 1249 5442 sunt,
1283 5381 1338 5430 et
1360 5391 1712 5448 quaecunque
1738 5379 1808 5433 de
1835 5379 2140 5434 verborum

512 5468 734 5522 exstant
753 5466 1255 5537 significatione,et
1274 5467 1344 5521 de
1367 5468 1455 5522 his
1475 5486 1601 5540 qum
1624 5487 1726 5541 pro
1749 5473 1963 5541 regulis
1988 5473 2140 5543 apud

508 5562 735 5613 veteres
755 5559 903 5613 dicta
921 5563 1070 5628 sunt,
1100 5561 1220 5616 haec
1245 5561 1439 5615 omnia
1454 5561 1514 5615 in
1533 5579 1654 5617 sese
1675 5563 1877 5634 recipit
1907 5565 2140 5620 ultimus

509 5650 678 5707 liber.
701 5651 876 5719 Hujus
892 5651 1066 5720 igitur
1087 5653 1536 5724 compositionis,
1566 5657 1727 5726 cujus
1741 5655 1971 5711 initium
1993 5661 2078 5711 est
2107 5674 2140 5712 a

510 5740 1000 5809 stipulationibus,
1019 5743 1112 5798 hic
1122 5739 1279 5798 'liber
1294 5749 1380 5799 est
1389 5750 1577 5800 sextus
1598 5747 1836 5818 quidem
1849 5747 1894 5801 si
1912 5747 1984 5802 ad
2003 5765 2135 5818 pro-

510 5829 707 5907 prium
720 5830 1066 5905 principium
1085 5838 1482 5907 comparetur;
1510 5839 1612 5895 sed
1629 5842 1716 5896 est
1735 5839 2140 5915 quinquagesi-

2248 3327 2403 3378 ctum
2429 3327 2487 3378 et
2511 3326 2873 3379 exconsulem
2890 3327 3062 3396 atque
3083 3324 3390 3379 Patricium
3410 3325 3458 3395 ej
3470 3341 3531 3378 us
3547 3324 3700 3377 ﬁlios
3722 3327 3894 3393 (sum-

2247 3435 2356 3472 ma:
2385 3418 2783 3473 admirationis
2807 3418 3002 3489 viros);
3029 3422 3085 3472 et
3103 3418 3396 3473 Cratinum
3425 3417 3891 3488 magniﬁcentis-

2248 3511 2462 3566 simum
2509 3516 2678 3583 atque
2727 3512 3236 3584 prudentissimum
3267 3512 3538 3566 comitem
3585 3527 3891 3565 sacrarum

2246 3605 2616 3676 largitionum
2639 3606 2720 3677 [et
2744 3606 2996 3677 optimus
3017 3622 3246 3678 quoque
3270 3607 3414 3660 estis
3432 3606 3633 3676 legum
3655 3621 3892 3659 enarra-

2247 3701 2338 3752 tor
2359 3699 2417 3752 in
2449 3699 2609 3768 regia
2633 3700 2741 3753 hac
2767 3699 2954 3768 urbe],
2985 3705 3044 3754 et
3073 3703 3282 3770 praeter
3308 3699 3412 3753 hos
3438 3699 3619 3752 etiam
3647 3699 3892 3769 Stepha-

2248 3809 2407 3862 num,
2421 3793 2661 3860 Menam,
2681 3792 3078 3860 Prosdocium,
3096 3792 3469 3859 Eutolmium,
3486 3792 3886 3858 Timotheum,

2245 3886 2577 3955 Leonidem,
2598 3887 2921 3955 Leontium,
2941 3888 3258 3954 Platonem,
3275 3886 3570 3953 Jacobum,
3600 3887 3885 3940 Constan-

2246 3980 2451 4048 tinum,
2477 3982 2780 4048 Joannem,
2804 3981 2952 4034 viros
2977 3980 3480 4051 prudentissimos,
3512 3980 3610 4050 qui
3633 3980 3886 4034 universi

2245 4075 2503 4128 rhetores
2521 4075 2757 4145 quidem
2773 4077 2906 4127 sunt
2922 4073 3459 4144 gloriosissimorum
3472 4074 3886 4144 praefectorum

2245 4183 2534 4221 sacrorum
2577 4171 2904 4222 nostrorum
2937 4167 3374 4238 praetoriorum;
3405 4167 3661 4236 gloriam
3691 4171 3889 4222 autem

2245 4277 2345 4314 seu
2369 4262 2600 4316 laudem
2630 4262 2781 4332 apud
2810 4277 3010 4315 omnes
3031 4260 3352 4331 prudentiae
3374 4261 3526 4330 juste
3559 4261 3805 4328 habent,
3831 4265 3888 4314 et

2245 4371 2279 4408 a
2320 4354 2484 4409 nobis
2523 4354 2730 4409 merito
2764 4353 3004 4424 judicati
3047 4357 3179 4408 sunt
3219 4353 3382 4424 digni
3414 4357 3480 4406 ut
3515 4354 3887 4424 eligerentur

2243 4447 2384 4500 tanti
2411 4448 2744 4501 certaminis
2775 4447 3098 4518 participes.
3139 4449 3267 4500 Haec
3307 4447 3485 4517 igitur
3521 4447 3692 4500 nobis
3737 4447 3887 4502 circa

2241 4540 2604 4610 Digestorum
2617 4541 2908 4595 elaborata
2920 4545 3051 4594 sunt
3061 4540 3542 4611 conscriptionem
3555 4556 3662 4610 per
3664 4541 3688 4610 j
3697 4557 3794 4594 am
3808 4539 3886 4594 di-

2241 4637 2361 4687 ctos
2378 4634 2813 4704 gloriosissimos
2843 4635 3084 4689 viros.—
3111 4634 3141 4706 §
3171 4637 3254 4688 lO.
3288 4635 3468 4688 Tanta
3484 4637 3690 4687 autem
3718 4634 3884 4688 nobis

2240 4729 2566 4782 reverentia
2586 4728 2946 4799 antiquitatis
2969 4729 3097 4798 fuit,
3122 4732 3183 4780 ut
3208 4743 3394 4798 neque
3410 4727 3627 4780 mutari
3643 4727 3885 4782 nomina

2242 4823 2502 4875 veterum
2521 4822 3066 4891 jurisconsultorum
3086 4821 3548 4888 sustinuerimus,
3569 4821 3672 4875 sed
3691 4823 3886 4875 unius-

2241 4915 2515 4986 cujusque
2533 4915 2762 4969 illorum
2781 4916 3225 4986 appellationem
3241 4914 3467 4985 legibus
3483 4915 3883 4986 inscripsimus

2241 5012 2528 5063 mutantes
2549 5009 2804 5080 quidem,
2829 5009 2874 5062 si
2893 5009 3030 5080 quid
3054 5009 3180 5079 jam
3201 5008 3414 5063 habere
3430 5007 3615 5062 visum
3649 5013 3740 5063 est
3767 5025 3883 5064 non

2241 5105 2416 5170 recte,
2447 5105 2640 5174 partes
2660 5119 2790 5157 vero
2823 5103 2946 5157 illas
2973 5119 3128 5157 nunc
3155 5103 3430 5169 tollentes,
3466 5102 3572 5155 has
3600 5119 3762 5157 nunc
3787 5103 3884 5156 ad-

2241 5195 2463 5263 dentes,
2491 5212 2558 5250 ex
2582 5197 2777 5251 multis
2798 5196 3048 5268 denique
3080 5196 3362 5267 optimum
3392 5195 3702 5265 eligentes,
3725 5200 3782 5251 et
3810 5214 3877 5251 u-

2241 5305 2376 5343 nam
2416 5287 2607 5361 [atque
2643 5289 2864 5362 parem]
2905 5290 3170 5345 omnibus
3211 5289 3534 5360 prebentes
3574 5291 3880 5360 potestatis

2240 5381 2352 5436 vim
2383 5383 2503 5453 [seu
2533 5383 2750 5453 robur],
2788 5383 2867 5437 ita
2904 5388 2966 5438 ut
3000 5383 3276 5455 quidquid
3303 5384 3580 5457 scriptum
3611 5391 3700 5442 est
3728 5389 3786 5443 in
3811 5403 3876 5442 eo

2239 5475 2410 5543 llbro,
2445 5476 2503 5530 id
2532 5480 2726 5531 nostra
2747 5476 2818 5530 sit
2834 5477 3153 5532 sententia:
3187 5478 3424 5534 nemine
3452 5481 3709 5537 audente
3732 5498 3874 5537 com—

2237 5584 2442 5640 parare
2467 5586 2536 5624 ea
2560 5585 2686 5641 qua:
2711 5587 2864 5625 nunc
2888 5571 3037 5626 facta
3063 5575 3196 5626 sunt
3217 5571 3306 5626 his
3332 5589 3461 5644 quae
3491 5573 3656 5645 prius
3687 5581 3866 5642 erant,

2241 5661 2376 5732 quia
2413 5663 2595 5717 multa
2621 5665 2679 5718 et
2700 5667 3004 5719 numeratu
3039 5680 3155 5720 non
3180 5665 3366 5721 facilia
3405 5669 3870 5740 transposuimus

2237 5752 2298 5807 in
2330 5756 2554 5826 melius,
2609 5755 2833 5812 etiamsi
2861 5757 2996 5830 quid
3041 5759 3327 5831 imperiali
3375 5760 3574 5833 aliqua
3611 5765 3870 5837 antiquo-

2238 5861 2369 5903 rum
2408 5847 2819 5923 imperatorum
2861 5852 3264 5914 constitutione
3321 5854 3382 5911 in
3429 5856 3608 5914 aliam
3657 5858 3865 5917 dictum
