4032 6232
966 308 1330 365 JUSTINIANI
1371 314 1584 370 LEGES
1621 315 1823 373 SELEC

1928 319 1953 373 ἰ.
1998 321 2122 376 LIB.
2168 323 2204 388 Ι,
2247 323 2370 378 ΤΙΤ.
2417 325 2523 389 Vll,
2565 325 2693 380 LEX
2735 326 2822 380 IIl.

191 405 381 458 fuerat
410 406 674 463 formam.
705 410 848 466 Nam
874 414 1106 470 nomina
1135 418 1364 488 quidem
1408 423 1686 479 veteribus
1716 442 1832 480 ser-
1856 439 1915 511 Α
1937 435 1992 483 et
2010 429 2283 484 similium
2297 433 2706 502 assumpsimus
2720 432 3187 504 positionem,vel
3202 436 3370 491 rebus
3383 438 3568 509 subje-

193 499 468 569 vavimus,
497 502 692 572 legum
720 510 911 560 autem
942 509 1238 566 veritatem
1276 521 1528 570 nostram
1576 517 1830 574 fecimus.

195 592 388 662 Itaque
419 593 466 646 si
494 595 630 665 quid
664 602 788 652 erat
822 599 880 653 in
910 600 1020 655 illis
1051 603 1384 661 seditiosum
1413 609 1611 680 (multa
1639 616 1831 667 autem

190 682 323 736 talia
345 692 509 740 erant
528 687 605 742 ibi
627 691 908 762 reposita),
928 695 1036 748 hoc
1057 697 1310 753 decisum
1331 706 1414 754 est
1434 707 1489 756 et
1507 703 1829 774 definitum,

190 776 248 826 et
277 773 336 826 in
365 776 733 846 perspicuum
763 780 936 836 ﬁnem
977 784 1219 839 deducta
1245 793 1329 842 est
1357 805 1597 861 quaeque
1626 793 1735 846 lex.
1765 824 1833 833 -

189 865 223 936 §
255 870 342 920 11.
375 868 481 922 Sed
502 886 632 923 cum
659 875 952 942 oportebat
983 882 1038 930 et
1065 878 1317 949 aliquam
1345 883 1689 938 mediocrem
1719 885 1829 939 isa-

191 975 402 1029 gogem
441 961 626 1018 facere
663 965 721 1018 in
760 983 956 1021 eorum
997 972 1237 1040 gratiam
1262 974 1360 1044 qui
1389 982 1644 1031 recenter
1678 979 1832 1048 leges

192 1051 506 1123 attingunt,
535 1073 641 1109 nec
670 1059 948 1128 majorem
979 1062 1290 1118 doctrinam
1321 1072 1546 1136 portare
1576 1076 1828 1141 possunt,

191 1160 378 1215 neque
406 1147 512 1201 hoc
540 1153 701 1203 extra
729 1158 980 1207 nostram
1019 1157 1433 1225 providentiam
1474 1163 1828 1234 reliquimus,

191 1238 405 1292 scilicet
442 1241 788 1298 Triboniano
840 1246 1270 1318 gloriosissimo,
1303 1253 1398 1322 qui
1449 1259 1504 1308 et
1545 1257 1614 1310 ad
1661 1257 1831 1310 totius

190 1330 382 1400 operis
419 1333 664 1403 legitimi
703 1337 1170 1408 gubernationem
1219 1344 1428 1399 electus
1469 1353 1572 1417 est,
1611 1365 1830 1405 necnon

190 1423 522 1494 Theophilo,
547 1433 602 1481 et
624 1430 904 1486 Dorotheo
921 1435 1493 1505 magnificentissimis
1515 1445 1570 1494 et
1589 1443 1832 1512 pruden-

187 1515 424 1570 tissimis
472 1521 925 1579 anticensoribus
975 1529 1259 1584 accersitis
1310 1533 1721 1603 mandavimus,
1768 1541 1832 1590 ut

186 1604 496 1675 seligerent
517 1624 582 1662 ex
608 1609 694 1663 his
720 1628 846 1682 quae
874 1616 1024 1684 apud
1047 1622 1260 1672 veteres
1281 1627 1442 1675 erant
1465 1622 1828 1694 isagogarum

184 1697 362 1752 modo
388 1703 718 1772 composita,
743 1720 809 1759 ea
836 1723 965 1777 quae
993 1716 1180 1765 essent
1209 1712 1514 1782 aptissima,
1540 1722 1596 1770 et
1617 1717 1674 1771 in
1697 1717 1830 1788 ipsis

1935 522 2036 576 ctis
2053 524 2116 577 id
2141 524 2521 595 exigentibus,
2543 531 2607 580 ut
2636 529 2928 597 oporteret
2946 526 3097 580 idem
3117 529 3369 597 pluribus
3388 532 3566 602 appli-

1933 616 2048 669 cari
2085 617 2276 685 titulis,
2309 619 2396 672 vel
2424 619 2557 688 quia
2580 634 2710 672 cum
2739 622 3012 672 extraneo
3057 620 3180 674 loco
3220 627 3363 676 esset
3401 639 3560 677 com-

1933 709 2179 763 mixtum
2200 711 2257 764 id
2277 711 2434 780 quod
2460 712 2640 765 simile
2669 712 2948 782 superiori
2969 711 3286 781 videbatur,
3310 714 3567 785 impossi-

1931 801 2042 856 bile
2067 803 2175 856 fuit
2204 820 2333 857 eam
2358 804 2791 859 similitudinem
2821 804 3074 874 detrahi;
3115 807 3202 859 vel
3228 807 3402 860 etiam
3434 809 3566 878 quia

1933 911 2080 965 saepe
2106 896 2474 951 custodienda
2503 897 2611 952 fuit
2640 898 2864 967 integra
2887 898 3058 952 totius
3085 898 3319 952 theoriaz
3342 901 3466 970 [seu
3488 901 3568 954 vi—

1932 987 2120 1060 sionis]
2165 989 2532 1056 continentia,
2559 1006 2662 1044 nec
2705 991 3017 1060 separanda
3065 989 3182 1061 [aut
3227 991 3564 1062 divellenda]

1931 1095 2091 1134 mens
2117 1085 2172 1134 et
2196 1082 2510 1136 intellectus
2557 1081 2902 1153 [legentium]
2935 1099 3036 1152 per
3061 1099 3260 1137 eorum
3287 1100 3415 1153 quae
3437 1085 3562 1154 jam

1932 1173 2138 1242 scripta
2174 1174 2405 1228 fuerant
2447 1175 2872 1246 ademptionem
2905 1193 2917 1228 :
2957 1175 3096 1245 quin
3141 1181 3198 1229 et
3237 1176 3343 1229 hoc
3383 1177 3565 1230 sicubi

1931 1271 2284 1337 assumptum
2315 1271 2400 1320 est
2438 1271 2669 1338 propter
2714 1268 2795 1322 rei
2836 1268 3248 1336 necessitatem,
3283 1273 3476 1323 tamen
3507 1270 3564 1324 id

1930 1358 2097 1412 breve
2137 1365 2238 1427 est,
2272 1376 2373 1414 nec
2420 1360 2598 1414 ullum
2642 1360 2760 1413 fere
2803 1361 2889 1414 sui
2924 1377 3151 1414 sensum
3179 1361 3465 1432 praebens.
3493 1392 3563 1402 —

1932 1451 1965 1522 §
1998 1454 2081 1506 14.
2116 1453 2229 1506 Hoc
2264 1453 2433 1507 etiam
2465 1453 2674 1523 ipsum,
2703 1459 2758 1506 et
2802 1453 2861 1506 in
2907 1453 3418 1508 Constitutionibus
3441 1455 3563 1525 jam

1932 1545 2083 1598 inter
2119 1545 2440 1616 imperiales
2468 1545 2904 1600 Constitutiones
2931 1547 3141 1616 relatis,
3175 1552 3232 1601 et
3249 1548 3380 1617 jure
3409 1549 3564 1618 quod

1932 1654 2002 1691 ex
2026 1637 2113 1691 his
2141 1639 2393 1706 resultat,
2424 1639 2845 1693 observavimus
2873 1656 2885 1692 :
2909 1655 3042 1692 nam
3071 1655 3199 1711 quae
3227 1640 3286 1694 in
3313 1641 3421 1694 illis
3441 1643 3562 1712 jam

1932 1735 2092 1784 cauta
2132 1735 2315 1799 erant,
2349 1748 2416 1784 ea
2443 1748 2547 1786 nec
2572 1731 2630 1786 in
2658 1732 2765 1785 hoc
2791 1732 3079 1786 volumine
3114 1733 3248 1802 poni
3291 1735 3563 1788 concessi-

183 1805 383 1846 l‘emm
414 1797 771 1864 argumentis
798 1799 1136 1870 Obtiﬂentia;
1182 1810 1356 1876 utque
1395 1809 1749 1879 colligerent,
1777 1816 1833 1866 Bt
1851 1802 1907 1874 B
1931 1839 2078 1891 mus,
2100 1823 2210 1878 nisi
2230 1825 2300 1878 ob
2325 1825 2576 1896 aliquam
2601 1825 2888 1879 interdum
2918 1825 3397 1880 circumstantiam
3417 1827 3567 1881 simi-

183 1883 350 1938 nobis
369 1884 660 1957 offerrent,
680 1893 737 1944 et
755 1894 820 1944 ut
845 1895 1196 1950 mentionem
1223 1899 1396 1953 etiam
1440 1902 1692 1957 facerent
1733 1921 1828 1958 no-

185 1979 436 2032 strarum
471 1980 977 2053 Constitutionum,
1004 2005 1144 2060 quas
1175 2007 1277 2060 pro
1309 1995 1701 2051 emendatione
1732 2015 1825 2052 ve-

183 2069 321 2124 teris
341 2071 493 2141 juris
513 2078 1018 2151 promulgavimus,
1051 2088 1107 2136 et
1134 2083 1210 2137 ita
1237 2093 1640 2157 componerent
1659 2090 1829 2146 libros

115 2149 133 2166 ’
182 2165 433 2232 quatuor
446 2165 668 2222 futuros
688 2170 872 2240 prima
889 2149 1170 2230 elementa
1191 2149 1664 2253 totius-isagoges,
1682 2201 1830 2254 quos

182 2257 375 2310 vocari
397 2258 653 2315 lnstituta
679 2263 859 2318 visum
881 2270 993 2334 est;
1022 2284 1190 2338 quam
1210 2286 1346 2324 sane
1371 2273 1611 2343 legitimi
1645 2278 1830 2347 operis

181 2351 410 2418 partem
463 2355 833 2425 compositam
878 2359 1038 2413 nobis
1083 2362 1428 2433 obtulerunt,
1463 2372 1519 2421 et
1556 2384 1661 2422 nos
1705 2386 1830 2424 eam

183 2445 363 2496 totam
388 2446 800 2504 consideratam
829 2469 862 2504 a
888 2453 1071 2523 nobis,
1101 2461 1156 2510 et
1183 2473 1542 2530 perpensam,
1565 2466 1829 2535 recteque

183 2534 398 2591 habere
440 2539 638 2606 visam,
671 2544 873 2598 nostris
919 2547 1172 2602 sensibus
1217 2567 1331 2605 non
1377 2553 1668 2625 indignam
1711 2573 1829 2612 esse

174 2627 582 2699 judicavimus,
617 2638 674 2687 et
711 2653 814 2706 pro
845 2640 1049 2694 nostris
1076 2641 1276 2697 haberi
1304 2648 1824 2717 Constitutionibus,

183 2726 239 2774 et
253 2728 584 2780 nostrarum
606 2727 1087 2788 Constitutionum
1106 2737 1281 2791 robur
1296 2739 1503 2794 habere
1517 2742 1792 2811 jussimus
1812 2761 1824 2798 :

181 2816 335 2884 quod
382 2821 439 2870 et
469 2834 533 2872 ex
563 2819 651 2873 his
680 2838 808 2893 qua:
835 2825 894 2878 in
919 2829 1214 2896 prooemiis
1240 2831 1496 2900 ejusdem
1527 2836 1829 2890 voluminis

182 2906 577 2979 disseruimus,
610 2915 875 2970 omnibus
905 2920 1271 2976 manifestum
1298 2924 1550 2980 fecimus.
1581 2960 1648 2968 —
1679 2931 1712 2999 §
1741 2934 1825 2985 12.

182 2999 273 3054 Sic
301 3002 494 3073 itaque
524 3007 680 3060 omni
712 3009 954 3064 Romani
973 3013 1118 3082 juris
1151 3015 1516 3086 dispositione
1544 3021 1824 3090 ordinata,

181 3098 237 3147 et
280 3094 344 3147 in
390 3096 573 3150 tribus
609 3099 843 3171 integris
889 3109 945 3158 et
986 3106 1369 3164 voluminibus
1401 3117 1456 3166 et
1479 3115 1642 3168 annis
1674 3121 1827 3170 tanto

180 3202 357 3257 opere
402 3191 650 3259 perfecto
685 3193 852 3264 (quod
881 3197 1041 3251 nobis
1087 3201 1158 3254 ab
1199 3201 1357 3257 initio
1391 3222 1621 3261 omnem
1668 3225 1826 3279 spem

181 3281 480 3351 excedere,
509 3284 655 3338 circa
681 3285 854 3342 ﬁnem
879 3293 1090 3360 autem,
1114 3310 1244 3348 cum
1266 3297 1387 3366 jam
1415 3301 1824 3369 penetrabilem

180 3389 301 3427 esse
321 3391 447 3430 rem
475 3377 788 3449 docuimus,
813 3398 884 3436 ne
906 3383 965 3437 in
985 3385 1180 3440 decem
1204 3389 1434 3459 quidem
1454 3393 1617 3448 annis
1643 3400 1824 3450 totum

177 3465 396 3521 absolvi
426 3485 592 3539 posse
618 3472 955 3548 videbatur),
987 3481 1146 3533 tanta
1175 3496 1311 3553 ergo
1343 3484 1519 3540 trium
1543 3504 1824 3545 annorum

180 3559 509 3617 celebritate
531 3574 925 3623 consummato
957 3587 1149 3642 opere,
1181 3579 1237 3628 et
1262 3575 1366 3631 hac
1393 3594 1562 3649 opera
1584 3581 1822 3638 Domino

178 3652 298 3708 Deo
329 3654 539 3726 oblata,
579 3658 677 3729 qui
708 3660 860 3715 dedit
888 3668 945 3716 et
968 3681 1161 3734 pacem
1190 3684 1379 3739 agere,
1401 3677 1457 3726 et
1475 3672 1626 3727 bella
1643 3675 1819 3731 felici-

176 3748 267 3799 ter
293 3746 564 3818 dirigere,
603 3755 660 3804 et
688 3751 843 3823 leges
869 3771 1082 3824 ponere
1109 3762 1413 3830 praeterito,
1446 3769 1732 3837 praesenti,
1767 3774 1824 3824 et

175 3839 373 3893 futuro
399 3843 666 3913 tempori,
687 3845 908 3914 justum
940 3865 1058 3904 esse
1087 3854 1409 3921 putavimus
1437 3859 1704 3915 omnibus
1724 3862 1822 3917 ho-

177 3932 430 3986 minibus
483 3934 667 3990 facere
720 3939 1082 3996 manifestum
1124 3950 1381 4001 nostrum
1425 3949 1484 4004 in
1524 3952 1610 4006 bis
1654 3955 1821 4010 rebus

177 4026 434 4080 studium
485 4028 654 4083 simul
707 4036 764 4084 et
809 4035 1238 4107 providentiam,
1271 4045 1555 4111 quomodo
1608 4064 1819 4121 nempe

179 4119 359 4188 priori
385 4121 551 4176 soluti
577 4125 1022 4193 perturbatione,
1052 4133 1108 4184 et
1133 4133 1480 4204 confusione,
1514 4144 1569 4193 et
1597 4119 1816 4198 nullum

176 4211 354 4266 tinem
382 4213 626 4270 habente
643 4217 794 4287 juris
823 4223 1121 4293 positione,
1147 4228 1302 4280 usuri
1333 4235 1466 4284 sunt
1490 4235 1721 4301 posthac
1744 4237 1820 4292 le-

178 4305 345 4375 gibus
392 4307 577 4375 rectis,
607 4315 1047 4385 compendiosis,
1082 4323 1138 4372 et
1179 4323 1442 4378 omnibus
1480 4327 1550 4380 ad
1583 4344 1817 4384 manum

174 4400 478 4470 promptis,
507 4405 563 4456 et
590 4402 777 4458 litium
801 4410 1201 4479 compendium
1232 4415 1618 4491 alferentibus,
1641 4429 1696 4478 et
1713 4441 1815 4494 pa-

1928 1916 2184 1971 litudinis
2203 1918 2392 1988 aliqua
2417 1934 2580 1972 causa
2608 1918 2803 1973 relicta
2828 1922 2932 1973 est.
2951 1919 3073 1989 —§
3099 1923 3184 1972 15.
3207 1920 3566 1975 Contrariam

1931 2013 2122 2064 autem
2143 2011 2264 2064 aliis
2291 2011 2512 2082 legibus
2530 2011 2718 2082 legem
2738 2027 2806 2066 ex
2825 2011 2914 2064 his
2931 2027 3058 2081 quae
3074 2012 3134 2064 in
3154 2013 3260 2065 hoc
3281 2013 3566 2068 volumine

1929 2103 2128 2173 positas
2175 2109 2307 2158 sunt
2346 2120 2464 2158 non
2507 2104 2670 2158 facile
2709 2105 2835 2175 quis
2876 2105 3172 2174 repererit,
3201 2105 3246 2158 si
3286 2107 3454 2160 modo
3495 2107 3567 2160 ad

1931 2212 2128 2250 omnes
2147 2197 2558 2252 contrarietatis
2576 2197 2717 2251 ﬁnes
2729 2197 2984 2251 animum
3004 2197 3293 2252 intendere
3315 2199 3563 2262 festinet,

1932 2290 2026 2343 sed
2059 2290 2205 2344 inest
2229 2290 2440 2361 aliquid
2463 2290 2768 2356 diversum,
2788 2289 2943 2360 quod
2962 2295 3317 2360 assumptum
3337 2293 3568 2346 alterius

1932 2382 2156 2452 generis
2179 2383 2320 2437 forte
2342 2383 2486 2436 hanc
2507 2388 2562 2438 et
2575 2383 2732 2437 illam
2760 2383 2904 2452 legis
2929 2382 3269 2453 positionem
3289 2401 3567 2456 apparere

1929 2475 2114 2530 faciet.

2001 2570 2033 2640 §
2057 2572 2141 2624 16.
2175 2569 2284 2624 Sed
2313 2573 2370 2624 et
2399 2570 2445 2622 si
2469 2570 2602 2641 quid
2628 2569 2776 2624 forte
2799 2570 3246 2640 praetermissum
3263 2577 3347 2626 est
3365 2587 3568 2628 eorum

1929 2678 2055 2732 quae
2086 2663 2218 2732 poni
2249 2662 2533 2717 debebant
2565 2663 2725 2731 (forte
2752 2663 2906 2717 enim
2944 2667 3001 2717 et
3037 2663 3250 2734 aliquid
3276 2665 3388 2719 tale
3428 2681 3565 2721 con-

1927 2754 2058 2824 tigit
2083 2759 2317 2824 propter
2337 2755 2602 2808 humanae
2629 2755 3068 2809 imbecillitatem
3097 2757 3358 2827 naturae),
3386 2757 3568 2813 multo

1929 2863 2062 2901 sane
2106 2847 2309 2901 melius
2358 2853 2444 2901 est
2491 2848 2698 2901 nostris
2748 2847 2985 2902 subditis
3032 2849 3226 2902 multis
3271 2849 3566 2904 inutilibus

1928 2939 2154 2993 liberari
2181 2938 2465 3010 [legibus],
2488 2941 2624 2994 dum
2645 2941 2940 3011 privantur
2957 2941 3104 2995 forte
3125 2941 3316 3012 paucis
3336 2943 3567 3013 quibus-

1930 3033 2059 3086 dam
2092 3049 2220 3103 quae
2259 3033 2596 3088 videbantur
2626 3033 2853 3100 idonea,
2886 3035 3234 3105 myriadibus
3260 3052 3440 3106 prope
3469 3036 3561 3092 in-

1849 3166 1902 3240 C
1929 3125 2103 3179 finitis
2128 3125 2343 3180 defossa
2376 3132 2432 3181 et
2459 3127 2733 3198 deposita,
2753 3133 2809 3181 et
2827 3127 3042 3181 nemini
3068 3128 3212 3182 forte
3237 3127 3576 3184 mortalium'

1927 3219 2337 3275 animadversa.
2369 3251 2438 3259 —
2485 3221 2518 3290 §
2567 3225 2649 3274 17.
2702 3221 2850 3274 Hauc
2893 3221 3046 3275 enim
3094 3221 3166 3275 ob
3210 3238 3439 3277 causam
3481 3228 3566 3278 tot

1925 3312 2082 3366 libris
2121 3330 2265 3384 quos
2309 3320 2477 3369 antea
2517 3313 2681 3368 scribi
2721 3314 3016 3384 oportebat
3045 3313 3296 3370 destituti
3318 3315 3562 3386 judices,

1924 3405 2143 3461 facilius
2169 3424 2238 3462 ex
2265 3408 2614 3478 paucissimis
2645 3407 2793 3478 juris
2827 3407 3153 3462 auctoribus
3197 3413 3256 3462 et
3291 3408 3450 3464 libris
3492 3409 3564 3465 ad

1924 3499 2097 3553 tinem
2123 3499 2311 3554 litium
2337 3500 2761 3570 perveniebant,
2787 3504 2844 3554 et
2858 3501 3073 3571 judicia
3099 3502 3452 3569 decidebant,
3476 3505 3562 3558 vel

1924 3595 2156 3663 propter
2180 3593 2435 3662 inopiam
2461 3594 2757 3662 librorum,
2786 3594 2872 3647 vel
2901 3594 3036 3665 quia
3060 3610 3179 3649 non
3206 3595 3564 3652 sufﬁciebant

1921 3685 2117 3739 multis
2159 3685 2446 3754 laboribus
2485 3686 2557 3740 ad
2598 3686 2935 3740 invenienda
2964 3687 3143 3740 multa
3174 3687 3331 3741 utilia
3363 3704 3558 3744 neces-

1923 3779 2106 3848 sariis,
2139 3783 2196 3833 et
2218 3779 2432 3832 viribus
2461 3783 2624 3834 erant
2663 3779 2927 3850 impares.
2970 3780 3031 3833 In
3078 3781 3342 3850 praesenti
3367 3785 3560 3838 autem

1923 3872 2406 3926 consummatione
2450 3873 2733 3926 maximus
2771 3873 2966 3943 legum
3003 3873 3382 3930 obtinentium
3421 3892 3558 3931 con-

1924 3971 2112 4037 gestus
2134 3969 2217 4019 est
2236 3982 2510 4020 numerus
2537 3983 2606 4020 ex
2626 3966 2784 4020 libris
2813 3967 2971 4036 raris,
2992 3971 3049 4020 et
3069 3967 3168 4038 qui
3193 3967 3285 4021 vix
3311 3969 3558 4024 inveniri

1921 4060 2229 4129 potuerint,
2259 4065 2316 4114 et
2341 4076 2585 4131 quorum
2624 4077 2725 4114 nec
2762 4061 2995 4114 nomina
3037 4076 3141 4114 nec
3185 4061 3554 4117 eruditissimi

1921 4153 2155 4223 quidem
2175 4154 2234 4206 in
2254 4153 2475 4224 legibus
2491 4155 2812 4225 complures
2825 4154 3094 4208 homines
3109 4161 3400 4211 noverant.
3415 4157 3558 4221 Quo-

1921 4262 2050 4300 rum
2083 4262 2214 4300 sane
2241 4247 2458 4317 copiam
2501 4249 2621 4318 [seu
2665 4248 2984 4318 materiam]
3017 4248 3178 4303 nobis
3204 4249 3555 4306 uberrimam

1919 4338 2099 4393 dictus
2125 4339 2556 4409 gloriosissimus
2571 4341 2942 4396 Tribonianus
2970 4342 3213 4412 przebuit
3236 4344 3553 4399 multorum

1917 4431 2218 4501 librorum,
2250 4435 2307 4486 et
2330 4433 2428 4503 qui
2453 4433 2547 4487 vix
2571 4433 2860 4487 numerari
2896 4440 3154 4504 possunt,
3194 4436 3554 4506 suppeditata

174 4493 332 4560 ratis,
354 4497 525 4565 atque
545 4497 812 4567 expositis
832 4503 1095 4557 omnibus
1118 4504 1484 4583 [hominibus]
1505 4514 1574 4568 ad
1588 4493 1813 4573 facilem
1833 4533 1892 4604 D
1916 4493 2304 4591 multitudine,
2346 4493 2552 4596 quibus
2601 4526 2863 4580 omnibus
2896 4493 3151 4597 perfecte,
3196 4493 3374 4595 lectis,
3413 4545 3550 4584 con-

175 4587 631 4659 acquisitionem,
646 4607 752 4645 nec
763 4595 1005 4664 amplius
1017 4600 1315 4667 egentibus
1331 4606 1524 4661 multis
1538 4612 1816 4687 pecuniis,

176 4687 239 4735 ut
267 4681 499 4736 illorum
537 4683 826 4740 inutilium
859 4687 1134 4744 librorum
1161 4703 1474 4766 congerant
1496 4681 1816 4762 multitudi;

174 4789 334 4841 nem,
366 4775 463 4828 sed
490 4776 757 4832 vilissima
784 4782 1046 4850 pecunia,
1076 4788 1194 4839 tam
1221 4788 1518 4847 ditioribus
1551 4813 1721 4868 quam
1750 4818 1818 4856 ex

174 4867 434 4921 tenuiore
455 4870 720 4939 profectis
736 4873 1099 4946 patrimonio,
1115 4881 1336 4951 copiam
1352 4885 1437 4938 sui
1456 4894 1820 4962 comparandi

174 4960 586 5031 praebentibus.
618 4994 686 5003 -—
715 4965 747 5034 §
781 4969 864 5020 13.
893 4969 947 5022 Si
977 4971 1117 5040 quid
1141 4979 1331 5029 autem
1361 4993 1428 5032 ex
1455 4960 1820 5042 multitudine

175 5069 240 5107 ea
283 5070 418 5125 quas
452 5071 607 5110 nunc
638 5064 904 5129 congesta
936 5067 1038 5131 est,
1068 5069 1125 5118 et
1168 5083 1236 5121 ex
1275 5070 1444 5124 tantis
1473 5076 1819 5146 myriadibus

174 5146 434 5215 collecta,
463 5148 746 5206 videbitur
781 5170 900 5207 esse
931 5155 1114 5212 simile
1158 5159 1237 5228 [et
1280 5165 1650 5242 geminatum]
1691 5172 1818 5239 (hoc

175 5245 368 5295 autem
395 5248 663 5312 putamus
683 5250 874 5300 ratum
901 5251 1056 5321 esse),
1079 5257 1335 5311 attamen
1362 5257 1630 5318 humana;
1660 5271 1818 5320 natu-

175 5349 256 5386 rae
273 5333 764 5409 [imbecillitatem]
783 5342 1287 5418 considerantibus,
1303 5367 1417 5406 non
1432 5359 1593 5409 extra
1605 5357 1817 5427 justam

175 5426 504 5498 apologiam
543 5445 616 5484 ne
644 5431 749 5486 hoc
776 5434 1008 5504 quidem
1048 5439 1332 5498 videbitur
1371 5462 1526 5515 esse;
1569 5426 1627 5504 in
1658 5453 1815 5508 nullo

178 5520 333 5574 enim
353 5521 616 5578 aberrare
640 5525 759 5596 [seu
781 5526 838 5580 in
862 5530 1124 5586 omnibus
1146 5534 1699 5608 irreprehensibilem
1717 5562 1817 5601 seu

177 5614 664 5673 inemendabilem
694 5620 858 5690 esse],
889 5622 1093 5680 divinae
1121 5628 1318 5700 utique
1345 5634 1537 5704 solius,
1559 5653 1680 5692 non
1710 5656 1813 5694 au-

176 5711 294 5762 tem
343 5708 604 5764 mortalis
642 5717 727 5767 est
773 5719 1098 5774 constantia:
1144 5721 1261 5791 [seu
1313 5723 1572 5802 roboris],
1612 5748 1813 5803 quem-

176 5800 488 5858 admodum
518 5807 574 5858 et
600 5819 634 5858 a
653 5806 961 5876 majoribus
987 5813 1201 5870 dictum
1229 5824 1312 5872 est
1345 5835 1357 5873 :
1391 5800 1593 5879 deinde
1614 5800 1697 5881 est
1715 5826 1815 5883 ubi

507 5898 782 5968 PATROL.
829 5905 1063 5976 LXXII.

1922 4620 2076 4688 gesta
2104 4622 2235 4671 sunt
2260 4618 2382 4671 haec
2409 4619 2726 4686 volumina;
2769 4619 2869 4673 sed
2902 4635 2972 4672 ex
3011 4619 3218 4673 horum
3261 4621 3454 4676 multis
3497 4627 3555 4677 et

1920 4709 2084 4764 variis
2114 4711 2177 4764 hi
2203 4711 2302 4782 qui
2346 4729 2378 4764 a
2415 4712 2579 4766 nobis
2604 4713 2674 4766 ad
2711 4712 2816 4766 hoc
2843 4714 3173 4784 congregati
3208 4720 3390 4782 erant,
3420 4731 3554 4770 cum

1920 4804 2062 4858 nihil
2081 4804 2428 4860 invenissent
2443 4805 2735 4872 idoneum,
2756 4811 2856 4860 aut
2869 4822 3080 4860 novum
3093 4807 3164 4860 ab
3183 4807 3272 4862 his
3290 4824 3418 4880 quas
3431 4809 3554 4880 jam

1921 4902 2268 4969 congregata
2293 4904 2472 4965 erant,
2505 4899 2818 4954 illationem
2845 4915 2913 4954 ex
2934 4900 3021 4954 his
3049 4900 3109 4955 in
3136 4901 3246 4957 hoc
3272 4919 3445 4973 opere
3467 4904 3552 4959 fa-

1921 4992 2177 5046 ciendam
2202 4992 2416 5063 optimo
2448 4993 2639 5047 animo
2662 4999 3024 5064 respuerunt.

1991 5086 2023 5156 §
2056 5089 2139 5140 18.
2170 5086 2224 5141 Si
2243 5103 2375 5141 vero
2403 5092 2602 5158 postea
2621 5087 2835 5157 aliquid
2863 5088 2995 5142 novi
3018 5092 3550 5160 controverteretur,

1919 5180 2071 5250 quod
2103 5197 2217 5234 non
2261 5181 2556 5252 apparebit
2595 5180 2818 5251 legibus
2862 5181 2948 5235 his
2988 5182 3322 5252 inscriptum
3353 5181 3553 5254 (multa

1919 5273 2073 5327 enim
2100 5290 2306 5328 novare
2332 5275 2483 5329 novit
2507 5276 2748 5345 natura),
2777 5275 2872 5328 sed
2901 5275 3208 5343 imperium
3239 5275 3385 5328 Deus
3415 5293 3548 5346 pro-

1919 5372 2045 5437 pter
2069 5367 2174 5421 hoc
2204 5368 2474 5440 imposuit
2496 5368 2840 5434 hominibus,
2870 5369 2934 5419 ut
2960 5367 3315 5438 emergentia
3334 5374 3390 5423 et
3409 5369 3553 5441 legis

1918 5460 2144 5530 egentia
2185 5462 2311 5533 lege
2351 5462 2597 5531 deﬁniat,
2634 5465 2690 5515 et
2728 5462 2994 5514 humanae
3020 5463 3240 5513 naturae
3267 5461 3553 5518 incertum

1916 5550 2152 5619 repleat,
2181 5555 2237 5604 et
2261 5552 2426 5605 certis
2451 5551 2745 5606 concludat
2766 5549 2992 5620 legibus
3017 5565 3082 5602 ac
3109 5549 3342 5618 regulis,
3365 5568 3553 5623 neque

1917 5640 2023 5695 hoc
2051 5646 2309 5697 nostrum
2345 5660 2498 5698 nunc
2533 5644 2792 5713 dicimus,
2821 5643 2919 5698 sed
2948 5642 3074 5714 jam
3111 5642 3370 5698 omnium
3403 5645 3553 5715 juris

1916 5736 2272 5792 conditorum
2301 5737 2400 5808 qui
2421 5737 2556 5790 olim
2581 5738 2925 5808 claruerunt,
2956 5736 3433 5810 prudentissimus
3451 5739 3550 5793 Ju-

1915 5829 2098 5885 lianus
2124 5831 2230 5886 hoc
2255 5831 2441 5902 ipsum
2470 5830 2691 5884 videtur
2715 5831 2940 5899 dixisse,
2964 5833 3064 5905 qui
3094 5836 3152 5887 et
3175 5831 3245 5886 ab
3271 5831 3554 5904 imperiali

3159 5936 3237 5994 35
