4032 6232
471 290 607 342 1099

1608 287 1862 342 ΞΕΟΙΠᾸ
1900 284 2094 341 SEXTI
2132 281 2687 338 SUPPLEMENTUM.

3697 285 3838 338 ΗΟΟ

457 395 789 452 auctoritate
855 395 1124 468 implorat
1168 396 1291 452 ﬁeri
1349 397 1541 466 legum
1601 396 1978 468 repletionem
2032 396 2093 449 in
2114 399 2383 480 Atorum
2406 393 2798 464 paratitlorum
2824 393 2908 462 (ut
2937 390 3282 447 conveniens
3306 392 3408 463 est)
3427 390 3706 448 ascribere
3737 409 3838 447 vo-
3896 424 3900 427 -

461 489 888 560 emergentibus
914 489 1379 561 ambiguitatibus
1419 495 1476 542 et
1513 489 1951 560 questionibus;
1994 489 2092 543 sed

459 585 517 634 et
561 583 626 635 D.
667 582 948 636 Adrianus
990 582 1098 652 piae
1147 581 1458 649 memorias,
1492 583 1718 652 quando
1763 599 1849 649 ea,
1895 598 2022 652 qua:
2060 598 2093 634 a

457 674 791 744 praetoribus
813 675 1116 744 quotannis
1141 673 1324 728 edicta
1341 674 1570 728 fuerant
1591 674 1749 728 brevi
1765 674 2093 744 complexus

461 771 546 820 est
570 767 778 832 libello,
798 770 1085 835 assumpto
1104 767 1174 820 ad
1194 767 1254 820 id
1274 783 1345 837 0p
1372 767 1488 822 imo
1508 765 1745 834 Juliano,
1761 768 1819 821 in
1840 767 2092 821 oratione

457 874 630 928 quam
649 859 705 912 in
724 875 1024 912 commune
1038 859 1237 912 habuit
1254 859 1312 913 in
1331 861 1550 914 seniore
1568 861 1764 927 Roma,
1785 861 1890 914 hoc
1905 861 2093 930 ipsum

459 967 684 1021 quoque
708 951 786 1003 ait
810 968 822 1004 :
848 956 910 1004 ut
930 951 974 1004 si
1001 952 1134 1022 quid
1159 956 1368 1022 printer
1385 953 1439 1007 id
1460 954 1608 1024 quod
1629 955 1749 1023 jam
1769 954 2093 1008 ordinatum

459 1047 544 1097 est
556 1059 678 1096 eme
686 1042 866 1109 rserit,
882 1045 1222 1099 conveniens
1237 1051 1320 1100 est
1332 1063 1424 1100 eos
1439 1046 1536 1117 qui
1548 1046 1605 1100 in
1617 1047 1949 1116 magistratu
1963 1051 2095 1100 sunt

455 1135 593 1188 illud
623 1135 812 1190 conari
842 1136 1124 1206 decidere,
1147 1143 1202 1192 et
1226 1139 1545 1194 remedium
1569 1140 1863 1210 imponere
1891 1155 2090 1194 secun-

457 1227 596 1282 dum
635 1244 837 1283 eorum
863 1246 990 1300 quae
1014 1231 1135 1300 jam
1163 1232 1427 1286 ordinata
1462 1237 1594 1287 sunt
1632 1233 2094 1303 consequentiam

463 1318 904 1392 [imitationem].
941 1353 1000 1362 —
1036 1324 1069 1394 §
1101 1328 1186 1379 19.
1217 1326 1343 1378 Haec
1390 1325 1564 1395 igitur
1603 1342 1798 1381 omnes
1837 1325 2094 1395 (dicimus

455 1419 647 1468 autem
670 1431 785 1483 vos,
809 1416 1007 1486 magni
1035 1422 1262 1472 senatus
1289 1423 1345 1472 et
1373 1435 1570 1474 omnes
1595 1425 1803 1474 nostrae
1829 1418 2092 1490 reipubli-

455 1523 535 1561 cae
568 1507 847 1579 homines)
876 1514 1302 1580 cognoscentes,
1335 1513 1577 1582 gratiam
1603 1513 1836 1584 quidem
1861 1511 2092 1566 confite-

457 1600 602 1654 mini
646 1603 775 1670 Deo,
824 1602 920 1673 qui
966 1605 1176 1658 nostris
1221 1605 1570 1676 temporibus
1616 1609 1839 1660 tantum
1881 1605 2096 1660 bonum

458 1694 725 1760 servavit;
771 1696 996 1750 utimini
1027 1713 1159 1750 vero
1197 1698 1406 1752 nostris
1455 1698 1694 1769 legibus,
1729 1699 1871 1753 nulli
1900 1714 2096 1754 earum

2193 488 2403 543 luerint
2421 503 2621 555 usum;
2651 486 2800 541 aliud
2821 489 3013 542 autem
3029 485 3174 540 nihil
3196 485 3433 540 omnino
3450 502 3523 540 ne
3543 487 3835 542 tantillum

2192 581 2426 652 quidem
2469 581 2618 634 circa
2647 596 2712 635 ea
2740 581 2942 648 facere,
2975 595 3078 634 nec
3107 595 3337 634 rursum
3363 580 3498 633 dare
3524 579 3835 646 seditionis,

2193 677 2250 728 et
2303 673 2690 742 dubitationis,
2735 678 2834 727 aut
2885 672 3123 727 inﬁnitas
3176 671 3561 726 multitudinis
3611 673 3836 744 legibus

2191 767 2562 835 occasionem,
2592 767 2650 820 id
2676 767 2827 837 quod
2853 771 3021 820 antea
3058 765 3118 820 in
3148 764 3364 836 antiqui
3411 765 3579 819 edicti
3616 765 3834 820 factum

2193 864 2279 914 est
2321 859 2696 920 ordinatione,
2725 859 2804 913 ita
2843 863 2905 912 ut
2942 858 3082 913 illud
3121 858 3516 912 brevissimum
3553 858 3834 913 constitu-

2191 958 2316 1008 tum
2365 969 2433 1007 ex
2485 952 2872 1007 diﬂ‘erentium
2920 951 3468 1006 commentariorum
3513 951 3838 1006 differentia

2193 1062 2296 1100 seu
2333 1045 2652 1100 diversitate
2679 1045 2736 1099 in
2767 1043 3049 1099 inﬁnitam
3076 1044 3479 1099 extenderetur
3510 1043 3834 1098 multitudi-

2192 1154 2346 1193 nem.
2367 1137 2425 1193 Si
2455 1138 2590 1208 quid
2624 1137 2776 1192 enim
2801 1139 2945 1192 forte
2976 1136 3310 1208 ambiguum
3329 1137 3502 1192 fuerit
3520 1137 3728 1205 visum,
3748 1136 3838 1190 vel

2192 1231 2380 1285 litium
2406 1229 2794 1300 certatoribus,
2812 1231 2901 1285 vel
2920 1229 3009 1284 his
3029 1230 3127 1301 qui
3149 1229 3314 1284 rebus
3334 1228 3658 1300 judicandis
3679 1245 3833 1300 prm-

2194 1329 2344 1391 sunt,
2375 1324 2479 1378 hoc
2508 1323 2816 1394 imperator
2845 1322 3312 1394 interpretabitur
3339 1327 3489 1377 recte
3514 1339 3528 1376 :
3552 1339 3691 1377 nam
3713 1322 3837 1376 haec

2193 1417 2432 1472 facultas
2448 1417 2528 1470 illi
2547 1417 2650 1470 soli
2667 1434 2699 1470 a
2713 1416 2934 1487 legibus
2950 1416 3225 1488 permissa
3243 1420 3346 1472 est.
3362 1419 3558 1487 Itaque
3576 1415 3836 1486 quisquis

2196 1526 2367 1564 ausus
2391 1509 2564 1564 fuerit
2593 1509 2661 1563 ad
2688 1509 2835 1564 hanc
2863 1515 3112 1564 nostram
3144 1509 3336 1580 legum
3363 1507 3835 1580 compositionem

2196 1603 2670 1658 commentarium
2701 1603 2933 1673 aliquod
2959 1601 3220 1673 adjicere,
3240 1602 3402 1656 aliter
3426 1608 3595 1673 atque
3628 1606 3835 1655 nostra

2197 1697 2368 1767 hujus
2391 1696 2660 1767 jussionis
2679 1696 2863 1750 forma
2888 1695 3226 1768 praescribit,
3250 1695 3295 1749 is
3317 1695 3453 1749 sciat
3477 1695 3630 1766 quod
3653 1698 3711 1749 et
3730 1694 3836 1764 ipsi

457 1802 586 1856 quas
614 1789 898 1842 veteribus
925 1787 1082 1843 libris
1109 1790 1392 1862 inscriptas
1420 1797 1553 1845 sunt
1581 1793 1954 1859 attendentes,
1990 1809 2087 1847 ne-
2111 1781 2168 1853 B
2191 1789 2315 1844 falsi
2342 1806 2438 1844 reo
2457 1789 2676 1860 legibus
2696 1790 2908 1858 futuro,
2932 1792 2990 1844 et
3013 1789 3168 1860 quod
3193 1787 3595 1859 composuerit,
3620 1787 3833 1858 eripie-

457 1895 567 1949 que
597 1881 667 1935 ad
703 1896 768 1934 ea
802 1898 929 1952 qua:
962 1899 1114 1936 nunc
1151 1883 1335 1954 posita
1360 1889 1492 1938 sunt
1520 1885 1646 1939 illas
1672 1891 2088 1956 comparantes;

458 1971 590 2041 quia
610 1974 714 2027 etsi
741 1974 1040 2028 videantur
1057 1977 1315 2047 quadam
1347 1977 1589 2031 invicem
1619 1994 1736 2032 non
1762 1995 2088 2045 consonare,

455 2069 648 2121 tamen
674 2067 833 2136 prius
859 2067 998 2122 illud
1027 2072 1083 2123 et
1106 2071 1380 2124 vetustius
1411 2070 1573 2124 nobis
1597 2075 1662 2124 ut
1688 2071 2089 2142 imperfectum

455 2159 760 2229 displicuit,
783 2177 935 2214 nunc
953 2167 1142 2216 autem
1166 2164 1270 2218 hoc
1285 2164 1467 2218 visum
1490 2169 1571 2218 est
1592 2164 1796 2218 debere
1815 2165 2088 2219 obtinere.

451 2253 595 2306 Nam
627 2253 993 2322 prohibemus
1031 2256 1139 2310 illis
1169 2258 1229 2310 in
1269 2261 1559 2327 posterum
1589 2257 1671 2311 uti
1705 2274 1718 2310 :
1752 2258 1874 2310 hazc
1900 2262 2092 2312 autem

450 2347 570 2400 sola
611 2346 895 2401 observari
933 2349 994 2402 in
1033 2350 1322 2420 republica
1351 2356 1407 2404 et
1431 2350 1687 2404 obtinere
1730 2351 2092 2405 concedimus

457 2444 514 2492 et
540 2440 854 2508 sancimus;
902 2441 978 2494 ita
1009 2446 1072 2495 ut
1112 2443 1210 2513 qui
1247 2446 1480 2497 conatus
1517 2444 1690 2497 fuerit
1713 2460 1778 2496 ex
1812 2443 2092 2513 prioribus

453 2531 632 2598 libris,
665 2536 722 2586 et
750 2549 867 2587 non
895 2550 962 2588 ex
995 2534 1084 2588 his
1110 2535 1326 2589 duobus
1355 2537 1484 2589 solis
1519 2541 1576 2590 et
1616 2537 2091 2591 Constitutionum

456 2624 640 2696 [libro]
675 2642 708 2678 a
737 2627 898 2680 nobis
925 2628 1266 2698 compositis,
1297 2630 1382 2684 vel
1428 2629 1604 2696 factis,
1634 2629 1715 2683 uti
1755 2629 2093 2700 quibusdam

455 2717 694 2787 legibus,
723 2720 810 2773 vel
837 2736 928 2774 eas
958 2721 1017 2774 in
1037 2721 1263 2790 judiciis
1289 2721 1496 2793 legere,
1528 2723 1614 2776 vel
1645 2723 1689 2776 si
1714 2723 1842 2793 quis
1868 2723 2090 2793 judica-

455 2806 597 2860 verit
623 2823 692 2862 ex
710 2807 800 2862 his
818 2809 970 2878 apud
993 2825 1048 2864 se
1075 2809 1297 2864 recitari
1319 2827 1413 2864 eas
1435 2827 1650 2881 passus,
1666 2811 1792 2865 falsi
1812 2828 1942 2866 reus
1964 2812 2090 2880 erit,

455 2904 511 2954 et
531 2900 886 2972 publicorum
899 2903 1208 2958 criminum
1224 2903 1528 2974 judicatus,
1543 2909 1599 2959 et
1615 2921 1793 2976 paena:
1809 2905 2089 2959 addictus:

455 2993 610 3064 quod
633 2994 740 3048 etsi
766 3012 881 3049 non
906 2996 1244 3065 diceremus,
1264 2998 1350 3051 vel
1370 3014 1439 3051 ex
1461 2999 1566 3051 hoc
1592 2998 1712 3069 ipso
1731 2999 2094 3053 manifestum

456 3092 618 3142 esset.
652 3118 720 3127 -—
745 3088 776 3158 §
805 3091 896 3143 20.
935 3089 1048 3143 Sed
1092 3095 1147 3143 et
1188 3090 1292 3143 hoc
1340 3090 1617 3160 optimum
1662 3091 1782 3146 fore
1812 3091 2091 3162 judicavi-

455 3195 603 3246 mus,
653 3197 988 3251 praeponere
1042 3183 1404 3252 Digestorum
1451 3184 1724 3237 volumini
1775 3187 1830 3239 et
1879 3190 2094 3239 veteres

449 3273 597 3342 juris
623 3273 965 3342 conditores,
996 3278 1053 3328 et
1078 3275 1307 3328 illorum
1342 3276 1653 3342 volumina,
1682 3283 1737 3331 et
1779 3278 1931 3332 unde
1978 3277 2090 3331 col-

455 3364 621 3420 lectio
654 3365 801 3419 facta
841 3366 912 3419 sit
953 3365 1151 3437 legum
1194 3384 1346 3421 nunc
1386 3386 1418 3421 a
1457 3369 1616 3422 nobis
1644 3375 2044 3440 congestamm
2076 3386 2090 3424 :

457 3458 608 3527 quod
635 3461 692 3513 et
732 3459 852 3512 ﬁeri
890 3459 1186 3529 jussimus,
1217 3466 1272 3514 et
1300 3461 1510 3514 factum
1556 3467 1672 3530 est;
1713 3468 1770 3516 et
1816 3463 1984 3517 simul
2031 3480 2094 3517 ea

456 3561 585 3616 quae
623 3547 691 3600 de
727 3547 815 3601 his
844 3547 1011 3602 rebus
1038 3549 1357 3621 conscripta
1379 3556 1526 3620 sunt,
1555 3551 1799 3622 supponi
1841 3552 1976 3606 huic
2006 3552 2091 3606 di-

456 3639 600 3692 vinze
643 3645 849 3694 nostra:
893 3642 1290 3698 Constitutioni
1328 3644 1710 3714 praecipimus,
1746 3649 1804 3698 ut
1833 3645 2096 3700 omnibus

457 3732 555 3786 ﬁat
584 3734 968 3804 manifestum,
988 3739 1044 3790 et
1063 3736 1203 3806 quid
1219 3735 1424 3806 prioris
1450 3736 1879 3807 inexperientiaa
1899 3739 2090 3805 simul,

458 3831 514 3879 et
537 3825 954 3882 incertitudinis
973 3834 1134 3894 esset,
1152 3834 1207 3882 et
1225 3829 1362 3899 quid
1381 3847 1412 3883 a
1429 3830 1593 3884 nobis
1612 3831 1687 3884 sit
1705 3830 2091 3886 adinventum.

460 3919 831 3990 Legislatores
858 3927 1050 3976 autem
1081 3938 1182 3976 seu
1212 3922 1408 3992 legum
1435 3923 1776 3994 interpretes
1805 3925 1926 3978 illos
1958 3942 2092 3980 con—

460 4014 760 4082 gessimus,
788 4014 885 4085 qui
913 4015 1065 4084 apud
1102 4032 1298 4068 omnes
1327 4016 1543 4086 probati
1575 4021 1630 4070 et
1670 4018 1883 4088 recepti
1911 4024 2092 4089 erant,

462 4110 518 4158 et
544 4106 827 4175 prioribus
852 4107 1290 4177 imperatoribus
1321 4110 1668 4179 placuerant,
1703 4113 1759 4165 et
1781 4111 1875 4181 qui
1907 4111 1977 4165 ab
2007 4112 2096 4166 his

463 4198 744 4252 nominari
781 4205 1132 4255 meruerunt.
1162 4200 1216 4256 Si
1245 4202 1396 4256 enim
1427 4202 1632 4273 aliquis
1659 4204 1912 4258 nondum
1942 4209 2093 4258 vete-

466 4291 618 4345 ribus
643 4291 1053 4363 legislatoribus
1081 4295 1340 4366 cognitus
1371 4300 1472 4360 est,
1499 4312 1601 4348 nos
1647 4302 1703 4350 et
1741 4297 1873 4350 huic
1918 4298 2093 4351 inter-

463 4385 706 4447 diximus
719 4386 887 4456 hujus
900 4388 1201 4442 voluminis
1216 4388 1806 4444 communicationem.
1823 4391 2097 4444 Omnibus

2191 1888 2302 1952 tur,
2338 1887 2394 1938 et
2422 1883 2602 1937 modis
2634 1883 2898 1938 omnibus
2925 1887 3342 1952 corrumpetur.
3364 1911 3433 1922 --
3453 1881 3485 1952 §
3505 1883 3595 1935 22.
3618 1880 3834 1934 Eadem

2189 1993 2354 2048 poena
2380 1976 2648 2048 imposita
2673 1981 2728 2031 et
2756 1976 3022 2030 adversus
3056 1992 3150 2030 eos
3177 1975 3276 2046 qui
3305 1974 3451 2029 notis
3483 1975 3594 2042 (seu
3636 1973 3834 2045 signis)

2191 2070 2528 2142 quibusdam
2570 2071 2630 2124 in
2673 2069 2950 2140 scriptura
2988 2074 3219 2123 utentur
3261 2069 3409 2140 (qua:
3455 2067 3618 2137 signa
3663 2067 3837 2137 siglas
3879 2107 3915 2134 ,

2189 2166 2410 2232 vocant)
2441 2167 2498 2217 et
2538 2163 2636 2234 qui
2676 2179 2779 2234 per
2807 2179 2871 2216 ea
2902 2161 3240 2216 conturbare
3277 2161 3618 2230 scripturam
3649 2163 3833 2214 tenta-

2189 2257 2391 2324 verint,
2424 2273 2525 2311 nec
2551 2273 2653 2326 per
2678 2261 2853 2310 totam
2882 2255 3344 2326 consequentiam
3373 2254 3694 2308 litterarum
3725 2269 3834 2306 nu—

2191 2365 2394 2415 meros,
2411 2352 2468 2402 et
2479 2349 2714 2403 nomina
2727 2353 2979 2403 veterum
2993 2348 3361 2418 prudentum,
3379 2351 3434 2400 et
3451 2350 3624 2401 totam
3637 2347 3836 2417 legum

2191 2443 2530 2514 positionem
2584 2442 2932 2513 scripserint.
2966 2441 3155 2496 Sciant
3201 2441 3373 2495 etiam
3422 2440 3706 2493 librorum
3754 2439 3834 2492 ita

2192 2535 2533 2606 scriptorum
2564 2537 2979 2606 comparatores
3009 2550 3066 2588 se
3093 2533 3308 2587 inutilis
3334 2533 3453 2587 fore
3479 2532 3610 2586 libri
3641 2531 3834 2586 domi-

2191 2644 2324 2696 nos;
2354 2644 2538 2699 neque
2568 2628 2720 2682 enim
2752 2627 2952 2682 damus
2982 2626 3272 2681 licentiam
3317 2626 3526 2680 talibus
3573 2625 3736 2679 libris
3775 2624 3834 2677 in

2185 2721 2412 2792 judiciis
2429 2722 2530 2789 uti,
2545 2724 2601 2776 et
2620 2720 2832 2791 aliquid
2855 2737 3045 2791 agere,
3066 2720 3285 2773 etiamsi
3305 2718 3604 2789 contingat
3622 2717 3838 2772 librum

2191 2814 2250 2868 in
2283 2831 2348 2868 ea
2373 2815 2495 2884 ipsa
2539 2818 2696 2884 parte
2723 2831 2849 2884 quae
2893 2812 3162 2867 recitatur
3197 2812 3417 2866 nullum
3467 2811 3680 2865 habere
3727 2811 3837 2864 tale

2192 2908 2419 2978 signum
2444 2909 2565 2978 [aut
2588 2906 2803 2977 notam)
2818 2950 2830 2973 ,
2851 2907 2947 2961 sed
2968 2907 3028 2960 in
3047 2906 3159 2960 alia
3185 2921 3522 2976 quacunque
3541 2904 3629 2958 sui
3650 2910 3835 2975 parte,

2193 3001 2450 3072 quamvis
2476 3000 2649 3054 semel
2675 3003 2898 3053 tantum
2928 2999 2983 3053 id
3015 2999 3324 3054 admissum
3355 2998 3448 3051 sit.
3491 2999 3684 3067 Itaque
3714 2997 3837 3068 ipse

2193 3094 2422 3165 quidem
2451 3111 2580 3148 eum
2604 3093 2814 3147 librum
2834 3109 2937 3163 pro
2958 3109 3074 3147 non
3098 3092 3305 3162 scripto
3328 3107 3556 3162 prorsus
3579 3089 3837 3144 habebit.

2193 3188 2242 3241 Is
2289 3193 2477 3242 autem
2525 3187 2620 3256 qui
2667 3203 2796 3240 eum
2842 3186 3146 3256 scripserit,
3177 3190 3232 3240 et
3262 3183 3548 3256 ignoranti
3590 3182 3841 3254 emptori

2194 3280 2430 3348 dederit,
2459 3281 2696 3350 duplum
2726 3280 2901 3333 solvet
2930 3295 3052 3350 ejus
3078 3277 3469 3332 aestimationis
3514 3276 3565 3330 ei
3614 3275 3719 3346 qui
3761 3276 3840 3329 ita

2195 3372 2252 3426 in
2278 3373 2588 3444 quantitate
2621 3373 2896 3427 damnum
2925 3389 3117 3441 passus
3142 3370 3334 3438 fuerit,
3360 3369 3742 3424 nihilominus
3759 3368 3843 3422 in-

2193 3466 2442 3536 ﬂigenda
2469 3465 2750 3520 criminali
2775 3481 2961 3536 poena.
2995 3466 3105 3518 Hoc
3134 3463 3344 3518 etenim
3373 3469 3430 3517 et
3458 3463 3518 3516 in
3547 3462 3674 3516 aliis
3701 3477 3837 3516 con-

2193 3559 2583 3612 stitutionibus
2603 3574 2667 3612 ea
2685 3559 2754 3612 de
2782 3575 2844 3612 re
2866 3558 3061 3629 positis
3092 3555 3439 3627 scripsimus,
3460 3558 3580 3608 tam
3598 3555 3690 3608 his
3713 3571 3842 3625 qua:

2195 3651 2391 3705 Latina
2416 3653 2837 3721 [processerunt
2878 3667 3030 3717 voce,
3063 3666 3232 3722 quam
3260 3666 3325 3703 ea
3350 3664 3478 3719 quae
3506 3649 3843 3702 Graecorum

2194 3744 2414 3815 lingua,
2445 3760 2618 3814 quam
2649 3744 2879 3815 quidem
2919 3743 2990 3797 ad
3032 3744 3225 3814 legum
3261 3741 3604 3812 professores
3633 3739 3837 3795 rescri-

2194 3837 2429 3908 psimus.

2266 3930 2298 4001 §
2327 3933 2416 3984 23.
2447 3931 2576 3984 Hazc
2601 3929 2778 4000 igitur
2802 3928 3094 3984 volumina
3133 3927 3546 3996 (lnstitutorum
3574 3929 3634 3980 et
3667 3925 3840 3996 Dige-

2195 4028 2410 4078 storum
2441 4023 2698 4089 dicimus)
2733 4039 2803 4076 ex
2831 4023 2943 4076 fine
2974 4021 3124 4076 tertii
3149 4021 3330 4074 nostri
3356 4018 3675 4073 felicissimi
3705 4034 3840 4071 con-

2196 4118 2414 4171 sulatus
2465 4133 2632 4170 suum
2673 4115 2849 4170 robur
2888 4114 3145 4169 obtinere
3191 4113 3491 4181 sancimus,
3525 4111 3585 4166 id
3635 4116 3742 4180 est,
3772 4127 3843 4164 ex

2195 4215 2324 4264 ante
2344 4209 2575 4264 tertium
2598 4209 2962 4263 calendarum
2980 4207 3373 4262 Ianuariarum
3385 4204 3689 4276 praesentis
3707 4204 3843 4258 duo-

2196 4302 2429 4357 decimae.
2458 4301 2798 4367 iudictionis,
2827 4301 2885 4355 in
2914 4317 3080 4354 omne
3117 4315 3303 4353 aevum
3328 4298 3597 4362 valitura,
3631 4302 3689 4351 et
3728 4313 3844 4350 una

2197 4412 2328 4449 cum
2352 4394 2740 4466 imperialibus
2761 4393 3253 4448 constitutionibus
3278 4391 3533 4462 vigorem
3561 4394 3622 4444 et.
3646 4390 3840 4444 locum

462 4496 593 4534 sane
621 4479 710 4533 hic
736 4480 931 4550 positis
956 4498 1134 4535 unum
1165 4481 1424 4535 ordinem
1448 4488 1501 4535 et
1525 4482 1860 4553 dignitatem
1895 4500 2094 4554 parem
2116 4505 2175 4577 D
2199 4488 2459 4542 habitura
2483 4493 2598 4541 tam
2626 4487 2684 4540 in
2710 4487 2799 4540 his
2825 4503 2951 4557 quae
2978 4491 3171 4557 postea
3209 4483 3547 4539 emerserint
3575 4499 3756 4553 quam
3787 4483 3845 4536 in

464 4572 743 4640 dedimus,
770 4573 915 4627 nulli
953 4575 1196 4644 cuipiam
1243 4575 1459 4645 majore
1503 4593 1672 4646 quam
1711 4577 1928 4632 caeteris
1971 4578 2099 4632 data

461 4666 862 4737 praerogativa.
897 4667 958 4721 Si
994 4667 1146 4721 enim
1176 4667 1264 4722 his
1308 4685 1434 4738 quas
1464 4667 1534 4722 ab
1569 4669 1679 4722 illis
1719 4669 1927 4740 scripta
1968 4675 2101 4724 sunt

467 4759 732 4812 omnibus
781 4760 1165 4830 imperialium
1197 4761 1673 4816 Constitutionum
1711 4762 1969 4817 dedimus
2007 4781 2097 4818 ro-

465 4852 595 4920 bur,
626 4851 762 4922 quid
793 4858 875 4907 est
904 4854 1056 4924 quod
1101 4855 1159 4908 in
1206 4854 1294 4908 his
1336 4855 1581 4924 amplius
1615 4857 1884 4927 quodque
1913 4856 2102 4912 minus

468 4944 665 4998 haberi
696 4943 930 5000 debeat?
1685 4954 1692 4958 “

468 5096 472 5100 _
540 5039 688 5109 §2-I.
735 5039 872 5092 Illud
911 5042 1124 5106 autem,
1153 5041 1304 5110 quod
1346 5041 1552 5109 statim,
1581 5059 1713 5096 cum
1753 5044 1901 5097 hanc
1945 5060 2100 5098 com-

462 5131 809 5203 positionem
823 5132 1016 5202 legum
1030 5134 1362 5204 congregari
1381 5152 1506 5188 man
1515 5135 1800 5204 daremus,
1808 5138 2100 5208 jussimus,

466 5226 679 5278 iterum
696 5229 749 5278 et
769 5241 919 5278 nunc
941 5225 1222 5279 sancimus
1245 5227 1380 5281 illud
1405 5229 1789 5284 conﬁrmando
1809 5247 1820 5284 :
1840 5231 2104 5286 omnibus

469 5317 730 5371 similiter
759 5317 1146 5372 interdicimus
1182 5335 1253 5373 ne
1291 5320 1418 5390 quis
1451 5322 1654 5376 audeat
1679 5323 1975 5378 hominum
2007 5325 2106 5395 qui

465 5415 604 5464 sunt
657 5426 828 5474 nunc,
870 5416 966 5464 aut
1006 5410 1063 5464 in
1107 5417 1399 5482 posterum
1442 5421 1627 5483 erunt,
1670 5418 2106 5472 commentarios

470 5503 714 5562 scribere
744 5501 947 5556 harum
978 5504 1191 5574 legum,
1222 5509 1604 5577 praeterquam
1641 5507 1686 5561 si
1716 5509 1851 5562 velit
1885 5511 2011 5580 quis
2049 5511 2106 5565 in

469 5595 722 5648 Graecam
738 5593 996 5662 linguam
1015 5596 1134 5650 hinc
1150 5598 1469 5665 transferre,
1484 5617 1656 5671 quem
1671 5601 1839 5655 etiam
1854 5603 2109 5657 volumus

473 5687 592 5738 sola
634 5685 946 5737 secundum
986 5688 1190 5755 pedem
1233 5706 1332 5743 seu
1358 5701 1479 5747 κατὰ
1510 5701 1634 5748 πόδα
1663 5700 1989 5764 nuncupata
2025 5696 2107 5749 uti

472 5775 670 5844 legum
695 5775 1179 5845 interpretatione,
1204 5786 1260 5836 et
1287 5781 1333 5834 si
1362 5783 1498 5852 quid
1519 5787 1835 5855 secundum
1855 5787 2112 5842 nomina-

2200 4582 2287 4636 his
2317 4598 2444 4652 quae
2469 4581 2529 4635 in
2549 4580 2777 4651 judiciis
2806 4580 2989 4634 adhuc
3019 4579 3288 4650 pendent,
3326 4593 3431 4631 nec
3456 4577 3599 4630 dum
3630 4576 3843 4630 arnica-

2199 4674 2403 4728 bilibus
2453 4674 2658 4728 tradita
2711 4676 2841 4727 sunt
2894 4671 3401 4739 transactionibus;
3459 4669 3847 4740 quodcunque

2202 4767 2354 4822 enim
2407 4767 2680 4822 hactenus
2723 4767 2808 4820 vel
2844 4765 3182 4835 judicatum,
3210 4763 3296 4817 vel
3341 4769 3698 4816 transactum
3743 4767 3848 4829 est,

2201 4861 2494 4915 retractari
2512 4876 2626 4914 non
2644 4859 3008 4914 sustinemus.
3025 4859 3205 4922 Quem
3228 4855 3459 4928 quidem
3485 4855 3848 4909 consulatum

2201 4954 2437 5008 tertium
2465 4953 2628 5008 nobis
2659 4951 3179 5006 nominatissimum
3222 4949 3376 5004 dedit
3412 4949 3579 5017 Deus,
3613 4948 3848 5019 quando

2204 5049 2263 5101 et
2307 5046 2410 5100 sub
2455 5045 2576 5117 ipso
2625 5063 2732 5116 pax
2777 5061 2906 5099 cum
2953 5044 3132 5098 Persis
3160 5041 3493 5097 confirmata
3523 5047 3630 5107 est,
3663 5045 3721 5094 et
3747 5041 3849 5094 hoc

2203 5145 2425 5195 tantum
2446 5141 2640 5210 legum
2654 5139 2922 5194 volumen
2941 5136 3253 5208 repositum
3275 5140 3376 5204 est,
3395 5133 3549 5204 quod
3565 5150 3599 5187 a
3619 5135 3849 5188 nemine

2204 5233 2489 5303 majorum
2525 5249 2780 5302 unquam
2825 5229 3204 5301 excogitatum
3244 5227 3373 5297 fuit,
3402 5232 3574 5298 atque
3608 5227 3686 5281 ad
3732 5227 3848 5280 haec

2206 5326 2372 5380 tertia
2414 5342 2543 5396 pars
2587 5323 2786 5380 mundi
2831 5323 3090 5394 (dicimus
3122 5326 3312 5376 autem
3361 5325 3538 5374 totam
3595 5319 3845 5391 Lybiam)

2206 5420 2414 5474 nostris
2443 5419 2706 5489 adjuncta
2752 5419 2837 5471 est
2879 5417 3131 5487 sceptris,
3162 5415 3353 5469 omnia
3379 5415 3499 5468 haec
3549 5430 3581 5465 a
3625 5427 3845 5467 summo

2208 5513 2322 5566 Deo
2362 5516 2418 5566 et
2456 5513 2743 5567 Servatore
2784 5513 2977 5565 nostro
3031 5509 3161 5564 Jesu
3209 5507 3427 5562 Christo
3480 5506 3634 5560 dona
3687 5504 3845 5561 tertio

2209 5610 2400 5659 nostro
2473 5605 2765 5659 consulatu
2837 5603 3074 5658 indulta.
3129 5632 3196 5640 —-
3250 5600 3338 5655 24.
3393 5599 3609 5654 Omnes
3665 5599 3842 5668 itaque

2208 5697 2582 5752 laudatissimi
2615 5703 2821 5752 nostrae
2851 5695 3174 5766 reipublicae
3201 5692 3560 5764 Magistratus
3601 5692 3841 5747 divinam

2211 5791 2357 5846 hanc
2374 5795 2626 5847 nostram
2647 5790 3011 5862 suscipientes
3032 5787 3514 5856 constitutionem,
3535 5791 3602 5843 ut
3621 5789 3840 5843 utantur
