4032 6232
278 337 407 389 1101
1023 336 1390 390 JUSTINIANI
1431 333 1639 391 LEGES
1677 335 2012 392 SELECTE.
2057 337 2181 391 LIB.
2226 338 2266 394 1,
2309 337 2432 390 TlT.
2474 337 2678 404 XXVII,
2723 339 2853 394 LEX
2892 340 2931 391 l.
3515 343 3649 395 H02

272 437 559 510 praedictis
598 438 803 494 nostris
836 439 1078 510 legibus,
1113 441 1502 513 unusquisque
1536 441 1595 496 in
1634 459 1737 496 suo
1772 459 1876 514 pro
1931 443 2160 540 Anitas
2200 442 2456 512 contulit,
2487 443 2592 497 hoc
2625 444 2693 498 de
2730 443 2951 498 Domini
2983 443 3080 498 Dei
3117 444 3292 498 nostri
3324 443 3645 500 misericor-

271 531 496 586 curabit
514 533 750 602 judicio.
783 535 1065 604 Proponet
1094 539 1285 589 autem
1316 552 1442 590 eam
1477 536 1535 589 in
1575 535 1825 590 maxima
1855 540 1911 591 et
1931 531 1989 540 ”
2009 536 2100 590 dia
2139 537 2503 606 postulamus,
2532 541 2597 590 ut
2635 537 2952 607 provincias
2979 553 3120 608 quas
3153 537 3315 591 nobis
3350 538 3647 592 restituere

270 625 430 696 regia
478 627 582 680 hac
630 627 786 695 urbe,
835 630 891 682 et
935 628 1056 698 ejus
1107 627 1544 699 gloriosissimus
1586 630 1906 700 praefectus.

272 721 435 773 Cura:
448 725 640 773 autem
653 721 760 774 erit
770 721 1237 775 excellentissimo
1248 721 1704 776 etlaudatissimo
1715 726 1909 776 nostro

273 812 570 883 magistro,
601 817 658 868 et
684 813 1098 884 gloriosissimis
1123 819 1288 885 atque
1319 814 1656 869 beatissimis
1682 816 1912 887 praafec-

270 905 343 959 tis
368 922 662 960 sacrorum
685 912 1006 961 nostrorum
1028 908 1443 978 prastoriorum,
1460 913 1578 962 tam
1598 907 1656 962 in
1675 908 1765 962 bis
1784 925 1910 980 qua:

271 997 343 1050 ad
368 998 546 1051 solem
574 999 852 1054 orientem
878 1016 1050 1070 quam
1075 1000 1162 1054 his
1187 1016 1315 1071 quae
1335 1001 1394 1054 in
1423 1001 1664 1072 lllyride,
1689 1016 1911 1055 necnon

272 1089 361 1143 his
392 1089 563 1144 etiam
594 1107 722 1162 quae
751 1091 808 1146 in
849 1093 1021 1164 Lybia
1047 1098 1199 1162 sunt,
1229 1111 1332 1165 per
1357 1111 1457 1148 sua
1484 1095 1665 1148 edicta
1695 1094 1783 1148 his
1812 1093 1910 1165 qui

271 1187 377 1241 sub
409 1187 542 1259 ipsis
581 1189 826 1243 ordinati
866 1194 999 1244 sunt
1040 1196 1096 1246 et
1129 1191 1234 1246 ista
1270 1193 1455 1247 facere
1494 1192 1806 1261 manifesta,
1837 1190 1910 1245 ad

271 1281 532 1335 omnium
557 1286 882 1336 nostrorum
909 1283 1262 1339 subditorum
1292 1285 1730 1340 inexcusabilem
1757 1283 1905 1339 noti-

269 1373 431 1428 tiam.
479 1375 616 1429 Data
660 1391 769 1430 xvn
815 1375 1044 1431 Calend.
1088 1378 1400 1447 Ianuarias,
1445 1378 1675 1432 domino
1715 1379 1908 1432 nostro

268 1466 589 1521 Justiniano
619 1472 898 1540 perpetuo
928 1472 1180 1542 Augusto
1209 1487 1269 1526 ιιι
1299 1487 1414 1526 cos.
1445 1473 1568 1526 533.

281 1580 358 1588 -ο
369 1581 504 1588 ...κ-.--

505 1583 660 1591 “’—

665 1585 915 1594 ,κν--.-
945 1588 1050 1594 —_

722 1667 873 1732 LIB.
921 1669 967 1745 Ι,
1016 1668 1165 1735 ΤΙΤ.
1211 1669 1452 1734 XXVII.

270 1769 344 1824 De
367 1769 546 1838 ofﬁcio
567 1773 817 1840 prafecti
825 1777 1082 1898 pgatorio
1101 1776 1327 1900 Afit-ictae,
1354 1779 1406 1829 et
1422 1774 1488 1829 de
1507 1775 1653 1829 omni
1671 1773 1909 1842 ejusdem

896 1860 1130 1900 urceseos
1159 1861 1184 1900 s
1211 1861 1245 1900 α
1271 1862 1327 1900 u.
1749 1866 1753 1869 ·

896 1860 1130 1900 ιαόθεεοε
1159 1860 1327 1901 Statu.
1749 1866 1753 1869 ’

1231 1589 1268 1594 _
1279 1589 1360 1594 ο.-
1375 1589 1480 1595 .-.-
1489 1589 1582 1595 -———
1591 1587 1906 1594 -—————-—_._-

895 2012 1022 2068 LEX
1056 2013 1290 2070 PRIMA.

510 2105 577 2158 In
611 2106 823 2159 nomine
855 2107 1074 2161 Domini
1100 2111 1274 2162 nostri
1300 2111 1424 2164 Iesu
1447 2108 1667 2166 Christi.

341 2201 654 2271 Imperator
679 2203 864 2257 Caesar
888 2202 1107 2258 Flavius
1131 2204 1497 2274 Justinianus,
1523 2203 1905 2275 Alemanicus,

269 2292 560 2360 Gothicus,
590 2294 974 2365 Germanicus,
1000 2297 1316 2364 Francicus,
1345 2298 1596 2367 Anticus,
1626 2297 1906 2366 Alanicus,

268 2385 626 2458 Vandalicus,
656 2387 966 2459 Africanus,
993 2389 1142 2460 pius,
1170 2389 1326 2460 felix,
1353 2391 1615 2462 inclytus,
1644 2391 1822 2446 victor
1845 2407 1909 2445 ac

267 2478 672 2552 triumphator,
716 2498 941 2554 semper
979 2485 1284 2554 Augustus,
1325 2484 1600 2540 Archelao
1641 2485 1908 2542 Prmfecto

268 2574 539 2644 praetorio
566 2575 786 2630 Africae.

337 2668 487 2730 Quas
521 2669 748 2739 gratias,
785 2674 883 2724 aut
913 2685 1053 2742 quas
1080 2670 1272 2726 laudes
1304 2670 1548 2726 Domino
1575 2672 1686 2726 Deo
1717 2675 1908 2726 nostro

265 2761 394 2814 Jesu
433 2761 660 2816 Christo
701 2762 966 2818 exhibere
1007 2763 1331 2831 debeamus,
1377 2781 1484 2820 nec
1514 2780 1673 2819 mens
1716 2768 1907 2819 nostra

265 2856 458 2924 potest
495 2854 810 2926 concipere,
855 2872 956 2910 nec
995 2857 1192 2929 lingua
1233 2859 1506 2929 proferre.
1550 2858 1746 2914 Multas
1789 2857 1909 2928 qui-

266 2946 400 3001 dem
437 2951 495 3001 et
532 2952 701 3002 antea
725 2965 759 3002 a
795 2949 908 3004 Deo
948 2951 1259 3006 meruimus
1292 2951 1600 3023 largitates,
1643 2957 1699 3007 et
1736 2952 1905 3007 innu-

268 3039 568 3094 merabilia
603 3041 751 3096 circa
787 3058 890 3096 nos
930 3044 1051 3114 ejus
1083 3045 1358 3100 beneﬁcia
1401 3043 1756 3111 conﬁtemur,
1805 3061 1910 3116 pro

2009 629 2278 699 dignatus
2304 634 2386 683 est
2414 629 2604 684 ﬁrmas
2634 634 2690 684 et
2717 630 2914 685 illaasas
2943 630 3237 696 custodiat,
3268 634 3324 685 et
3350 630 3518 685 faciat
3540 648 3648 686 nos

2010 738 2106 776 eas
2137 722 2448 776 secundum
2477 722 2824 778 voluntatem
2851 739 3009 776 suam
3041 739 3104 777 ac
3134 723 3407 794 placitum
3437 723 3646 794 guber-

2008 831 2164 883 nare,
2208 820 2270 869 ut
2308 815 2569 870 universa
2602 815 2785 870 Africa
2820 815 3026 869 sentiat
3067 814 3515 886 [omnipotentis]
3553 816 3650 872 Dei

2009 908 2484 976 misericordiam,
2538 913 2594 963 et
2645 912 2993 979 cognoscant
3046 907 3168 977 ejus
3221 908 3566 964 habitatores
3618 926 3652 963 a

2011 1017 2183 1071 quam
2225 1001 2528 1055 durissima
2556 1001 2874 1071 captivitate
2911 1006 2966 1054 et
2995 1000 3138 1070 jugo
3173 1000 3471 1055 barbarico
3509 1001 3648 1056 libe-

2010 1094 2140 1162 rati,
2169 1093 2226 1146 in
2257 1097 2468 1164 quanta
2493 1093 2750 1148 libertate
2777 1093 2881 1147 sub
2907 1083 3227 1148 felicissimo
3256 1097 3448 1147 nostro
3474 1094 3652 1164 impe-

2009 1186 2094 1240 rio
2131 1187 2338 1256 degere
2379 1191 2730 1241 meruerunt.
2763 1187 2874 1239 Hoc
2911 1184 3081 1240 etiam
3111 1185 3482 1255 deprecantes
3517 1201 3645 1238 exo-

2009 1295 2202 1333 ramus
2251 1284 2459 1334 sanctas
2502 1284 2558 1333 et
2603 1277 2863 1349 gloriosa:
2905 1293 3130 1348 semper
3174 1276 3411 1347 virginis
3457 1281 3514 1330 et
3553 1277 3650 1332 Dei

2011 1373 2298 1444 genitricis
2341 1371 2527 1427 Marias
2575 1371 2854 1442 precibus,
2904 1376 2968 1425 ut
3011 1369 3288 1442 quidquid
3332 1369 3523 1424 minus
3565 1373 3653 1424 est

2008 1465 2331 1537 reipublicae
2359 1471 2569 1520 nostra:
2597 1481 2702 1536 per
2726 1480 2828 1518 nos
2853 1463 3079 1518 ultimos
3103 1479 3295 1518 servos
3325 1478 3455 1517 suos
3483 1462 3645 1517 resti-

2007 1559 2132 1611 tuat
2166 1557 2225 1612 in
2260 1574 2364 1612 suo
2403 1557 2636 1612 nomine
2676 1557 2842 1626 Deus,
2873 1560 2930 1611 et
2964 1545 3166 1626 dignos
3193 1571 3296 1610 nos
3335 1555 3502 1610 faciat
3527 1571 3646 1610 ser-

2007 1649 2206 1704 vitium
2235 1651 2357 1721 ejus
2384 1649 2716 1720 adimplere.

2079 1743 2112 1813 §
2159 1746 2209 1797 1.
2255 1743 2364 1796 Deo
2406 1743 2596 1812 itaque
2633 1739 2956 1810 auxiliante,
2999 1756 3104 1810 pro
3151 1739 3416 1794 felicitate
3462 1740 3651 1811 reipu-

1929 1843 1986 1916 B
2008 1833 2169 1889 blicte
2194 1839 2424 1902 nostrae,
2459 1849 2560 1904 per
2589 1833 2738 1888 hanc
2764 1831 3015 1888 divinam
3042 1832 3235 1903 legem
3265 1832 3565 1900 sancimus,
3586 1837 3652 1887 ut

2011 1927 2196 1982 omnis
2219 1927 2427 1996 Africa,
2469 1942 2642 1998 quam
2678 1925 2840 1980 nobis
2868 1926 3010 1980 Deus
3035 1923 3318 1996 prmstitit,
3347 1941 3451 1995 per
3475 1925 3650 1996 ipsius

2011 2019 2460 2076 misericordiam
2499 2019 2779 2090 optimum
2821 2018 3090 2090 suscipiat
3118 2017 3400 2086 ordinem,
3443 2023 3499 2073 et
3526 2034 3653 2089 pro-

2008 2114 2193 2186 priam
2230 2114 2435 2168 habeat
2465 2113 2861 2184 praefecturam
2890 2128 2904 2166 :
2933 2117 2998 2166 ut
3031 2110 3176 2166 sicut
3217 2110 3436 2179 Oriens,
3480 2117 3653 2182 atque

2007 2206 2314 2277 Illyricum,
2344 2207 2424 2261 ita
2451 2212 2507 2261 et
2530 2205 2716 2260 Africa
2741 2204 3079 2276 pratoriana
3101 2204 3352 2258 maxima
3373 2207 3650 2275 potestate

2008 2301 2325 2370 specialiter
2358 2317 2392 2353 a
2433 2304 2628 2354 nostra
2669 2298 2971 2354 clementia
3010 2298 3325 2353 decoretur.
3355 2297 3532 2367 Cujus
3569 2311 3652 2352 se-

2007 2393 2139 2448 dem
2177 2394 2446 2464 jubemus
2490 2408 2609 2448 esse
2654 2392 3080 2463 Carthaginem,
3125 2396 3182 2445 et
3218 2390 3278 2445 in
3320 2389 3650 2461 praefatione

2006 2487 2364 2559 publicarum
2393 2487 2719 2542 chartarum
2748 2485 3101 2557 praefecturis
3130 2483 3256 2538 aliis
3281 2484 3406 2555 ejus
3440 2498 3651 2538 nomen

2007 2581 2266 2653 adjungi,
2305 2596 2478 2652 quam
2506 2596 2659 2636 nunc
2701 2583 2858 2635 tuam
2897 2576 3290 2636 excellentiam
3332 2576 3650 2649 gubernare

2007 2674 2384 2730 decernimus.

2080 2768 2181 2838 §2.
2201 2767 2345 2822 Etab
2366 2783 2431 2822 ea
2452 2765 2776 2838 (auxiliante
2795 2764 2924 2836 Deo)
2957 2767 3175 2835 septem
3200 2763 3507 2835 provinciae
3521 2779 3651 2819 cum

2007 2859 2124 2914 suis
2155 2858 2442 2932 judicibus
2483 2859 2853 2931 disponantur
2885 2874 2898 2912 :
2943 2873 3192 2929 quarum
3228 2856 3393 2928 Tingi
3431 2861 3488 2912 et
3525 2872 3651 2929 qua;

2006 2953 2421 3008 Proconsularis
2476 2956 2641 3007 antea
2693 2951 3015 3018 vocabatur,
3051 2950 3334 3021 Carthago
3377 2955 3435 3006 et
3477 2951 3649 3022 Byza-

2008 3046 2158 3102 cium
2199 3063 2261 3102 ac
2291 3045 2528 3118 Tripolis
2561 3049 2808 3100 rectores
2848 3043 3094 3100 habeant
3134 3043 3484 3113 consulares;
3519 3043 3651 3098 reli-

267 3131 478 3202 quibus
509 3133 654 3188 nihil
690 3134 932 3206 dignum
971 3152 1072 3190 nos
1112 3137 1291 3209 egisse
1330 3137 1747 3210 cognoscimus.
1791 3139 1908 3192 Prae
2009 3152 2137 3207 quae
2175 3151 2330 3205 vero,
2369 3135 2426 3190 id
2463 3139 2565 3204 est,
2597 3133 2859 3189 Numidia
2887 3136 2944 3188 et
2981 3132 3339 3200 Mauritania,
3371 3135 3430 3187 et
3465 3131 3649 3188 Sardi-

267 3225 537 3280 omnibus
576 3231 769 3282 tamen
810 3230 936 3298 hoc,
977 3230 1128 3301 quod
1171 3247 1322 3286 nunc
1368 3231 1725 3303 omnipotens
1764 3210 1985 3287 DeusC
2008 3230 2106 3284 nia
2144 3246 2177 3282 a
2213 3228 2548 3300 praesidibus
2585 3243 2718 3283 cum
2762 3226 2861 3282 Dei
2898 3225 3103 3281 auxilio
3140 3226 3552 3297 gubementur.
3581 3255 3650 3266 —-

267 3335 374 3391 per
406 3337 510 3374 nos
545 3337 650 3392 pro
691 3338 794 3376 sua
831 3323 1014 3392 laude,
1043 3328 1100 3378 et
1133 3341 1237 3395 pro
1275 3341 1375 3379 suo
1417 3325 1648 3381 nomine
1679 3327 1910 3381 demon-

266 3416 449 3468 strare
487 3413 751 3485 dignatus
791 3421 895 3482 est,
935 3417 1159 3472 excedit
1188 3418 1379 3472 omnia
1410 3419 1689 3474 mirabilia
1716 3436 1905 3492 opera,

268 3521 398 3584 quae
431 3505 493 3560 in
533 3507 736 3562 saeculo
767 3509 1151 3580 contigerunt,
1188 3513 1253 3565 ut
1282 3510 1468 3566 Africa
1510 3528 1614 3583 per
1651 3528 1754 3566 nos
1795 3516 1908 3566 tam

266 3599 427 3654 brevi
452 3603 709 3671 tempore
739 3602 1014 3674 reciperet
1038 3604 1378 3672 libertatem,
1405 3610 1569 3660 antea
1597 3605 1909 3676 nonaginta

266 3693 525 3764 quinque
565 3710 742 3748 annos
775 3712 809 3748 a
843 3696 1104 3750 Vandalis
1131 3697 1430 3769 captivata,
1461 3697 1560 3769 qui
1589 3699 1910 3753 animarum

265 3785 499 3840 fuerant
523 3785 692 3841 simul
716 3783 906 3842 hostes
932 3793 988 3844 et
1012 3806 1317 3861 corporum
1347 3810 1360 3846 :
1391 3808 1520 3845 nam
1552 3791 1768 3846 animas
1786 3792 1908 3863 qui-

267 3879 400 3934 dem
437 3879 652 3934 diversa
678 3885 964 3937 tormenta
997 3886 1166 3954 atque
1193 3884 1463 3955 supplicia
1493 3901 1612 3939 non
1640 3885 1904 3955 ferentes,

269 3972 668 4044 rebaptizando
696 3975 766 4028 ad
793 3991 954 4029 suam
982 3976 1281 4047 perﬁdiam
1310 3977 1749 4048 transferebant;
1781 3994 1906 4032 cor-

266 4081 409 4136 pora
436 4083 568 4121 vero
598 4067 790 4122 liberis
818 4069 1094 4124 natalibus
1122 4071 1293 4137 clara,
1313 4071 1456 4142 jugo
1486 4071 1780 4126 barbarico
1811 4071 1911 4127 du-

269 4158 494 4214 rissime
529 4160 925 4232 subjugabant.
963 4164 1112 4233 lpsas
1144 4180 1371 4235 quoque
1402 4165 1501 4219 Dei
1529 4169 1908 4220 sacrosanctae

268 4253 534 4308 ecclesias
567 4254 681 4308 suis
716 4254 967 4325 perﬁdiis
1007 4257 1383 4327 maculabant,
1415 4258 1630 4330 aliquas
1668 4275 1800 4314 vero
1839 4275 1909 4314 ex

271 4346 352 4400 eis
391 4347 610 4402 stabula
648 4348 924 4404 fecerunt.
967 4348 1219 4405 Vidimus
1250 4352 1598 4407 venerabiles
1625 4352 1772 4407 viros
1810 4353 1909 4424 qui

269 4440 527 4495 abscissis
563 4441 836 4497 radicitus
871 4443 1083 4514 linguis
1117 4461 1244 4498 suas
1283 4462 1474 4516 poenas
1514 4447 1911 4502 miserabiliter

2010 3324 2043 3396 §
2070 3327 2122 3380 3.
2154 3326 2220 3380 Et
2247 3324 2306 3379 in
2333 3324 2518 3379 officio
2551 3323 2782 3395 quidem
2812 3324 2927 3377 tuae
2961 3320 3391 3393 magnitudinis,
3421 3337 3647 3377 necnon

2009 3434 2113 3489 pro
2138 3421 2393 3489 tempore
2420 3417 2524 3470 viri
2553 3414 2845 3487 magniﬁci
2872 3414 3123 3486 praefecti
3149 3413 3421 3486 praetorio
3451 3414 3649 3470 Africae

2008 3516 2291 3566 trecentos
2327 3510 2644 3581 nonaginta
2673 3526 2770 3564 sex
2805 3508 2952 3562 viros
2989 3524 3095 3580 per
3120 3508 3342 3563 diversa
3367 3508 3572 3564 scrinia
3598 3510 3655 3563 et

2009 3603 2196 3658 ofﬁcia
2221 3604 2466 3658 militare
2491 3601 2870 3657 decernimus.
2901 3603 2962 3655 ln
3001 3600 3199 3655 ofﬁciis
3224 3615 3358 3655 vero
3389 3601 3649 3656 consula-

2008 3697 2160 3752 rium
2197 3713 2259 3750 ac
2298 3695 2608 3768 praesidum
2651 3693 3071 3765 quinquaginta
3110 3693 3376 3748 homines
3409 3709 3513 3764 per
3540 3692 3652 3749 sin-

2011 3791 2142 3862 gula
2167 3789 2352 3845 ofﬁcia
2375 3805 2496 3844 esse
2521 3787 2825 3843 sancimus.

2081 3885 2114 3955 §
2157 3885 2210 3938 4.
2256 3884 2390 3946 Quas
2436 3898 2567 3936 vero
2612 3879 3015 3947 emolumenta,
3069 3878 3185 3935 sive
3231 3879 3653 3951 magniﬁcentia

2009 3981 2125 4048 tua,
2155 3978 2270 4031 sive
2294 3976 2644 4042 consulares,
2674 3981 2729 4030 et
2758 3973 3050 4047 praesides,
3078 3979 3135 4030 et
3165 3974 3316 4045 quod
3342 3975 3649 4046 unusquis-

2008 4088 2120 4144 que
2160 4087 2227 4126 ex
2272 4069 2456 4124 ofﬁcio
2497 4085 2695 4123 eorum
2737 4069 2807 4123 de
2844 4067 3067 4138 publico
3115 4068 3381 4139 consequi
3425 4067 3647 4137 debeat,

2008 4164 2208 4220 notitia
2230 4163 2424 4218 subter
2455 4179 2679 4217 annexa
2704 4162 2970 4217 declarat.

2080 4259 2112 4330 §
2140 4261 2194 4312 5.
2223 4258 2494 4328 Optamus
2521 4272 2661 4328 ergo
2697 4261 2759 4311 ut
2784 4271 2981 4311 omnes
3003 4255 3224 4326 judices
3248 4255 3431 4310 nostri
3457 4271 3649 4312 secun-

2008 4354 2146 4408 dum
2180 4351 2528 4406 voluntatem
2569 4354 2626 4405 et
2660 4349 2930 4405 timorem
2967 4348 3089 4418 Dei,
3131 4354 3188 4402 et
3217 4353 3472 4403 nostram
3501 4350 3644 4406 elec-

2006 4446 2222 4509 tionem
2247 4447 2416 4515 atque
2439 4443 2853 4498 ordinationem
2873 4441 2951 4496 sic
2981 4458 3108 4495 suas
3135 4441 3650 4498 administrationes

265 4534 666 4607 loquebantur,
696 4537 790 4590 alii
819 4553 952 4591 vero
983 4541 1112 4608 post
1138 4538 1354 4594 diversa
1378 4545 1662 4596 tormenta
1687 4557 1792 4612 per
1818 4541 1899 4595 di-
1922 4573 1982 4646 D
2011 4539 2330 4611 gubernare
2359 4537 2658 4604 studeant;
2689 4541 2755 4590 ut
2781 4535 2972 4590 nullus
2997 4549 3195 4589 eorum
3226 4539 3324 4588 aut
3353 4536 3648 4606 cupiditati

263 4644 455 4682 versas
473 4629 712 4701 dispersi
725 4631 1039 4700 provincias
1054 4631 1225 4685 vitam
1241 4633 1300 4686 in
1321 4634 1518 4688 exsilio
1537 4639 1900 4707 peregerunt.

262 4722 384 4786 Quo
411 4739 550 4793 ergo
587 4740 869 4793 sermone,
903 4728 1001 4778 aut
1032 4725 1236 4796 quibus
1266 4727 1532 4798 operibus
1561 4729 1762 4801 dignas
1793 4729 1903 4784 Deo

264 4815 475 4886 gratias
499 4833 668 4887 agere
695 4818 999 4887 valeamus,
1023 4819 1121 4890 qui
1138 4835 1241 4890 per
1263 4836 1356 4874 me
1381 4820 1649 4877 ultimum
1676 4839 1902 4878 servum

263 4925 452 4979 suum,
482 4909 738 4964 Ecclesiae
773 4927 890 4966 sua:
925 4911 1164 4984 injurias
1196 4912 1481 4968 vindicare
1507 4915 1770 4986 dignatus
1795 4919 1898 4986 est,

262 5005 318 5056 et
347 5006 635 5057 tantarum
667 5004 1087 5074 provinciarum
1116 5007 1355 5078 p0pulos
1387 5025 1420 5062 a
1451 5008 1593 5080 jugo
1621 5009 1902 5065 servitutis

261 5095 522 5167 eripere?
563 5098 724 5161 Quod
765 5098 1107 5154 beneﬁcium
1151 5100 1251 5156 Dei
1297 5106 1678 5158 antecessores
1719 5103 1900 5160 nostri

259 5205 379 5244 non
405 5196 760 5260 meruerunt,
788 5193 992 5264 quibus
1021 5211 1136 5248 non
1172 5195 1356 5250 solum
1391 5195 1633 5251 Africam
1659 5195 1899 5253 liberare

261 5299 376 5337 non
407 5283 586 5354 licuit,
616 5285 713 5339 sed
745 5289 802 5340 et
825 5287 1006 5358 ipsam
1029 5289 1267 5343 Romam
1294 5290 1557 5345 viderunt
1585 5290 1654 5344 ab
1684 5291 1898 5346 eisdem

260 5376 520 5432 Vandalis
548 5382 794 5449 captam,
826 5385 882 5435 et
915 5381 1106 5436 omnia
1129 5382 1447 5455 imperialia
1475 5388 1808 5439 ornamenta
1838 5385 1896 5439 in

256 5469 504 5525 Africam
531 5471 734 5528 exinde
769 5475 1060 5531 translata.
1090 5477 1248 5532 Nunc
1279 5495 1410 5533 vero
1437 5479 1580 5533 Deus
1609 5495 1712 5549 per
1735 5494 1894 5534 suam

255 5563 707 5620 misericordiam
745 5583 858 5622 non
903 5570 1082 5624 solum
1130 5572 1399 5641 Africam,
1439 5577 1495 5628 et
1540 5588 1736 5627 omnes
1775 5573 1896 5644 ejus

245 5659 578 5730 provincias
635 5661 795 5715 nobis
845 5663 1104 5736 tradidit,
1158 5667 1255 5722 sed
1307 5672 1362 5722 et
1419 5668 1537 5740 ipsa
1586 5666 1896 5738 imperialia

255 5758 612 5826 ornamenta,
651 5773 777 5828 quae
819 5764 983 5830 capta
1027 5761 1207 5816 Roma
1250 5761 1474 5819 fuerant
1509 5763 1693 5818 ablata
1731 5761 1895 5817 nobis

253 5848 524 5906 restituit.
554 5851 704 5922 Ergo
739 5854 871 5924 post
894 5857 1050 5910 tanta
1075 5855 1367 5927 beneﬁcia,
1396 5876 1523 5932 qua!
1557 5858 1718 5914 nobis
1745 5856 1893 5912 Divi-

2003 4632 2076 4687 sit
2113 4631 2355 4697 deditus,
2393 4634 2490 4683 aut
2533 4629 2822 4683 violentias
2867 4627 3088 4699 aliquas
3129 4627 3220 4682 vel
3261 4627 3380 4698 ipse
3417 4628 3642 4700 inferat,

2001 4726 2091 4780 vel
2122 4724 2411 4796 judicibus
2448 4728 2546 4777 aut
2583 4722 2780 4776 ofﬁciis
2816 4737 3036 4790 eorum,
3078 4727 3176 4776 aut
3213 4721 3644 4795 quibuscunque

2001 4821 2124 4876 aliis
2158 4817 2519 4873 collatoribus
2558 4816 2766 4870 inferre
2807 4814 3118 4886 permittat.
3161 4815 3318 4870 Licet
3351 4815 3506 4871 enim
3543 4833 3646 4888 per

2001 4931 2196 4970 omnes
2231 4910 2544 4984 provincias
2581 4914 2798 4964 nostras
2839 4908 2970 4981 (Deo
2998 4909 3252 4981 juvante)
3286 4910 3640 4978 festinemus,

2001 5015 2067 5065 ut
2101 5010 2304 5064 illaesos
2350 5005 2596 5061 habeant
2641 5003 2959 5073 collatores,
3008 5003 3257 5058 maxime
3303 5009 3493 5058 tamen
3537 5004 3640 5058 tri-

1999 5103 2234 5160 butariis
2285 5100 2584 5156 dioeceseos
2633 5097 2909 5152 Africanae
2956 5097 3331 5165 consulimus,
3377 5097 3476 5166 qui
3517 5103 3644 5168 post

1998 5201 2288 5254 tantorum
2334 5201 2658 5266 temporum
2705 5191 3082 5263 captivitatem
3129 5195 3466 5245 meruerunt
3510 5191 3642 5260 (Deo

1990 5293 2243 5364 juvante)
2303 5306 2404 5362 per
2453 5305 2554 5342 nos
2600 5287 2796 5340 lumen
2841 5283 3115 5338 libertatis
3160 5283 3435 5353 aspicere.
3487 5286 3637 5357 Ergo

1990 5388 2260 5458 jubemus
2288 5400 2486 5440 omnes
2519 5379 2808 5436 violentias
2839 5383 2894 5431 et
2929 5392 3165 5431 omnem
3195 5376 3491 5433 avaritiam
3529 5395 3642 5435 ces-

1998 5498 2152 5548 sare,
2211 5486 2267 5534 et
2314 5478 2598 5550 justitiam
2649 5478 2816 5545 atque
2877 5470 3172 5524 veritatem
3241 5471 3390 5526 circa
3444 5489 3638 5528 omnes

1994 5580 2218 5630 nostros
2268 5571 2596 5628 tributarios
2656 5564 2946 5623 reservari.
3011 5563 3098 5618 Sic
3165 5564 3317 5619 enim
3369 5569 3426 5620 et
3485 5567 3636 5622 Deus

1994 5665 2326 5741 placabitur,
2374 5671 2430 5720 et
2471 5665 2582 5736 ipsi
2628 5665 2865 5735 possunt
2913 5657 3181 5728 celerius,
3232 5658 3374 5714 sicut
3412 5661 3640 5716 collato-

1996 5782 2084 5820 res
2140 5760 2235 5816 alii
2301 5762 2508 5814 nostra:
2577 5756 2937 5826 reipublicae,
2999 5752 3238 5808 relevari
3300 5757 3470 5826 atque
3529 5755 3634 5808 ﬂo-

1995 5874 2144 5914 rere.
2185 5886 2253 5897 —
2292 5855 2323 5926 §
2357 5855 2408 5907 6.
2451 5850 2736 5921 Sportulas
2789 5849 2958 5903 etiam
3026 5847 3097 5902 ab
3144 5848 3328 5903 ofﬁcio
3381 5855 3494 5904 tam
3533 5847 3640 5904 viri
