4032 6232
495 292 621 345 1091

490 399 804 465 confusum,
837 400 892 452 et
918 414 950 451 ξι
971 397 1132 453 nobis
1151 401 1480 469 purgatum,
1502 397 1660 468 quasi
1685 398 1931 470 quodam
1951 415 2114 453 muro
2140 411 2199 483 Α

487 493 776 562 vallatum,
803 491 949 545 nihil
979 497 1138 546 extra
1167 507 1225 544 se
1253 491 1487 546 habeat:
1509 491 1774 546 omnibus
1799 493 2124 549 auctoribus

480 586 629 658 juris
659 601 821 656 aaqua
847 585 1126 656 dignitate
1154 584 1518 655 pollentibus,
1553 589 1609 639 et
1629 585 1852 639 nemini
1879 588 2123 656 quadam

489 663 862 751 praerogativa
892 677 1181 743 servanda,
1213 676 1344 747 quia
1360 694 1473 732 non
1495 694 1691 733 omnes
1719 679 1778 732 in
1791 680 2002 748 omnia,
2028 682 2123 735 sed

491 774 628 828 certi
648 789 751 844 per
777 777 948 840 certa,
968 770 1053 824 vel
1083 770 1360 839 meliores,
1377 772 1463 825 vel
1485 772 1792 827 deteriores
1819 773 2120 828 inveniun-

489 872 605 922 tur.
637 896 705 906 —
731 865 760 937 §
775 869 826 919 6.
843 864 950 919 Sed
967 880 1152 934 neque
1169 880 1237 918 ex
1266 865 1633 920 multitudine
1648 867 2123 938 auctorum,quod

490 960 694 1014 melius
740 962 795 1013 et
841 957 1056 1028 aequius
1101 960 1205 1027 est,
1230 958 1562 1028 judicatote,
1591 975 1722 1014 cum
1749 960 1929 1030 possit
1956 961 2122 1014 unius

495 1049 767 1124 [forsitan]
796 1056 852 1105 et
867 1050 1166 1105 deterioris
1193 1052 1491 1118 sententia,
1523 1057 1580 1107 et
1607 1053 1831 1122 multas,
1862 1059 1917 1107 et
1939 1054 2118 1124 majo—

491 1163 582 1200 res
606 1146 667 1199 in
693 1145 880 1216 aliqua
903 1149 1060 1214 parte
1090 1161 1378 1216 superare.
1401 1146 1469 1198 Et
1488 1145 1618 1200 ideo
1633 1162 1697 1200 ea
1725 1163 1853 1217 quae
1884 1152 2046 1200 antea
2063 1147 2122 1200 in

492 1239 641 1292 notis
669 1238 856 1292 ,ίΕωὶἰί
889 1237 1186 1308 Papiniani
1217 1242 1273 1292 et
1303 1239 1558 1308 Ulpiano,
1585 1243 1642 1292 et
1668 1240 1861 1307 Paulo,
1902 1255 2122 1293 necnon

488 1331 768 1386 Marciano
796 1331 1036 1401 ascripta
1066 1334 1216 1399 sunt,
1248 1348 1376 1403 qua:
1417 1335 1582 1386 antea
1603 1332 1823 1386 nullam
1846 1332 1961 1386 vim
1986 1332 2124 1386 obti-

492 1424 703 1480 nebant
739 1430 971 1496 pr0pter
1009 1424 1285 1479 honorem
1328 1425 1769 1495 splendidissimi
1801 1425 2120 1497 Papiniani,

489 1536 609 1574 non
635 1517 825 1572 statim
856 1505 1120 1588 respuere
1145 1536 1161 1587 ;
1190 1518 1287 1573 sed
1313 1518 1357 1572 si
1387 1517 1524 1590 quid
1551 1534 1616 1572 ex
1641 1518 1730 1573 his
1754 1519 1825 1572 ad
1853 1519 2119 1590 repletio-

491 1628 625 1666 nem
649 1611 857 1666 summi
880 1611 1100 1682 ingenii
1117 1611 1411 1682 Papiniani
1432 1611 1711 1681 laborum,
1741 1613 1828 1666 vel
1849 1612 2125 1684 interpre-

489 1706 759 1761 tationem
789 1705 1168 1759 necessarium
1194 1721 1310 1759 esse
1341 1705 1761 1776 perspexeritis,
1793 1711 1848 1760 et
1875 1707 1981 1760 hoc
2016 1722 2120 1777 po-

492 1814 648 1866 nere,
677 1798 817 1868 legis
843 1799 1022 1852 vicem
1040 1799 1317 1867 obtinens,
1337 1815 1452 1852 non
1473 1799 1780 1853 moremini
1797 1815 1810 1852 :
1829 1803 1890 1852 ut
1903 1815 2120 1868 omnes,
2144 1781 2198 1852 Β

492 1892 591 1963 qui
615 1891 771 1946 relati
793 1890 1007 1946 fuerint
1027 1891 1085 1944 in
1105 1891 1258 1945 hunc
1280 1892 1540 1946 Codicem
1562 1892 2121 1962 prudentissimiviri,

490 1985 740 2038 habeant
763 1983 1175 2050 auctoritatem,
1219 1987 1492 2054 tanquam
1539 1985 1584 2038 si
1621 2001 1820 2039 eorum
1846 1986 2030 2040 studia
2055 2003 2125 2041 ex

490 2077 891 2150 principalibus
933 2076 1430 2132 constitutionibus
1471 2077 1745 2149 profecta,
1789 2082 1899 2132 eta
1934 2084 2125 2134 nostro

491 2170 682 2226 divino
707 2171 1025 2226 fuerintore
1041 2170 1269 2242 profusa
1291 2187 1304 2224 :
1325 2171 1517 2225 omnia
1533 2171 1687 2226 enim
1708 2172 1910 2227 merito
1930 2177 2126 2227 nostra

491 2264 748 2333 facimus,
782 2265 914 2335 quia
937 2281 1006 2318 ex
1034 2263 1197 2318 nobis
1227 2265 1414 2318 omnis
1441 2265 1521 2319 eis
1548 2265 1905 2335 impertietur
1927 2269 2122 2320 aucto-

489 2359 654 2427 ritas;
683 2375 816 2412 nam
845 2357 943 2428 qui
976 2356 1126 2430 [non]
1153 2357 1434 2412 subtiliter
1455 2358 1667 2412 factum
1695 2359 1976 2428 emendat,
2009 2359 2125 2413 lau-

491 2451 732 2506 dabilior
759 2455 842 2505 est
869 2467 934 2504 eo
953 2451 1050 2521 qui
1078 2451 1298 2521 primus
1324 2451 1561 2506 invenit.
1591 2482 1658 2490 --
1679 2452 1776 2523 §7.
1803 2453 1909 2508 Sed
1938 2456 1994 2505 et
2018 2453 2124 2507 hoc

491 2544 806 2598 studiosum
831 2543 987 2597 vobis
1013 2560 1132 2597 esse
1148 2545 1426 2611 volumus,
1444 2550 1509 2599 ut
1526 2545 1572 2598 si
1597 2545 1734 2615 quid
1759 2546 1818 2598 in
1845 2545 2124 2600 veteribus

489 2653 606 2691 non
626 2637 769 2691 bene
796 2637 1045 2708 positum
1063 2637 1222 2691 libris
1248 2637 1563 2707 inveniatis,
1591 2639 1679 2692 vel
1695 2638 1908 2709 aliquid
1927 2656 2124 2709 super-

490 2730 694 2797 ﬂuum,
723 2731 808 2784 vel
828 2730 1017 2784 minus
1038 2730 1352 2801 perfectum
1380 2729 1746 2802 [supervacua
1767 2731 2122 2802 longitudine

492 2828 728 2892 semota,
759 2826 815 2879 et
841 2824 990 2896 quod
1006 2824 1427 2896 imperfectum]
1456 2828 1539 2879 est
1559 2825 1843 2896 repleatis,
1875 2831 1930 2880 et
1955 2842 2124 2880 omne

491 2935 638 2990 opus
663 2918 1042 2986 moderatum,
1065 2920 1120 2971 et
1136 2934 1310 2989 quam
1324 2918 1777 2988 pulcherrimum
1797 2919 2119 2974 ostendatis.

488 3013 603 3066 Hoc
633 3011 806 3066 etiam
836 3011 1204 3065 nihilominus
1234 3011 1608 3078 observando,
1647 3015 1706 3066 ut
1751 3011 1796 3065 si
1824 3012 2034 3082 aliquid
2062 3012 2119 3065 in

488 3104 774 3160 veteribus
802 3104 1043 3176 legibus,
1073 3106 1160 3158 vel
1194 3105 1708 3170 constitutionibus,
1739 3121 1876 3175 quas
1905 3105 2122 3176 antiqui

500 3145 774 3160 ,υυυμυιιυ
802 3145 1043 3176 Nam...”
1083 3145 1160 3158 ν...
1194 3145 1708 3170 ..νηυηηηιυμυωη
1739 3145 1876 3175 νη...
1905 3145 2122 3176 “aq...

489 3199 550 3252 in
562 3199 678 3252 suis
692 3197 851 3251 libris
866 3201 1198 3267 posuerunt,
1214 3214 1331 3252 non
1351 3201 1500 3252 recte
1515 3197 1786 3268 scriptum
1805 3198 2121 3266 inveniatis,
2145 3145 2199 3219 Ο

493 3297 549 3346 et
577 3293 683 3346 hoc
709 3291 1047 3358 reformetis,
1077 3295 1133 3345 et
1151 3291 1333 3344 ordini
1361 3291 1652 3345 moderato
1667 3291 2001 3357 tradatis,ut
2019 3291 2126 3346 hoc

490 3384 748 3438 videatur
773 3399 892 3437 esse
919 3398 1136 3451 verum,
1169 3389 1225 3437 et
1251 3383 1553 3454 optimum,
1581 3386 1637 3438 et
1663 3383 1822 3454 quasi
1864 3383 1933 3438 ab
1964 3383 2126 3438 initio

493 3476 789 3548 scriptum,
811 3476 963 3547 quod
983 3493 1016 3529 a
1046 3475 1200 3530 vobis
1217 3477 1476 3542 electum,
1493 3481 1548 3531 et
1562 3475 1638 3530 ibi
1659 3476 1903 3547 positum
1931 3477 2122 3532 fuerit.

493 3571 561 3626 Et
589 3587 757 3625 nemo
801 3586 867 3624 ex
907 3568 1325 3640 comparatione
1366 3570 1569 3625 veteris
1608 3569 1929 3637 voluminis,
1967 3570 2127 3642 quasi

489 3663 752 3718 vitiosam
777 3662 1117 3734 scripturam
1143 3679 1386 3733 arguere
1414 3662 1638 3718 audeat.
1663 3664 1802 3717 Cum
1823 3664 1977 3718 enim
2001 3664 2126 3734 lege

490 3757 744 3829 antiqua,
772 3773 899 3828 quae
927 3755 1107 3826 Regia
1131 3754 1582 3827 nuncupabatur,
1610 3772 1778 3810 omne
1798 3756 1894 3826 jus
1919 3757 2128 3810 omnis-

491 3867 602 3922 que
615 3854 862 3922 potestas
881 3848 1326 3921 populiRomani
1344 3849 1400 3903 in
1414 3849 1838 3919 imperatoriam
1857 3849 2128 3904 translata

491 3949 623 3999 sunt
652 3947 1008 4015 potestatem,
1054 3959 1156 3997 nos
1199 3959 1332 3997 vero
1360 3943 1706 3998 sanctionem
1751 3958 1982 3996 omnem
2011 3958 2128 3996 non

492 4037 798 4093 dividimus
821 4037 881 4091 in
917 4035 1073 4106 alias,
1121 4039 1178 4090 et
1224 4036 1358 4090 alias
1392 4036 1750 4091 conditorum
1795 4041 2000 4107 partes,
2028 4035 2128 4090 sed

490 4134 666 4186 totam
695 4133 945 4185 nostram
973 4146 1091 4185 esse
1120 4130 1404 4196 volumus,
1433 4129 1572 4200 quid
1607 4129 1782 4200 possit
1820 4129 2128 4200 antiquitas

493 4224 698 4279 nostris
711 4223 932 4296 legibus
945 4224 1220 4296 abrogare
1233 4225 1260 4278 ‘I
1274 4225 1342 4277 Et
1356 4223 1416 4276 in
1442 4225 1667 4277 tantum
1685 4221 1887 4277 eadem
1914 4221 2128 4290 omnia,

492 4335 625 4380 cum
648 4319 890 4390 reposita
905 4321 1058 4387 sunt,
1078 4317 1352 4385 obtinere,
1371 4319 1431 4369 ut
1445 4320 1502 4370 et
1519 4315 1564 4369 si
1586 4317 1748 4370 aliter
1758 4316 1970 4371 fuerint
1979 4316 2131 4386 apud

489 4425 707 4478 veteres
727 4411 1062 4482 conscripta,
1094 4411 1153 4465 in
1173 4409 1520 4465 contrarium
1547 4414 1738 4464 autem
1767 4409 1826 4463 in
1846 4409 2123 4480 positione

1633 292 1888 347 SIECULI
1927 289 2116 346 SEXTI
2155 292 2707 348 SUPPLEMENTUM.

3721 294 3845 347 1092

2219 399 2430 454 oriatur
2450 400 2665 470 aliquid
2697 401 2753 453 in
2770 399 2868 453 tali
2890 403 3051 470 prato
3077 397 3388 470 spinosum.
3412 399 3534 468 -—§
3562 401 3644 454 10.
3671 399 3776 454 Sed
3799 405 3850 454 ct

2224 491 2268 545 si
2298 509 2425 563 quae
2447 493 2602 564 leges
2629 493 2689 548 in
2715 493 2997 548 veteribus
3022 491 3178 546 libris
3198 493 3416 563 positae,
3441 493 3563 564 jam
3585 493 3641 547 in
3664 493 3850 548 desue-

2224 585 2480 640 tudinem
2505 585 2786 654 abierunt,
2818 586 2974 640 nullo
3002 586 3170 639 modo
3200 586 3356 640 vobis
3383 586 3608 641 easdem
3647 602 3849 656 ponere

2224 679 2624 748 permittimus,
2658 682 2804 733 'cum
2840 679 2962 732 haec
3008 680 3404 734 tantummodo
3442 679 3696 734 obtinere
3728 679 3852 732 veli-

2223 788 2349 825 mus
2377 788 2506 842 quae
2533 772 2619 826 vel
2638 772 2986 842 judiciorum
3015 773 3511 844 frequentissimus
3541 773 3676 827 ordo
3703 788 3852 826 exer-

2223 864 2356 931 cuit,
2386 864 2472 919 vel
2502 864 2675 936 longa
2709 867 3059 920 consuetudo
3101 865 3273 936 hujus
3303 867 3467 920 almaa
3510 865 3667 920 urbis
3698 882 3850 920 com-

2223 957 2495 1027 probavit,
2515 958 3059 1029 secundumealviiJ
3068 959 3242 1012 uliani
3259 959 3752 1030 scripturam,quae
3777 959 3856 1012 in-

2224 1050 2371 1105 dicat
2395 1051 2599 1106 debere
2625 1068 2821 1106 omnes
2860 1052 3112 1107 civitates
3148 1037 3620 1106 consuetudinem
3661 1053 3855 1107 Romze

2221 1143 2379 1214 sequi
2413 1143 2488 1215 [et
2511 1145 2706 1215 leges],
2739 1162 2867 1216 quae
2905 1151 3073 1216 caput
3103 1149 3185 1199 est
3212 1145 3364 1199 orbis
3398 1151 3707 1214 terrarum,
3739 1162 3856 1199 non

2222 1236 2404 1307 ipsam
2421 1237 2558 1291 alias
2575 1237 2844 1305 civitates.
2871 1239 3113 1292 Romam
3135 1243 3328 1293 autem
3353 1238 3726 1310 intelligimus
3742 1255 3859 1293 non

2225 1329 2409 1383 solum
2458 1334 2726 1399 veterem,
2781 1331 2880 1385 sed
2923 1331 3097 1384 etiam
3140 1332 3358 1402 regiam
3405 1335 3687 1400 nostram,
3733 1347 3860 1403 quae

2223 1423 2337 1477 Deo
2363 1423 2608 1494 propitio
2637 1440 2769 1478 cum
2801 1424 3133 1478 melioribus
3162 1424 3385 1479 condita
3411 1430 3496 1479 est
3519 1425 3795 1496 auguriis.

2294 1517 2327 1588 §
2359 1520 2440 1570 11.
2477 1515 2606 1571 ldeo
2626 1516 2896 1587 jubemus
2925 1518 3144 1572 duobus
3171 1518 3296 1572 istic
3332 1517 3628 1572 Codicibus
3662 1518 3861 1572 omnia

2225 1609 2530 1680 gubernari
2562 1627 2574 1663 :
2611 1627 2723 1664 uno
2755 1610 3243 1678 constitutionum,
3266 1612 3445 1665 altero
3465 1611 3612 1681 juris
3640 1611 3861 1664 enucle«

2223 1703 2301 1757 ati
2328 1708 2384 1757 et
2412 1703 2470 1757 in
2503 1703 2754 1758 futurum
2782 1704 3046 1758 Codicem
3075 1704 3478 1775 componendi,
3511 1704 3598 1758 vel
3629 1705 3673 1758 si
3725 1703 3862 1775 quid

2222 1796 2375 1850 aliud
2394 1797 2784 1852 anobisfuerit
2795 1799 3220 1869 promulgatum
3240 1797 3661 1852 institutionum
3680 1797 3862 1852 vicem

2227 1889 2524 1957 obtinens;
2555 1895 2615 1944 ut
2643 1891 2800 1944 rudis
2827 1891 3055 1945 animus
3086 1891 3319 1965 studiosi
3347 1891 3698 1962 simplicibus
3729 1907 3866 1945 enu-

2225 1983 2410 2050 tritus,
2439 1983 2656 2038 facilius
2686 1984 2756 2038 ad
2779 1984 2988 2038 altioris
3008 1984 3326 2055 prudentiae
3355 1985 3648 2056 redigatur
3673 1985 3862 2039 scien-

2225 2076 2382 2130 tiam.
2414 2107 2482 2114 —-
2525 2076 2555 2147 §
2600 2080 2682 2131 l2.
2734 2076 2988 2130 Nostram
3035 2084 3227 2132 autem
3281 2078 3865 2144 consummationem,

2225 2186 2352 2240 quae
2371 2187 2403 2222 a
2421 2169 2580 2223 nobis
2609 2170 2725 2222 Deo
2754 2175 3044 2225 annuente
3075 2176 3466 2241 componatur,
3498 2171 3866 2238 Digestorum

2223 2263 2310 2316 vel
2362 2262 2778 2317 Pandectarum
2827 2280 3035 2317 nomen
3089 2263 3298 2318 habere
3342 2263 3647 2333 sancimus,
3694 2265 3868 2318 nullis

2216 2356 2362 2426 juris
2386 2355 2582 2427 peritis
2607 2356 2666 2409 in
2698 2360 2987 2426 posterum
3029 2357 3366 2411 audentibus
3420 2358 3869 2412 commentarios

2224 2449 2301 2502 illi
2352 2450 2635 2520 applicare
2675 2453 2731 2503 et
2771 2449 3110 2504 verbositate
3152 2467 3252 2504 sua
3297 2451 3606 2522 supradicti
3643 2451 3869 2506 Codicis

2225 2543 2624 2614 compendium
2655 2543 3001 2597 confundere
3037 2560 3049 2597 :
3090 2544 3578 2613 quemadmodum
3625 2543 3685 2598 in
3711 2545 3866 2598 anti-

2223 2636 2514 2708 quioribus
2542 2636 2929 2708 [temporibus]
2965 2636 3178 2690 factum
3206 2642 3308 2704 est,
3342 2653 3472 2690 cum
3510 2654 3611 2708 per
3637 2643 3870 2692 contra-

2223 2732 2335 2784 rias
2361 2730 2859 2800 interpretantium
2882 2730 3190 2784 sententias
3219 2734 3404 2784 totum
3426 2731 3519 2800 jus
3551 2747 3696 2801 pene
3725 2748 3869 2785 con-

2223 2825 2512 2878 turbatum
2538 2828 2655 2889 est;
2680 2823 2774 2878 sed
2803 2823 3042 2878 sufficiat
3067 2840 3170 2893 per
3213 2823 3422 2877 indices
3464 2825 3874 2879 tantummodo

2223 2923 2279 2972 et
2304 2917 2597 2971 titulorum
2607 2915 2975 2970 subtilitatem
2995 2914 3871 2988 [quzempcimkainuncupantur]

2221 3011 2486 3080 quaedam
2509 3009 2892 3064 admonitoria
2916 3010 3036 3080 ejus
3059 3010 3260 3078 facere,
3285 3011 3441 3064 nullo
3475 3027 3542 3064 ex
3584 3010 3877 3081 interpre-

2224 3104 2438 3158 tatione
2464 3119 2661 3158 eorum
2686 3102 2820 3157 vitio
2851 3102 3111 3157 oriundo.
3146 3132 3213 3142 —-
3240 3105 3272 3174 §
3298 3106 3380 3157 13.
3413 3104 3491 3156 Ne
3528 3110 3720 3158 autem
3764 3120 3881 3174 per

2224 3195 2555 3266 scripturam
2582 3195 2775 3266 aliqua
2801 3196 2925 3263 ‘fiat
2954 3196 3013 3249 in
3043 3203 3333 3266 posterum
3362 3195 3659 3263 dubitatio,
3688 3196 3879 3266 jube-

2225 3305 2353 3343 mus
2379 3306 2493 3343 non
2524 3305 2626 3359 per
2652 3288 2995 3360 simplorum
3035 3289 3322 3360 captiones
3361 3292 3418 3343 et
3457 3290 3886 3360 compendiosa

2225 3382 2548 3453 aanigmata,
2575 3399 2706 3454 qua:
2750 3383 2958 3436 multas
2995 3399 3099 3453 per
3126 3399 3184 3436 se
3216 3386 3274 3436 et
3305 3398 3410 3454 per
3445 3399 3614 3437 suum
3660 3383 3889 3439 vitium

2225 3475 2563 3530 antinomias
2584 3475 2947 3545 induxerunt,
2972 3476 3226 3546 ejusdem
3249 3476 3463 3530 Codicis
3485 3479 3706 3531 textum
3735 3494 3888 3532 con-

2225 3569 2411 3635 scribi,
2455 3567 2673 3623 etiamsi
2714 3585 2990 3623 numerus
3035 3570 3307 3623 librorum
3333 3569 3731 3646 .significetur,
3772 3575 3891 3625 aut

2225 3662 2376 3716 aliud
2404 3662 2744 3733 quidquam;
2776 3679 2881 3716 nec
2907 3663 3058 3716 enim
3077 3679 3177 3733 per
3197 3663 3457 3734 specialia
3483 3664 3649 3733 signa
3665 3680 3894 3718 nume-

2226 3771 2423 3810 rorum
2450 3755 2818 3824 manifestari,
2835 3755 2930 3810 sed
2951 3756 3382 3826 perlitterarum
3395 3759 3894 3828 consequentiam

2228 3848 2518 3919 explanari
2560 3849 2942 3903 concedimus.
2992 3879 3059 3888 —-
3097 3849 3130 3920 ἔ
3170 3850 3253 3905 14.
3289 3851 3417 3904 Hiec
3461 3849 3637 3920 igitur
3668 3853 3896 3906 omnia

2228 3943 2340 3997 Deo
2371 3942 2592 4013 placido
2618 3942 2802 3996 facere
2825 3947 2919 3995 tua
2938 3943 3239 4013 prudentia
3261 3960 3372 3997 una
3385 3960 3515 3997 cum
3530 3944 3652 3998 aliis
3676 3945 3898 4000 facun-

2228 4035 2474 4090 dissimis
2500 4035 2633 4111 viris
2661 4036 2899 4102 studeat,
2935 4041 2992 4090 et
3017 4039 3129 4089 tam
3160 4037 3347 4090 subtili
3375 4054 3547 4108 quam
3567 4038 3902 4094 celerrimo

2226 4127 2328 4182 fini
2349 4129 2590 4195 tradere;
2613 4133 2678 4182 ut
2702 4129 2889 4183 Codex
2919 4132 3365 4199 consummatus,
3397 4135 3455 4184 et
3484 4131 3544 4184 in
3572 4131 3898 4203 quinqua-

2231 4227 2388 4298 ginta
2416 4227 2586 4281 libros
2613 4227 2866 4297 digestus
2895 4227 3058 4281 nobis
3083 4227 3349 4282 offeratur
3377 4227 3435 4282 in
3463 4228 3798 4283 maximam
3834 4235 3902 4286 et

2230 4325 2503 4374 aeternam
2541 4319 2626 4374 rei
2653 4320 3013 4389 memoriam,
3047 4321 3254 4392 Deique
3287 4321 3698 4392 omnipotentis
3732 4341 3901 4395 pru-

2230 4412 2437 4467 dentiae
2474 4419 2899 4484 argumentum,
2942 4415 3231 4486 nostrique
3278 4414 3520 4486 imperii,
3579 4418 3911 4492 vestrique

485 4504 1098 4580 imeniantunnullum
1111 4503 1327 4558 crimen
1356 4503 1649 4574 scripturae
1678 4502 2012 4574 imputetur,
2033 4503 2128 4557 sed
2148 4512 2208 4584 D
2231 4507 2528 4560 ministerii
2546 4508 2801 4578 gloriam.
2829 4508 2946 4562 Dat.
2976 4525 3107 4563 xvui
3135 4508 3692 4578 Kalend.Januariis,
3712 4511 3915 4566 Lam-

490 4614 698 4666 nostrze
724 4603 983 4662 electioni
1011 4596 1118 4656 hoc
1144 4595 1476 4653 ascribatur.
1508 4626 1575 4635 ——
1606 4595 1636 4667 §
1667 4598 1720 4651 8.
1752 4596 1914 4649 Nulla
1938 4596 2126 4667 itaque

492 4705 550 4760 in
576 4701 840 4759 omnibus
864 4694 1120 4771 praedicti
1145 4689 1362 4749 Codicis
1391 4689 1662 4745 membris
1684 4688 2003 4743 antinomia
2033 4688 2128 4756 (sic

490 4799 644 4854 enim
675 4813 708 4851 a
747 4797 1020 4850 vetustate
1051 4791 1242 4846 Graeco
1282 4783 1554 4841 vocabulo
1600 4783 1980 4854 nuncupatur)
2022 4780 2123 4837 ali-

492 4908 666 4964 quem
693 4889 798 4944 sibi
825 4885 1072 4942 vindicet
1093 4883 1300 4950 locum,
1331 4880 1428 4936 sed
1448 4880 1521 4934 sit
1543 4895 1658 4934 una
1682 4874 1996 4944 concordia,
2011 4893 2130 4933 una

490 4982 915 5055 consequentia,
942 4977 1268 5035 adversario
1299 4974 1526 5030 nemine
1569 4973 1894 5028 constituto.
1922 5003 1991 5012 —
2017 4971 2049 5044 §
2072 4973 2126 5026 9.

493 5079 604 5136 Sed
629 5083 686 5133 et
711 5074 1140 5131 similitudinem
1167 5069 1503 5141 (secundum
1531 5066 1682 5140 quod
1702 5065 1914 5122 dictum
1941 5066 2041 5138 est)
2059 5065 2128 5120 ab

492 5171 823 5245 hujusmodi
853 5165 1346 5223 consummatione
1370 5164 1636 5217 volumus
1667 5162 1945 5231 exsulare,
1979 5162 2036 5216 et
2064 5173 2131 5215 ea

491 5284 621 5340 quae
645 5261 1038 5320 sacratissimis
1070 5256 1570 5316 constitutionibus
1598 5272 1738 5328 quas
1769 5255 1829 5309 in
1866 5253 2130 5311 Codicem

486 5366 750 5418 nostrum
770 5357 1104 5427 redegimus
1123 5358 1284 5408 cauta
1304 5354 1456 5420 sunt,
1478 5350 1688 5405 iterum
1705 5348 1839 5421 poni
1866 5365 1934 5404 ex
1950 5347 2134 5404 veteri

483 5457 615 5528 jure
645 5471 760 5511 non
785 5449 1169 5514 concedimus,
1198 5462 1328 5501 cum
1357 5444 1625 5500 divalium
1666 5441 2130 5497 constitutionum

487 5549 706 5606 sanctio
735 5545 979 5600 sufficiat
997 5543 1069 5598 ad
1094 5557 1294 5598 eorum
1319 5537 1735 5602 auctoritatem,
1760 5535 2033 5606 nisiforte
2045 5534 2132 5589 vel

489 5648 724 5716 propter
753 5639 1106 5707 divisionem,
1131 5635 1219 5692 vel
1237 5636 1470 5707 propter
1489 5627 1880 5703 repletionem,
1897 5629 1982 5683 vel
2005 5643 2134 5699 pro-

489 5743 616 5808 pter
641 5733 955 5806 pleniorem
983 5730 1315 5803 indaginem
1345 5728 1453 5782 hoc
1479 5721 1810 5798 contigerit;
1841 5724 1899 5777 et
1922 5720 2030 5777 hoc
2052 5721 2132 5776 ta-

487 5847 626 5889 men
649 5845 904 5904 perraro,
931 5846 1006 5888 ne
1034 5845 1105 5888 ex
1129 5825 1550 5885 continuatione
1575 5819 1913 5896 hujusmodi
1937 5819 2128 5890 lapsus

2224 4600 2394 4673 padio
2425 4606 2480 4655 et
2498 4601 2689 4655 Oreste
2719 4602 2851 4656 viris
2875 4601 3201 4656 clarissimis
3227 4618 3367 4657 coss.
3417 4605 3542 4658 530.
3579 4604 3914 4664 Feliciter.

2925 4704 3047 4758 LEX
3079 4705 3170 4758 Ill.

2383 4797 2442 4847 In
2469 4795 2679 4848 nomine
2713 4795 2920 4846 Dom‘im‘
2945 4802 2991 4846 et
3017 4796 3112 4845 Dei
3136 4797 3309 4847 nostri
3330 4795 3452 4846 Iesu
3477 4794 3696 4848 Christi.

2300 4884 2615 4954 Imperator
2630 4885 2813 4937 Cresar
2829 4880 3920 4957 FlaviusJustinianus,A1emannicus,

2226 4977 2507 5046 Gothicus,
2542 4976 2857 5043 Francicus,
2890 4972 3275 5042 Germanicus,
3302 4975 3553 5044 Anticus,
3576 4978 3927 5051 Alanicus,

2229 5069 2575 5139 Vandalicus,
2608 5069 2920 5137 Africanus,
2964 5069 3114 5140 pius,
3153 5069 3310 5136 felix,
3348 5069 3613 5140 inclytus,
3666 5073 3926 5144 victor,

2229 5164 2630 5235 triumphator,
2654 5179 2884 5233 semper.
2903 5162 3170 5217 colendus
3193 5165 3480 5234 Augustus
3495 5164 3570 5218 ad
3586 5181 3689 5219 ma
3698 5183 3932 5238 gnum

2229 5259 2488 5314 senatum
2518 5263 2573 5312 et
2598 5256 2891 5328 populum,
2915 5258 2972 5311 et
2989 5272 3187 5311 omnes
3206 5256 3359 5312 orbis
3380 5257 3562 5312 nostri
3585 5258 3929 5317 civitates.

2301 5351 2468 5405 Dedit
2495 5350 2658 5405 nobis
2688 5351 2834 5404 Deus
2862 5355 2987 5421 post
3025 5366 3228 5421 pacem
3256 5366 3387 5405 cum
3429 5351 3617 5406 Persis
3642 5352 3935 5424 initam,

2228 5447 2359 5516 post
2382 5443 2687 5498 Vandalica
2716 5443 2993 5514 trophtea,
3017 5448 3073 5498 et
3101 5447 3278 5498 totam
3305 5443 3492 5514 Libyae
3526 5447 3930 5516 acquisitio-

2229 5554 2384 5605 nem,
2415 5541 2652 5608 postque
2681 5535 3190 5591 nominatissimam
3221 5537 3627 5606 Carthaginem
3684 5550 3937 5598 nostro

2232 5631 2434 5685 iterum
2464 5629 2707 5701 imperio
2733 5629 3018 5695 sociatam,
3043 5633 3108 5683 ut
3132 5633 3388 5683 veterum
3414 5629 3617 5700 legum
3629 5647 3936 5690 remora.

2234 5722 2399 5778 tionis
2427 5738 2568 5795 Opus
2579 5723 2649 5778 ad
2660 5727 2919 5796 optatum
2932 5721 3105 5778 finem
3115 5723 3576 5794 perduceremus,
3598 5729 3804 5796 quod
3817 5747 3932 5786 ne-

2231 5833 2328 5874 mo
2340 5816 2665 5890 principum
2675 5819 2807 5874 ante
2820 5821 3077 5873 nostrum
3089 5816 3398 5889 imperium
3408 5821 3527 5887 ,aut
3537 5816 3600 5874 in
3611 5829 3934 5881 mentem
