4032 6232
162 328 174 377 ι
187 326 284 379 093

873 325 1238 382 JUSTINIANI
1282 325 1488 381 LEGES
1527 324 1858 380 SELECTA'I.
1905 325 2027 380 LIB.
2073 325 2112 395 l,
2154 325 2276 379 TlT.
2319 325 2473 390 XVII,
2518 326 2644 380 LEX
2687 324 2774 381 lll.

3370 327 3506 383 1094

151 432 339 486 induci
363 447 545 503 posse,
569 437 667 488 aut
693 433 949 489 humano
977 434 1210 505 ingenio
1235 433 1496 505 possibile
1527 449 1642 488 esse
1665 432 1778 488 exi-
1800 445 1858 517 Α
1877 431 2200 500 maritimis,
2221 437 2277 486 et
2300 432 2368 487 de
2389 433 2826 504 probationibus
2857 435 3029 504 atque
3048 433 3503 505 praesumptioni-

149 525 408 579 stimavit.
437 527 568 580 Erat
588 526 742 582 enim
763 527 1024 582 mirabile
1047 544 1274 582 omnem
1305 528 1624 581 Romanam
1645 543 1774 581 san-

149 618 395 672 ctionem
433 636 462 672 a
493 620 719 674 condita
746 624 936 676 vetere
960 622 1145 676 Roma
1172 637 1348 691 usque
1371 621 1440 674 ad
1470 620 1652 674 nostri
1677 619 1778 673 im-

147 711 288 782 perii
315 716 597 782 tempora,
630 730 756 784 quae
780 731 924 784 pene
952 714 1013 767 in
1035 714 1194 768 mille
1221 717 1278 767 et
1298 718 1577 768 trecentos
1595 731 1777 767 annos

147 811 510 873 concurrunt,
541 823 657 861 non
680 808 864 862 solum
878 824 1072 862 secum
1095 807 1154 861 in
1174 806 1344 860 variis
1360 807 1472 861 suis
1499 807 1773 877 partibus,

145 897 244 951 sed
277 897 334 952 in
364 899 758 970 imperialibus
789 899 1014 972 quoque
1043 900 1363 971 praesertim
1396 899 1776 953 sanctionibus

145 991 294 1046 inter
312 1008 546 1047 omnem
560 997 764 1048 nutare
787 994 1222 1049 consonantiam
1240 994 1455 1065 pariter
1471 1010 1534 1047 ac
1562 993 1772 1046 discor-

145 1084 332 1152 diam;
374 1101 488 1140 non
527 1089 720 1142 tamen
752 1088 809 1142 id
846 1089 1034 1143 solum
1061 1088 1214 1160 quod
1239 1104 1433 1142 secum
1463 1085 1774 1158 pugnabat,

145 1177 363 1244 tollere,
403 1179 503 1233 sed
531 1180 703 1234 etiam
731 1181 886 1252 quod
914 1181 1086 1249 idem,
1119 1186 1219 1236 aut
1242 1180 1428 1236 simile
1455 1179 1772 1251 reperieba-

142 1276 254 1342 tur,
270 1273 573 1343 expellere,
591 1275 921 1346 variamque
940 1275 1115 1347 ipsius
1131 1273 1569 1346 pulchritudinis
1584 1273 1775 1326 ideam

143 1364 412 1432 tribuere,
431 1366 510 1420 ita
538 1370 600 1421 ut
625 1385 728 1438 pro
747 1369 985 1438 singulis
1013 1368 1183 1423 rebus
1203 1368 1442 1438 singulae
1465 1368 1620 1438 leges
1638 1383 1772 1421 con-

141 1457 352 1512 stitutse
369 1458 724 1516 viderentur.
743 1463 904 1526 Quod
931 1461 1304 1532 proculdubio
1336 1460 1643 1532 superioris
1669 1461 1776 1514 Nu-

140 1550 314 1605 minis
346 1555 404 1606 et
431 1552 661 1608 ﬂuentis
683 1555 813 1609 inde
834 1555 1203 1626 benignitatis
1225 1555 1352 1621 fuit,
1374 1571 1493 1609 non
1510 1555 1776 1608 humana:

141 1644 521 1714 cogitationis,
545 1651 642 1700 aut
673 1648 908 1720 incepti,
931 1652 1032 1703 aut
1062 1648 1383 1719 potestatis.
1413 1649 1525 1702 Nos
1560 1647 1772 1718 itaque,

143 1754 302 1793 more
334 1739 498 1794 solito
525 1741 790 1795 manibus
810 1742 880 1796 ad
903 1743 1083 1796 Deum
1112 1742 1335 1808 erectis,
1367 1757 1569 1812 eoque,
1593 1743 1656 1794 ut
1675 1757 1778 1794 nos

1877 524 1982 579 bus
1997 525 2054 578 in
2069 543 2247 580 unum
2261 526 2496 596 librum;
2517 525 2604 579 his
2621 529 2815 580 autem
2833 526 3012 580 tribus
3026 527 3507 597 monobiblis,sin-

1879 619 2174 690 gularibus
2195 620 2352 673 libris
2373 623 2504 691 post
2529 623 2832 673 tractatum
2857 621 2926 674 de
2947 621 3114 675 rebus
3137 621 3241 675 sibi
3265 621 3505 676 invicem

1875 712 2145 782 proximis
2163 712 2456 784 depositis,
2487 718 2542 767 et
2560 730 2787 766 rursum
2809 730 2876 767 ea
2896 731 3024 785 qua:
3043 715 3110 770 de.
3127 715 3504 786 sponsalibus,

1877 807 1934 858 et
1956 805 2186 875 nuptiis,
2211 810 2269 859 et
2290 806 2358 858 de
2383 806 2513 860 dote
2535 805 2758 876 legibus
2774 806 2925 859 dicta
2946 811 3508 879 suntcongregantes

1877 897 1966 950 his
1997 897 2170 952 etiam
2200 899 2310 953 tria
2347 899 2555 953 habere
2592 899 2650 952 in
2695 899 2801 953 hac
2827 899 3187 955 ordinatione
3217 902 3509 957 volumina

1877 992 2278 1046 concessimus.
2309 993 2387 1046 De
2407 992 2686 1047 tutoribus
2712 996 2906 1047 autem
2938 994 3179 1048 minoris
3204 998 3387 1051 artatis
3406 1014 3503 1068 ge.

1878 1083 2062 1138 minos
2090 1084 2282 1152 libros,
2315 1101 2432 1152 eos,
2460 1085 2719 1155 inquam,
2755 1085 2852 1156 qui
2885 1086 2954 1139 de
2983 1087 3174 1140 tutelis
3200 1090 3349 1158 apud
3380 1106 3506 1144 om-

1879 1193 1980 1229 nes
1994 1177 2383 1245 nominantur,
2401 1180 2457 1232 et
2472 1177 2562 1231 hic
2581 1178 2754 1232 etiam
2766 1178 2826 1231 in
2842 1179 3248 1249 compendium
3263 1182 3508 1235 concidi-

1878 1286 2006 1323 mus
2034 1274 2412 1325 memoratam
2460 1273 2587 1325 0cto
2639 1271 2913 1326 librorum
2959 1273 3407 1344 ordinationem,
3451 1279 3508 1329 et

1877 1363 2131 1417 mediam
2172 1365 2253 1432 (ut
2282 1364 2500 1418 dictum
2526 1368 2625 1433 est)
2663 1365 2812 1418 hanc
2844 1369 3066 1435 partem
3101 1367 3272 1421 totius
3316 1370 3506 1440 operis

1877 1457 2246 1525 confecimus,
2274 1458 2662 1529 pulcherrima
2680 1463 2736 1511 et
2757 1457 3272 1529 utilissimajurain
3303 1462 3390 1515 his
3412 1462 3505 1516 de-

1879 1549 2285 1603 scribentes.—
2303 1552 2396 1622 3'6.
2421 1552 2498 1604 De
2524 1551 2881 1605 testamentis
2903 1555 3184 1620 autem,et
3208 1555 3433 1626 legatis,
3448 1560 3505 1610 et

1877 1642 2355 1712 ﬁdeicommissis,
2387 1644 2579 1698 omnia
2605 1645 3080 1715 congregavimus
3115 1647 3172 1700 in
3216 1665 3422 1703 novem
3443 1650 3505 1702 li-

1877 1735 2114 1790 brorum
2133 1753 2471 1791 numerum:
2492 1753 2737 1807 quorum
2758 1738 3141 1808 principatum
3159 1740 3421 1796 obtinent
3437 1760 3504 1797 ea

140 1832 445 1902 complecti
475 1833 829 1903 dignaretur,
855 1835 1138 1903 invocato,
1173 1838 1231 1889 et
1258 1851 1379 1890 rem
1409 1834 1668 1905 aggressi
1689 1849 1776 1887 su-
1797 1812 1853 1884 B
1878 1845 2006 1900 quae
2037 1834 2166 1883 sunt
2188 1829 2258 1884 de
2278 1830 2651 1900 testamentis,
2672 1834 2729 1884 et
2742 1830 3032 1899 codicillis,
3060 1849 3189 1886 eum
3221 1835 3502 1903 omnium,

139 1940 286 1992 mus,
319 1928 376 1978 et
405 1925 600 1980 omnia
621 1927 858 1981 tandem
887 1929 1256 1997 confecimus,
1288 1927 1636 1982 Triboniano
1657 1927 1777 1996 glo-

139 2017 448 2071 riosissimo
476 2020 771 2089 magistro,
795 2024 852 2074 et
873 2027 1230 2092 exquazstore
1249 2021 1394 2076 sacri
1415 2020 1593 2076 nostri
1617 2036 1690 2090 pa
1713 2036 1771 2073 a-

139 2109 220 2178 tii,
253 2115 313 2165 et
339 2113 658 2179 exeonsule,
692 2114 762 2167 ad
791 2131 960 2168 omne
988 2115 1376 2169 ministerium
1406 2113 1514 2181 usi,
1548 2129 1774 2168 necnon

139 2202 260 2258 aliis
294 2204 639 2275 quibusdam
673 2206 982 2262 illustribus
1010 2211 1067 2262 et
1096 2208 1472 2280 prudentibus
1497 2206 1650 2273 viris,
1679 2206 1768 2260 in-

141 2296 436 2367 quirentes
456 2316 686 2370 semper
717 2316 785 2354 ea
811 2318 938 2372 quae
968 2302 1038 2356 ab
1061 2301 1140 2356 eis
1166 2302 1690 2372 componebantur;
1717 2304 1774 2354 et

139 2389 212 2457 id,
233 2391 390 2462 quod
411 2396 535 2447 erat
556 2392 793 2447 dubium
810 2395 1523 2464 perscrutantes,omnibus
1542 2411 1770 2465 quoque

141 2485 452 2540 secundum
481 2485 674 2540 datam
705 2487 869 2540 nobis
897 2505 929 2541 a
965 2488 1204 2542 Domino
1238 2489 1354 2542 Deo
1388 2491 1445 2542 et
1483 2488 1771 2542 Salvatore

140 2581 336 2632 nostro
364 2581 493 2633 Jesu
518 2579 738 2635 Christo
768 2581 1065 2635 scientiam
1088 2585 1144 2635 et
1172 2581 1495 2636 intellectus
1515 2581 1770 2651 vigorem

141 2670 504 2742 imponentes
528 2676 952 2743 eompetentem
983 2676 1332 2731 formam.—-
1359 2675 1388 2746 §
1423 2679 1470 2730 1.
1506 2676 1572 2728 Et
1597 2674 1772 2745 piissi-

142 2780 259 2819 mas
283 2765 459 2836 igitur
479 2766 928 2821 Constitutiones
940 2767 1063 2838 jam
1077 2773 1208 2824 ante
1221 2769 1279 2822 in
1295 2769 1595 2823 duodecim
1615 2768 1773 2822 libris

141 2859 605 2930 comprehensas,
630 2859 896 2916 Codicem
926 2865 1135 2915 nostrae
1164 2862 1391 2932 pietatis
1421 2862 1769 2933 cognomine

138 2952 462 3023 fulgentem
495 2955 920 3024 composuimus
940 2971 952 3009 :
976 2972 1130 3009 nunc
1160 2972 1294 3010 vero
1328 2957 1593 3010 omnium
1614 2960 1767 3010 vetco

141 3062 266 3100 rum
275 3046 428 3117 juris
443 3047 808 3101 conditorum
829 3049 1134 3103 sententias
1149 3064 1213 3102 ex
1235 3049 1623 3119 multitudine,
1645 3066 1771 3120 quas

141 3139 212 3193 ad
242 3140 361 3194 duo
394 3139 574 3194 millia
603 3157 751 3211 pene
780 3141 1059 3195 librorum
1086 3145 1144 3195 et
1174 3144 1460 3196 trecentas
1482 3143 1772 3213 myriadas

140 3248 407 3288 versuum
436 3233 820 3304 pertingebat,
853 3234 911 3288 in
937 3235 1294 3289 moderatum
1323 3238 1379 3288 et
1408 3236 1772 3306 perspicuum

142 3326 475 3397 collegimus
506 3327 936 3398 compendium.
969 3327 1398 3398 Quinquaginta
1418 3328 1594 3398 igitur
1613 3329 1772 3383 libris

142 3421 335 3474 omnia
351 3420 629 3492 complexi
654 3438 804 3475 nunc
823 3437 1022 3475 sumus
1034 3421 1244 3475 coslesti
1260 3421 1474 3490 favore,
1493 3421 1767 3492 colligen-

141 3517 220 3568 tes
249 3530 425 3569 omne
448 3513 504 3568 id
537 3514 693 3584 quod
724 3518 847 3568 erat
868 3514 1024 3581 utile,
1053 3517 1111 3568 et
1141 3530 1346 3568 omnes
1369 3513 1772 3586 ambiguitates

143 3605 492 3674 decidentes,
518 3608 673 3661 nullo
695 3607 963 3662 seditioso
989 3607 1205 3662 relicto.
1241 3607 1393 3670 Quos
1419 3607 1593 3662 libros
1612 3607 1772 3678 Dige-

143 3702 226 3753 sta
254 3717 358 3754 seu
394 3701 706 3754 Pandectas
737 3701 1171 3772 appellavimus,
1204 3716 1269 3755 ex
1296 3717 1364 3755 eo
1397 3701 1550 3771 quod
1577 3701 1771 3771 legum

143 3791 394 3848 habeant
411 3793 718 3848 divisiones
736 3797 794 3847 et
811 3794 1159 3862 decisiones;
1177 3794 1434 3865 itemque
1452 3811 1518 3848 ex
1537 3810 1602 3848 eo
1617 3794 1772 3864 quod

143 3902 314 3941 omne
348 3886 408 3940 in
449 3903 625 3940 unum
669 3890 1085 3958 congregatum
1120 3887 1464 3958 receperint,
1501 3887 1648 3941 hanc
1690 3887 1770 3940 eis

143 3979 588 4051 appellationem
635 3979 1038 4051 imponentes:
1091 3996 1196 4034 nec
1247 3981 1394 4034 ultra
1442 3980 1769 4051 quindecim

141 4073 470 4144 myriadum
509 4089 774 4128 versuum
809 4091 1120 4128 numerum
1152 4074 1232 4127 eis
1264 4073 1483 4140 dantes,
1515 4079 1567 4128 et
1601 4074 1658 4127 in
1691 4091 1772 4128 se-

140 4171 292 4235 ptem
318 4183 416 4220 eos
439 4166 804 4238 disponentes
825 4170 1119 4221 tractatus.
1143 4167 1316 4238 quue
1338 4184 1451 4222 non
1471 4183 1769 4238 perperam

140 4275 328 4330 neque
354 4260 475 4314 sine
506 4260 748 4327 ratione,
787 4260 885 4314 sed
914 4260 987 4314 ad
1017 4277 1391 4315 numerorum
1420 4266 1682 4316 naturam
1715 4265 1774 4314 et

139 4350 507 4408 harmoniam
535 4353 998 4424 respicientes.—
1023 4353 1120 4426 §2.
1145 4355 1224 4408 Ea
1251 4354 1442 4425 igitur,
1466 4371 1591 4424 quae
1619 4353 1771 4424 apud

141 4461 340 4500 omnes
372 4453 555 4518 πρῶτα,
573 4446 626 4500 id
655 4449 741 4501 est
757 4446 1094 4517 primordia,
1115 4451 1534 4518 nuncupantur,
1558 4448 1619 4502 in
1639 4464 1774 4518 qua-

1879 1926 2002 1976 tum
2015 1923 2188 1977 etiam
2207 1923 2476 1990 militum,
2493 1923 2589 1994 qui
2612 1941 2698 1992 ea,
2715 1927 2779 1977 ut
2796 1925 3266 1996 volunt,faciunt,
3284 1928 3505 1983 duobus

1875 2015 2038 2069 libris
2064 2015 2348 2085 ordinata,
2372 2020 2429 2070 et
2448 2017 2517 2071 de
2541 2017 2898 2072 testamentis
2917 2018 3214 2090 inscripta;
3248 2020 3502 2093 quinque

1877 2112 2070 2162 autem
2087 2110 2459 2180 sequentibus
2471 2110 2837 2164 continentur
2851 2128 2918 2165 ea
2935 2128 3061 2182 quae
3074 2113 3142 2166 de
3163 2113 3362 2184 legatis
3376 2119 3433 2169 et
3444 2116 3504 2170 ti-

1877 2201 2310 2269 deicommissis,
2330 2205 2386 2256 et
2407 2204 2568 2258 omni
2588 2220 2790 2258 eorum
2818 2204 3194 2276 ambiguitate
3217 2207 3503 2278 disputata

1876 2297 2010 2348 sunt
2025 2313 2037 2348 :
2053 2298 2111 2349 et
2131 2294 2409 2366 quoniam
2426 2296 2688 2350 Falcidiaa
2703 2297 2954 2352 narratio
2981 2299 3280 2354 continens
3297 2306 3354 2356 et
3371 2318 3503 2356 con-

1876 2391 2152 2442 sentanea
2183 2392 2303 2442 erat
2327 2389 2644 2460 legatorum
2670 2394 2727 2444 et
2755 2390 2888 2444 fidei
2910 2392 3346 2448 commissorum
3375 2411 3501 2465 pro-

1872 2481 1998 2552 prio
2012 2482 2294 2549 tractatui,
2309 2486 2614 2553 propterea
2633 2483 2883 2555 etipsam
2902 2486 3173 2541 continuo
3186 2487 3504 2559 legatorum

1872 2575 2277 2646 supposuimus
2307 2577 2652 2644 tractationi,
2677 2578 2820 2632 libro
2844 2578 3071 2651 integro
3094 2580 3176 2634 rei
3198 2581 3500 2652 applicato,

1873 2684 2003 2722 cum
2041 2669 2200 2722 brevi
2244 2670 2493 2739 quadam
2529 2670 2888 2741 adjectione;
2921 2675 2978 2726 et
3006 2690 3233 2728 rursum
3265 2675 3400 2745 quia
3430 2675 3502 2730 ad

1873 2762 2137 2816 Falcidiaa
2168 2762 2552 2817 imitationem
2585 2763 3016 2834 [introductum]
3051 2769 3171 2819 erat
3195 2767 3500 2822 Trebellia-

1872 2871 2013 2909 num
2033 2857 2589 2910 senatusconsultum
2618 2855 2675 2909 in
2697 2856 3175 2928 ﬁdeicommissis,
3194 2863 3253 2912 et
3271 2861 3402 2914 huic
3423 2862 3505 2915 ul-

1875 2949 2080 3003 timum
2095 2949 2263 3019 hujus
2277 2949 2651 3004 ordinationis
2663 2949 2969 3003 tribuimus
2987 2951 3192 3019 locum,
3210 2956 3392 3008 totum
3405 2955 3501 3024 jus

1874 3058 2044 3112 super
2063 3042 2152 3095 his
2173 3043 2438 3114 positum,
2458 3042 2811 3096 Trebelliano
2831 3047 3323 3100 senatusconsulto
3343 3047 3504 3100 attri-

1872 3134 2130 3202 buentes,
2164 3141 2219 3190 et
2241 3152 2649 3206 supervacuam
2669 3153 2787 3192 esse
2813 3137 3110 3207 Pegasiani
3139 3143 3502 3194 senatuscon-

1872 3229 2003 3283 sulti
2033 3229 2375 3299 positionem
2407 3229 2775 3297 invenientes,
2805 3234 2863 3284 et
2891 3231 3164 3286 absurdas
3186 3234 3392 3286 horum
3413 3249 3498 3288 se-

1874 3323 2429 3378 natusconsultorum
2448 3324 2600 3378 inter
2615 3339 2675 3378 se
2689 3323 3060 3392 differentias,
3079 3329 3137 3379 et
3149 3327 3502 3382 communio-

1873 3433 2143 3487 nes,quas
2154 3433 2290 3470 sane
2304 3423 2360 3472 et
2381 3421 2599 3472 veteres
2613 3417 2804 3488 perosi
2821 3419 3094 3489 captiosas
3116 3424 3174 3473 et
3192 3420 3502 3476 damnosas

1873 3510 2251 3581 appellarunt,
2286 3510 2627 3581 simpliciore
2660 3510 2906 3581 quadam
2945 3513 3294 3582 narratione,
3328 3531 3501 3569 omne

1872 3603 1981 3657 hoc
1993 3604 2225 3658 schema
2236 3607 2675 3675 congregantes,
2692 3605 2833 3658 etad
2847 3605 3015 3659 unius
3027 3608 3502 3663 senatusconsulti

1871 3697 2210 3752 Trebelliani
2244 3697 2664 3752 ordinationem
2697 3698 3068 3768 applicantes,
3093 3703 3150 3754 et
3177 3701 3326 3754 hanc
3339 3701 3502 3772 quin-

1871 3793 1992 3844 tam
2009 3797 2231 3862 partem
2251 3789 2423 3846 totius
2438 3789 2812 3846 ordinationis
2825 3808 3033 3846 novem
3055 3792 3140 3846 his
3152 3794 3502 3864 perfecimus

1871 3881 2066 3950 libris;
2101 3885 2159 3939 in
2187 3886 2392 3956 quibus
2413 3901 2620 3940 novem
2647 3884 2807 3938 libris
2823 3884 2959 3938 nihil
2990 3886 3061 3940 de
3076 3887 3371 3956 quondam
3405 3905 3498 3943 ca-

1873 3975 2032 4030 ducis
2065 3978 2280 4032 dictum
2313 3997 2346 4034 a
2367 3979 2532 4034 nobis
2555 3984 2658 4046 est,
2689 3979 2821 4050 quia
2848 3982 3087 4050 propter
3109 3997 3269 4035 usum
3303 3998 3503 4053 quem-

1873 4067 2006 4134 dam
2025 4087 2139 4124 non
2159 4089 2518 4143 prosperum,
2539 4089 2666 4127 cum
2686 4072 3167 4127 increbuissentin
3183 4075 3498 4145 republica,

1873 4164 1930 4214 et
1942 4163 2264 4217 luctuosum
2279 4168 2717 4220 monumentum
2730 4165 3006 4219 bellorum
3021 4167 3270 4222 civilium
3288 4173 3498 4240 essent,

1873 4269 1988 4307 non
2017 4257 2321 4324 oportebat
2353 4257 2410 4311 in
2448 4259 2534 4312 his
2561 4275 2794 4313 manere
2823 4259 3176 4330 temporibus
3203 4261 3262 4314 in
3293 4262 3500 4332 quibus

1873 4352 1930 4400 et
1952 4349 2098 4402 Deus
2130 4348 2289 4402 dedit
2316 4366 2513 4419 pacem
2545 4368 2715 4423 agere
2744 4352 2901 4406 domi
2939 4357 2995 4405 et
3040 4353 3195 4420 foris,
3247 4358 3322 4421 et,
3367 4373 3497 4412 cum

1873 4441 2127 4510 oportuit
2154 4441 2368 4495 bellum
2396 4460 2612 4513 gerere,
2641 4446 2804 4500 facile
2827 4463 2954 4499 cum
2985 4446 3158 4516 ipsius
3185 4448 3375 4502 favore
3403 4450 3499 4505 ho-

138 4541 268 4594 tuor
286 4539 465 4594 libros
489 4539 1047 4611 seposuimus.—§3.
1071 4541 1352 4612 Deinceps
1373 4558 1442 4595 ea
1463 4557 1589 4612 quas
1611 4541 1680 4596 de
1684 4541 1774 4612 ju-
1791 4545 1850 4618 D
1873 4536 1985 4588 stes
2019 4549 2291 4605 superare
2319 4537 2377 4588 et
2397 4552 2618 4606 capere.
2653 4569 2720 4578 —
2750 4539 2780 4610 §
2809 4545 2860 4594 7.
2889 4539 3156 4611 Sequitur
3195 4540 3400 4596 deinde
3441 4546 3498 4597 et

143 4631 301 4687 diciis
319 4635 586 4702 tractant,
607 4632 666 4687 in
693 4633 836 4688 alios
863 4637 1084 4705 septem
1103 4634 1294 4689 libros.
1317 4665 1384 4674 -ο
1407 4634 1504 4706 §4.
1537 4635 1677 4689 Item
1701 4651 1770 4689 ea

143 4741 265 4796 quae
289 4726 362 4780 de
387 4726 579 4794 rebus,
600 4743 718 4782 non
743 4727 804 4781 in
827 4727 1017 4798 plures
1036 4744 1209 4799 quam
1238 4732 1366 4783 octo
1385 4728 1652 4784 libros.—
1673 4728 1769 4801 §5.

143 4818 495 4891 Sequentem
516 4837 650 4876 vero
670 4819 860 4892 operis
876 4825 1121 4892 partem,
1139 4838 1264 4892 quae.
1277 4825 1483 4892 quarta
1501 4826 1557 4876 et
1575 4821 1771 4876 media

143 4917 226 4965 est
243 4913 419 4968 totius
432 4915 622 4986 operis
635 4912 799 4978 (μέσον
811 4913 911 4962 ἐστι
922 4911 1006 4963 τοῦ
1019 4914 1228 4977 παντὸς),
1243 4915 1300 4968 in
1323 4915 1448 4969 aliis
1470 4919 1596 4970 octo
1615 4915 1771 4970 libris

140 5005 530 5077 deposuimus,
552 5007 610 5062 in
635 5009 842 5080 quibus
854 5013 939 5064 est
965 5008 1199 5080 quidem
1226 5009 1772 5080 hypothecaria,non

138 5095 313 5171 longe
335 5099 653 5156 admodum
674 5119 708 5156 a
726 5101 1097 5174 pignoratitia
1108 5102 1330 5157 actione
1355 5103 1590 5170 distans;
1613 5105 1699 5158 est
1717 5105 1773 5158 et

138 5191 456 5247 Edilitium
503 5193 775 5262 edictum,
826 5197 884 5248 et
926 5193 995 5250 de
1025 5194 1398 5250 evictionibus
1427 5196 1719 5267 stipulatio
1755 5212 1768 5250 :

140 5298 265 5355 quas
295 5285 409 5341 duo
437 5288 768 5355 accesseria,
791 5291 848 5343 et
873 5290 1288 5360 consequentia
1303 5288 1611 5344 constituta
1639 5307 1771 5344 ven-

140 5376 448 5449 ditionum,
469 5381 640 5451 longe
657 5384 844 5436 tamen
866 5380 1252 5437 admodumin
1271 5383 1449 5436 veteri
1465 5381 1610 5452 juris
1631 5381 1774 5437 ordi-

139 5470 372 5526 natione
421 5472 494 5527 ab
536 5474 624 5527 his
655 5473 998 5546 devagantia
1029 5475 1506 5547 congregavimus
1537 5477 1772 5546 propius

139 5567 378 5635 propter
406 5569 671 5620 mutuam
698 5567 848 5623 inter
879 5584 937 5622 se
968 5569 1398 5640 cognationem,
1431 5585 1503 5622 ne
1543 5585 1670 5639 quae
1699 5568 1770 5623 de

141 5656 350 5712 eodem
365 5674 510 5730 pene
532 5660 846 5732 loquuntur
875 5662 1050 5732 longe
1063 5678 1096 5716 a
1113 5677 1171 5716 se
1185 5661 1478 5717 distarent.
1503 5664 1633 5717 Post
1651 5663 1772 5718 haec

139 5747 565 5809 introduximus
589 5757 718 5827 post
736 5753 879 5810 duos
900 5753 1022 5808 illos
1046 5753 1221 5810 libros
1242 5771 1310 5810 ea
1331 5770 1463 5826 quae
1480 5758 1612 5810 sunt
1635 5755 1769 5810 scri-

141 5845 237 5912 pta
264 5843 339 5898 de
366 5847 550 5903 usuris
584 5852 703 5904 tam
732 5847 1096 5905 terrestribus
1129 5865 1301 5922 quam
1330 5848 1650 5920 trajectitiis
1673 5863 1773 5904 seu

1872 4627 2127 4684 exoritur
2147 4626 2306 4681 nobis
2323 4631 2542 4683 etsexta
2559 4647 2691 4700 pars
2707 4633 2879 4688 totius
2895 4633 3343 4706 compositionis,
3368 4641 3494 4692 octo

1872 4724 2138 4777 conclusa
2177 4720 2355 4775 libris.
2405 4721 2639 4776 Pulchre
2681 4729 2874 4780 autem
2915 4727 3114 4800 incipit
3152 4728 3222 4784 ab
3248 4728 3336 4783 his
3368 4745 3496 4801 quas

1871 4814 2257 4888 possessiones
2278 4814 2667 4883 nominantur,
2702 4833 2844 4887 quas
2873 4838 2979 4876 nos
3003 4822 3280 4893 similiter,
3308 4827 3370 4878 ut
3395 4841 3499 4880 eae-

1871 4913 1994 4966 tera
2017 4909 2325 4980 diligenter
2353 4907 2799 4978 considerantes,
2825 4915 2942 4968 tam
2969 4931 3062 4970 eas
3089 4933 3217 4988 quas
3247 4917 3319 4972 ad
3346 4919 3496 4990 inge-

1873 5019 2019 5058 nuos
2044 5019 2216 5074 quam
2258 5017 2385 5074 qum
2417 5001 2488 5055 ad
2537 5000 2833 5055 libertinos
2867 5009 3178 5077 pertinent,
3226 5027 3292 5065 ex
3323 5013 3500 5067 multa

1873 5096 2229 5151 anteriorum
2258 5099 2586 5166 temporum
2618 5094 2956 5151 confusione
2983 5104 3038 5152 et
3068 5103 3406 5159 obscuritate
3437 5105 3497 5162 in

1871 5206 2081 5262 purum
2105 5188 2441 5244 deduximus
2465 5186 2889 5259 compendium,
2923 5193 3411 5260 geminorumillis
3430 5198 3500 5254 li-

1871 5288 2106 5344 brorum
2127 5274 2430 5343 numerum
2443 5287 2699 5340 sufﬁcere
2713 5284 2965 5340 arbitran
2974 5290 3498 5362 tes.Applicavimus

1871 5385 2061 5437 autem
2088 5382 2222 5453 ipsis
2250 5385 2306 5437 et
2339 5397 2538 5436 omnes
2556 5379 2626 5434 ab
2645 5380 2913 5434 intestato
2943 5382 3256 5450 appellatas
3276 5405 3495 5447 succes-

1871 5475 2081 5542 siones,
2107 5478 2166 5529 et
2183 5475 2337 5546 ipsos
2353 5491 2630 5546 generum
2652 5472 2902 5541 ordines,
2926 5489 3120 5528 eorum
3139 5479 3417 5546 gradibus
3436 5502 3493 5540 e-

1871 5567 2012 5622 tiam
2029 5568 2176 5623 libro
2189 5568 2551 5639 inscriptis,et
2567 5567 2715 5623 circa
2731 5568 2990 5623 omnium
3008 5567 3186 5624 finem
3203 5571 3502 5633 Tertullia-

1873 5677 2014 5716 num
2037 5664 2095 5715 et
2113 5661 2470 5717 Orsicianum
2483 5661 2906 5734 composuimus
2919 5667 3472 5724 senatusconsultum
3483 5712 3497 5736 ,

1873 5771 1941 5809 ex
1967 5754 2174 5826 quibus
2193 5760 2410 5812 matres
2434 5761 2492 5812 et
2515 5756 2679 5811 liberi
2699 5757 2943 5813 invicem
2965 5774 3313 5816 successores
3329 5761 3492 5816 ﬁunt.

1872 5848 2136 5905 Procedit
2159 5854 2354 5910 autem
2378 5849 2644 5921 posthaec
2669 5849 2812 5906 alius
2838 5851 3002 5922 liber,
3031 5854 3130 5926 qui
3151 5855 3218 5910 de
3239 5853 3500 5914 aediﬁcio-
