4032 6232
474 353 607 406 1095

1618 345 1870 401 διιΕΟΠΙᾸ
1911 344 2095 399 SEXTI
2133 339 2688 398 SUPPLEMENTUM.

3705 341 3839 394 1096

468 473 599 511 rum
621 455 889 528 operibus
911 455 1048 510 etde
1083 473 1148 509 ea
1174 471 1298 525 quas
1326 453 1396 506 ob
1422 452 1651 506 ruinosa
1679 457 1736 505 et
1752 453 1940 507 diruta
1961 451 2094 505 aadi-
2120 461 2181 534 Α
2200 465 2348 514 mus,
2377 448 2424 500 si
2445 448 2775 502 conferatur
2803 446 2877 501 ad
2904 448 3086 501 totam
3105 445 3620 500 consummationis
3651 446 3843 517 perfe-

469 550 596 604 ficia
632 548 840 622 [datur]
893 548 1305 612 satisfactione,
1351 549 1409 599 et
1439 545 1527 599 his
1555 545 1651 617 qui
1679 546 1738 598 in
1770 545 1860 598 his
1889 545 2104 616 aliquid

471 642 812 697 insidiarum
841 646 938 695 aut
963 641 1179 695 fraudis
1206 638 1561 707 admiserint,
1606 642 1662 692 et
1691 639 1760 692 de
1791 638 1880 692 his
1904 639 2003 709 qui
2035 656 2105 693 ex

471 753 750 808 aquarum
780 736 994 806 impetu
1022 733 1237 787 vicinos
1265 732 1531 799 laeserint,
1561 737 1617 786 et
1648 731 1719 785 de
1744 731 2104 802 publicorum

469 830 833 899 vectigalium
849 827 1225 893 coactoribus,
1239 829 1407 897 atque
1427 825 1658 895 insuper
1679 825 1749 878 de
1781 825 2101 879 donationi-

470 922 578 976 bus
605 926 722 975 tam
751 919 1062 974 indeﬁnitis
1081 920 1201 989 [seu
1223 918 1619 989 simplicibus],
1651 931 1829 989 quam
1857 917 1918 970 in
1947 917 2104 989 cogi-

471 1016 752 1068 tationem
786 1011 988 1066 mortis
1015 1012 1208 1066 relatis
1231 1013 1388 1082 leges
1409 1028 1473 1066 ac
1487 1013 1620 1082 jura
1652 1010 1938 1066 ordinant.
1967 1011 2106 1065 Rur-

472 1123 600 1162 sum
631 1111 824 1161 autem
865 1105 1143 1176 quidquid
1170 1106 1239 1159 de
1278 1122 1618 1176 quacunque
1656 1104 2104 1158 manumissione

473 1204 673 1267 exstat,
691 1201 778 1254 vel
803 1200 874 1254 de
896 1199 982 1252 his
1003 1215 1132 1270 quae
1163 1216 1334 1269 super
1358 1199 1482 1269 ipsa
1513 1198 1802 1268 agitantur
1827 1198 2024 1264 causis,
2050 1201 2107 1250 et

471 1291 580 1348 hoc
626 1293 724 1347 uni
759 1293 1035 1346 traditum
1062 1297 1147 1347 est
1176 1292 1343 1346 libro.
1367 1292 1626 1362 Amplius
1657 1296 1848 1345 autem
1883 1308 1952 1344 ea
1981 1307 2106 1362 quae

473 1388 543 1441 de
570 1387 948 1457 possessione,
973 1390 1030 1439 et
1053 1403 1157 1456 per
1178 1386 1359 1457 ipsam
1383 1385 1781 1456 acquisitione,
1806 1388 1863 1438 et
1886 1384 1955 1438 de
1978 1401 2106 1438 cau-

471 1480 546 1534 sis
566 1497 693 1534 eam
725 1479 1218 1533 introducentibus
1251 1481 1402 1547 sunt,
1433 1479 1493 1531 in
1527 1494 1709 1532 unum
1753 1476 2107 1549 seposuimus

473 1577 780 1628 tractatum
799 1574 918 1643 [seu
938 1573 1191 1642 librum].
1212 1573 1279 1626 Et
1291 1571 1573 1642 quidquid
1590 1572 1761 1625 etiam
1785 1572 1854 1625 de
1867 1570 2108 1641 judicia-

472 1668 572 1721 riis
602 1669 779 1722 exstat
805 1666 1123 1734 sententiis,
1158 1669 1215 1718 et
1245 1665 1332 1718 his
1364 1665 1463 1735 qui
1493 1665 1552 1718 in
1587 1665 1667 1717 eis
1691 1664 1880 1734 aliqua
1911 1667 2107 1718 contra

474 1759 692 1830 seipsos
727 1759 966 1813 confessi
1008 1762 1157 1824 sunt,
1197 1763 1253 1812 et
1292 1758 1361 1811 de
1406 1757 1691 1812 bonorum
1721 1756 1997 1822 cessione,
2051 1759 2109 1809 et

2204 542 2452 596 ctionem
2479 543 2597 611 [seu
2619 539 3031 611 harmoniam].
3065 570 3134 579 —
3160 538 3190 612 §
3212 543 3265 594 9.
3284 542 3432 612 Quae
3459 541 3658 594 omnia
3678 555 3840 593 com-

2202 634 2388 705 posita
2418 637 2569 700 sunt,
2591 636 2649 686 et
2669 633 2962 687 elaborata
2981 632 3324 704 peroptime,
3342 637 3399 686 et
3424 635 3488 685 ut
3517 635 3712 687 nostra
3723 632 3843 702 jus-

2205 727 2364 781 sione
2397 727 2638 797 dignum
2665 727 2791 793 fuit,
2819 743 2925 798 per
2944 726 3352 780 Tribonianum
3370 724 3838 792 illustrissimum,

2205 837 2310 874 nec
2324 837 2436 874 non
2452 818 3410 891 prudentissimum,magistrum,et
3423 823 3842 890 exquwstorem

2205 917 2532 968 nostrorum
2569 912 2938 984 palatiorum,
2975 917 3034 966 et
3062 913 3450 980 exconsulem,
3481 912 3671 966 virum
3699 914 3756 966 et
3782 912 3840 964 in

2201 1006 2338 1078 ipsis
2369 1023 2561 1060 rerum
2589 1005 3018 1077 experimentis,
3047 1008 3102 1059 et
3121 1005 3182 1058 in
3209 1005 3558 1075 eloquentia,
3591 1008 3650 1058 et
3674 1005 3736 1058 in
3770 1005 3844 1058 le-

2207 1100 2369 1171 gibus
2389 1099 2702 1153 scribendis
2722 1100 2858 1152 satis
2877 1102 3216 1170 spectatum,
3237 1101 3295 1152 et
3307 1098 3406 1168 qui
3424 1098 3562 1151 nihil
3581 1113 3842 1168 unquam

2205 1197 2531 1247 nostrarum
2561 1192 2888 1262 jussionum
2916 1191 3278 1262 contempsit,
3309 1207 3534 1245 necnon
3565 1207 3668 1261 per
3697 1190 3845 1244 alios

2207 1285 2397 1356 [viros]
2411 1286 2508 1358 qui
2526 1286 2627 1339 sub
2650 1287 2772 1356 ipso
2793 1285 2959 1340 nobis
2979 1286 3089 1340 hoc
3109 1301 3252 1356 opus
3275 1284 3659 1350 elaborarunt,
3675 1283 3735 1337 id
3756 1286 3846 1337 est

2203 1379 2631 1433 Constantinum
2642 1378 3264 1449 magniﬁcentissimum
3275 1377 3538 1431 comitem
3551 1392 3846 1430 sacrarum

2205 1471 2666 1542 largitionum,et
2679 1471 3178 1542 antigrapharium
3192 1471 3315 1542 [seu
3328 1469 3847 1540 magistrum]sacri

2208 1565 2420 1632 scrinii,
2435 1568 2491 1619 et
2511 1568 2801 1618 sacrorum
2825 1565 3148 1619 libellorum
3172 1570 3229 1618 et
3245 1563 3645 1634 cognitionum
3664 1562 3848 1633 impe-

2206 1657 2456 1724 rialium,
2486 1657 2582 1728 qui
2605 1658 2765 1711 nobis
2782 1658 2997 1711 bonam
3025 1657 3096 1711 de
3123 1674 3182 1710 se
3214 1657 3544 1727 opinionem
3569 1656 3627 1709 in
3657 1655 3848 1710 omni-

2205 1750 2310 1803 bus
2344 1751 2624 1821 praebuit;
2667 1767 2892 1805 necnon
2932 1746 3310 1821 Theophilum
3345 1748 3843 1819 magniﬁcentissi-

474 1853 826 1906 creditorum
842 1851 1268 1917 detentione,et
1280 1851 1631 1916 venditione,
1657 1854 1714 1904 et
1731 1851 1799 1904 de
1820 1850 2107 1903 bonorum
2129 1845 2185 1916 B
2210 1859 2373 1897 mum
2399 1844 2760 1914 magistrum,
2795 1849 2852 1898 et
2877 1845 3031 1914 leges
3061 1844 3182 1914 [seu
3224 1843 3377 1913 jura]
3422 1844 3483 1896 in
3530 1843 3692 1912 regia
3739 1843 3847 1895 hac

476 1945 838 2016 separatione
865 1947 922 1998 et
938 1945 1252 2011 curatione,
1275 1949 1332 1998 et
1350 1961 1425 1997 ne
1445 1943 1581 2014 quid
1603 1943 1894 2013 patiantur
1923 1942 2105 1996 credi-

472 2043 628 2093 tores
659 2038 896 2106 fraudis,
939 2042 996 2091 et
1033 2037 1090 2090 id
1122 2037 1182 2090 in
1225 2053 1399 2090 unum
1431 2037 1701 2090 similiter
1727 2037 1992 2090 collatum
2024 2041 2108 2090 est

472 2131 707 2186 librum.
742 2131 857 2186 Sed
882 2135 938 2187 et
966 2131 1397 2184 lnterdictorum
1424 2131 1661 2184 modum
1692 2146 1808 2183 non
1851 2129 2106 2200 pluribus

476 2240 651 2295 quam
685 2224 782 2278 uni
812 2224 1074 2278 dedimus
1099 2223 1262 2277 libro.
1288 2223 1425 2278 Inde
1443 2229 1634 2277 autem
1661 2226 1716 2277 et
1743 2222 1815 2276 ad
1843 2221 2104 2292 praescri-

471 2317 700 2390 ptiones
727 2316 845 2388 [seu
871 2315 1249 2388 exceptiones]
1281 2316 1410 2369 etin
1433 2315 1520 2369 his
1550 2316 1817 2369 ordinata
1841 2318 2107 2386 tempora

473 2411 752 2464 venimus.
788 2411 854 2464 Et
880 2409 1291 2480 obligationum
1332 2409 1584 2479 quidem,
1615 2413 1670 2463 et
1697 2409 1984 2464 actionum
2019 2425 2103 2462 se-

472 2504 768 2575 posuimus
794 2503 1016 2570 modos,
1046 2508 1103 2556 et
1132 2502 1424 2572 coegimus
1446 2519 1679 2556 omnem
1709 2503 1857 2556 hanc
1881 2505 2105 2572 partem

473 2592 564 2646 cui
594 2595 847 2661 praesunt
873 2591 1255 2662 possessiones
1289 2594 1370 2660 (ut
1390 2591 1604 2644 dictum
1636 2591 1739 2662 est)
1773 2597 1898 2646 octo
1930 2591 2102 2645 libro-

472 2699 603 2738 rum
627 2701 866 2739 numero
889 2684 1251 2754 descriptam,
1274 2690 1492 2739 sextam
1515 2685 1664 2740 hanc
1687 2689 1908 2757 partem
1932 2684 2106 2739 totius

471 2778 779 2832 voluminis
805 2781 1244 2849 seponentes.-——
1270 2776 1300 2849 §
1332 2781 1384 2832 8.
1408 2778 1596 2832 Totius
1626 2782 1818 2832 autem
1849 2782 2107 2832 extrema

470 2889 623 2943 pars,
653 2887 782 2942 quae
813 2876 870 2926 et
895 2871 1136 2942 septima
1170 2875 1256 2925 est
1290 2871 1464 2926 totius
1509 2872 1874 2937 tractationis,
1917 2889 2011 2925 sex
2047 2871 2108 2924 li-

471 2965 710 3019 brorum
731 2981 976 3018 numero
1007 2964 1362 3018 demandata
1386 2969 1489 3031 est,
1510 2964 1791 3036 incipiens
1813 2964 2049 3036 quidem
2075 2982 2108 3018 a

473 3058 954 3130 stipulationibus,
1000 3058 1319 3128 procedens
1358 3075 1491 3112 vero
1537 3058 1611 3112 ad
1640 3075 1709 3112 ea
1740 3075 1867 3129 quae
1897 3058 2105 3129 scripta

471 3157 605 3206 sunt
630 3151 701 3207 de
721 3152 1108 3220 ﬁdejussione,
1137 3155 1194 3204 et
1219 3151 1550 3205 debitorum
1583 3151 2000 3218 numeratione,
2021 3167 2106 3205 so-

2208 1937 2346 1990 urbe
2382 1937 2764 2006 laudabiliter,
2789 1941 2847 1991 et
2865 1953 2996 1991 cum
3021 1936 3262 1990 summis
3287 1935 3512 2006 vigiliis,
3542 1940 3600 1988 et
3626 1939 3691 1989 ut
3713 1952 3845 1989 ma-

2207 2030 2439 2100 gisteria
2465 2030 2762 2084 sedulitate
2795 2031 3034 2100 dignum
3065 2033 3169 2096 est,
3194 2029 3522 2097 docentem;
3569 2034 3625 2082 et
3661 2031 3845 2083 Doro-

2205 2124 2409 2177 theum
2431 2124 3064 2195 magniﬁcentissimum
3086 2127 3452 2194 quaestorem,
3469 2127 3526 2175 et
3542 2122 3848 2177 doctorem

2206 2217 2265 2270 in
2286 2217 2483 2287 legum
2500 2217 2722 2271 civitate
2753 2217 3142 2287 designatum;
3172 2216 3414 2270 dicimus
3432 2221 3626 2270 autem
3639 2232 3848 2269 veren-

2208 2310 2343 2364 dam
2367 2315 2424 2364 et
2441 2310 2804 2381 splendidam
2821 2310 3238 2382 Berytiensium
3257 2309 3645 2380 metropolim,
3664 2325 3845 2380 quem

2207 2403 2279 2457 de
2308 2404 2434 2474 ipso
2463 2405 2680 2475 optima
2710 2404 2904 2474 opinio
2943 2408 3000 2458 et
3043 2404 3244 2475 gloria,
3273 2409 3329 2458 et
3363 2403 3436 2456 ad
3463 2420 3565 2457 nos
3608 2403 3852 2458 deduxit

2205 2497 2414 2568 ipsum,
2431 2501 2488 2551 et
2504 2501 2565 2551 ut
2580 2498 2748 2568 hujus
2773 2497 2962 2568 operis
2979 2497 3318 2568 participem
3336 2496 3677 2565 faceremus,
3701 2497 3845 2550 hor-

2206 2593 2323 2645 tata
2353 2594 2470 2644 est:
2491 2592 2589 2645 sed
2616 2595 2674 2644 et
2700 2591 3028 2646 Anatolium
3048 2590 3682 2660 magnificentissimum
3711 2606 3844 2643 ma-

2207 2683 2467 2754 gistrum,
2496 2684 2594 2754 qui
2619 2687 2676 2737 et
2700 2685 2821 2755 ipse
2853 2684 3008 2755 apud
3029 2684 3385 2755 Berytienses
3410 2700 3477 2738 ea
3508 2699 3636 2754 qua:
3661 2700 3731 2737 ex
3758 2684 3842 2737 le—

2207 2777 2372 2847 gibus
2403 2778 2828 2848 [proliscuntur]
2851 2777 3085 2848 pulchre
3108 2777 3290 2844 docet,
3322 2777 3408 2830 vir
3431 2793 3498 2830 ex
3520 2776 3689 2830 tertia
3716 2776 3847 2830 stir-

2204 2887 2276 2940 pe
2321 2870 2597 2924 laudabili
2632 2871 2778 2941 juris
2822 2871 2977 2942 apud
3011 2870 3306 2925 Phcenices
3330 2869 3709 2941 interpretum
3738 2869 3844 2922 de-

2207 2961 2510 3029 scendens;
2541 2965 2719 3018 refert
2739 2963 2894 3017 enim
2917 2980 3101 3034 genus
3121 2963 3194 3017 ad
3225 2962 3548 3028 Leontium,
3579 2966 3636 3014 et
3655 2961 3846 3015 Eudo-

2204 3055 2378 3123 xium,
2421 3057 2689 3110 homines
2726 3057 2784 3110 in
2834 3057 3057 3128 legibus
3099 3057 3330 3127 optimae
3360 3057 3675 3122 memoria,
3710 3058 3848 3125 post

2205 3149 2511 3204 Patricium
2534 3150 2761 3222 inclytae
2785 3150 3221 3217 recordationis,
3246 3149 3613 3220 quaestorium
3645 3152 3704 3202 et
3735 3165 3842 3202 an-

469 3245 690 3298 lutione
724 3247 781 3298 et
810 3245 1146 3298 liberatione
1172 3245 1451 3314 ipsorum,
1483 3248 1541 3298 et
1566 3245 1636 3298 de
1664 3244 2004 3299 introductis
2035 3260 2104 3298 ex
2125 3211 2179 3284 C
2206 3243 2567 3310 ticensorem,
2609 3250 2666 3298 et
2692 3244 2991 3298 Leontium
3025 3243 3519 3315 gloriosissimum,
3553 3243 3838 3312 expraafe-

471 3341 781 3407 praetorum
812 3337 1181 3406 juridictione
1230 3337 1706 3408 stipulationibus,
1741 3355 1870 3409 qua:
1913 3339 2105 3392 omnia

473 3431 695 3485 duobus
715 3447 750 3484 a
768 3430 931 3484 nobis
957 3432 1248 3484 contracta
1269 3437 1400 3485 sunt
1429 3431 1602 3498 libris,
1625 3448 1754 3485 cum
1776 3431 1928 3502 apud
1957 3435 2106 3486 vete-

471 3540 564 3578 res
592 3541 697 3578 nec
724 3523 834 3577 dici
865 3526 1057 3594 posset
1083 3529 1220 3594 quot
1244 3528 1431 3579 essent
1460 3525 1589 3579 libri
1617 3527 1704 3596 [ea
1733 3526 1803 3579 de
1833 3527 1938 3596 re].
1968 3527 2101 3580 Pro-

472 3617 625 3672 cedit
645 3622 701 3672 et
723 3617 993 3688 deinceps
1015 3618 1086 3672 ad
1105 3618 1447 3672 delictorum
1469 3619 1879 3685 narrationem,
1912 3624 1968 3674 et
1988 3635 2105 3672 om-

473 3710 572 3765 nia
599 3716 857 3766 recenset
892 3728 1021 3783 quaa
1049 3711 1122 3766 ad
1152 3712 1374 3782 majora
1401 3711 1609 3766 delicta
1635 3713 1944 3783 pertinent,
1975 3728 2103 3783 quae

468 3810 677 3860 vocant
701 3805 952 3876 privata;
985 3809 1044 3859 et
1063 3806 1203 3858 item
1229 3821 1358 3876 quae
1389 3806 1458 3860 ad
1487 3822 1555 3860 ea
1583 3823 1710 3877 qua:
1744 3805 1990 3860 necdum
2017 3822 2103 3860 or-

472 3899 691 3953 dinaria
702 3899 1011 3969 appellant,
1032 3898 1132 3952 sed
1148 3899 1286 3970 ipsis
1307 3899 1888 3953 extraordinariorum
1907 3900 2099 3970 appel-

469 3992 746 4047 lationem
781 3992 1123 4063 imponunt:
1159 3991 1454 4046 descendit
1484 3993 1657 4047 etiam
1687 3996 1744 4047 et
1772 3993 1846 4048 ad
1877 3993 2104 4063 publica

470 4085 730 4154 crimina,
755 4101 884 4155 qua:
903 4085 1261 4139 atrocissima
1278 4091 1412 4141 sunt
1434 4090 1492 4140 et
1505 4102 1781 4156 magnam
1811 4085 1916 4140 sibi
1935 4086 2103 4140 advo-

471 4182 606 4234 cant
637 4194 886 4249 poenam.
941 4180 1061 4233 Duo
1103 4184 1295 4234 autem
1327 4183 1384 4233 et
1419 4179 1510 4233 hic
1542 4184 1674 4234 sunt
1700 4180 1851 4245 libri,
1879 4180 1978 4251 qui
2007 4180 2102 4234 illa

472 4271 704 4343 quidem
737 4288 862 4343 quae
891 4271 963 4326 ad
985 4271 1200 4326 delicta
1219 4277 1274 4326 et
1284 4272 1527 4327 crimina
1542 4273 1834 4344 pertinent
1853 4273 2102 4344 comple-

470 4367 742 4419 ctuntur:
777 4365 981 4435 quibus
1009 4365 1290 4436 permixta
1331 4369 1463 4419 sunt
1500 4370 1558 4419 et
1595 4383 1663 4420 ea
1705 4383 1832 4438 quae
1879 4367 1949 4420 de
1987 4366 2100 4420 reis

469 4459 774 4513 criminum
797 4459 894 4530 qui
915 4476 974 4513 se
991 4459 1173 4513 celare
1190 4463 1387 4513 tamen
1404 4463 1688 4514 conantur
1713 4459 1923 4531 scripta
1945 4463 2096 4527 sunt,

471 4557 529 4607 et
547 4551 617 4606 de
637 4568 839 4607 eorum
855 4551 1039 4621 bonis,
1057 4552 1194 4606 etde
1219 4568 1287 4607 ea
1301 4553 1719 4623 quaeinﬂigitur
1739 4554 2094 4608 condemna-
2116 4582 2176 4654 D

467 4645 541 4700 tis
565 4662 734 4716 paena
765 4646 851 4699 vel
881 4645 1255 4716 indulgentia.
1289 4645 1518 4700 initium
1550 4651 1741 4701 autem
1769 4647 1931 4701 nobis
1951 4648 2095 4702 alte-

468 4739 588 4794 rius
612 4756 842 4794 rursum
862 4738 991 4793 libri
1012 4740 1075 4794 fit
1088 4739 1341 4794 narratio
1363 4739 1432 4794 de
1453 4741 1945 4810 appellationibus,
1973 4757 2099 4811 qua:

470 4833 790 4887 communis
809 4835 893 4887 est
911 4832 1162 4902 profecto
1180 4833 1252 4887 ad
1271 4833 1681 4887 rescindendas
1701 4838 1816 4887 tam
1833 4834 2100 4905 pecunia-

467 4925 584 4980 rias
615 4926 738 4995 [seu
767 4925 971 4998 civiles]
1001 4927 1329 4992 sententias,
1361 4943 1534 4996 quam
1561 4926 1906 4982 criminales.
1929 4929 2096 4990 Quae-

470 5035 696 5090 cunque
719 5022 913 5074 autem
931 5019 1000 5073 de
1023 5019 1236 5074 civibus
1258 5021 1381 5090 [seu
1400 5019 1830 5091 municipibus],
1855 5024 1913 5074 et
1933 5020 2102 5074 decu-

468 5112 743 5180 rionibus,
769 5115 826 5166 et
845 5111 1198 5180 muneribus,
1229 5117 1287 5166 et
1307 5113 1545 5183 publicis
1574 5113 1859 5184 operibus,
1880 5117 1939 5168 et
1956 5131 2100 5168 nun-

471 5206 638 5274 dinis,
658 5209 717 5261 et
727 5205 1015 5260 redituum
1029 5205 1620 5276 pollicitationibus,et
1630 5207 1798 5262 variis
1815 5207 2096 5279 cognitio-

468 5300 637 5355 nibus
651 5298 768 5372 ]seu
779 5299 1429 5370 interrogationibus],et
1445 5300 1672 5372 publica
1693 5301 2096 5372 descriptione,

468 5393 754 5449 veteribus
787 5393 1022 5448 inventa
1054 5397 1206 5460 sunt,
1239 5398 1295 5448 et
1316 5409 1669 5466 quaecunque
1695 5394 1766 5449 de
1793 5395 2099 5450 verborum

469 5491 690 5543 exstant
707 5487 1211 5558 significatione,et
1231 5486 1300 5540 de
1324 5486 1411 5541 his
1431 5503 1558 5558 qua:
1581 5504 1683 5558 pro
1706 5489 1921 5559 regulis
1945 5488 2099 5559 apud

465 5586 689 5638 veteres
710 5580 858 5636 dicta
876 5584 1026 5648 sunt,
1056 5581 1177 5635 haec
1201 5580 1396 5636 omnia
1410 5580 1470 5635 in
1489 5597 1611 5636 sese
1632 5581 1834 5653 recipit
1864 5581 2098 5636 ultimus

465 5675 631 5732 liber.
655 5673 831 5744 Hujus
848 5673 1022 5746 igitur
1043 5674 1493 5745 compositionis,
1522 5675 1684 5745 cujus
1699 5674 1928 5729 initium
1951 5677 2036 5728 est
2064 5691 2098 5728 a

465 5765 954 5840 stipulationibus,
974 5759 1235 5821 hic'liber
1250 5772 1533 5822 estsextus
1554 5767 1792 5840 quidem
1806 5766 1852 5821 si
1869 5766 1941 5820 ad
1960 5782 2094 5836 pro-

465 5861 660 5937 prium
673 5857 1021 5936 principium
1040 5863 1438 5931 comparetur;
1465 5861 1568 5917 sed
1585 5865 1671 5919 est
1691 5858 2097 5935 quinquagesi-

2204 3340 2359 3390 ctum
2386 3340 2444 3390 et
2467 3338 2829 3392 exconsulem
2846 3340 3019 3408 atque
3040 3337 3347 3392 Patricium
3368 3338 3416 3408 ej
3427 3353 3489 3391 us
3505 3336 3652 3391 ﬁlios
3673 3338 3848 3405 (sum-

2203 3447 2313 3485 mae
2341 3430 2739 3486 admirationis
2764 3431 2958 3502 viros);
2986 3436 3042 3486 et
3060 3431 3355 3486 Cratinum
3383 3430 3845 3501 magniﬁcentis-

2205 3524 2418 3578 simum
2466 3528 2635 3596 atque
2684 3525 3193 3596 prudentissimum
3224 3525 3496 3579 comitem
3541 3539 3846 3578 sacrarum

2202 3618 2573 3690 largitionum
2596 3619 2677 3690 [et
2700 3619 2952 3689 optimus
2974 3635 3204 3690 quoque
3228 3619 3372 3672 estis
3391 3619 3587 3689 legum
3607 3634 3847 3671 enarra-

2204 3714 2295 3765 tor
2315 3711 2373 3764 in
2405 3712 2566 3782 regia
2591 3713 2697 3766 hac
2724 3711 2911 3782 urbe],
2942 3718 3000 3767 et
3030 3716 3240 3783 praeter
3264 3711 3369 3766 hos
3397 3711 3574 3765 etiam
3600 3711 3846 3781 Stepha-

2203 3821 2364 3875 num,
2377 3805 2618 3874 Menam,
2639 3805 3035 3873 Prosdocium,
3053 3805 3427 3873 Eutolmium,
3445 3805 3842 3872 Timotheum,

2203 3899 2534 3969 Leonidem,
2554 3899 2877 3967 Leontium,
2897 3901 3215 3966 Platonem,
3233 3899 3526 3967 Iacobum,
3556 3900 3841 3952 Constan-

2203 3993 2408 4060 tinum,
2434 3995 2736 4060 Joannem,
2760 3993 2908 4047 viros
2934 3993 3438 4064 prudentissimos,
3470 3992 3566 4063 qui
3586 3992 3842 4046 universi

2202 4088 2460 4142 rhetores
2478 4087 2713 4158 quidem
2729 4090 2862 4140 sunt
2879 4087 3417 4157 gloriosissimorum
3430 4087 3843 4156 praefectorum

2202 4197 2490 4235 sacrorum
2533 4184 2861 4235 nostrorum
2895 4180 3331 4251 praetoriorum;
3362 4179 3612 4249 gloriam
3641 4183 3845 4234 autem

2201 4290 2301 4327 seu
2326 4275 2557 4328 laudem
2587 4274 2739 4344 apud
2767 4289 2967 4328 omnes
2987 4273 3308 4343 prudentiae
3331 4273 3483 4343 juste
3515 4273 3754 4339 habent,
3781 4276 3845 4326 et

2201 4384 2236 4421 a
2277 4367 2441 4421 nobis
2481 4367 2688 4422 merito
2721 4366 2962 4438 judicati
3004 4370 3136 4420 sunt
3176 4366 3339 4437 digni
3371 4369 3438 4419 ut
3475 4367 3844 4436 eligerentur

2201 4460 2340 4512 tanti
2368 4460 2702 4514 certaminis
2731 4460 3054 4531 participes.
3096 4461 3224 4513 Haec
3265 4459 3442 4530 igitur
3477 4459 3642 4512 nobis
3684 4459 3843 4513 circa

2199 4553 2560 4623 Digestorum
2574 4554 2865 4608 elaborata
2877 4553 3498 4625 suntconscriptionem
3511 4568 3613 4623 per
3615 4552 3637 4622 j
3646 4568 3743 4605 am
3759 4551 3844 4606 di-

2199 4651 2318 4701 ctos
2335 4647 2770 4718 gloriosissimos
2800 4647 3040 4702 viros.—
3068 4646 3097 4718 ξ
3128 4650 3212 4701 10.
3245 4649 3425 4700 Tanta
3442 4650 3638 4700 autem
3665 4645 3842 4700 nobis

2198 4742 2522 4795 reverentia
2543 4741 2904 4812 antiquitatis
2926 4742 3054 4811 fuit,
3079 4744 3142 4794 ut
3165 4756 3352 4811 neque
3369 4739 3580 4794 mutari
3595 4739 3842 4794 nomina

2199 4838 2460 4889 veterum
2479 4835 3023 4906 jurisconsultorum
3043 4834 3505 4901 sustinuerimus,
3526 4834 3622 4888 sed
3641 4835 3843 4888 unius-

2199 4929 2474 5000 cujusque
2491 4929 2720 4983 illorum
2738 4929 3181 5000 appellationem
3200 4928 3424 4999 legibus
3439 4927 3841 4998 inscripsimus

2198 5026 2486 5077 mutantes
2506 5022 2761 5093 quidem,
2785 5023 2830 5076 si
2850 5022 2988 5094 quid
3011 5023 3138 5092 jam
3158 5022 3371 5076 habere
3388 5021 3570 5075 visum
3601 5024 3689 5075 est
3716 5038 3840 5076 non

2199 5119 2373 5182 recte,
2405 5119 2597 5187 partes
2619 5133 2748 5171 vero
2780 5116 2903 5170 illas
2930 5133 3084 5170 nunc
3111 5116 3388 5183 tollentes,
3424 5116 3528 5169 has
3554 5131 3710 5169 nunc
3738 5115 3841 5170 ad-

2200 5208 2420 5277 dentes,
2449 5225 2515 5262 ex
2539 5209 2734 5264 multis
2756 5209 3006 5280 denique
3038 5209 3321 5280 optimum
3352 5209 3649 5278 eligentes,
3673 5212 3733 5264 et
3759 5226 3835 5264 u-

2198 5318 2335 5356 nam
2374 5300 2564 5374 [atque
2601 5303 2821 5374 parem]
2862 5303 3128 5358 omnibus
3170 5303 3492 5374 praebentes
3531 5304 3838 5374 potestatis

2197 5395 2311 5449 vim
2342 5397 2460 5467 [seu
2491 5396 2708 5466 robur],
2747 5397 2826 5450 ita
2861 5402 2923 5452 ut
2958 5397 3234 5469 quidquid
3261 5398 3536 5471 scriptum
3564 5404 3650 5455 est
3677 5401 3737 5455 in
3761 5415 3834 5455 eo

2197 5489 2368 5557 llbro,
2403 5489 2462 5543 id
2489 5494 2684 5544 nostra
2705 5490 2776 5544 sit
2792 5491 3112 5546 sententia:
3146 5492 3383 5548 nemine
3410 5494 3658 5550 audente
3680 5511 3833 5549 com—

2195 5599 2400 5655 parare
2424 5599 2492 5638 ea
2518 5599 2645 5655 qua
2670 5601 2822 5638 nunc
2847 5584 2996 5640 facta
3022 5588 3154 5640 sunt
3175 5585 3265 5641 his
3292 5604 3419 5658 quae
3449 5587 3608 5659 prius
3637 5591 3824 5656 erant,

2198 5675 2334 5747 quia
2371 5677 2552 5732 multa
2579 5680 2638 5732 et
2659 5681 2962 5733 numeratu
2997 5695 3114 5734 non
3139 5679 3326 5735 facilia
3364 5681 3830 5753 transposuimus

2196 5768 2256 5823 in
2288 5771 2512 5841 melius,
2567 5770 2793 5827 etiamsi
2821 5772 2955 5845 quid
3000 5773 3288 5846 imperiali
3335 5774 3529 5847 aliqua
3563 5776 3832 5849 antiquo-

2195 5877 2326 5919 rum
2366 5863 2778 5938 imperatorum
2819 5867 3224 5928 constitutione
3280 5869 3342 5926 in
3387 5869 3562 5927 aliam
3609 5869 3828 5929 dictum
