4032 6232
203 292 338 346 1097

963 298 1328 354 JUSTINIANI
1368 302 1582 358 LEGES
1619 303 1950 361 SELECTE.
1996 309 2119 362 LIB.
2166 309 2202 374 Ι,
2245 310 2367 364 ΤΙΤ.
2417 311 2521 375 VII,
2565 311 2693 364 LEX
2733 312 2820 365 lll.

3429 322 3448 371 1
3461 321 3564 372 098

191 395 382 449 fuerat
410 397 672 454 formam.
703 401 846 456 Nam
871 405 1103 460 nomina
1131 408 1362 478 quidem
1406 412 1684 466 veteribus
1714 430 1830 468 ser-
1854 427 1913 499 Α
1935 421 1990 470 et
2009 416 2280 471 similium
2295 418 2704 488 assumpsimus
2718 418 3186 489 positionem,vel
3202 421 3368 476 rebus
3382 423 3568 494 subje-

193 489 468 561 vavimus,
498 492 690 564 legum
718 500 909 550 autem
941 499 1236 555 veritatem
1274 509 1527 559 nostram
1574 506 1828 561 fecimus.

196 583 390 652 Itaque
419 585 467 637 si
494 586 630 655 quid
663 593 787 642 erat
820 589 878 643 in
907 590 1018 645 illis
1050 593 1382 650 seditiosum
1411 598 1610 668 (multa
1638 605 1831 656 autem

191 674 327 728 talia
347 683 509 731 erant
529 678 605 732 ibi
625 681 908 752 reposita),
926 684 1034 738 hoc
1056 686 1308 742 decisum
1329 695 1412 743 est
1432 695 1487 745 et
1506 692 1828 762 deﬁnitum,

191 767 253 816 et
281 763 339 817 in
367 767 732 836 perspicuum
762 769 935 826 ﬁnem
976 773 1217 828 deducta
1244 783 1327 831 est
1355 795 1596 850 quasque
1625 781 1734 834 lex.
1764 813 1832 821 —

191 855 228 926 §
261 860 345 911 11.
377 859 482 912 Sed
503 877 634 913 cum
659 865 951 932 oportebat
982 870 1036 920 et
1064 867 1315 937 aliquam
1344 872 1688 926 mediocrem
1720 874 1828 927 isa-

193 966 404 1020 gogem
444 952 626 1008 facere
664 955 722 1008 in
761 973 957 1011 eorum
997 961 1236 1029 gratiam
1261 963 1360 1032 qui
1389 971 1643 1020 recenter
1677 967 1832 1036 leges

193 1042 506 1114 attingunt,
537 1063 642 1100 nec
672 1049 948 1119 majorem
979 1051 1291 1107 doctrinam
1321 1061 1546 1125 portare
1577 1064 1828 1128 possunt,

192 1151 382 1206 neque
409 1137 514 1191 hoc
542 1143 701 1194 extra
729 1149 980 1197 nostram
1019 1146 1434 1214 providentiam
1475 1151 1828 1222 reliquimus,

191 1229 408 1282 scilicet
444 1232 788 1288 Triboniano
841 1235 1271 1307 gloriosissimo,
1303 1242 1400 1310 qui
1449 1247 1505 1296 et
1545 1244 1615 1298 ad
1661 1245 1832 1298 totius

191 1321 386 1391 operis
423 1324 666 1394 legitimi
705 1327 1172 1398 gubernationem
1219 1333 1428 1388 electus
1469 1341 1572 1404 est,
1612 1353 1831 1392 necnon

191 1413 525 1485 Theophilo,
549 1423 604 1472 et
625 1420 905 1476 Dorotheo
923 1425 1494 1495 magniﬁcentissimis
1516 1433 1572 1482 et
1591 1431 1833 1500 pruden-

190 1506 428 1562 tissimis
476 1511 926 1569 anticensoribus
977 1519 1260 1573 accersitis
1311 1522 1722 1592 mandavimus,
1769 1528 1834 1578 ut

192 1595 500 1665 seligerent
520 1615 586 1652 ex
611 1599 696 1654 his
722 1618 848 1672 quae
877 1605 1027 1674 apud
1048 1611 1262 1660 veteres
1283 1615 1444 1663 erant
1467 1611 1831 1682 isagogarum

191 1687 368 1742 modo
392 1693 721 1762 composita,
745 1711 812 1749 ea
839 1713 968 1767 quae
997 1705 1182 1754 essent
1211 1702 1517 1771 aptissima,
1543 1710 1599 1758 et
1619 1705 1676 1759 in
1697 1706 1832 1775 ipsis

191 1796 388 1836 rerum
419 1787 774 1855 argumentis
801 1788 1140 1860 obtinentia;
1185 1799 1358 1865 utque
1397 1797 1752 1867 colligerent,
1779 1803 1836 1853 et
1854 1790 1910 1861 Β

189 1874 356 1928 nobis
375 1875 664 1948 offerrent,
683 1883 740 1934 et
759 1884 823 1934 ut
849 1885 1199 1940 mentionem
1226 1887 1400 1942 etiam
1443 1889 1695 1945 facerent
1735 1909 1831 1946 no-

195 1969 442 2022 strarum
476 1971 980 2043 Constitutionum,
1008 1994 1147 2049 quas
1177 1996 1280 2050 pro
1312 1983 1704 2038 emendatione
1736 2002 1828 2040 ve-

192 2060 330 2114 teris
349 2061 497 2130 juris
518 2068 1022 2141 promulgavimus,
1055 2077 1111 2125 et
1138 2072 1215 2126 ita
1241 2081 1644 2145 componerent
1663 2078 1833 2133 libros

113 2140 134 2157 ’
192 2156 438 2222 quatuor
452 2155 672 2212 futuros
693 2161 876 2230 prima
893 2163 1173 2218 elementa
1195 2140 1668 2240 totius—isagoges,
1686 2187 1834 2241 quos

191 2247 382 2300 vocari
402 2249 658 2304 Instituta
683 2253 863 2307 visum
886 2259 998 2323 est;
1027 2273 1195 2327 quam
1215 2275 1351 2313 sane
1375 2261 1615 2331 legitimi
1649 2264 1834 2334 operis

191 2342 416 2409 partem
469 2345 838 2414 compositam
882 2349 1043 2402 nobis
1087 2351 1432 2421 obtulerunt,
1467 2359 1523 2408 et
1561 2372 1665 2410 nos
1710 2373 1835 2411 eam

193 2434 372 2486 totam
396 2436 805 2492 consideratam
834 2458 867 2494 a
894 2442 1076 2512 nobis,
1107 2448 1162 2498 et
1187 2461 1547 2517 perpensam,
1570 2453 1834 2522 recteque

194 2524 406 2581 habere
445 2529 643 2596 visam,
676 2533 878 2587 nostris
924 2535 1177 2591 sensibus
1221 2556 1336 2593 non
1381 2541 1673 2612 indignam
1716 2560 1833 2598 esse

183 2617 588 2689 judicavimus,
623 2627 679 2676 et
717 2642 820 2695 pro
850 2628 1055 2682 nostris
1081 2629 1283 2684 haberi
1309 2635 1830 2704 Constitutionibus,

192 2715 252 2764 et
267 2718 589 2769 nostrarum
612 2717 1092 2775 Constitutionum
1113 2725 1287 2778 robur
1302 2726 1509 2782 habere
1523 2729 1829 2798 jussimus:

191 2805 345 2874 quod
389 2811 446 2860 et
475 2823 540 2862 ex
569 2809 657 2862 his
686 2827 814 2882 qua:
842 2813 900 2866 in
926 2817 1220 2884 prooemiis
1246 2819 1502 2888 ejusdem
1532 2823 1834 2877 voluminis

191 2896 584 2967 disseruimus,
617 2904 881 2959 omnibus
911 2908 1278 2964 manifestum
1304 2912 1556 2968 fecimus.
1587 2946 1653 2955 ——
1685 2917 1717 2986 §
1747 2920 1831 2972 12.

192 2989 287 3044 Sic
311 2991 502 3062 itaque
531 2995 687 3050 omni
718 2997 961 3052 Romani
980 3001 1126 3070 juris
1158 3003 1522 3074 dispositione
1550 3008 1831 3077 ordinata,

191 3087 252 3138 et
293 3083 354 3137 in
396 3086 580 3140 tribus
615 3088 851 3160 integris
895 3097 952 3146 et
993 3094 1375 3151 voluminibus
1407 3105 1463 3153 et
1486 3101 1648 3154 annis
1679 3107 1834 3156 tanto

191 3192 367 3246 opere
409 3180 658 3249 perfecto
693 3184 859 3253 (quod
888 3185 1048 3239 nobis
1094 3188 1165 3241 ab
1205 3189 1364 3245 initio
1399 3208 1628 3247 omnem
1675 3211 1832 3266 spem

193 3271 488 3341 excedere,
517 3274 664 3328 circa
687 3273 860 3331 ﬁnem
886 3282 1097 3347 autem,
1122 3298 1252 3336 cum
1273 3285 1395 3354 jam
1422 3288 1831 3356 penetrabilem

192 3378 312 3417 esse
333 3381 456 3419 rem
484 3366 795 3439 docuimus,
820 3387 892 3425 ne
915 3371 974 3425 in
993 3373 1188 3427 decem
1212 3377 1442 3446 quidem
1461 3381 1625 3435 annis
1650 3387 1831 3436 totum

191 3454 406 3510 absolvi
437 3475 601 3529 posse
627 3461 964 3535 videbatur),
995 3470 1154 3521 tanta
1183 3483 1319 3539 ergo
1353 3472 1527 3527 trium
1551 3492 1831 3531 annorum

193 3549 518 3606 celebritate
541 3562 934 3610 consummato
966 3574 1157 3629 opere,
1190 3565 1246 3615 et
1271 3562 1374 3618 hac
1401 3581 1571 3636 opera
1593 3569 1831 3624 Domino

193 3641 311 3696 Deo
341 3643 549 3715 oblata,
588 3647 686 3717 qui
717 3648 868 3702 dedit
897 3655 953 3704 et
976 3668 1169 3721 pacem
1198 3671 1388 3726 agere,
1410 3663 1466 3712 et
1483 3659 1633 3714 bella
1651 3663 1827 3717 felici-

193 3737 282 3788 ter
307 3735 574 3807 dirigere,
612 3743 668 3793 et
697 3739 852 3811 leges
878 3759 1090 3812 ponere
1117 3749 1422 3816 praeterito,
1455 3755 1740 3824 praesenti,
1775 3761 1832 3810 et

191 3827 384 3882 futuro
410 3832 676 3902 tempori,
697 3833 916 3902 justum
949 3852 1068 3891 esse
1095 3841 1418 3908 putavimus
1446 3845 1712 3901 omnibus
1732 3849 1831 3902 ho-

192 3921 441 3974 minibus
493 3923 676 3978 facere
729 3926 1092 3984 manifestum
1133 3936 1390 3987 nostrum
1434 3935 1494 3989 in
1533 3937 1619 3992 his
1663 3941 1830 3996 rebus

193 4014 444 4068 studium
495 4016 665 4071 simul
717 4024 774 4072 et
819 4022 1248 4096 providentiam,
1281 4030 1564 4097 quomodo
1618 4050 1828 4106 nempe

194 4107 371 4176 priori
397 4109 562 4164 soluti
588 4113 1031 4181 perturbatione,
1061 4121 1118 4170 et
1142 4119 1490 4190 confusione,
1524 4129 1579 4178 et
1606 4128 1827 4182 nullum

190 4199 368 4254 ﬁnem
394 4202 636 4258 habente
653 4205 803 4274 juris
833 4209 1132 4280 positione,
1157 4215 1312 4266 usuri
1343 4221 1476 4270 sunt
1500 4220 1730 4287 posthac
1754 4222 1830 4276 le-

195 4293 358 4363 gibus
403 4295 589 4363 rectis,
619 4302 1057 4372 compendiosis,
1092 4310 1148 4359 et
1189 4308 1453 4363 omnibus
1490 4313 1560 4366 ad
1592 4330 1828 4370 manum

192 4388 490 4460 promptis,
519 4393 575 4444 et
600 4390 788 4446 litium
812 4397 1212 4466 compendium
1243 4401 1628 4476 atferentibus,
1652 4415 1706 4463 et
1724 4426 1826 4480 pa-

1933 510 2034 563 ctis
2053 510 2114 564 id
2139 510 2520 582 exigentibus,
2542 517 2607 565 ut
2635 515 2926 582 oporteret
2945 511 3096 565 idem
3117 514 3368 582 pluribus
3387 517 3566 586 appli-

1932 603 2047 656 cari
2084 603 2274 672 titulis,
2307 606 2396 658 vel
2423 605 2556 674 quia
2579 621 2709 658 cum
2739 607 3012 658 extraneo
3057 605 3180 659 loco
3219 611 3363 660 esset
3401 623 3560 661 com-

1933 696 2179 750 mixtum
2201 697 2257 750 id
2276 697 2433 767 quod
2460 698 2640 752 simile
2669 697 2948 768 superiori
2969 697 3286 765 videbatur,
3310 699 3566 770 impossi-

1931 789 2040 842 bile
2067 789 2175 843 fuit
2203 807 2332 843 eam
2358 790 2792 844 similitudinem
2821 789 3074 858 detrahi;
3115 791 3203 844 vel
3229 791 3401 845 etiam
3435 793 3566 862 quia

1932 898 2079 952 saepe
2105 882 2474 937 custodienda
2503 884 2611 938 fuit
2640 884 2864 953 integra
2887 883 3059 937 totius
3086 883 3319 936 theoriae
3342 885 3466 954 [seu
3489 885 3568 938 vi-

1933 975 2120 1046 sionis]
2165 975 2532 1042 continentia,
2559 992 2663 1030 nec
2705 977 3018 1046 separanda
3065 973 3184 1046 [aut
3228 976 3564 1045 divellenda]

1931 1083 2091 1120 mens
2117 1073 2172 1121 et
2197 1068 2510 1122 intellectus
2557 1067 2903 1138 [legentium]
2937 1084 3037 1138 per
3062 1083 3261 1121 eorum
3289 1084 3417 1137 quae.
3438 1069 3563 1137 jam

1932 1160 2138 1229 scripta
2177 1160 2406 1214 fuerant
2449 1161 2873 1232 ademptionem
2906 1177 2918 1213 :
2958 1159 3097 1230 quin
3143 1165 3200 1214 et
3241 1160 3344 1213 hoc
3384 1161 3567 1214 sicubi

1931 1258 2284 1323 assumptum
2317 1258 2401 1306 est
2441 1257 2670 1323 propter
2716 1253 2796 1306 rei
2837 1252 3249 1320 necessitatem,
3285 1257 3478 1307 tamen
3508 1254 3566 1308 id

1932 1345 2098 1399 breve
2138 1351 2239 1414 est,
2273 1363 2375 1400 nec
2421 1346 2600 1399 ullum
2643 1345 2761 1399 fere
2804 1345 2889 1399 sui
2925 1361 3152 1399 sensum
3181 1345 3466 1416 praebens.
3496 1376 3565 1385 —

1933 1439 1966 1509 §
1999 1440 2083 1492 14.
2117 1441 2230 1492 Hoc
2265 1439 2435 1493 etiam
2468 1439 2676 1509 ipsum,
2704 1444 2759 1492 et
2805 1438 2862 1491 in
2909 1437 3420 1492 Constitutionibus
3443 1439 3565 1508 jam

1934 1532 2084 1586 inter
2119 1532 2442 1602 imperiales
2470 1531 2906 1586 Constitutiones
2933 1531 3142 1600 relatis,
3177 1536 3233 1586 et
3251 1531 3382 1601 jure
3412 1532 3567 1602 quod

1933 1641 2003 1678 ex
2028 1624 2114 1678 his
2141 1625 2394 1692 resultat,
2425 1625 2846 1679 observavimus
2874 1641 2887 1677 :
2910 1640 3045 1678 nam
3073 1640 3201 1695 quas
3229 1624 3288 1679 in
3314 1625 3422 1678 illis
3444 1626 3565 1695 jam

1934 1721 2093 1770 cauta
2133 1723 2316 1785 erant,
2349 1734 2418 1771 ea
2443 1734 2547 1772 nec
2572 1717 2630 1771 in
2661 1718 2766 1771 hoc
2791 1717 3080 1771 volumine
3115 1717 3250 1787 poni
3292 1718 3566 1772 concessi-

1933 1827 2080 1878 mus,
2102 1811 2210 1864 nisi
2231 1812 2300 1864 ob
2325 1811 2576 1882 aliquam
2602 1810 2890 1864 interdum
2920 1809 3398 1865 circumstantiam
3419 1811 3569 1865 simi-

1931 1903 2186 1958 litudinis
2205 1904 2392 1975 aliqua
2418 1921 2582 1958 causa
2608 1903 2804 1958 relicta
2829 1906 2934 1958 est.
2953 1904 3074 1973 —§
3101 1907 3186 1957 15.
3208 1904 3568 1959 Contrariam

1934 1999 2126 2051 autem
2147 1997 2267 2050 aliis
2294 1997 2513 2068 legibus
2533 1998 2719 2068 legem
2739 2013 2806 2051 ex
2827 1996 2916 2050 his
2932 2013 3060 2066 quae
3076 1997 3135 2049 in
3157 1997 3262 2050 hoc
3283 1997 3568 2052 volumine

1932 2090 2132 2160 positae
2179 2095 2311 2144 sunt
2349 2107 2466 2144 non
2509 2091 2672 2144 facile
2711 2091 2837 2160 quis
2877 2089 3174 2160 repererit,
3204 2089 3248 2142 si
3289 2091 3458 2144 modo
3497 2091 3569 2144 ad

1934 2199 2131 2237 omnes
2151 2183 2561 2238 contrarietatis
2580 2183 2720 2237 ﬁnes
2732 2183 2986 2236 animum
3005 2182 3297 2236 intendere
3318 2184 3566 2246 festinet,

1936 2277 2030 2329 sed
2061 2277 2208 2330 inest
2234 2276 2445 2346 aliquid
2466 2276 2772 2341 diversum,
2791 2274 2945 2346 quod
2965 2281 3320 2345 assumptum
3341 2276 3570 2330 alterius

1936 2369 2160 2438 generis
2183 2369 2325 2423 forte
2346 2369 2490 2422 hanc
2511 2374 2567 2423 et
2580 2369 2736 2422 illam
2763 2368 2906 2438 legis
2933 2367 3272 2438 positionem
3292 2385 3569 2440 apparere

1933 2461 2118 2516 faciet.

2006 2555 2038 2626 §
2063 2558 2146 2610 16.
2180 2556 2288 2610 Sed
2317 2560 2374 2610 et
2404 2555 2450 2608 si
2473 2555 2606 2626 quid
2634 2554 2778 2609 forte
2803 2554 3250 2625 praetermissum
3266 2560 3350 2610 est
3368 2572 3570 2611 eorum

1933 2663 2060 2718 quae
2091 2649 2223 2718 poni
2255 2649 2538 2703 debebant
2569 2648 2729 2718 (forte
2757 2647 2910 2702 enim
2947 2651 3005 2701 et
3041 2647 3254 2718 aliquid
3279 2649 3392 2703 tale
3431 2665 3568 2704 con-

1932 2740 2062 2809 tigit
2088 2745 2322 2810 propter
2343 2741 2607 2795 humanas
2635 2740 3072 2795 imbecillitatem
3100 2743 3362 2812 naturae),
3389 2741 3571 2796 multo

1935 2849 2068 2886 sane
2111 2833 2315 2886 melius
2365 2839 2450 2886 est
2497 2834 2704 2888 nostris
2754 2833 2990 2888 subditis
3037 2834 3230 2888 multis
3274 2834 3571 2889 inutilibus

1935 2925 2160 2978 liberari
2187 2924 2471 2996 [legibus],
2495 2927 2630 2980 dum
2650 2927 2946 2998 privantur
2963 2927 3108 2980 forte
3130 2927 3321 2997 paucis
3341 2927 3571 2998 quibus-

1937 3018 2067 3072 dam
2098 3035 2226 3089 quse
2265 3018 2602 3074 videbantur
2633 3020 2860 3086 idonea,
2892 3020 3238 3091 myriadibus
3265 3037 3444 3091 prope
3474 3021 3566 3076 in-

1935 3110 2110 3165 finitis
2135 3111 2350 3165 defossa
2383 3117 2438 3166 et
2466 3112 2739 3183 deposita,
2760 3120 2816 3168 et
2835 3113 3050 3167 nemini
3075 3113 3218 3167 forte
3243 3111 3581 3169 mortalium'

1933 3205 2343 3259 animadversa.
2377 3235 2445 3244 ——
2492 3206 2524 3275 §
2574 3209 2656 3259 17.
2708 3207 2857 3260 Hauc
2899 3207 3053 3261 enim
3101 3207 3173 3261 ob
3217 3223 3444 3262 causam
3486 3212 3572 3262 tot

1933 3297 2089 3351 libris
2127 3315 2272 3368 quos
2317 3304 2484 3353 antea
2524 3297 2687 3352 scribi
2727 3300 3022 3368 oportebat
3052 3299 3302 3354 destituti
3323 3300 3568 3372 judices,

1931 3391 2150 3446 facilius
2176 3409 2246 3447 ex
2271 3392 2621 3463 paucissimis
2652 3391 2799 3461 juris
2833 3393 3159 3447 auctoribus
3203 3397 3263 3447 et
3298 3393 3455 3448 libris
3497 3394 3570 3450 ad

1931 3485 2104 3539 ﬁnem
2130 3485 2318 3540 litium
2343 3484 2768 3555 perveniebant,
2793 3489 2851 3538 et
2865 3486 3080 3556 judicia
3106 3487 3459 3555 decidebant,
3482 3489 3568 3543 vel

1931 3580 2164 3649 propter
2187 3577 2444 3648 inopiam
2470 3578 2764 3646 librorum,
2793 3579 2880 3632 vel
2908 3580 3044 3650 quia
3068 3597 3187 3635 non
3214 3581 3570 3637 sufﬁciebant

1930 3671 2124 3724 multis
2167 3670 2453 3739 laboribus
2493 3671 2565 3724 ad
2605 3671 2943 3726 invenienda
2973 3673 3152 3727 multa
3182 3675 3340 3729 utilia
3371 3690 3566 3730 neces-

1932 3764 2115 3834 sariis,
2147 3767 2203 3818 et
2226 3764 2440 3817 viribus
2469 3768 2632 3818 erant
2671 3764 2934 3835 impares.
2978 3767 3040 3820 In
3086 3768 3352 3837 praesenti
3375 3771 3567 3824 autem

1931 3857 2414 3912 consummatione
2457 3858 2741 3912 maximus
2779 3858 2974 3928 legum
3012 3860 3392 3917 obtinentium
3429 3879 3566 3918 con-

1933 3957 2122 4022 gestus
2143 3955 2226 4005 est
2245 3967 2519 4005 numerus
2545 3967 2613 4005 ex
2635 3951 2792 4005 libris
2821 3952 2979 4021 raris,
3000 3957 3058 4006 et
3077 3955 3176 4023 qui
3201 3955 3294 4009 vix
3321 3956 3566 4011 inveniri

1929 4046 2238 4115 potuerint,
2269 4051 2324 4099 et
2350 4061 2594 4117 quorum
2632 4061 2733 4098 nec
2771 4045 3003 4098 nomina
3045 4061 3150 4099 nec
3194 4049 3562 4104 eruditissimi

1930 4139 2164 4209 quidem
2185 4140 2244 4193 in
2264 4139 2483 4210 legibus
2500 4139 2820 4210 complures
2833 4138 3102 4192 homines
3117 4148 3408 4198 noverant.
3423 4145 3566 4208 Quo-

1930 4247 2060 4285 rum
2093 4249 2224 4286 sane
2250 4233 2469 4303 copiam
2511 4234 2631 4303 [seu
2674 4231 2992 4301 materiam]
3024 4232 3185 4286 nobis
3211 4234 3563 4292 uberrimam

1930 4323 2109 4378 dictus
2135 4326 2566 4395 gloriosissimus
2580 4325 2950 4380 Tribonianus
2978 4325 3221 4396 praebuit
3245 4329 3561 4385 multorum

1928 4415 2228 4487 librorum,
2260 4422 2317 4472 et
2339 4419 2438 4490 qui
2462 4419 2557 4474 vix
2582 4417 2868 4474 numerari
2904 4423 3163 4488 possunt,
3203 4421 3562 4491 suppeditata

193 4480 352 4584 ratis,
367 4486 536 4590 atque
557 4485 823 4556 expositis
843 4490 1106 4590 omnibus
1129 4491 1495 4590 [hominibus]
1515 4500 1585 4553 ad
1599 4501 1824 4558 facilem
1845 4518 1903 4590 D
1926 4480 2314 4577 multitudine,
2355 4480 2562 4583 quibus
2612 4512 2873 4567 omnibus
2906 4480 3159 4583 perfecte,
3205 4480 3383 4579 lectis,
3423 4531 3558 4570 con-

194 4575 642 4647 acquisitionem,
657 4595 762 4634 nec
775 4582 1016 4652 amplius
1029 4587 1326 4654 egentibus
1343 4591 1535 4646 multis
1549 4597 1828 4672 pecuniis,

195 4673 257 4723 ut
285 4668 512 4724 illorum
548 4671 838 4728 inutilium
869 4675 1145 4732 librorum
1173 4689 1485 4753 congerant
1507 4668 1827 4747 multitudi;

194 4777 349 4830 nem,
380 4763 476 4817 sed
501 4764 770 4820 vilissima
796 4770 1058 4838 pecunia,
1086 4776 1207 4827 tam
1233 4775 1530 4834 ditioribus
1562 4799 1733 4854 quam
1762 4803 1830 4842 ex

194 4855 448 4910 tenuiore
467 4858 732 4927 profectis
749 4861 1110 4934 patrimonio,
1127 4868 1348 4939 copiam
1363 4872 1448 4925 sui
1467 4881 1831 4947 comparandi

194 4948 599 5019 praebentibus.
631 4983 699 4991 —
728 4953 760 5024 §
793 4957 876 5009 13.
906 4956 959 5010 Si
989 4959 1128 5028 quid
1154 4966 1344 5017 autem
1372 4981 1440 5018 ex
1467 4969 1831 5028 multitudine

194 5057 259 5095 ea
301 5059 432 5113 quae
467 5060 620 5098 nunc
651 5053 917 5118 congesta
948 5055 1050 5118 est,
1080 5057 1137 5107 et
1180 5071 1249 5109 ex
1287 5059 1456 5112 tantis
1485 5063 1831 5133 myriadibus

193 5135 449 5203 collecta,
478 5137 759 5194 videbitur
793 5159 913 5196 esse
943 5143 1127 5200 simile
1171 5147 1249 5216 [et
1293 5153 1662 5228 geminatum]
1703 5159 1830 5226 (hoc

192 5233 383 5283 autem
410 5236 677 5300 putamus
696 5238 886 5288 ratum
913 5239 1068 5308 esse),
1092 5244 1348 5298 attamen
1375 5245 1642 5304 humanae
1673 5258 1831 5307 natu-

192 5337 272 5375 rae
289 5321 777 5397 [imbecillitatem]
796 5330 1300 5405 considerantibus,
1315 5354 1430 5394 non
1445 5347 1606 5396 extra
1617 5344 1830 5414 justam

192 5415 519 5486 apologiam
558 5434 629 5473 ne
657 5419 763 5474 hoc
790 5423 1022 5493 quidem
1060 5426 1345 5486 videbitur
1384 5450 1540 5502 esse;
1582 5437 1640 5490 in
1671 5440 1829 5495 nullo

193 5508 349 5564 enim
368 5510 630 5565 aberrare
654 5513 772 5583 [seu
794 5515 852 5568 in
875 5518 1137 5574 omnibus
1158 5522 1712 5596 irreprehensibilem
1731 5549 1831 5588 seu

193 5602 679 5660 inemendabilem
709 5608 872 5678 esse],
904 5610 1106 5668 divinae
1133 5617 1332 5689 utique
1358 5623 1550 5694 solius,
1574 5641 1694 5680 non
1724 5644 1827 5682 au-

192 5699 310 5751 tem
359 5697 618 5753 mortalis
657 5704 742 5755 est
788 5707 1112 5762 constantiae
1157 5710 1275 5779 [seu
1326 5713 1586 5790 roboris],
1625 5735 1827 5791 quem-

192 5789 504 5848 admodum
532 5796 588 5848 et
614 5809 648 5848 a
666 5795 976 5865 majoribus
1002 5800 1215 5858 dictum
1243 5811 1326 5860 est
1359 5823 1370 5860 :
1404 5789 1606 5865 deinde
1628 5789 1711 5868 est
1729 5813 1829 5868 ubi

522 5887 796 5958 Ρλτιλοι..
842 5893 1078 5963 LXXII.

1933 4605 2088 4673 gesta
2115 4607 2247 4656 sunt
2272 4604 2394 4657 haec
2421 4607 2738 4674 volumina;
2781 4605 2880 4660 sed
2913 4622 2981 4659 ex
3020 4605 3227 4660 horum
3270 4605 3462 4661 multis
3506 4614 3563 4663 et

1931 4695 2096 4748 variis
2128 4696 2189 4748 hi
2215 4697 2314 4766 qui
2357 4715 2390 4749 a
2427 4699 2590 4752 nobis
2615 4701 2686 4754 ad
2723 4700 2828 4754 hoc
2855 4699 3182 4771 congregati
3217 4704 3399 4767 erant,
3429 4717 3562 4756 cum

1932 4789 2073 4843 nihil
2093 4789 2439 4844 invenissent
2455 4791 2747 4859 idoneum,
2768 4799 2869 4848 aut
2882 4810 3090 4848 novum
3105 4793 3173 4847 ab
3192 4792 3280 4847 his
3297 4808 3425 4864 quas
3438 4794 3561 4864 jam

1932 4887 2280 4954 congregata
2305 4889 2483 4950 erant,
2518 4884 2831 4941 illationem
2857 4905 2927 4943 ex
2946 4888 3034 4943 his
3061 4888 3120 4942 in
3146 4888 3254 4942 hoc
3280 4903 3451 4958 opere
3473 4887 3558 4942 fa-

1933 4977 2190 5032 ciendam
2215 4977 2428 5048 optimo
2460 4977 2651 5031 animo
2674 4988 3036 5048 respuerunt.

2003 5071 2035 5140 §
2069 5075 2152 5126 18.
2183 5071 2236 5126 Si
2256 5086 2388 5125 vero
2416 5076 2614 5141 postea
2634 5070 2847 5141 aliquid
2876 5075 3007 5128 novi
3030 5079 3559 5146 controverteretur,

1931 5165 2084 5235 quod
2115 5181 2229 5218 non
2273 5165 2569 5237 apparebit
2608 5164 2830 5235 legibus
2874 5164 2960 5218 his
2999 5168 3334 5240 inscriptum
3363 5169 3561 5241 (multa

1931 5259 2086 5312 enim
2112 5275 2318 5313 novare
2344 5259 2498 5313 novit
2521 5260 2761 5329 natura),
2790 5257 2885 5311 sed
2914 5258 3221 5327 imperium
3252 5265 3397 5317 Deus
3425 5280 3558 5334 pro-

1931 5357 2058 5422 pter
2081 5353 2186 5406 hoc
2216 5352 2489 5424 imposuit
2510 5351 2854 5419 hominibus,
2883 5353 2948 5403 ut
2973 5357 3329 5424 emergentia
3348 5363 3404 5411 et
3422 5357 3563 5429 legis

1931 5445 2156 5517 egentia
2197 5446 2323 5517 lege
2363 5446 2612 5516 deﬁniat,
2649 5449 2706 5499 et
2743 5445 3008 5499 humanae
3033 5449 3254 5500 naturae
3281 5450 3565 5505 incertum

1931 5535 2165 5605 repleat,
2193 5540 2250 5590 et
2274 5536 2439 5590 certis
2464 5535 2760 5590 concludat
2782 5533 3006 5604 legibus
3030 5549 3094 5586 ac
3123 5536 3354 5603 regulis,
3378 5554 3564 5611 neque

1930 5627 2036 5682 hoc
2065 5632 2322 5683 nostrum
2358 5644 2511 5683 nunc
2546 5627 2806 5697 dicimus,
2836 5627 2934 5682 sed
2962 5627 3086 5697 jam
3124 5627 3382 5682 omnium
3416 5632 3565 5700 juris

1931 5722 2287 5778 conditorum
2315 5722 2414 5795 qui
2434 5721 2569 5776 olim
2594 5721 2939 5791 claruerunt,
2970 5719 3444 5793 prudentissimus
3462 5725 3562 5777 Ju-

1931 5815 2112 5872 lianus
2139 5818 2246 5874 hoc
2270 5819 2457 5892 ipsum
2484 5817 2705 5872 videtur
2729 5815 2956 5883 dixisse,
2979 5816 3077 5889 qui
3107 5819 3164 5870 et
3187 5815 3256 5868 ab
3282 5813 3566 5885 imperiali

3173 5919 3249 5977 35
