4032 6232
433 327 568 378 1099

1571 323 1824 378 ΞᾸΞΟΙΠᾸ
1863 320 2055 376 SEXTI
2093 317 2648 374 SUPPLEMENTUM.

3657 317 3797 371 1100

419 431 751 488 auctoritate
817 432 1086 504 implorat
1130 432 1252 488 ﬁeri
1311 433 1502 503 legum
1562 431 1940 503 repletionem
1994 431 2056 485 in
2076 443 2134 515 Α
2154 434 2345 484 torum
2369 429 2759 498 paratitlorum
2786 428 2870 496 (ut
2899 425 3242 481 conveniens
3267 425 3368 496 est)
3387 424 3668 481 ascribere
3698 443 3800 479 vo-

423 525 850 596 emergentibus
876 526 1342 597 ambiguitatibus
1381 530 1438 578 et
1476 525 1913 595 quzestionibus;
1957 524 2052 579 sed

421 621 480 671 et
523 619 588 672 D.
629 618 909 672 Adrianus
953 619 1060 689 pias
1109 617 1420 686 memoriae,
1454 618 1680 689 quando
1725 634 1812 684 ea,
1857 633 1984 687 quae
2023 634 2056 669 a

419 710 754 780 praetoribus
775 710 1078 780 quotannis
1104 710 1285 764 edicta
1304 710 1532 764 fuerant
1552 710 1711 765 brevi
1728 710 2055 780 complexus

423 807 509 856 est
531 803 740 869 libello,
760 807 1047 872 assumpto
1067 803 1137 857 ad
1157 803 1216 856 id
1237 820 1308 873 op
1334 802 1450 858 imo
1471 802 1707 869 Iuliano,
1725 804 1781 856 in
1802 803 2055 857 oratione

420 911 593 964 quam
610 896 667 948 in
686 911 987 950 commune
1001 895 1200 949 habuit
1217 896 1274 950 in
1295 897 1512 951 seniore
1531 897 1727 963 Roma,
1748 897 1852 950 hoc
1869 895 2055 966 ipsum

423 1004 646 1058 quoque
671 988 749 1040 ait
773 1005 785 1042 :
810 993 872 1041 ut
893 987 937 1041 si
963 989 1097 1058 quid
1121 992 1332 1060 praeter
1347 989 1402 1044 id
1423 991 1570 1061 quod
1592 991 1711 1060 jam
1732 990 2055 1043 ordinatum

422 1083 508 1134 est
519 1079 828 1147 emerserit,
845 1082 1186 1136 conveniens
1199 1087 1283 1136 est
1295 1099 1388 1136 eos
1401 1083 1498 1153 qui
1511 1083 1568 1136 in
1579 1083 1913 1153 magistratu
1926 1085 2058 1136 sunt

419 1172 558 1225 illud
585 1173 775 1226 conari
805 1173 1086 1243 decidere,
1109 1179 1165 1229 et
1189 1176 1508 1230 remedium
1533 1176 1826 1246 imponere
1854 1191 2053 1230 secun-

420 1265 560 1319 dum
597 1281 800 1320 eorum
827 1282 953 1337 quae
977 1267 1097 1338 jam
1125 1268 1391 1323 ordinata
1425 1273 1557 1323 sunt
1594 1268 2056 1339 consequentiam

427 1355 868 1429 [imitationem].
905 1389 962 1399 -
998 1361 1032 1431 §
1063 1365 1149 1416 l9.
1179 1363 1306 1416 Haec
1350 1361 1527 1432 igitur
1565 1378 1761 1416 omnes
1801 1361 2057 1431 (dicimus

418 1457 611 1505 autem
633 1469 748 1521 vos,
773 1453 970 1523 magni
997 1457 1224 1509 senatus
1252 1459 1308 1509 et
1336 1471 1532 1510 omnes
1558 1460 1766 1510 nostra:
1792 1454 2055 1526 reipubli-

419 1560 498 1598 cae
531 1545 810 1616 homines)
839 1551 1265 1617 cognoscentes,
1297 1548 1540 1618 gratiam
1566 1549 1798 1620 quidem
1823 1547 2056 1602 conﬁte—

421 1637 564 1692 mini
609 1639 738 1707 Deo,
786 1639 883 1710 qui
929 1641 1138 1694 nostris
1184 1642 1533 1712 temporibus
1579 1645 1801 1696 tantum
1844 1641 2059 1695 bonum

421 1731 688 1797 servavit;
734 1732 960 1786 utimini
989 1749 1121 1787 vero
1160 1734 1369 1788 nostris
1418 1734 1657 1805 legibus,
1692 1735 1834 1789 nulli
1863 1750 2058 1789 earum

2154 523 2366 578 luerint
2383 539 2549 577 usum
2566 540 2582 590 ;
2613 521 2764 576 aliud
2783 523 2975 575 autem
2990 519 3134 574 nihil
3156 518 3392 574 omnino
3410 535 3484 574 ne
3504 519 3796 574 tantillum

2154 615 2388 687 quidem
2430 616 2579 669 circa
2609 631 2675 670 ea
2701 615 2904 683 facere,
2936 630 3039 668 nec
3068 629 3299 668 rursum
3325 613 3459 667 dare
3484 613 3798 678 seditionis,

2155 712 2212 763 et
2265 708 2652 778 dubitationis,
2697 712 2796 761 aut
2847 706 3084 762 inﬁnitas
3136 705 3522 761 multitudinis
3571 706 3800 778 legibus

2153 803 2524 870 occasionem,
2553 801 2611 856 id
2637 801 2789 872 quod
2815 805 2982 854 antea
3020 799 3079 854 in
3108 799 3326 871 antiqui
3373 799 3540 853 edicti
3577 799 3798 854 factum

2156 900 2240 950 est
2283 895 2658 955 ordinatione,
2686 894 2767 948 ita
2804 898 2867 946 ut
2906 892 3044 947 illud
3081 893 3478 947 brevissimum
3514 893 3798 947 constitu-

2154 993 2278 1042 tum
2328 1004 2395 1043 ex
2447 987 2835 1042 differentium
2883 985 3430 1040 commentariorum
3474 984 3800 1040 differentia

2155 1097 2258 1135 seu
2295 1080 2613 1136 diversitate
2640 1080 2699 1133 in
2729 1077 3009 1133 inﬁnitam
3038 1079 3440 1133 extenderetur
3472 1077 3796 1132 multitudi-

2155 1189 2309 1228 nem.
2330 1173 2386 1228 Si
2417 1173 2553 1244 quid
2585 1172 2738 1227 enim
2763 1172 2908 1227 forte
2938 1171 3272 1243 ambiguum
3291 1171 3464 1226 fuerit
3482 1171 3688 1240 visum,
3708 1170 3801 1225 vel

2155 1266 2343 1320 litium
2369 1265 2757 1336 certatoribus,
2775 1265 2864 1319 vel
2883 1263 2970 1319 his
2991 1265 3088 1336 qui
3109 1265 3278 1319 rebus
3297 1262 3620 1334 judicandis
3639 1280 3795 1335 prae-

2157 1364 2307 1426 sunt,
2337 1360 2441 1414 hoc
2469 1359 2780 1430 imperator
2806 1357 3275 1428 interpretabitur
3303 1361 3452 1411 recte
3477 1373 3490 1410 :
3513 1373 3652 1411 nam
3672 1357 3799 1410 haec

2156 1452 2395 1507 facultas
2411 1452 2490 1506 illi
2509 1452 2612 1506 soli
2628 1469 2661 1506 a
2675 1452 2897 1523 legibus
2913 1451 3187 1522 permissa
3207 1455 3310 1506 est.
3325 1453 3521 1521 Itaque
3538 1449 3799 1520 quisquis

2159 1562 2330 1600 ausus
2353 1545 2525 1599 fuerit
2554 1545 2624 1598 ad
2650 1545 2798 1598 hanc
2826 1550 3075 1599 nostram
3106 1544 3300 1615 legum
3325 1541 3799 1614 compositionem

2159 1638 2632 1693 commentarium
2663 1637 2896 1708 aliquod
2921 1636 3183 1707 adjicere,
3203 1636 3365 1690 aliter
3389 1642 3557 1707 atque
3589 1639 3799 1689 nostrae

2160 1733 2330 1803 hujus
2353 1731 2622 1802 jussionis
2641 1731 2826 1785 forma
2851 1729 3189 1803 praescribit,
3214 1729 3259 1784 is
3280 1729 3416 1783 sciat
3440 1729 3590 1800 quod
3614 1732 3672 1782 et
3690 1728 3802 1798 ipsi

421 1839 549 1893 quae
577 1825 861 1878 veteribus
888 1824 1045 1879 libris
1071 1826 1355 1897 inscriptae
1383 1832 1516 1881 sunt
1544 1828 1917 1895 attendentes,
1953 1844 2050 1882 ne-
2073 1817 2131 1888 B
2154 1825 2278 1880 falsi
2305 1841 2400 1879 reo
2419 1824 2639 1896 legibus
2659 1825 2871 1894 futuro,
2895 1827 2953 1879 et
2977 1823 3132 1895 quod
3157 1822 3557 1894 composuerit,
3581 1821 3797 1892 eripie-

420 1933 530 1986 que
560 1918 630 1972 ad
666 1933 732 1971 ea
765 1935 892 1988 quae
925 1935 1077 1972 nunc
1113 1920 1298 1990 posita
1323 1925 1454 1974 sunt
1482 1921 1609 1975 illas
1635 1926 2052 1992 comparantes;

421 2009 554 2078 quia
573 2011 676 2064 etsi
705 2011 1002 2065 videantur
1019 2013 1279 2083 quaedam
1311 2013 1552 2068 invicem
1581 2030 1699 2068 non
1725 2030 2052 2080 consonare,

417 2107 611 2158 tamen
637 2103 797 2174 prius
822 2104 962 2159 illud
990 2109 1045 2160 et
1069 2107 1344 2161 vetustius
1373 2107 1536 2160 nobis
1560 2110 1626 2161 ut
1652 2107 2053 2178 imperfectum

419 2196 723 2266 displicuit,
746 2214 898 2251 nunc
917 2204 1105 2253 autem
1129 2200 1234 2254 hoc
1248 2200 1431 2254 visum
1453 2205 1535 2255 est
1555 2200 1760 2255 debere
1779 2200 2052 2254 obtinere.

413 2291 558 2343 Nam
589 2290 956 2360 prohibemus
993 2293 1102 2346 illis
1133 2294 1191 2348 in
1233 2297 1522 2363 posterum
1551 2293 1636 2346 uti
1668 2310 1681 2347 :
1715 2294 1839 2346 haec
1864 2298 2056 2347 autem

415 2384 534 2437 sola
575 2383 859 2438 observari
897 2385 956 2439 in
997 2385 1286 2456 republica
1315 2392 1372 2440 et
1395 2386 1650 2440 obtinere
1694 2387 2055 2441 concedimus

421 2482 478 2530 et
504 2477 817 2544 sancimus;
865 2478 941 2531 ita
971 2482 1035 2531 ut
1075 2479 1174 2549 qui
1211 2482 1443 2533 conatus
1481 2480 1652 2533 fuerit
1677 2495 1742 2532 ex
1775 2479 2056 2549 prioribus

417 2569 595 2637 libris,
628 2572 686 2624 et
713 2586 832 2624 non
859 2587 927 2624 ex
958 2571 1046 2624 his
1074 2572 1290 2626 duobus
1318 2572 1448 2625 solis
1483 2577 1540 2625 et
1579 2573 2055 2626 Constitutionum

420 2661 604 2732 [libro]
639 2679 672 2714 a
701 2663 861 2716 nobis
889 2663 1230 2734 compositis,
1260 2666 1346 2720 vel
1391 2665 1568 2732 factis,
1597 2665 1679 2719 uti
1719 2665 2057 2736 quibusdam

418 2754 658 2823 legibus,
687 2757 774 2809 vel
801 2772 892 2810 eas
923 2758 980 2810 in
1000 2757 1228 2827 judiciis
1251 2757 1461 2829 legere,
1492 2759 1579 2812 vel
1609 2758 1654 2812 si
1678 2759 1805 2829 quis
1832 2759 2054 2828 judica-

419 2843 562 2896 verit
587 2860 656 2899 ex
674 2843 764 2899 his
781 2846 933 2915 apud
956 2861 1012 2900 se
1038 2845 1262 2900 recitari
1283 2863 1377 2900 eas
1399 2863 1614 2917 passus,
1631 2847 1755 2900 falsi
1775 2863 1906 2901 reus
1928 2847 2054 2915 erit,

419 2942 476 2992 et
495 2937 850 3008 publicorum
863 2939 1172 2994 criminum
1188 2939 1492 3010 judicatus,
1507 2945 1564 2994 et
1579 2957 1757 3011 poenae
1774 2941 2053 2994 addictus:

419 3030 574 3100 quod
598 3031 703 3085 etsi
729 3048 845 3085 non
871 3032 1208 3102 diceremus,
1227 3034 1314 3087 vel
1335 3050 1403 3087 ex
1426 3035 1531 3087 hoc
1555 3034 1676 3104 ipso
1695 3033 2057 3088 manifestum

421 3129 583 3178 esset.
617 3155 685 3164 -—
709 3124 741 3195 §
769 3127 860 3179 20.
900 3125 1013 3179 Sed
1057 3131 1112 3179 et
1152 3125 1257 3179 hoc
1304 3126 1582 3196 optimum
1626 3127 1746 3181 fore
1776 3127 2055 3197 judicavi-

419 3232 568 3283 mus,
619 3233 952 3288 praeponere
1007 3218 1369 3287 Digestorum
1416 3220 1689 3273 volumini
1739 3223 1796 3274 et
1843 3225 2058 3274 veteres

413 3309 562 3380 juris
588 3309 929 3379 conditores,
960 3314 1017 3364 et
1041 3310 1273 3364 illorum
1306 3311 1618 3377 volumina,
1647 3318 1702 3367 et
1743 3313 1895 3366 unde
1942 3312 2054 3366 col-

420 3401 586 3458 lectio
619 3402 766 3455 facta
805 3402 875 3455 sit
918 3402 1115 3473 legum
1160 3419 1311 3457 nunc
1350 3421 1382 3457 a
1421 3404 1582 3458 nobis
1609 3409 2009 3476 congestarum
2041 3421 2054 3459 :

422 3495 573 3564 quod
601 3497 657 3549 et
697 3495 818 3549 fieri
855 3496 1150 3565 jussimus,
1181 3501 1237 3550 et
1265 3497 1474 3550 factum
1521 3502 1637 3566 est;
1679 3503 1735 3552 et
1781 3498 1950 3552 simul
1995 3514 2058 3552 ea

419 3598 551 3653 quas
589 3583 657 3636 de
692 3583 780 3637 his
809 3584 976 3638 rebus
1003 3585 1322 3656 conscripta
1343 3591 1491 3655 sunt,
1521 3587 1765 3657 supponi
1807 3587 1941 3641 huic
1971 3588 2056 3641 di-

421 3677 566 3730 vina
609 3681 815 3730 nostra:
858 3677 1255 3733 Constitutioni
1293 3679 1675 3749 praeeipimus,
1710 3685 1769 3734 ut
1797 3680 2061 3735 omnibus

423 3770 522 3822 fiat
550 3769 933 3839 manifestum,
953 3774 1010 3825 et
1029 3771 1168 3841 quid
1184 3771 1389 3842 prioris
1415 3772 1844 3843 inexperientia:
1864 3774 2055 3840 simul,

424 3868 481 3916 et
503 3862 920 3918 incertitudinis
939 3869 1100 3929 esset,
1117 3869 1172 3918 et
1191 3865 1328 3935 quid
1347 3882 1379 3918 a
1394 3865 1559 3919 nobis
1578 3866 1652 3919 sit
1670 3866 2057 3921 adinventum.

427 3955 797 4025 Legislatores
824 3963 1016 4011 autem
1047 3973 1148 4011 seu
1177 3957 1373 4028 legum
1400 3959 1742 4030 interpretes
1769 3960 1890 4014 illos
1923 3977 2058 4015 con-

427 4049 726 4118 gessimus,
754 4049 851 4120 qui
879 4051 1031 4120 apud
1067 4067 1263 4104 omnes
1293 4052 1509 4121 probati
1540 4056 1596 4106 et
1635 4053 1848 4123 recepti
1877 4059 2058 4125 erant,

427 4145 485 4194 et
510 4141 792 4210 prioribus
819 4142 1256 4213 imperatoribus
1287 4146 1634 4214 placuerant,
1669 4149 1725 4200 et
1747 4147 1840 4216 qui
1872 4147 1942 4200 ab
1972 4147 2062 4202 his

429 4233 709 4288 nominari
746 4240 1098 4290 meruerunt.
1128 4235 1182 4290 Si
1211 4237 1363 4290 enim
1393 4237 1598 4308 aliquis
1623 4239 1878 4293 nondum
1906 4245 2059 4294 vete-

430 4327 584 4382 ribus
609 4327 1020 4399 legislatoribus
1047 4330 1306 4400 cognitus
1337 4335 1438 4396 est,
1465 4348 1567 4384 nos
1613 4337 1668 4385 et
1707 4331 1839 4386 huic
1884 4333 2060 4387 inter-

427 4422 672 4484 diximus
684 4423 780 4492 huj
791 4440 854 4476 us
867 4423 1167 4477 voluminis
1182 4424 1750 4479 communicationem
1761 4467 1772 4479 .
1789 4426 2063 4480 Omnibus

2153 1923 2266 1987 tur,
2301 1922 2358 1973 et
2385 1918 2565 1972 modis
2597 1918 2861 1972 omnibus
2889 1921 3305 1987 corrumpetur.
3327 1946 3396 1956 —
3416 1916 3448 1986 §
3468 1918 3557 1970 22.
3579 1914 3800 1968 Eadem

2153 2027 2318 2083 poena
2344 2011 2611 2083 imposita
2636 2016 2692 2066 et
2719 2011 2986 2065 adversus
3019 2026 3114 2065 eos
3141 2010 3241 2081 qui
3269 2009 3415 2063 notis
3447 2009 3558 2076 (seu
3598 2007 3800 2080 signis)

2154 2105 2492 2176 quibusdam
2533 2105 2593 2158 in
2637 2104 2914 2175 scriptura
2951 2108 3183 2158 utentur
3225 2103 3373 2174 (qua:
3419 2101 3582 2172 signa
3625 2101 3802 2171 siglas

2153 2200 2374 2268 vocant)
2405 2201 2462 2252 et
2502 2197 2600 2268 qui
2641 2214 2742 2268 per
2771 2213 2835 2252 ea
2866 2196 3204 2250 conturbare
3241 2195 3580 2264 scripturam
3611 2197 3798 2248 tenta-

2153 2291 2355 2361 verint,
2385 2307 2488 2346 nec
2515 2308 2617 2361 per
2642 2296 2816 2345 totam
2845 2289 3308 2360 consequentiam
3335 2288 3655 2342 litterarum
3684 2303 3799 2340 nu-

2155 2401 2358 2451 meros,
2374 2387 2432 2438 et
2442 2385 2679 2438 nomina
2692 2388 2944 2438 veterum
2958 2382 3325 2453 prudentum,
3343 2385 3398 2434 et
3413 2384 3588 2435 totam
3601 2380 3801 2451 legum

2154 2470 2494 2548 positionem
2548 2477 2896 2548 scripserint.
2930 2475 3120 2531 Sciant
3165 2474 3337 2529 etiam
3387 2473 3666 2527 librorum
3715 2473 3798 2526 ita

2156 2571 2496 2641 scriptorum
2528 2573 2943 2641 comparatores
2973 2584 3031 2622 se
3056 2567 3274 2621 inutilis
3299 2567 3418 2621 fore
3444 2566 3574 2620 libri
3604 2565 3797 2619 domi-

2155 2680 2288 2732 nos;
2319 2679 2503 2734 neque
2532 2663 2685 2717 enim
2717 2662 2917 2716 damus
2945 2660 3238 2716 licentiam
3283 2659 3491 2714 talibus
3538 2658 3696 2713 libris
3736 2657 3799 2711 in

2149 2756 2376 2827 judiciis
2392 2757 2494 2824 uti,
2509 2759 2565 2810 et
2584 2755 2798 2826 aliquid
2819 2771 3009 2826 agere,
3030 2754 3252 2808 etiamsi
3271 2752 3567 2824 contingat
3585 2751 3800 2805 librum

2155 2849 2214 2902 in
2247 2866 2312 2903 ea
2338 2850 2459 2919 ipsa
2502 2853 2661 2919 parte
2688 2865 2814 2919 qua).
2857 2847 3126 2903 recitatur
3161 2847 3383 2900 nullum
3433 2846 3641 2899 habere
3689 2844 3799 2898 tale

2156 2943 2382 3014 signum
2408 2943 2530 3013 [aut
2552 2941 2768 3012 notam)
2782 2985 2794 3008 ,
2816 2942 2913 2996 sed
2933 2941 2993 2994 in
3012 2941 3124 2994 alia
3150 2955 3487 3011 quacunque
3506 2939 3592 2991 sui
3611 2943 3796 3009 parte,

2157 3035 2414 3107 quamvis
2440 3035 2614 3090 semel
2639 3037 2864 3088 tantum
2894 3034 2948 3088 id
2979 3033 3290 3088 admissum
3320 3033 3414 3086 sit.
3457 3033 3645 3102 Itaque
3675 3031 3800 3101 ipse

2157 3129 2386 3200 quidem
2415 3145 2546 3183 eum
2569 3128 2779 3182 librum
2800 3144 2902 3198 pro
2923 3143 3038 3181 non
3061 3126 3271 3196 scripto
3293 3141 3521 3196 prorsus
3544 3123 3799 3178 habebit.

2158 3224 2206 3276 ls
2253 3227 2442 3276 autem
2491 3221 2586 3292 qui
2631 3237 2762 3275 eum
2807 3220 3112 3290 scripserit,
3142 3224 3198 3274 et
3227 3217 3514 3290 ignoranti
3556 3215 3804 3287 emptori

2158 3315 2394 3382 dederit,
2425 3315 2662 3385 duplum
2691 3315 2866 3368 solvet
2895 3318 3016 3383 ejus
3043 3311 3436 3366 aestimationis
3481 3310 3532 3364 ei
3577 3309 3678 3380 qui
3721 3309 3803 3363 ita

2159 3407 2218 3461 in
2243 3407 2554 3478 quantitate
2587 3408 2862 3461 damnum
2889 3422 3082 3476 passus
3106 3404 3300 3472 fuerit,
3327 3403 3701 3458 nihilominus
3718 3402 3804 3456 in-

2158 3501 2408 3571 ﬂigenda
2435 3500 2715 3555 criminali
2741 3516 2927 3571 pmna.
2960 3500 3070 3552 Hoc
3099 3497 3311 3553 etenim
3339 3503 3396 3551 et
3425 3497 3484 3550 in
3513 3496 3636 3550 aliis
3661 3511 3799 3549 con-

2158 3593 2548 3648 stitutionibus
2568 3609 2632 3647 ea
2651 3593 2720 3647 de
2748 3609 2809 3646 re
2832 3591 3026 3663 positis
3057 3589 3406 3662 scripsimus,
3426 3593 3544 3643 tam
3561 3589 3650 3642 his
3672 3603 3802 3659 quae

2160 3687 2357 3740 Latina
2381 3688 2802 3756 {processerunt
2845 3702 2995 3752 voce,
3028 3700 3199 3756 quam
3226 3700 3291 3738 ea
3317 3699 3445 3753 quae
3473 3683 3803 3736 Grmcorum

2158 3779 2380 3849 lingua,
2410 3795 2583 3849 quam
2615 3778 2846 3850 quidem
2885 3778 2956 3832 ad
2998 3779 3192 3848 legum
3228 3775 3567 3847 professores
3594 3773 3798 3829 rescri-

2159 3872 2395 3943 psimus.

2231 3965 2264 4036 §
2293 3968 2382 4019 23.
2403 3967 2541 4019 Haec
2565 3964 2744 4035 igitur
2767 3963 3060 4019 volumina
3098 3962 3510 4032 (lnstitutorum
3539 3963 3595 4014 et
3627 3959 3800 4030 Dige-

2161 4062 2376 4114 storum
2407 4058 2665 4125 dicimus)
2699 4075 2769 4112 ex
2796 4058 2910 4111 ﬁne
2941 4055 3091 4110 tertii
3116 4055 3298 4109 nostri
3323 4053 3634 4108 felicissimi
3663 4068 3801 4106 con-

2161 4153 2380 4206 sulatus
2430 4167 2598 4205 suum
2639 4150 2816 4210 robur
2855 4149 3111 4204 obtinere
3158 4148 3457 4216 sancimus,
3489 4146 3548 4200 id
3597 4149 3700 4214 est,
3731 4161 3802 4198 ex

2161 4250 2290 4299 ante
2310 4243 2542 4299 tertium
2564 4243 2930 4298 calendarum
2947 4242 3340 4297 Ianuariarum
3353 4239 3648 4311 praesentis
3666 4238 3804 4292 duo-

2163 4337 2395 4392 decimae
2423 4337 2765 4402 indictionis,
2793 4337 2851 4389 in
2881 4352 3046 4390 omne
3084 4351 3270 4388 aevum
3297 4333 3560 4396 valitura,
3593 4337 3649 4385 et
3685 4347 3803 4384 una

2163 4447 2292 4484 cum
2318 4429 2707 4500 imperialibus
2729 4427 3220 4484 constitutionibus
3246 4427 3499 4497 vigorem
3527 4429 3580 4479 et
3606 4424 3798 4478 locum

428 4533 559 4571 sane
589 4515 676 4570 hic
702 4515 898 4586 positis
921 4533 1100 4571 unum
1131 4517 1390 4571 ordinem
1413 4523 1467 4571 et
1491 4517 1828 4588 dignitatem
1858 4536 2061 4590 parem
2082 4540 2142 4611 D
2164 4523 2426 4577 habitura
2451 4528 2564 4576 tam
2592 4522 2652 4576 in
2679 4522 2766 4575 his
2792 4539 2918 4592 quae
2943 4527 3138 4592 postea
3177 4519 3513 4574 emerserint
3539 4534 3715 4588 quam
3744 4517 3806 4570 in

430 4609 709 4676 dedimus,
737 4609 881 4664 nulli
919 4610 1162 4680 cuipiam
1208 4611 1424 4680 majore
1469 4629 1639 4682 quam
1678 4613 1894 4666 caeteris
1937 4613 2066 4667 data

427 4703 828 4774 praerogativa.
864 4703 923 4758 Si
960 4703 1111 4758 enim
1142 4703 1230 4757 his
1274 4720 1400 4774 quae
1431 4704 1500 4758 ab
1535 4704 1646 4758 illis
1686 4705 1893 4775 scripta
1933 4710 2068 4760 sunt

432 4795 698 4850 omnibus
746 4796 1132 4867 imperialium
1164 4797 1639 4852 Constitutionum
1677 4798 1936 4854 dedimus
1974 4817 2063 4854 ro-

430 4889 561 4957 bur,
591 4889 729 4960 quid
758 4895 841 4944 est
870 4890 1021 4961 quod
1067 4890 1126 4944 in
1173 4890 1260 4944 his
1302 4890 1547 4961 amplius
1581 4893 1850 4963 quodque
1878 4893 2068 4948 minus

432 4982 632 5037 haberi
661 4982 895 5037 debeat?
1651 4989 1662 4995 ‘

433 5136 439 5141 _
506 5077 652 5148 §2‘l.
699 5076 838 5131 illud
877 5079 1090 5143 autem,
1120 5077 1270 5148 quod
1311 5078 1518 5146 statim,
1548 5095 1678 5133 cum
1721 5080 1868 5135 hanc
1912 5097 2067 5135 com-

427 5170 774 5244 positionem
787 5171 981 5241 legum
996 5172 1328 5242 congregari
1346 5189 1472 5226 man
1482 5172 1549 5226 da
1558 5190 1767 5242 remus,
1775 5175 1796 5245 j
1808 5175 2067 5243 ussimus,

432 5267 643 5320 iterum
660 5269 715 5318 et
734 5281 884 5318 nunc
907 5263 1188 5318 sancimus
1210 5265 1346 5320 illud
1371 5267 1756 5322 conﬁrmando
1776 5285 1788 5321 :
1807 5268 2072 5322 omnibus

435 5359 693 5414 similiter
723 5357 1112 5413 interdicimus
1149 5375 1219 5413 ne
1257 5359 1384 5430 quis
1417 5359 1621 5414 audeat
1645 5361 1941 5416 hominum
1974 5361 2073 5432 qui

430 5459 568 5508 ‘sunt
620 5469 792 5518 nunc,
835 5458 931 5507 aut
970 5452 1028 5506 in
1073 5456 1365 5523 posterum
1408 5459 1594 5523 erunt,
1637 5455 2074 5510 commentarios

435 5548 677 5608 scribere
707 5546 912 5601 harum
943 5546 1156 5617 legum,
1188 5550 1572 5619 préeterquam
1608 5547 1653 5602 si
1682 5549 1819 5603 velit
1853 5550 1978 5621 quis
2015 5549 2074 5603 in

433 5642 684 5696 Graecam
701 5638 959 5710 linguam
978 5640 1099 5694 haac
1114 5641 1435 5708 transferre,
1451 5659 1623 5713 quem
1637 5642 1807 5697 etiam
1819 5643 2077 5698 volumus

437 5735 556 5786 sola
597 5732 910 5786 secundum
950 5733 1156 5802 pedem
1198 5751 1297 5789 seu
1324 5744 1445 5791 κατὰ
1475 5742 1601 5792 πόδα
1629 5742 1956 5808 nuncupata
1991 5735 2076 5789 uti

436 5821 632 5892 legum
658 5823 1144 5892 interpretatione,
1169 5832 1226 5882 et
1252 5828 1298 5881 si
1328 5825 1464 5898 quid
1485 5830 1802 5898 secundum
1821 5829 2078 5884 nomina-

2166 4617 2253 4671 his
2283 4633 2411 4686 quas
2435 4615 2495 4669 in
2516 4615 2745 4686 judiciis
2774 4615 2956 4669 adhuc
2986 4615 3256 4685 pendent,
3293 4628 3398 4667 nec
3423 4612 3562 4666 dum
3591 4610 3804 4664 amica-

2165 4708 2370 4763 bilibus
2419 4709 2626 4762 tradita
2679 4711 2810 4762 sunt
2863 4706 3369 4774 transactionibus;
3426 4704 3807 4776 quodcunque

2168 4802 2321 4857 enim
2373 4802 2648 4856 hactenus
2691 4802 2776 4855 vel
2813 4800 3149 4870 judicatum,
3177 4799 3265 4852 vel
3309 4804 3656 4852 transactum
3699 4800 3808 4865 est,

2168 4895 2462 4950 retractari
2479 4911 2594 4949 non
2611 4895 2976 4949 sustinemus.
2994 4893 3174 4956 Quem
3196 4892 3429 4962 quidem
3452 4890 3809 4944 consulatum

2167 4989 2404 5044 tertium
2432 4989 2595 5043 nobis
2627 4985 3147 5042 nominatissimum
3190 4984 3345 5038 dedit
3380 4985 3542 5052 Deus,
3575 4981 3810 5053 quando

2171 5084 2229 5136 et
2273 5082 2377 5136 sub
2419 5080 2543 5153 ipso
2592 5099 2700 5152 pax
2745 5097 2875 5134 cum
2920 5079 3101 5134 Persis
3129 5077 3460 5132 conﬁrmata
3490 5080 3590 5140 est,
3623 5079 3680 5129 et
3707 5075 3814 5129 hoc

2169 5181 2392 5231 tantum
2413 5177 2607 5246 legum
2621 5175 2892 5230 volumen
2908 5172 3222 5244 repositum
3245 5175 3346 5238 est,
3365 5168 3514 5241 quod
3529 5185 3561 5221 a
3580 5168 3814 5222 nemine

2171 5269 2456 5339 majorum
2493 5285 2749 5339 unquam
2793 5266 3172 5338 excogitatum
3213 5263 3342 5334 fuit,
3371 5267 3538 5334 atque
3570 5261 3645 5314 ad
3691 5261 3815 5315 haec

2172 5362 2339 5417 tertia
2380 5378 2511 5432 pars
2555 5360 2755 5417 mundi
2799 5359 3058 5430 (dicimus
3091 5361 3281 5412 autem
3329 5361 3504 5410 totam
3557 5353 3810 5425 Lybiam)

2174 5455 2382 5510 nostris
2411 5455 2674 5526 adjuncta
2720 5457 2806 5508 est
2847 5453 3100 5523 sceptris,
3131 5451 3322 5505 omnia
3347 5451 3467 5504 haec
3515 5465 3544 5500 a
3586 5463 3814 5501 summo

2175 5551 2290 5603 Deo
2329 5552 2387 5603 et
2424 5549 2712 5603 Servatore
2753 5551 2946 5601 nostro
3001 5547 3129 5601 Jesu
3177 5543 3396 5599 Christo
3447 5542 3595 5596 dona
3647 5539 3816 5594 tertio

2176 5647 2368 5697 nostro
2441 5642 2734 5695 consulatu
2805 5640 3042 5694 indulta.
3097 5669 3164 5677 —
3219 5637 3308 5692 24.
3363 5636 3572 5690 Omnes
3625 5633 3814 5704 itaque

2176 5734 2550 5790 laudatissimi
2583 5739 2789 5788 nostris
2820 5731 3144 5804 reipublicae
3171 5729 3524 5801 Magistratus
3563 5727 3815 5782 divinam

2178 5829 2325 5885 hanc
2343 5833 2595 5885 nostram
2615 5826 2981 5899 suscipientes
3000 5824 3480 5892 constitutionem,
3501 5826 3565 5878 ut
3583 5825 3816 5878 utantur
