4032 6232
285 333 412 387 1101

1026 334 1394 389 JUSTINIANI
1434 331 1644 390 LEGES
1681 333 2016 390 SELECTE.
2060 335 2184 388 LIB.
2229 335 2271 392 1,
2313 334 2436 388 ΤΙΤ.
2478 335 2682 402 XXVII,
2726 337 2856 391 LEX
2895 338 2935 389 I.

3518 339 3653 392 1102

279 436 562 509 praedictis
602 437 806 492 nostris
839 437 1080 510 legibus,
1116 440 1506 512 unusquisque
1540 441 1600 494 in
1638 457 1740 496 suo
1777 457 1880 512 pro
1935 440 2164 538 Anitas
2204 439 2461 509 contulit,
2491 440 2597 494 hoc
2630 441 2698 495 de
2734 440 2957 496 Domini
2986 440 3084 495 Dei
3121 440 3296 496 nostri
3328 440 3649 497 misericor-

280 530 501 585 curabit
518 531 754 601 judicio.
786 533 1068 603 Proponet
1098 538 1289 588 autem
1320 551 1446 588 eam
1481 535 1540 588 in
1579 534 1830 588 maxima
1859 539 1915 588 et

278 623 436 694 regia
482 625 586 678 hac
634 625 790 692 urbe,
838 628 896 680 et
938 626 1060 695 ejus
1111 626 1548 696 gloriosissimus
1591 628 1910 698 praefectus.

279 718 440 771 Curae
454 723 644 772 autem
657 718 764 772 erit
774 718 1240 773 excellentissimo
1252 719 1708 775 etlaudatissimo
1719 725 1913 774 nostro

279 810 575 880 magistro,
605 815 662 866 et
687 811 1102 882 gloriosissimis
1127 817 1293 884 atque
1324 813 1660 867 beatissimis
1687 813 1915 885 praefec-

277 902 348 958 tis
373 920 666 958 sacrorum
689 910 1012 960 nostrorum
1032 906 1448 976 praetoriorum,
1465 911 1582 960 tam
1601 905 1660 960 in
1679 906 1769 960 his
1788 923 1913 978 qua:

278 995 349 1050 ad
374 996 551 1050 solem
579 997 857 1052 orientem
882 1015 1055 1070 quam
1079 998 1167 1052 his
1191 1014 1319 1070 quae
1339 999 1398 1052 in
1428 999 1668 1069 lllyride,
1692 1014 1914 1053 necnon

278 1087 367 1141 his
398 1087 568 1143 etiam
599 1107 727 1161 quae
756 1089 813 1145 in
853 1091 1026 1162 Lybia
1052 1095 1204 1161 sunt,
1233 1108 1336 1164 per
1362 1109 1461 1146 sua
1488 1093 1670 1146 edicta
1699 1091 1787 1145 his
1817 1091 1915 1163 qui

278 1185 384 1239 sub
415 1185 547 1257 ipsis
587 1187 831 1242 ordinati
871 1191 1003 1243 sunt
1045 1193 1101 1244 et
1134 1189 1240 1244 ista
1275 1191 1459 1245 facere
1499 1189 1811 1258 manifesta,
1842 1187 1914 1242 ad

278 1279 537 1333 omnium
563 1285 887 1334 nostrorum
913 1281 1267 1336 subditorum
1296 1282 1735 1337 inexcusabilem
1762 1281 1910 1336 noti-

276 1371 437 1426 tiam.
486 1373 621 1427 Data
665 1389 773 1428 xvn
819 1373 1049 1429 Calend.
1093 1376 1404 1445 Januarias,
1449 1375 1679 1430 domino
1719 1377 1912 1429 nostro

276 1464 594 1520 Iustiniano
623 1469 902 1538 perpetuo
931 1469 1184 1539 Augusto
1214 1485 1272 1524 ιιι
1304 1485 1419 1524 cos.
1449 1471 1572 1524 533.

288 1577 364 1586 ...-
377 1579 706 1589 *αέῲ-π,
717 1583 802 1590 α...
823 1585 918 1592 --.μ
950 1586 1224 1592 -ο--μψ
1237 1586 1366 1592 ..-
1379 1586 1486 1592 ————

727 1665 877 1730 LIB.
925 1667 971 1743 I,
1020 1666 1169 1732 TIT.
1216 1667 1456 1732 XXVII.

277 1767 351 1822 De
373 1767 552 1836 ofﬁcio
573 1770 821 1839 prafecti
830 1773 1332 1898 pgggggoﬁggctﬁ,
1358 1771 1493 1827 etde
1512 1773 1658 1826 omni
1677 1770 1914 1867 ejusdem

1491 1584 1870 1593 Μ’...-

1873 1584 1911 1591 ..-

899 2009 1027 2065 LEX
1063 2010 1295 2067 PRIMA.

516 2103 582 2155 In
616 2103 828 2157 nomine
859 2105 1078 2158 Domini
1105 2107 1279 2159 nostri
1305 2107 1429 2160 Iesu
1453 2106 1673 2163 Christi.

350 2198 658 2268 Imperator
683 2200 868 2254 Caesar
893 2199 1112 2255 Flavius
1137 2201 1502 2272 Justinianus,
1529 2200 1910 2272 Alemanicus,

277 2290 565 2358 Gothicus,
595 2292 979 2363 Germanicus,
1005 2294 1321 2361 Francicus,
1350 2295 1601 2366 Anticus,
1632 2294 1912 2363 Alanicus,

277 2383 631 2455 Vandalicus,
661 2385 971 2457 Africanus,
999 2387 1148 2458 pius,
1176 2387 1332 2458 felix,
1358 2388 1620 2460 inclytus,
1650 2389 1828 2444 victor
1851 2405 1914 2442 ac

275 2475 676 2548 triumphator,
721 2496 946 2552 semper
984 2482 1290 2552 Augustus,
1331 2482 1606 2538 Archelao
1647 2483 1914 2540 Praefecto

277 2571 545 2640 praetorio
572 2573 791 2628 Africae.

346 2665 493 2727 Quas
527 2665 754 2736 gratias,
791 2671 888 2722 aut
919 2683 1059 2738 quas
1086 2667 1278 2724 laudes
1310 2667 1553 2724 Domino
1581 2670 1692 2724 Deo
1722 2671 1914 2723 nostro

277 2757 402 2811 Jesu
439 2757 665 2813 Christo
707 2759 972 2815 exhibere
1013 2761 1337 2828 debeamus,
1383 2778 1490 2817 nec
1520 2777 1679 2816 mens
1722 2766 1913 2817 nostra

277 2853 465 2920 potest
501 2851 816 2922 concipere,
860 2869 962 2908 nec
1001 2854 1199 2926 lingua
1240 2857 1512 2927 proferre.
1556 2855 1751 2911 Multas
1794 2854 1915 2926 qui-

278 2941 409 2998 dem
445 2947 502 2998 et
539 2949 707 2999 antea
731 2962 764 2999 a
801 2947 915 3001 Deo
953 2948 1265 3004 meruimus
1298 2949 1606 3020 largitates,
1649 2954 1705 3004 et
1741 2949 1911 3005 innu-

279 3036 575 3090 merabilia
610 3038 758 3093 circa
793 3056 896 3094 nos
937 3042 1058 3112 ejus
1090 3042 1364 3098 beneﬁcia
1407 3041 1763 3108 conﬁtemur,
1811 3059 1916 3114 pro

279 3128 486 3198 quibus
516 3130 660 3185 nihil
697 3132 938 3203 dignum
977 3150 1079 3188 nos
1119 3134 1297 3206 egisse
1337 3134 1753 3208 cognoscimus.
1796 3137 1915 3190 Prae

2013 534 2104 588 dia
2141 534 2508 604 postulamus,
2537 538 2602 588 ut
2639 535 2956 604 provincias
2983 550 3124 605 quas
3158 534 3320 588 nobis
3354 535 3652 590 restituere

2013 627 2282 697 dignatus
2309 631 2391 681 est
2417 626 2609 680 ﬁrmas
2639 631 2695 681 et
2720 627 2917 682 illoesas
2947 627 3242 694 custodiat,
3273 631 3329 682 et
3355 627 3522 682 faciat
3545 644 3652 682 nos

2013 735 2110 774 eas
2140 720 2453 774 secundum
2482 719 2828 774 voluntatem
2856 737 3015 775 suam
3045 736 3108 774 ac
3138 719 3412 791 placitum
3442 720 3651 791 guber-

2011 829 2169 882 nare,
2211 817 2274 867 ut
2311 812 2573 867 universa
2606 812 2791 866 Africa
2825 812 3030 866 sentiat
3072 811 3519 883 [omnipotentis]
3556 812 3655 868 Dei

2013 905 2488 973 misericordiam,
2543 910 2598 960 et
2650 909 2998 975 cognoscant
3051 905 3173 974 ejus
3226 905 3570 959 habitatores
3622 923 3656 960 a

2015 1014 2187 1068 quam
2229 998 2532 1052 durissima
2561 998 2879 1068 captivitate
2915 1003 2972 1051 et
3000 997 3143 1067 jugo
3179 997 3475 1052 barbarico
3513 997 3652 1052 libe-

2014 1091 2144 1159 rati,
2173 1090 2231 1144 in
2262 1095 2472 1162 quanta
2497 1090 2755 1145 libertate
2782 1090 2886 1144 sub
2912 1078 3232 1144 felicissimo
3261 1094 3453 1144 nostro
3478 1090 3657 1160 impe-

2014 1183 2099 1237 rio
2137 1184 2343 1254 degere
2383 1187 2734 1237 meruerunt.
2767 1183 2879 1236 Hoc
2917 1181 3086 1236 etiam
3117 1183 3487 1252 deprecantes
3521 1197 3650 1235 exo-

2014 1292 2205 1330 ramus
2255 1281 2464 1330 sanctze
2506 1280 2562 1330 et
2607 1274 2869 1346 gloriosae
2911 1289 3135 1345 semper
3179 1273 3415 1344 virginis
3461 1277 3518 1327 et
3559 1274 3655 1328 Dei

2016 1369 2302 1440 genitricis
2346 1368 2532 1423 Mariae
2579 1369 2859 1439 precibus,
2909 1372 2973 1422 ut
3016 1366 3294 1439 quidquid
3338 1367 3527 1420 minus
3570 1370 3658 1421 est

2013 1462 2336 1533 reipublicae
2363 1468 2575 1517 nostra:
2602 1478 2706 1532 per
2731 1477 2833 1516 nos
2858 1461 3085 1515 ultimos
3109 1475 3300 1514 servos
3329 1475 3459 1514 suos
3487 1459 3650 1514 resti-

2011 1556 2136 1608 tuat
2171 1554 2231 1608 in
2265 1571 2368 1608 suo
2408 1553 2642 1608 nomine
2681 1554 2847 1623 Deus,
2878 1557 2934 1607 et
2969 1542 3171 1623 dignos
3199 1568 3301 1607 nos
3339 1552 3507 1607 faciat
3532 1567 3652 1606 ser-

2011 1646 2213 1700 vitium
2240 1648 2362 1718 ejus
2389 1646 2722 1716 adimplere.

2084 1740 2116 1810 §
2164 1743 2214 1794 1.
2261 1740 2369 1794 Deo
2411 1739 2601 1809 itaque
2638 1736 2961 1805 auxiliante,
3005 1752 3110 1807 pro
3156 1736 3420 1792 felicitate
3466 1737 3656 1808 reipu-

1934 1841 1991 1914 B
2013 1830 2174 1886 blicae
2199 1836 2429 1898 nostra,
2463 1846 2566 1901 per
2593 1830 2743 1884 hanc
2769 1827 3019 1884 divinam
3047 1829 3240 1899 legem
3269 1829 3569 1895 sancimus,
3591 1834 3656 1884 ut

2016 1925 2202 1979 omnis
2225 1923 2433 1992 Africa,
2475 1939 2648 1994 quam
2683 1921 2846 1977 nobis
2873 1923 3016 1977 Deus
3040 1920 3323 1993 praestitit,
3351 1937 3455 1992 per
3481 1921 3655 1992 ipsius

2016 2015 2467 2073 misericordiam
2505 2016 2786 2088 optimum
2827 2015 3097 2086 suscipiat
3123 2014 3406 2083 ordinem,
3447 2019 3504 2070 et
3531 2031 3657 2085 pro-

2014 2111 2200 2183 priam
2236 2111 2442 2166 habeat
2472 2109 2868 2180 praefecturam
2896 2125 2910 2163 :
2940 2114 3005 2164 ut
3038 2107 3182 2163 sicut
3222 2107 3442 2176 Oriens,
3485 2114 3658 2178 atque

2013 2203 2320 2275 Illyricum,
2351 2203 2430 2257 ita
2457 2209 2514 2258 et
2537 2202 2724 2256 Africa
2747 2201 3085 2272 praetoriana
3108 2200 3356 2255 maxima
3379 2203 3655 2272 potestate

2013 2297 2332 2368 specialiter
2364 2313 2398 2350 a
2439 2301 2635 2351 nostra
2675 2294 2980 2350 clementia
3017 2295 3330 2350 decoretur.
3361 2293 3536 2363 Cujus
3574 2308 3657 2348 se-

2013 2391 2144 2446 dem
2181 2391 2452 2461 jubemus
2496 2405 2616 2444 esse
2661 2388 3087 2460 Carthaginem,
3132 2393 3189 2442 et
3224 2387 3284 2441 in
3325 2385 3656 2457 praefatione

2013 2484 2370 2556 publicarum
2397 2483 2725 2538 chartarum
2754 2481 3108 2554 praefecturis
3137 2480 3262 2534 aliis
3288 2480 3412 2551 ejus
3445 2495 3656 2535 nomen

2013 2578 2271 2650 adjungi,
2310 2593 2483 2648 quam
2511 2593 2664 2632 nunc
2706 2579 2864 2632 tuam
2903 2573 3295 2633 excellentiam
3337 2573 3655 2645 gubernare

2014 2671 2390 2726 decernimus.

2085 2765 2187 2835 §2.
2206 2763 2351 2818 Etab
2372 2779 2437 2819 ea
2458 2762 2782 2835 (auxiliante
2800 2761 2930 2832 Deo)
2963 2764 3180 2832 septem
3205 2759 3514 2831 provinciae
3527 2775 3658 2815 cum

2013 2856 2131 2912 suis
2162 2856 2448 2929 judicibus
2488 2856 2860 2928 disponantur
2891 2871 2904 2909 :
2949 2869 3198 2926 quarum
3234 2852 3399 2925 Tingi
3437 2858 3494 2909 et
3531 2869 3658 2925 quae

2013 2950 2427 3006 Proconsularis
2481 2953 2647 3004 antea
2697 2947 3022 3015 vocabatur,
3057 2946 3340 3018 Carthago
3383 2951 3440 3002 et
3483 2947 3655 3020 Byza~

2015 3045 2166 3100 cium
2205 3060 2268 3100 ac
2297 3042 2534 3115 Tripolis
2566 3046 2814 3098 rectores
2854 3041 3100 3097 habeant
3140 3040 3490 3110 consulares;
3526 3040 3657 3096 reli-

2015 3150 2144 3205 quae
2181 3149 2338 3203 vero,
2377 3132 2434 3187 id
2470 3137 2571 3200 est,
2603 3130 2864 3186 Numidia
2892 3134 2950 3185 et
2987 3129 3345 3196 Mauritania,
3378 3131 3436 3184 et
3471 3128 3656 3185 Sardi-

279 3221 544 3276 omnibus
583 3229 777 3279 tamen
816 3227 942 3296 hoc,
985 3228 1135 3298 quod
1178 3245 1330 3284 nunc
1375 3229 1732 3300 omnipotens
1771 3229 1918 3283 Deus
1938 3207 1992 3281 Ο
2015 3227 2112 3282 nia
2151 3244 2183 3280 a
2221 3225 2554 3298 praesidibus
2592 3241 2724 3280 cum
2767 3223 2867 3280 Dei
2904 3222 3109 3277 auxilio
3146 3223 3558 3294 gubernentur.
3587 3251 3656 3263 --

279 3331 384 3387 per
417 3334 517 3371 nos
553 3334 657 3388 pro
699 3336 800 3373 sua
838 3320 1022 3389 laude,
1051 3326 1107 3376 et
1140 3338 1244 3392 pro
1282 3339 1382 3377 suo
1424 3323 1655 3378 nomine
1685 3324 1917 3379 demon-

278 3412 458 3464 strare
495 3410 759 3482 dignatus
798 3418 902 3480 est,
943 3414 1166 3468 excedit
1195 3415 1386 3469 omnia
1416 3416 1696 3471 mirabilia
1722 3433 1912 3489 opera,

280 3518 408 3580 quae
440 3502 500 3556 in
540 3503 744 3558 saeculo
776 3506 1158 3577 contigerunt,
1195 3510 1260 3562 ut
1289 3507 1474 3562 Africa
1516 3525 1620 3580 per
1657 3525 1760 3563 nos
1800 3513 1915 3564 tam

277 3595 436 3650 brevi
461 3599 718 3668 tempore
746 3599 1021 3670 reciperet
1045 3601 1385 3668 libertatem,
1413 3606 1576 3656 antea
1603 3602 1915 3673 nonaginta

278 3689 533 3761 quinque
573 3707 749 3745 annos
783 3709 817 3745 a
849 3693 1111 3748 Vandalis
1139 3693 1437 3766 captivata,
1469 3693 1567 3766 qui
1595 3695 1917 3750 animarum

276 3781 506 3838 fuerant
531 3783 699 3838 simul
724 3780 913 3840 hostes
939 3789 995 3841 et
1020 3803 1323 3858 corporum
1353 3807 1367 3842 :
1398 3805 1527 3842 nam
1559 3788 1774 3842 animas
1792 3789 1914 3860 qui-

279 3875 410 3930 dem
445 3876 660 3932 diversa
685 3883 972 3934 tormenta
1005 3883 1173 3951 atque
1200 3881 1470 3953 supplicia
1501 3898 1618 3937 non
1647 3883 1910 3953 ferentes,

280 3969 676 4040 rebaptizando
703 3972 773 4026 ad
800 3988 962 4026 suam
989 3973 1289 4044 perﬁdiam
1317 3975 1755 4046 transferebant;
1788 3993 1912 4031 cor-

278 4078 419 4133 pora
446 4079 576 4118 vero
606 4064 798 4119 liberis
825 4066 1102 4120 natalibus
1130 4068 1300 4136 clara,
1321 4068 1464 4139 jugo
1493 4069 1786 4123 barbarico
1817 4070 1917 4124 du-

278 4154 503 4211 rissime
536 4157 932 4229 subjugabant.
970 4161 1120 4230 lpsas
1151 4177 1379 4232 quoque
1409 4162 1508 4216 Dei
1537 4167 1915 4217 sacrosanctae

279 4249 542 4304 ecclesias
575 4251 688 4305 suis
723 4251 974 4322 perﬁdiis
1015 4255 1390 4324 maculabant,
1422 4255 1638 4326 aliquas
1675 4271 1806 4310 vero
1846 4273 1915 4310 ex

281 4342 362 4396 eis
401 4343 617 4398 stabula
656 4345 931 4401 fecerunt.
973 4346 1227 4402 Vidimus
1257 4349 1606 4404 venerabiles
1632 4349 1780 4403 viros
1817 4350 1916 4421 qui

279 4436 536 4491 abscissis
571 4438 844 4494 radicitus
877 4439 1091 4512 linguis
1125 4458 1252 4496 suas
1291 4459 1481 4514 pinnas
1520 4443 1918 4498 miserabiliter

276 4530 674 4603 loquebantur,
704 4533 797 4587 alii
826 4549 959 4588 vero
991 4539 1120 4606 post
1146 4535 1362 4592 diversa
1387 4542 1668 4592 tormenta
1694 4554 1799 4608 per
1825 4538 1908 4592 di-

274 4640 465 4678 versas
482 4625 720 4697 dispersi
734 4628 1047 4698 provincias
1062 4628 1233 4683 vitam
1249 4631 1308 4684 in
1329 4631 1524 4685 exsilio
1543 4636 1908 4703 peregerunt.

273 4718 394 4782 Quo
421 4735 559 4789 ergo
596 4737 877 4792 sermone,
911 4725 1009 4776 aut
1040 4723 1244 4794 quibus
1275 4724 1539 4795 operibus
1567 4724 1769 4797 dignas
1800 4726 1910 4780 Deo

276 4811 484 4882 gratias
508 4829 676 4884 agere
702 4815 1008 4886 valeamus,
1031 4817 1128 4888 qui
1146 4833 1248 4887 per
1270 4833 1363 4871 me
1388 4815 1655 4872 ultimum
1683 4835 1910 4874 servum

275 4920 462 4975 suum,
491 4907 746 4962 Ecclesiae
781 4925 898 4964 suae
934 4909 1171 4981 injurias
1203 4908 1488 4964 vindicare
1513 4911 1777 4982 dignatus
1802 4915 1906 4983 est,

274 5000 331 5051 et
359 5003 643 5054 tantarum
675 5001 1094 5072 provinciarum
1123 5003 1361 5074 populos
1393 5021 1426 5057 a
1457 5004 1600 5076 jugo
1628 5005 1908 5061 servitutis

273 5090 531 5163 eripere?
573 5095 731 5158 Quod
773 5095 1114 5151 beneﬁcium
1158 5097 1258 5152 Dei
1303 5102 1685 5154 antecessores
1725 5099 1906 5156 nostri

270 5200 390 5240 non
416 5193 767 5257 meruerunt,
796 5189 1000 5260 quibus
1028 5207 1142 5245 non
1178 5192 1363 5246 solum
1397 5191 1640 5247 Africam
1665 5192 1906 5249 liberare

273 5295 387 5333 non
417 5279 595 5351 licuit,
625 5283 721 5336 sed
753 5285 810 5337 et
832 5283 1011 5355 ipsam
1035 5286 1274 5340 Romam
1300 5286 1563 5341 viderunt
1591 5287 1660 5340 ab
1691 5287 1904 5342 eisdem

272 5373 529 5428 Vandalis
556 5378 801 5446 captam,
833 5382 890 5431 et
922 5379 1113 5433 omnia
1136 5379 1453 5452 imperialia
1482 5385 1815 5436 ornamenta
1844 5381 1904 5436 in

269 5466 513 5522 Africam
540 5468 742 5524 exinde
777 5471 1066 5528 translata.
1095 5474 1254 5528 Nunc
1285 5491 1416 5529 vero
1443 5475 1586 5529 Deus
1615 5491 1718 5545 per
1741 5491 1902 5531 suam

268 5560 715 5618 misericordiam
752 5581 866 5620 non
909 5567 1090 5622 solum
1136 5569 1404 5637 Africam,
1445 5574 1501 5624 et
1546 5585 1742 5624 omnes
1782 5570 1903 5641 ejus

259 5655 586 5726 provincias
642 5659 803 5713 nobis
849 5661 1111 5733 tradidit,
1165 5664 1262 5719 sed
1313 5669 1368 5719 et
1425 5664 1544 5736 ipsa
1591 5663 1904 5736 imperialia

269 5755 620 5824 ornamenta,
658 5771 784 5826 quae
826 5761 989 5828 capta
1034 5760 1214 5814 Roma
1256 5758 1481 5816 fuerant
1515 5760 1701 5816 ablata
1739 5758 1902 5815 nobis

266 5846 532 5904 restituit.
563 5847 710 5921 Ergo
746 5852 878 5921 post
902 5856 1057 5908 tanta
1081 5854 1373 5924 beneﬁcia,
1401 5873 1529 5928 quae
1562 5856 1724 5912 nobis
1752 5853 1900 5910 Divi-

2016 3321 2050 3393 §
2076 3326 2128 3377 3.
2160 3324 2227 3378 Et
2253 3322 2313 3376 in
2340 3321 2526 3376 ofﬁcio
2557 3319 2788 3392 quidem
2817 3321 2932 3374 tuae
2968 3317 3397 3390 magnitudinis,
3427 3333 3654 3374 necnon

2015 3431 2120 3486 pro
2145 3418 2400 3486 tempore
2427 3414 2530 3469 viri
2559 3411 2851 3484 magniﬁci
2877 3411 3130 3483 praefecti
3156 3410 3427 3483 praetorio
3457 3411 3656 3467 Africa:

2015 3513 2298 3564 trecentos
2334 3507 2650 3579 nonaginta
2678 3522 2777 3561 sex
2810 3505 2957 3559 viros
2994 3521 3100 3577 per
3125 3505 3348 3559 diversa
3373 3504 3578 3560 scrinia
3605 3508 3662 3560 et

2016 3600 2203 3656 ofﬁcia
2229 3602 2473 3657 militare
2499 3598 2876 3656 decernimus.
2906 3599 2968 3652 In
3006 3597 3204 3652 ofﬁciis
3229 3613 3364 3652 vero
3395 3597 3656 3653 consula-

2015 3694 2167 3750 rium
2203 3711 2267 3748 ac
2304 3694 2616 3766 praesidum
2659 3691 3077 3764 quinquaginta
3115 3690 3382 3746 homines
3416 3707 3520 3762 per
3547 3690 3658 3746 sin-

2018 3789 2150 3860 gula
2175 3787 2359 3843 ofﬁcia
2383 3804 2503 3844 esse
2529 3786 2831 3842 sancimus.

2087 3882 2121 3953 §
2164 3883 2217 3937 4.
2263 3882 2397 3945 Quae
2444 3897 2574 3936 vero
2619 3878 3021 3945 emolumenta,
3075 3875 3191 3933 sive
3237 3877 3660 3949 magniﬁcentia

2013 3979 2131 4046 tua,
2161 3976 2277 4030 sive
2301 3975 2650 4042 consulares,
2681 3979 2736 4029 et
2764 3972 3056 4046 praesides,
3085 3976 3141 4027 et
3171 3972 3322 4043 quod
3348 3973 3655 4044 unusquis-

2015 4087 2126 4142 que
2166 4085 2233 4124 ex
2279 4067 2464 4123 ofﬁcio
2503 4084 2702 4123 eorum
2744 4067 2814 4123 de
2851 4065 3073 4138 publico
3120 4065 3386 4137 consequi
3430 4065 3653 4134 debeat,

2014 4163 2214 4218 notitia
2236 4161 2431 4217 subter
2462 4179 2685 4217 annexa
2711 4161 2977 4216 declarat.

2087 4257 2119 4327 §
2147 4259 2200 4310 5.
2229 4256 2500 4325 Optamus
2527 4271 2667 4327 ergo
2702 4261 2765 4311 ut
2790 4270 2988 4311 omnes
3009 4253 3229 4325 judices
3252 4252 3436 4308 nostri
3462 4268 3655 4309 secun-

2015 4351 2153 4404 dum
2185 4348 2533 4403 voluntatem
2574 4353 2631 4403 et
2665 4349 2938 4404 timorem
2974 4347 3096 4417 Dei,
3137 4351 3193 4401 et
3222 4351 3477 4402 nostram
3505 4348 3650 4403 elec-

2014 4443 2229 4506 tionem
2254 4445 2422 4512 atque
2446 4441 2860 4496 ordinationem
2879 4442 2958 4496 sic
2988 4458 3115 4495 suas
3142 4440 3656 4497 administrationes

2019 4536 2337 4609 gubernare
2366 4534 2664 4601 studeant;
2696 4538 2762 4586 ut
2789 4535 2979 4588 nullus
3005 4550 3202 4590 eorum
3233 4539 3332 4589 aut
3359 4534 3654 4605 cupiditati

2012 4629 2084 4684 sit
2121 4628 2362 4695 deditus,
2399 4630 2497 4680 aut
2539 4625 2830 4680 violentias
2873 4627 3094 4700 aliquas
3138 4628 3227 4684 vel
3267 4628 3386 4699 ipse
3424 4627 3648 4699 inferat,

2009 4723 2100 4778 vel
2131 4721 2418 4793 judicibus
2454 4725 2551 4774 aut
2589 4718 2787 4773 ofﬁciis
2822 4735 3043 4791 eorum,
3085 4728 3183 4776 aut
3220 4721 3649 4794 quibuscunque

2009 4817 2132 4872 aliis
2166 4813 2526 4870 collatoribus
2563 4813 2774 4867 inferre
2814 4814 3125 4883 permittat.
3168 4816 3324 4870 Licet
3357 4815 3511 4871 enim
3547 4832 3651 4887 per

2009 4927 2204 4966 omnes
2237 4907 2551 4980 provincias
2588 4910 2805 4961 nostras
2845 4904 2976 4976 (Deo
3005 4907 3258 4980 juvante)
3292 4909 3645 4977 festinemus,

2008 5011 2075 5062 ut
2110 5007 2312 5060 illaesos
2358 5003 2603 5058 habeant
2648 5000 2965 5069 collatores,
3013 5002 3263 5057 maxime
3307 5009 3499 5058 tamen
3543 5003 3645 5057 tri-

2006 5099 2242 5156 butariis
2293 5097 2592 5152 dioeceseos
2640 5093 2914 5148 Africanae
2962 5093 3337 5166 consulimus,
3383 5097 3482 5168 qui
3522 5103 3650 5168 post

2006 5197 2296 5250 tantorum
2341 5198 2666 5262 temporum
2711 5187 3089 5260 captivitatem
3135 5196 3471 5246 meruerunt
3515 5192 3646 5262 (Deo

1998 5290 2251 5361 juvante)
2310 5303 2411 5358 per
2459 5302 2562 5339 nos
2607 5284 2803 5338 lumen
2848 5281 3122 5335 libertatis
3167 5282 3440 5351 aspicere.
3493 5286 3642 5357 Ergo

1998 5385 2269 5455 jubemus
2296 5397 2494 5437 omnes
2527 5376 2815 5433 violentias
2846 5380 2901 5429 et
2936 5391 3172 5429 omnem
3201 5376 3495 5433 avaritiam
3533 5396 3647 5436 ces-

2006 5495 2160 5546 sare,
2219 5482 2275 5531 et
2321 5475 2605 5547 justitiam
2656 5475 2824 5542 atque
2884 5468 3178 5523 veritatem
3248 5467 3395 5523 circa
3448 5489 3644 5528 omnes

2003 5577 2225 5627 nostros
2275 5568 2603 5624 tributarios
2662 5562 2952 5619 reservari.
3018 5561 3105 5616 Sic
3171 5561 3323 5616 enim
3375 5567 3431 5617 et
3489 5566 3641 5621 Deus

2002 5663 2333 5738 placabitur,
2381 5667 2438 5717 et
2478 5660 2589 5732 ipsi
2635 5662 2872 5731 possunt
2920 5655 3187 5726 celerius,
3237 5655 3380 5710 sicut
3417 5658 3644 5715 collato-

2003 5778 2092 5817 res
2147 5757 2239 5813 alii
2308 5759 2515 5810 nostrae
2583 5752 2944 5822 reipublicae,
3006 5749 3243 5806 relevari
3304 5753 3474 5822 atque
3533 5753 3639 5806 ﬂo-

2002 5871 2150 5911 rere.
2191 5881 2259 5892 ——
2297 5850 2330 5922 §
2364 5851 2414 5903 6.
2457 5846 2744 5918 Sportulas
2797 5847 2967 5900 etiam
3033 5846 3104 5900 ab
3150 5845 3333 5900 officio
3385 5851 3499 5901 tam
3538 5845 3645 5901 viri
