4032 6232
363 304 496 355 1103
1501 295 1756 350 SECULI
1795 293 1984 349 SEXTI
2023 291 2577 349 SUPPLEMENTUM.
3595 301 3737 356 1104

357 405 930 478 magniﬁci,prtefecti
953 404 1256 477 [pretorio]
1284 402 1733 473 Africani,quam
1753 401 1994 473 reliquo-
2015 401 2263 484 AFiunt
2301 401 2460 457 solid.
2493 404 2583 458 27.
2629 403 2690 455 ln
2730 401 2934 457 scrinio
2975 403 3044 457 ab
3080 405 3214 458 actis
3264 402 3597 459 hominibus
3644 409 3730 472 10,

357 500 770 570 rumjudicum
799 501 876 553 sic
901 499 1360 569 exigijuhemus,
1388 496 1676 566 quomodo
1704 496 1762 549 in
1787 495 1994 548 nostris
2093 511 2226 549 ann.
2276 496 2361 562 14,
2405 512 2527 567 cap.
2579 498 2665 562 12,
2703 496 2864 550 solid.
2909 499 3030 551 118.
3089 498 3167 551 Ita
3207 497 3425 567 primo,
3475 514 3610 553 ann.
3659 503 3730 567 3;

356 592 577 662 legibus
607 597 692 645 est
727 592 1080 662 dispositum,
1111 596 1166 643 et
1201 590 1270 642 ab
1300 588 1455 641 omni
1486 588 1775 658 republica
1806 591 1995 641 nostra
2092 604 2195 658 pro
2237 604 2371 642 ann.
2415 592 2463 653 1,
2509 588 2670 642 solid.
2711 592 2771 654 6;
2812 605 2934 660 cap.
2975 593 3029 656 2,
3073 589 3244 661 capit.
3285 591 3448 644 solid.
3481 591 3534 644 4.
3567 590 3738 645 Fiunt

357 685 691 753 custoditur,
741 691 806 738 ut
849 685 1036 738 nullus
1081 683 1284 736 audeat
1326 697 1662 752 quocunque
1701 684 1990 751 tempore,
2091 679 2258 735 solid.
2301 684 2388 735 23.
2433 681 2688 736 Secundo
2729 686 2786 736 et
2817 683 3004 750 tertio,
3047 683 3117 736 ad
3157 699 3250 737 an.
3293 684 3550 753 secund.,
3594 700 3730 738 ann.

356 778 443 832 vel
493 794 837 848 quocunque
889 776 1076 843 modo,
1133 791 1329 829 earum
1382 774 1651 828 excedere
1707 774 1991 844 quantita-
2091 773 2254 826 solid.
2301 776 2364 842 5;
2414 779 2470 828 et
2507 775 2585 834 ad
2615 775 2783 846 capit.
2821 779 2876 842 2,
2917 792 3043 846 cap.
3086 776 3248 830 solid.
3281 777 3335 830 4.
3370 777 3539 830 Fiunt
3567 777 3731 831 solid.

356 875 494 924 tem.
537 901 606 910 --
647 871 678 940 §
716 875 766 922 7.
809 869 921 921 Hoc
965 867 1133 921 etiam
1175 867 1438 936 praesenti
1484 867 1770 920 sanctione
1809 866 1989 920 credi-
2093 868 2178 919 32.
2225 867 2470 937 Reliquis
2515 871 2600 935 17,
2645 869 2715 921 ad
2757 885 2892 922 anu.
2940 872 2989 930 1,
3037 869 3196 924 solid.
3245 872 3297 923 5.
3345 869 3416 923 ad
3461 869 3629 940 capit.
3679 873 3730 936 1,

354 979 483 1015 mus
535 961 944 1029 ordinandum,
995 965 1061 1014 ut
1121 976 1239 1014 non
1301 960 1481 1013 multa
1535 959 1827 1028 dispendia
1886 975 1991 1028 pro
2091 959 2257 1028 capit.
2295 959 2456 1014 solid.
2494 963 2546 1014 8.
2578 961 2747 1014 Fiunt
2778 961 2940 1016 solid.
2972 963 3060 1016 64.
3097 963 3156 1014 In
3193 961 3398 1015 scrinio
3433 963 3736 1017 libellorum

355 1053 735 1124 completione
781 1053 1144 1117 chartarum,
1193 1053 1279 1106 vel
1333 1051 1755 1116 codicillorum,
1803 1051 1890 1104 vel
1933 1051 1991 1104 in
2092 1051 2416 1106 hominibus
2464 1057 2516 1122 7,
2563 1069 2695 1106 ann.
2743 1057 2794 1119 6,
2847 1070 2970 1124 cap.
3015 1057 3067 1108 6.
3114 1054 3282 1108 Fiunt
3327 1055 3488 1108 solidi
3532 1057 3583 1108 5.
3625 1057 3733 1108 Pro

354 1151 543 1200 nostro
595 1146 885 1210 laterculo,
933 1145 1018 1198 vel
1070 1145 1128 1199 in
1179 1145 1397 1198 scriniis
1434 1143 1686 1214 praefecti
1728 1143 1992 1213 praetorio
2091 1161 2214 1214 cap.
2262 1148 2316 1214 2,
2362 1162 2488 1217 cap.
2536 1146 2697 1200 solid.
2741 1148 2793 1202 4.
2837 1146 3005 1201 Fiunt
3042 1147 3205 1202 solid.
3246 1150 3331 1201 16.
3375 1147 3653 1214 Secundo,
3699 1150 3734 1201 2

353 1256 456 1309 per
509 1237 753 1290 Africam
795 1238 1014 1307 judices
1066 1238 1346 1291 sustinere
1389 1237 1709 1302 videantur,
1761 1237 1895 1307 quia
1944 1237 1991 1290 si
2089 1253 2192 1307 pro
2232 1254 2390 1305 ann.,
2437 1239 2620 1306 solid.,
2670 1242 2770 1306 10;
2814 1256 2916 1309 pro
2961 1240 3129 1311 capit.
3174 1244 3224 1308 1,
3264 1240 3426 1295 solid.
3468 1242 3522 1295 4.
3565 1240 3734 1294 Fiunt

351 1331 459 1400 ipsi
499 1329 808 1400 dispendiis
853 1330 973 1382 lassi
1007 1347 1121 1384 non
1165 1329 1396 1398 fuerint,
1438 1329 1654 1382 nullam
1696 1329 1993 1384 habebunt
2090 1331 2252 1385 solid.
2301 1334 2384 1385 12.
2437 1331 2685 1402 Reliquis
2730 1332 3054 1387 hominibus
3095 1334 3147 1399 4,
3197 1333 3270 1387 ad
3317 1349 3452 1388 ann.
3501 1337 3551 1400 1,
3592 1350 3729 1387 ann.

351 1423 746 1477 necessitatem
815 1422 1069 1492 ejusdem
1131 1428 1338 1477 nostrae
1401 1422 1601 1477 Africa:
1661 1421 1990 1477 tributarios
2089 1422 2249 1477 solid.
2291 1427 2351 1492 5;
2395 1429 2452 1478 et
2487 1425 2558 1478 ad
2597 1425 2764 1496 capit.
2811 1429 2860 1492 1,
2909 1425 3069 1479 solid.
3117 1427 3170 1480 4.
3220 1425 3389 1480 Fiunt
3432 1426 3592 1481 solid.
3641 1429 3730 1481 36.

350 1515 763 1588 praegravandi.
817 1516 1087 1570 Jubemus
1131 1532 1268 1587 ergo
1321 1520 1380 1570 ut
1422 1517 1644 1586 judices
1691 1517 1989 1572 dioeceseos
2091 1516 2150 1569 In
2198 1516 2391 1570 schola
2440 1522 2774 1588 acceptorum
2819 1518 3145 1573 hominibus
3188 1521 3278 1585 60,
3326 1535 3460 1574 ann.
3509 1520 3597 1585 74,
3644 1535 3733 1573 ca-

350 1611 624 1665 Africanae
664 1614 780 1663 tam
820 1610 1013 1663 civiles
1050 1625 1221 1679 quam
1268 1609 1543 1664 militares
1587 1611 1647 1666 in
1687 1615 1878 1665 nostro
1915 1611 1990 1663 la—
2087 1608 2189 1678 pit.
2229 1611 2316 1674 62,
2357 1609 2518 1664 solid.
2562 1613 2685 1666 618.
2733 1613 2812 1664 Ita
2847 1611 3035 1682 primo
3085 1617 3142 1666 et
3182 1612 3450 1679 secundo,
3491 1628 3626 1666 ann.
3675 1619 3728 1679 3,

348 1705 565 1758 terculo
593 1719 698 1774 pro
728 1702 1110 1756 codicillorum
1137 1706 1306 1772 atque
1334 1703 1720 1758 chartularum
1757 1720 1986 1774 promo-
2007 1771 2049 1776 _
2087 1718 2192 1771 pro
2229 1717 2364 1756 ann.
2405 1703 2568 1758 solid.
2607 1707 2668 1772 5;
2707 1707 2764 1757 et
2799 1704 2871 1758 ad
2905 1721 3055 1776 cap.,
3086 1703 3251 1776 capit.
3288 1705 3448 1759 solid.
3477 1706 3530 1760 4.
3562 1705 3734 1760 Fiunt

348 1797 517 1852 tionis
565 1771 681 1849 si...
721 1771 1230 1849 consuetudinibus
1268 1795 1411 1848 nihil
1451 1796 1602 1850 ultra
1649 1771 2252 1851 sex—solidosBsolid.
2291 1795 2378 1849 46.
2419 1795 2552 1849 Aliis
2595 1796 2922 1851 hominibus
2963 1771 3014 1863 ὀ,
3042 1771 3306 1852 ἐὰέιηη.
3353 1802 3418 1865 2,
3465 1814 3601 1853 ann.
3645 1815 3734 1853 so-

346 1891 658 1962 prsebeant,
691 1893 747 1942 at
774 1905 910 1942 vero
943 1887 1003 1941 in
1038 1887 1245 1942 scrinio
1279 1888 1674 1958 praefectorum
1700 1906 1814 1944 non
1838 1890 1985 1944 ultra
2084 1886 2187 1941 lid.
2221 1890 2284 1957 5;
2328 1888 2402 1942 ad
2440 1905 2560 1960 cap.
2597 1894 2649 1958 1,
2688 1891 2854 1961 capit.
2895 1890 3057 1945 solid.
3098 1892 3152 1946 4.
3199 1891 3370 1944 Fiunt
3398 1891 3560 1946 solid.
3606 1894 3729 1946 116.

345 1983 642 2037 duodecim
672 1981 874 2035 solidos
900 1984 1181 2051 cogantur
1207 1980 1440 2036 inferre.
1471 1984 1651 2045 Quem
1677 1983 1911 2040 modum
1937 1983 1985 2036 si
2085 1979 2336 2051 Reliquis
2362 1981 2692 2037 hominibus
2724 1986 2808 2049 10,
2840 1985 2910 2038 ad
2942 2000 3078 2038 ann.
3121 1988 3171 2053 1,
3201 2000 3336 2038 ann.
3377 1983 3540 2038 solid.
3571 1987 3631 2052 5;
3674 1989 3732 2039 et

345 2077 470 2148 quis
500 2075 810 2142 excesserit,
839 2075 958 2144 ipse
987 2073 1222 2144 quidem
1240 2074 1418 2144 judex
1453 2075 1683 2145 triginta
1708 2076 1984 2130 librarum
2086 2073 2155 2126 ad
2195 2073 2359 2144 capit.
2411 2079 2459 2142 1,
2502 2075 2667 2147 capit.
2713 2077 2874 2132 solid.
2921 2079 2974 2132 4.
3014 2078 3181 2132 Fiunt
3220 2076 3384 2131 solid.
3429 2081 3549 2132 115.
3585 2076 3731 2131 Reli-

345 2170 470 2224 auri
513 2166 807 2238 dispendio
852 2166 1195 2237 subjaccbit;
1242 2168 1492 2222 ofﬁcium
1531 2185 1665 2222 vero
1711 2169 1832 2239 ejus
1868 2185 1983 2224 non
2083 2166 2209 2236 quis
2250 2167 2580 2223 hominibus
2621 2171 2709 2235 44,
2751 2170 2822 2224 ad
2859 2187 2992 2225 ann.
3039 2175 3089 2238 1,
3131 2169 3291 2224 solid.
3326 2173 3389 2238 5;
3431 2172 3490 2224 et
3523 2169 3593 2223 ad
3632 2186 3726 2224 ca-

344 2263 526 2316 solum
555 2261 737 2314 simile
764 2259 1147 2330 dispendium,
1181 2260 1277 2314 sed
1308 2265 1364 2314 et
1387 2261 1629 2331 capitale
1663 2261 1980 2332 periculum
2081 2259 2210 2329 pit.,
2256 2261 2415 2314 solid.
2467 2263 2517 2316 4.
2562 2262 2730 2316 Fiunt
2773 2264 2936 2318 solid.
2977 2266 3102 2318 386.
3148 2265 3212 2317 In
3256 2262 3446 2316 schola
3487 2264 3732 2332 singula-

342 2354 658 2409 sustinebit.
690 2354 827 2406 Nam
854 2353 901 2406 si
933 2353 1134 2422 aliquis
1160 2369 1230 2406 ex
1266 2369 1601 2424 quacunque
1631 2361 1789 2425 parte
1814 2371 1982 2409 ausus
2081 2355 2227 2406 rium
2265 2353 2593 2409 hominibus
2637 2358 2723 2421 50,
2755 2373 2890 2410 ann.
2933 2360 2986 2422 3,
3030 2373 3153 2427 cap.
3203 2359 3254 2425 1,
3295 2355 3456 2410 solid.
3491 2357 3616 2411 473.
3650 2358 3731 2411 lta

339 2449 513 2502 fuerit
547 2446 829 2516 jussiones
878 2450 1098 2499 nostras
1144 2446 1434 2514 excedere,
1486 2451 1543 2500 et
1592 2464 1705 2500 non
1747 2447 1978 2502 festina-
2086 2448 2134 2512 1,
2181 2463 2313 2500 ann.
2353 2450 2415 2511 2,
2460 2465 2594 2502 ann.
2635 2448 2796 2503 solid.
2837 2452 2906 2518 5;
2948 2449 3117 2520 capit.
3164 2453 3214 2516 1,
3256 2450 3428 2521 capit.
3471 2451 3635 2504 solid.
3671 2453 3725 2504 3.

342 2541 485 2595 verit
510 2555 640 2592 cum
673 2539 768 2592 Dei
797 2538 997 2592 timore
1032 2555 1124 2591 eas
1154 2555 1393 2607 servare,
1423 2556 1536 2592 non
1566 2540 1752 2594 solum
1789 2541 1977 2611 digni-
2083 2537 2250 2592 Fiunt
2283 2539 2444 2594 solid.
2485 2541 2573 2596 34.
2607 2542 2885 2610 Secundo,
2925 2543 3093 2598 tertio
3139 2545 3198 2596 et
3232 2547 3453 2614 quarto,
3485 2543 3556 2596 ad
3589 2558 3723 2596 ann.

341 2634 468 2688 tatis
499 2637 595 2686 aut
626 2631 952 2685 substantias
981 2631 1296 2701 periculum
1328 2632 1642 2699 sustinebit,
1674 2634 1767 2687 sed
1805 2634 1981 2687 etiam
2081 2634 2132 2698 5,
2163 2647 2299 2686 ann.
2337 2632 2500 2686 solid.
2535 2637 2586 2701 5,
2630 2639 2687 2688 et
2725 2635 2792 2690 ad
2823 2652 2946 2706 cap.
2993 2639 3042 2704 1,
3082 2636 3251 2706 capit.
3285 2636 3444 2690 solid.
3477 2637 3530 2689 4.
3561 2636 3729 2690 Fiunt

337 2728 539 2781 ultimo
586 2725 864 2795 supplicio
909 2724 1237 2794 subjacebit.
1285 2755 1353 2764 —
1388 2725 1420 2795 §
1460 2728 1512 2779 8.
1557 2727 1620 2780 Et
1661 2732 1746 2780 est
1783 2727 1979 2781 notitia
2079 2723 2242 2778 solid.
2293 2727 2381 2779 34.
2429 2726 2481 2780 S.
2528 2727 2779 2799 Reliquis
2818 2730 2906 2796 46,
2953 2729 3024 2783 ad
3066 2745 3200 2783 ann.
3249 2734 3299 2796 1,
3346 2728 3506 2782 solid.
3557 2733 3619 2794 5;
3672 2731 3730 2782 et

339 2823 454 2875 Deo
488 2818 810 2873 auxiliante.
842 2819 945 2871 Pro
981 2817 1220 2872 annonis
1265 2824 1320 2871 et
1355 2819 1545 2889 capitu
1583 2835 1685 2889 pro
1724 2823 1978 2890 tempore
2080 2833 2202 2887 cap.
2250 2822 2300 2886 1,
2346 2835 2471 2890 cap.
2517 2821 2678 2875 solid.
2726 2821 2778 2875 4.
2821 2822 2990 2876 Fiunt
3034 2822 3194 2877 solid.
3249 2822 3374 2876 418.
3422 2824 3484 2874 In
3538 2821 3726 2874 schola

337 2913 606 2985 praefecto
653 2911 923 2982 praetorio
969 2927 1071 2981 per
1116 2913 1291 2964 totam
1331 2911 1601 2981 Africam,
1644 2912 1767 2966 auri
1807 2912 1977 2966 libras
2076 2912 2546 2967 mittendariorum
2578 2913 2904 2968 hominibus
2941 2918 3029 2982 50,
3064 2931 3155 2968 an.
3194 2917 3280 2981 52,
3327 2914 3382 2968 S.
3420 2913 3592 2984 capit.
3634 2915 3721 2982 50,

337 3009 589 3061 centum.
634 3006 740 3058 Pro
780 3004 1020 3058 annonis
1066 3004 1470 3073 consularium,
1513 3004 1638 3058 auri
1678 3005 1846 3058 libras
1884 3009 1974 3060 20.
2077 3005 2237 3059 solid.
2285 3006 2407 3059 442.
2451 3008 2530 3059 lta
2569 3007 2773 3076 primo,
2809 3024 2945 3061 ann.
2992 3011 3047 3072 2,
3085 3024 3222 3062 ann.
3267 3006 3429 3060 solid.
3463 3009 3515 3074 5,
3559 3010 3617 3060 et
3653 3005 3724 3059 ad

334 3102 441 3154 Pro
471 3099 711 3152 annonis
738 3098 1202 3152 cancellariorum
1228 3098 1350 3152 auri
1387 3097 1556 3150 libras
1585 3103 1636 3151 7.
1681 3101 1819 3152 Item
1847 3099 1972 3152 ofﬁ-
1994 3134 2050 3209 C
2076 3097 2245 3167 capit.
2293 3101 2341 3164 1,
2389 3114 2509 3168 cap.
2565 3099 2724 3154 solid.
2772 3101 2826 3154 4.
2879 3100 3046 3154 Fiunt
3094 3099 3255 3154 solid.
3313 3100 3398 3154 14.
3441 3098 3721 3164 Secundo,

333 3193 433 3246 ciis
459 3193 582 3262 ejus
609 3192 703 3246 ita.
735 3193 796 3245 In
835 3191 1042 3244 scrinio
1078 3191 1264 3261 primo
1295 3190 1619 3245 hominibus
1647 3190 1840 3245 decem
1871 3209 1973 3262 pro
1999 3190 2049 3209 ν
2075 3191 2243 3244 tertio
2279 3195 2336 3245 et
2364 3194 2584 3261 quarto,
2628 3192 2698 3246 ad
2737 3208 2871 3246 ann.
2918 3197 2967 3257 1,
2998 3209 3132 3248 ann.
3179 3191 3343 3246 solid.
3385 3195 3450 3260 5;
3482 3196 3538 3245 et
3566 3191 3638 3244 ad
3668 3193 3720 3259 8,

333 3285 576 3340 annonis
631 3288 726 3353 18;
789 3299 891 3354 pro
936 3284 1126 3353 capit.,
1177 3283 1279 3336 sol.
1341 3287 1424 3337 12.
1473 3284 1641 3338 Fiunt
1694 3284 1794 3337 sol.
1849 3285 1968 3340 148.
2073 3299 2195 3353 cap.
2244 3287 2289 3350 1,
2330 3299 2454 3354 cap.
2498 3283 2658 3338 solid.
2701 3285 2754 3338 4.
2803 3285 2970 3338 Fiunt
3009 3285 3174 3339 solid.
3223 3285 3311 3338 34.
3363 3284 3415 3339 S.
3469 3282 3725 3354 Reliquis

333 3382 474 3434 Item
522 3377 882 3445 numerario,
931 3392 1037 3446 pro
1085 3375 1350 3440 annonis,
1413 3376 1576 3431 solid.
1630 3381 1698 3445 5;
1753 3383 1809 3431 et
1869 3393 1974 3448 pro
2073 3375 2396 3430 hominibus
2427 3377 2514 3443 46,
2557 3376 2628 3430 ad
2665 3393 2800 3432 ann.
2837 3381 2887 3446 1,
2918 3393 3054 3431 ann.
3089 3377 3194 3431 sol.
3228 3381 3297 3443 5;
3330 3380 3386 3430 et
3419 3375 3488 3430 ad
3517 3392 3640 3446 cap.
3672 3379 3722 3444 1,

333 3472 527 3543 capit.,
572 3470 674 3524 sol.
723 3470 776 3523 4.
833 3469 1000 3523 Fiunt
1046 3468 1148 3522 sol.
1192 3470 1278 3522 46.
1327 3469 1584 3523 Secundo
1631 3486 1737 3540 pro
1789 3486 1883 3524 an.
1941 3473 1970 3525 3
2075 3485 2196 3539 cap.
2235 3470 2396 3523 solid.
2437 3471 2490 3524 4.
2533 3470 2701 3524 Fiunt
2738 3469 2898 3524 solidi
2942 3471 3069 3525 324.
3121 3471 3180 3524 1n
3219 3469 3407 3524 schola
3447 3484 3724 3524 cursorum

333 3581 550 3620 annuos
587 3565 688 3618 sol.
733 3568 794 3630 5;
841 3567 898 3616 et
940 3578 1043 3632 pro
1083 3562 1250 3628 capit.
1291 3567 1322 3615 7
1366 3579 1490 3633 cap.
1529 3563 1630 3616 sol.
1676 3566 1728 3631 5,
1776 3568 1832 3617 et
1870 3579 1974 3634 pro
2073 3562 2402 3616 hominibus
2435 3565 2524 3631 30,
2574 3579 2710 3617 ann.
2747 3566 2837 3628 22,
2883 3563 2938 3618 S.
2971 3579 3092 3634 cap.
3137 3566 3227 3631 30,
3269 3561 3431 3617 solid.
3468 3565 3593 3617 232.
3639 3563 3722 3616 Ita

332 3659 504 3731 capit.
540 3661 572 3713 2
610 3674 730 3728 cap.
769 3655 934 3711 solid.
980 3657 1033 3710 4.
1069 3655 1239 3709 Fiunt
1276 3654 1434 3710 solid.
1483 3658 1566 3709 16.
1601 3659 1631 3710 3
1665 3671 1796 3710 vero
1830 3661 1886 3710 et
1917 3656 1970 3724 4,
2073 3655 2278 3726 primo,
2325 3671 2482 3723 ann.,
2526 3672 2662 3710 ann.
2706 3655 2876 3711 solid.
2924 3659 2978 3724 5,
3023 3673 3149 3728 cap.
3196 3660 3246 3724 1,
3288 3672 3410 3726 cap.
3457 3656 3620 3710 solid.
3661 3656 3718 3709 4.

331 3754 401 3808 ad
441 3769 574 3807 ann.
615 3754 734 3817 50,-
761 3767 872 3804 ann
943 3748 1103 3803 solid.
1149 3752 1215 3816 5;
1267 3753 1324 3803 et
1373 3748 1443 3802 ad
1485 3765 1606 3819 cap.
1659 3753 1745 3818 50,
1800 3750 1971 3819 capit.
2075 3747 2239 3802 Fiunt
2263 3747 2422 3802 solidi
2457 3752 2540 3803 17.
2573 3749 2846 3816 Secundo,
2877 3749 3043 3803 tertio
3071 3752 3128 3803 et
3153 3753 3375 3820 quarto,
3401 3748 3473 3803 ad
3498 3765 3634 3803 ann.
3664 3753 3718 3818 1,

331 3847 496 3902 solid.
540 3847 593 3900 4.
650 3844 814 3898 Fiunt
856 3845 945 3897 24.
991 3842 1244 3913 Reliquis
1292 3845 1344 3908 3,
1392 3842 1461 3895 ad
1509 3859 1642 3896 ann.
1699 3845 1785 3912 50,
1834 3859 1969 3896 ann.
2073 3841 2127 3895 S.
2161 3857 2296 3895 ann.
2330 3841 2489 3896 solid.
2527 3846 2587 3910 5;
2629 3847 2684 3896 et
2720 3843 2792 3897 ad
2821 3859 2946 3913 cap.
2982 3846 3030 3912 1,
3070 3842 3236 3912 capit.
3268 3841 3432 3896 solid.
3472 3843 3525 3896 4.
3555 3842 3724 3896 Fiunt

331 3940 493 3994 solid.
551 3943 616 4006 5;
672 3943 728 3992 et
774 3937 844 3991 ad
889 3936 1054 4006 capit.
1114 3938 1202 4003 50,
1263 3935 1433 4005 capit.
1484 3935 1642 3989 solid.
1696 3935 1750 3988 4.
1807 3936 1976 3990 Fiunt
2074 3934 2236 3988 solid.
2267 3935 2352 3988 34.
2385 3934 2441 3989 S.
2473 3935 2724 4006 Reliquis
2754 3935 3081 3989 hominibus
3109 3938 3200 4001 26,
3232 3935 3304 3990 ad
3331 3951 3468 3990 ann.
3502 3939 3554 4001 1,
3583 3952 3716 3990 ann.

331 4034 492 4090 solid.
519 4035 610 4087 28.
645 4033 705 4084 In
737 4029 945 4084 scrinio
975 4029 1241 4098 secundo,
1269 4031 1333 4082 ut
1359 4044 1526 4098 supra
1553 4028 1826 4099 scriptum
1868 4033 1970 4083 est.
2074 4025 2235 4080 solid.
2276 4030 2340 4096 5;
2387 4032 2442 4080 et
2483 4028 2552 4081 ad
2592 4044 2715 4097 cap.
2761 4031 2809 4094 1,
2851 4027 3019 4098 capit.
3052 4027 3214 4081 solid.
3255 4028 3309 4081 4.
3353 4027 3521 4081 Fiunt
3561 4028 3721 4083 solidi

333 4131 394 4181 In
432 4125 639 4179 scrinio
671 4123 858 4190 tertio,
901 4127 966 4176 ut
997 4139 1169 4192 supra
1208 4121 1481 4192 scriptum
1517 4124 1621 4174 est.
1668 4123 1727 4175 1n
1770 4120 1974 4176 scrinio
2074 4120 2198 4173 234.
2231 4120 2291 4172 In
2330 4120 2526 4174 schola
2561 4121 3054 4175 nomenculatorum
3097 4119 3425 4174 hominibus
3460 4123 3550 4189 22,
3584 4137 3718 4175 ann.

333 4221 559 4292 quarto,
598 4222 658 4272 ut
683 4232 851 4287 supra
878 4214 1153 4285 scriptum
1181 4219 1283 4267 est.
1317 4217 1376 4268 In
1405 4213 1608 4267 scrinio
1633 4214 1806 4284 primi
1833 4215 1972 4268 scri-
2076 4211 2238 4266 solidi
2276 4217 2328 4281 5,
2373 4213 2564 4282 capitu
2606 4217 2692 4277 12,
2743 4213 2903 4267 solid.
2953 4213 3008 4267 4.
3057 4213 3226 4266 Fiunt
3265 4212 3430 4267 solidi
3474 4217 3594 4268 115.
3645 4215 3725 4268 Ita

330 4314 441 4382 nii,
493 4311 645 4382 quod
703 4313 786 4364 est
836 4308 1158 4378 subadjuvai
1209 4307 1537 4361 hominibus
1597 4310 1682 4376 10,
1735 4324 1828 4361 an.
1886 4308 1972 4375 14,
2075 4305 2284 4376 primo,
2320 4322 2478 4370 ann.,
2517 4323 2652 4360 ann.
2692 4306 2856 4360 solid.
2901 4309 2962 4374 5;
3011 4306 3178 4376 capit.
3222 4309 3272 4373 1,
3314 4305 3368 4359 S.
3417 4306 3587 4376 capit.
3630 4322 3722 4360 so-

335 4425 456 4478 cap.
499 4409 585 4460 12.
626 4405 792 4458 Fiunt
828 4401 989 4456 solid.
1036 4404 1153 4466 116,
1193 4400 1422 4454 scilicet.
1457 4403 1537 4454 lta
1563 4400 1735 4471 primi
1773 4399 1976 4454 scrinio
2076 4397 2221 4452 lidos
2250 4399 2304 4453 4.
2345 4399 2512 4453 Fiunt
2547 4398 2711 4454 solid.
2754 4402 2840 4453 16.
2887 4398 3138 4470 Reliquis
3174 4398 3503 4453 hominibus
3539 4402 3624 4466 11,
3651 4397 3724 4453 ad

335 4517 439 4572 pro
484 4515 620 4553 ann.
666 4499 720 4565 3,
766 4511 900 4549 ann.
946 4494 1109 4548 solid.
1164 4497 1222 4560 5;
1271 4497 1328 4546 et
1371 4509 1474 4563 pro
1514 4510 1640 4564 cap.
1682 4497 1736 4562 2,
1787 4493 2208 4568 capituDann.
2245 4497 2294 4560 1,
2336 4509 2470 4547 ann.
2511 4493 2669 4547 solid.
2713 4497 2765 4560 5,
2800 4496 2856 4547 et
2885 4492 2956 4546 ad
2987 4492 3154 4562 capit.
3191 4496 3241 4560 1,
3270 4492 3439 4561 capit.
3471 4491 3637 4547 solid.
3665 4493 3719 4546 4.

336 4594 495 4648 solid.
533 4593 585 4646 4.
626 4590 795 4644 Fiunt
823 4587 985 4641 solidi
1022 4589 1110 4641 23.
1153 4586 1407 4641 Secundo
1438 4603 1542 4657 pro
1581 4603 1717 4640 ann.
1755 4590 1809 4655 2,
1843 4603 1975 4640 ann.
2082 4584 2249 4640 Fiunt
2288 4586 2448 4641 solid.
2493 4589 2580 4640 99.
2627 4588 2689 4641 In
2734 4585 2921 4639 schola
2965 4591 3261 4640 stratarum
3293 4584 3622 4639 hominibus
3665 4589 3718 4655 6,

336 4687 520 4754 solidi,
550 4689 615 4739 ut
649 4699 820 4755 supra
851 4681 1123 4751 scriptum
1164 4683 1276 4747 est;
1310 4683 1367 4734 et
1391 4696 1495 4751 pro
1530 4696 1651 4750 cap.
1686 4679 1852 4750 capit.
1885 4697 1976 4734 so-
2077 4697 2213 4734 ann.
2255 4685 2306 4748 7,
2349 4679 2518 4750 capit.
2565 4683 2618 4749 6,
2665 4679 2826 4734 solid.
2867 4681 2956 4733 59.
3004 4680 3081 4733 lta
3122 4678 3333 4750 primo,
3370 4695 3526 4747 ann.,
3580 4694 3717 4733 ann.

335 4783 458 4849 lid.,
494 4783 558 4832 ut
594 4793 764 4848 supra
803 4774 1075 4845 scriptum
1115 4778 1218 4841 est,
1261 4778 1319 4827 et
1351 4773 1497 4827 ﬁunt
1531 4773 1692 4827 solidi
1725 4777 1810 4827 16.
1853 4774 1979 4827 Ter—
2079 4772 2237 4827 solid.
2287 4777 2348 4842 5;
2399 4789 2522 4844 cap.
2571 4776 2620 4840 1,
2671 4771 2840 4842 capit.
2890 4771 3050 4826 solid.
3102 4771 3154 4825 4.
3207 4771 3375 4825 Fiunt
3425 4771 3589 4825 solidi
3633 4772 3719 4827 14.

334 4880 410 4933 tio
461 4877 518 4929 et
559 4876 777 4943 quarto,
825 4885 928 4940 pro
972 4884 1104 4921 ann.
1157 4871 1206 4934 1,
1263 4883 1490 4921 annona
1534 4866 1862 4935 solidorum,
1913 4871 1978 4921 ut
2078 4866 2331 4937 Reliquis
2366 4865 2691 4920 hominibus
2721 4869 2773 4934 5,
2807 4865 2879 4919 ad
2916 4880 3050 4919 ann.
3093 4868 3143 4930 1,
3181 4880 3316 4918 ann.
3361 4864 3519 4920 solid.
3558 4868 3627 4933 5;
3665 4867 3752 4920 et.

337 4987 508 5043 supra
537 4965 809 5036 scriptum
845 4966 965 5029 est;
1003 4966 1059 5016 et
1095 4977 1198 5032 pro
1232 4977 1355 5032 cap.
1392 4965 1442 5026 1,
1485 4977 1604 5031 cap.
1647 4959 1974 5027 solidorum,
2076 4961 2148 5014 ad
2176 4977 2299 5031 cap.
2341 4964 2390 5028 1,
2424 4959 2594 5029 capit.
2635 4958 2798 5013 solid.
2837 4960 2889 5013 4.
2923 4955 3094 5012 Fiunt
3120 4957 3282 5012 solid.
3318 4958 3406 5012 45.
3438 4959 3498 5011 In
3534 4958 3726 5013 schola

340 5074 400 5121 ut
435 5079 606 5134 supra
636 5058 910 5130 scriptum
941 5061 1042 5110 est.
1075 5053 1242 5108 Fiunt
1271 5053 1372 5108 sol.
1401 5057 1490 5108 23.
1523 5053 1774 5124 Reliquis
1799 5054 1980 5108 homi-
2072 5057 2527 5124 pratorianorum
2557 5051 2887 5106 hominibus
2911 5051 3126 5119 decem,
3153 5067 3288 5105 ann.
3322 5055 3406 5120 12,
3436 5051 3606 5122 capit.
3633 5055 3720 5121 11,

339 5161 506 5217 nibus
534 5160 584 5226 6,
615 5155 683 5209 ad
718 5168 851 5207 ann.
894 5155 942 5218 1,
987 5164 1210 5203 annona
1253 5147 1415 5201 solidi
1447 5153 1512 5216 5;
1555 5153 1610 5202 et
1634 5164 1736 5218 pro
1765 5148 1973 5219 capitu,
2078 5147 2236 5202 solid.
2271 5150 2358 5201 97.
2394 5149 2473 5200 Ita
2514 5146 2723 5216 primo,
2754 5161 3017 5212 annonae,
3059 5160 3164 5216 pro
3199 5160 3332 5198 ann.
3367 5147 3435 5212 2;
3470 5143 3632 5198 solid.
3667 5148 3720 5214 5,

337 5253 505 5326 capit.
538 5248 701 5303 solid.
733 5247 784 5300 4.
817 5244 981 5298 Fiunt
1011 5241 1177 5296 solidi
1207 5243 1294 5296 58.
1328 5241 1387 5294 In
1421 5240 1624 5294 scrinio
1651 5245 1974 5295 commenta-
2078 5258 2183 5312 pro
2221 5240 2388 5311 capit.
2431 5239 2594 5294 solid.
2622 5240 2676 5294 4.
2717 5237 2885 5293 Fiunt
2926 5238 3087 5292 solid.
3127 5240 3210 5292 16.
3242 5236 3490 5307 Reliquis
3529 5237 3722 5291 homi-

337 5349 531 5404 riensis
570 5339 902 5397 hominibus
942 5340 1024 5403 12,
1061 5352 1195 5390 ann.
1240 5338 1325 5404 17,
1367 5351 1492 5404 cap.
1534 5335 1584 5388 4.
1619 5335 1784 5388 Fiunt
1816 5333 1976 5388 solidi
2077 5334 2244 5389 nibus
2284 5339 2336 5402 9,
2384 5333 2455 5387 ad
2495 5349 2629 5387 ann.
2679 5336 2729 5400 1,
2777 5348 2882 5402 pro
2933 5348 3090 5398 ann.,
3136 5329 3298 5385 solid.
3338 5333 3400 5399 5;
3444 5330 3613 5401 capit.
3666 5334 3718 5398 1,

342 5447 462 5500 153.
515 5438 703 5492 Primo
751 5429 1245 5489 commentariensi
1288 5445 1422 5483 ann.
1470 5430 1522 5496 3,
1570 5428 1732 5482 solid.
1776 5432 1838 5493 5;
1873 5445 1976 5499 pro
2076 5445 2179 5500 pro
2213 5427 2380 5498 capit.
2412 5426 2574 5480 solid.
2613 5427 2667 5480 4.
2707 5426 2873 5480 Fiunt
2903 5424 3064 5480 solid.
3094 5427 3182 5479 71.
3216 5426 3274 5478 In
3303 5423 3489 5477 schola
3522 5424 3721 5479 draco-

337 5536 509 5608 capit.
554 5535 609 5601 2,
649 5529 814 5599 capit.
861 5526 963 5581 sol.
1011 5526 1064 5578 4.
1110 5523 1276 5578 Fiunt
1314 5521 1481 5576 solidi
1530 5525 1618 5578 23.
1663 5520 1975 5592 Sequentes
2073 5525 2354 5577 uariorum
2401 5519 2729 5575 hominibus
2776 5522 2861 5585 10,
2906 5535 3041 5574 ann.
3090 5521 3178 5583 11,
3222 5534 3345 5588 cap.
3394 5519 3481 5584 10,
3529 5517 3588 5572 8.
3637 5535 3728 5572 so—

336 5627 603 5686 homines
647 5626 699 5690 3,
737 5621 807 5676 ad
846 5635 980 5674 ann.
1021 5621 1075 5684 2,
1121 5635 1255 5672 ann.
1298 5615 1458 5671 solid.
1500 5619 1563 5683 5;
1603 5630 1709 5685 pro
1751 5630 1874 5684 cap.
1918 5619 1972 5684 2,
2076 5615 2174 5670 lid.
2220 5618 2345 5670 206.
2389 5614 2466 5669 Ita
2506 5611 2712 5684 primo,
2752 5628 2910 5679 ann.,
2950 5628 3055 5683 pro
3092 5627 3227 5666 ann.
3270 5609 3435 5665 solid.
3486 5612 3588 5680 14;
3634 5627 3726 5665 ca-

334 5722 506 5795 capit.
542 5714 703 5771 solid.
737 5713 787 5767 4.
832 5713 1002 5766 Fiunt
1040 5711 1202 5766 solidi
1242 5712 1333 5766 48.
1371 5705 1590 5779 Reliqui
1629 5707 1893 5762 homines
1919 5711 1972 5776 8,
2076 5708 2178 5780 pit.
2220 5711 2270 5776 1,
2302 5725 2404 5780 pro
2434 5706 2606 5778 capit.
2645 5703 2806 5760 solid.
2839 5705 2892 5760 4.
2936 5705 3105 5760 Fiunt
3132 5704 3296 5760 solidi
3339 5707 3424 5760 16.
3467 5703 3722 5776 Reliquis

333 5818 403 5876 ad
439 5827 580 5870 ann.
620 5811 670 5875 1,
705 5820 839 5861 ann.
878 5802 1038 5860 solid.
1078 5809 1142 5875 5;
1180 5810 1237 5861 et
1269 5821 1392 5876 cap.
1435 5807 1484 5872 1,
1514 5802 1685 5876 capit.
1716 5800 1876 5858 solid.
1918 5802 1971 5860 4.
2076 5801 2398 5860 hominibus
2433 5804 2486 5872 9,
2514 5801 2586 5858 ad
2613 5817 2745 5858 ann.
2782 5804 2833 5870 1,
2871 5815 2975 5876 pro
3002 5815 3135 5859 ann.
3164 5799 3327 5856 solid.
3359 5802 3427 5868 5;
3460 5799 3633 5874 capit.
3666 5803 3717 5880 1³
