4032 6232
409 340 544 392 1107

1567 338 1820 393 SrECULl
1861 338 2054 392 SEXTI
2093 338 2649 396 SUPPLEMENTUM.

3642 351 3774 406 1108

395 447 514 499 tem
545 460 666 499 esse
695 443 1150 512 ordinationem,
1189 444 1599 498 conﬁrmemus
1627 462 1793 512 eam;
1824 445 1909 498 sin
1936 464 2030 500 au-
2052 457 2111 528 Α
2133 449 2442 503 necessitas
2469 449 2790 517 emerserit,
2818 450 2922 504 viri
2957 449 3298 522 spectabiles
3325 453 3501 508 duces
3528 454 3769 512 invicem

394 535 514 586 tem
548 532 967 604 perspeximus,
999 537 1055 586 et
1086 532 1303 603 aliquid
1336 532 1583 603 amplius
1620 533 1762 600 ﬁeri,
1809 539 1870 588 ut
1897 551 2027 590 eam

395 629 858 697 augmentemus.
874 625 990 697 -ἓ
1017 629 1068 679 6.
1087 625 1232 689 Quid
1252 628 1445 679 autem
1475 625 1585 679 dux
1611 627 2031 696 stipendiorum

396 720 635 774 nomine
667 736 768 791 pro
796 735 854 773 se
876 719 1103 788 suisque
1125 717 1479 784 hominibus,
1501 721 1558 772 et
1579 719 1716 790 quid
1745 720 1867 790 ejus
1902 722 2026 776 ofﬁ-

395 812 547 867 cium
568 816 967 883 consequetur,
994 811 1101 864 hoc
1125 809 1181 863 in
1206 810 1433 864 subdita
1457 811 1782 866 declaratur
1809 814 2027 869 notitia.

395 904 506 978 —§
533 911 584 959 7.
603 906 753 961 Sicut
774 920 912 974 ergo
936 903 1273 974 praedictum
1296 907 1400 970 est,
1430 904 1659 957 interim
1685 923 1834 960 nunc
1859 907 2031 962 duces

394 1015 459 1053 ac
508 999 718 1052 milites
750 997 1068 1050 secundum
1118 1003 1372 1051 nostram
1413 997 1846 1068 dispositionem
1873 1001 2028 1069 locis,

395 1108 495 1146 seu
521 1090 861 1157 civitatibus,
909 1090 967 1142 in
995 1090 1204 1160 quibus
1235 1090 1532 1160 jussimus,
1565 1085 1819 1160 sedeant,
1848 1093 2030 1149 donec

392 1185 510 1238 Deo
534 1182 838 1237 auxiliante
869 1182 1036 1236 nobis
1067 1200 1134 1236 ac
1163 1182 1489 1253 reipublicae
1504 1187 1718 1237 nostrae
1748 1202 1852 1255 per
1877 1186 2028 1241 labo-

390 1293 479 1330 res
508 1279 734 1330 nostros
767 1276 824 1329 in
853 1275 964 1329 illis
992 1277 1131 1329 locis
1161 1275 1424 1329 constitui
1455 1277 1694 1346 possint,
1731 1277 1790 1331 in
1821 1280 2029 1348 quibus

387 1369 837 1440 uniuscujusque
865 1368 1174 1439 provinciae
1195 1369 1463 1439 antiquus
1490 1368 1658 1422 limes
1685 1371 2028 1426 constitutus

390 1465 532 1527 erat,
562 1461 794 1532 quando
817 1461 1060 1515 ﬂorente
1092 1462 1355 1515 Romana
1377 1462 1666 1532 republica
1693 1468 2027 1520 memorata:

394 1553 702 1624 provinciae
728 1553 969 1625 integrae
989 1555 1352 1608 tenebantur.
1373 1586 1440 1593 —
1462 1555 1491 1626 §
1517 1557 1567 1611 8.
1593 1558 1699 1610 Pro
1716 1557 2026 1613 limitaneis

389 1663 525 1701 vero
555 1647 884 1701 ordinandis
917 1647 1303 1701 necessarium
1340 1647 1503 1702 nobis
1535 1666 1658 1703 esse
1690 1650 1932 1718 videtur,
1967 1658 2026 1707 ut

389 1743 546 1793 extra
573 1739 981 1810 comitatenses
1011 1740 1240 1808 milites,
1270 1741 1366 1810 qui
1396 1758 1500 1812 per
1526 1747 1710 1797 castra
1743 1748 1891 1812 sunt,
1922 1746 2025 1799 mi-

2137 540 2262 608 sibi,
2307 542 2541 612 quando
2577 559 2711 596 usus
2742 544 3014 614 exegerit,
3051 544 3324 600 auxilium
3359 547 3681 618 praebeant,
3715 555 3770 604 ut

2136 634 2468 707 provinciae,
2511 652 2610 690 seu
2653 635 2862 690 limites
2905 653 3102 691 eorum
3132 637 3341 708 vigiliis
3383 644 3440 694 et
3482 641 3770 698 laboribus

2135 728 2271 799 (Deo
2292 729 2545 798 juvantc)
2579 728 2738 783 illaesi
2766 729 3180 784 custodiantur.
3204 762 3272 769 ——
3303 732 3332 802 §
3363 736 3446 786 11.
3483 733 3644 789 Sicut
3671 753 3768 789 au-

2133 825 2253 875 tem
2275 821 2547 891 jubemus
2573 821 2817 876 audaces
2846 825 2903 875 et
2931 823 3151 877 feroces
3167 828 3367 878 contra
3396 825 3664 882 inimicos
3683 829 3769 899 ju-

2137 914 2288 968 dices
2318 932 2382 968 ac
2414 915 2626 970 milites
2652 919 2878 969 nostros
2904 932 3047 982 esse,
3077 917 3156 969 sic
3182 918 3442 972 volumus
3471 935 3569 974 eos
3600 922 3767 978 mites

2131 1011 2188 1063 et
2215 1008 2525 1062 benevolos
2545 1008 2696 1062 circa
2725 1009 3022 1063 collatores
3049 1013 3276 1063 nostros
3299 1011 3560 1079 existere,
3577 1016 3768 1069 etnul-

2130 1103 2251 1155 lum
2282 1102 2579 1167 damnum,
2615 1101 2948 1172 nullamque
2981 1102 3270 1157 laesionem
3300 1103 3357 1157 in
3385 1121 3484 1159 eos
3516 1106 3761 1162 efﬁcere.

2133 1195 2230 1249 Sin
2255 1199 2448 1248 autem
2471 1194 2780 1265 quisquam
2804 1195 2873 1247 de
2896 1194 3351 1249 militibusausus
3376 1197 3551 1252 fuerit
3569 1216 3765 1269 quam-

2130 1305 2355 1358 cunque
2377 1288 2670 1342 laESiouem
2688 1287 3004 1342 tributariis
3021 1289 3230 1342 nostris
3254 1289 3488 1356 inferre,
3507 1292 3760 1361 periculo

2129 1381 2233 1435 viri
2277 1380 2598 1452 spectabilis
2635 1380 2793 1435 ducis
2822 1397 2921 1434 seu
2950 1381 3160 1434 tribuni
3193 1386 3249 1435 et
3277 1383 3550 1454 principis
3586 1384 3762 1456 digna

2128 1473 2378 1527 vindicta
2409 1473 2710 1540 afﬁciatur,
2740 1478 2801 1527 ut
2824 1473 3125 1526 indemnes
3147 1474 3434 1528 tributarii
3461 1477 3642 1531 nostri
3674 1495 3764 1532 cu-

2129 1567 2470 1621 stodiantur.
2504 1598 2571 1605 —
2602 1566 2632 1638 §
2681 1569 2764 1620 12.
2799 1567 2857 1621 Si
2888 1583 3022 1620 vero
3051 1583 3152 1637 pro
3194 1567 3539 1638 quibusdam
3577 1572 3761 1625 causis

2125 1659 2512 1730 interpellatio
2545 1659 2696 1730 apud
2717 1664 2940 1713 nostros
2957 1659 3180 1729 judices
3206 1661 3357 1714 facta
3388 1663 3579 1729 fuerit,
3596 1663 3760 1732 jube-

2125 1769 2254 1806 mus
2280 1769 2398 1806 non
2420 1752 2664 1822 amplius
2691 1753 3074 1822 sportularum
3105 1752 3333 1806 nomine
3355 1770 3529 1824 quam
3547 1756 3760 1810 nostris

386 1832 516 1886 lites
532 1831 815 1885 limitanei
842 1832 1282 1899 constituantur,
1304 1835 1400 1904 qui
1427 1834 1647 1905 possint
1665 1838 1721 1888 et
1745 1842 1948 1904 castra,
1967 1843 2022 1892 et
2043 1818 2098 1889 B
2123 1845 2346 1915 ]egibus
2381 1818 2680 1898 definitum
2718 1818 2803 1899 est
2830 1849 3185 1900 exsecutores
3215 1818 3495 1917 accipere,
3525 1865 3756 1918 poenam

386 1924 623 1980 civitatis
648 1924 859 1978 limites
882 1925 1216 1994 defendere,
1241 1930 1298 1980 et
1317 1929 1495 1980 terras
1523 1929 1732 1997 colere,
1759 1933 1815 1983 et
1842 1933 1903 1983 ut
1923 1931 2021 1984 alii

383 2015 761 2090 provinciales
790 2016 1051 2072 videntes
1077 2034 1174 2072 eos
1203 2035 1309 2089 per
1333 2024 1547 2090 partes,
1582 2021 1654 2074 ad
1684 2021 1782 2076 illa
1807 2023 1929 2077 loca
1961 2041 2019 2078 se

387 2112 705 2166 conferant.
722 2112 789 2165 Et
813 2111 1140 2182 exemplum
1163 2112 1404 2166 fecimus
1425 2113 1593 2168 unius
1622 2116 1848 2170 numeri
1874 2117 2021 2171 limi-

383 2209 709 2270 taneorum,
739 2208 800 2257 ut
831 2202 1146 2258 secundum
1175 2206 1504 2276 exemplum
1539 2206 1694 2278 quod
1720 2224 1825 2263 nos
1858 2209 2017 2262 misi-

388 2313 516 2352 mus
525 2300 829 2368 percastra
846 2297 1038 2352 etloca
1057 2313 1186 2368 quae
1206 2298 1522 2368 providerit
1534 2302 1630 2354 tua
1653 2302 2014 2372 magnitudo,

384 2407 482 2445 eos
510 2390 584 2444 ad
608 2389 1046 2444 similitudinem
1073 2391 1251 2444 nostri
1279 2392 1525 2463 exempli
1553 2393 1807 2462 ordinet;
1833 2395 1910 2448 sic
1939 2399 2019 2450 ta-

379 2500 534 2549 men,
566 2487 631 2537 ut
657 2483 703 2536 si
733 2482 1018 2536 inveneris
1048 2483 1118 2536 de
1165 2485 1469 2554 provinciis
1505 2485 1719 2540 idonea
1752 2503 2014 2559 corpora,

381 2581 479 2631 aut
504 2577 574 2630 de
602 2575 708 2629 illis
738 2592 882 2646 quos
909 2579 1080 2629 antea
1109 2576 1318 2631 milites
1348 2577 1654 2646 habebant,
1684 2579 2011 2636 limitaneo-

383 2687 511 2724 rum
539 2669 852 2723 constituas
879 2668 938 2722 in
967 2685 1234 2736 numero,
1255 2671 1311 2723 in
1340 2687 1688 2744 unoquoque
1718 2672 1919 2742 limite,
1955 2679 2018 2730 ut

383 2768 425 2822 si
449 2767 645 2838 aliqua
657 2765 893 2820 forsitan
911 2767 1224 2821 commotio
1247 2768 1439 2835 fuerit,
1459 2768 1796 2842 possintipsi
1814 2771 2016 2828 limita-

383 2861 477 2915 nei
503 2861 625 2914 sine
653 2859 1118 2915 comitatensibus
1149 2860 1448 2929 militibus,
1483 2879 1597 2918 una
1622 2880 1751 2918 cum
1779 2865 2015 2921 ducibus

381 2959 495 3012 suis
533 2958 803 3028 adjuvare
838 2957 983 3025 loca,
1013 2957 1110 3013 ubi
1144 2957 1399 3030 dispositi
1431 2959 1666 3028 fuerint,
1699 2978 1816 3016 non
1841 2963 2014 3036 longe

380 3056 626 3110 limitem
652 3060 943 3125 exeuntes,
976 3073 1079 3110 nec
1110 3055 1217 3127 ipsi
1248 3055 1554 3125 limitanei,
1583 3075 1685 3114 nec
1715 3059 1886 3114 duces
1914 3078 2010 3116 eo-

377 3166 531 3220 rum,
567 3154 623 3203 et
662 3149 884 3202 nullum
932 3149 1108 3203 etiam
1157 3148 1518 3220 dispendium
1553 3168 1587 3206 a
1633 3152 1888 3222 ducibus,
1925 3155 2012 3209 vel

371 3245 636 3302 ducianis
666 3246 924 3317 praedicti
965 3246 1250 3300 limitanei
1289 3248 1624 3316 sustineant,
1655 3266 1762 3305 nec
1794 3251 2012 3322 aliquas

379 3339 484 3394 sibi
509 3338 953 3393 consuetudines
969 3339 1040 3392 de
1062 3355 1262 3392 eorum
1291 3339 1586 3410 stipendiis
1611 3359 1716 3412 per
1744 3343 2012 3399 fraudem

377 3433 452 3488 ad
467 3448 635 3486 suum
660 3432 885 3486 lucrum
904 3436 1259 3486 convertant.
1291 3433 1419 3488 Haec
1448 3437 1642 3489 autem
1673 3452 1793 3490 non
1825 3438 2011 3491 solum

374 3527 435 3581 in
459 3524 784 3579 limitaneos
802 3525 1064 3579 volumus
1092 3525 1403 3594 observari,
1421 3526 1522 3581 sed
1553 3527 1728 3582 etiam
1761 3529 1818 3583 in
1836 3530 2012 3584 comi-

375 3623 627 3674 tatenses
656 3617 886 3673 milites.
906 3649 974 3659 —-
997 3617 1027 3690 §
1055 3621 1108 3673 9.
1131 3621 1199 3674 Et
1231 3633 1702 3692 unumquemque
1725 3621 1934 3677 ducem
1954 3627 2012 3679 et

374 3713 635 3767 tribunos
684 3711 1023 3766 eorumdem
1063 3711 1314 3766 militum
1349 3712 1642 3782 jubemus,
1679 3717 1742 3768 ut
1781 3732 2011 3787 semper

374 3805 584 3861 milites
611 3805 681 3860 ad
714 3805 1180 3860 exercitationem
1203 3821 1500 3860 armorum
1527 3809 1784 3876 teneant,
1809 3813 1867 3863 et
1890 3826 2010 3865 non

375 3899 696 3954 concedant
722 3915 817 3952 eos
837 3897 1110 3968 divagari,
1133 3900 1199 3952 ut
1218 3897 1263 3951 si
1281 3898 1514 3968 quando
1547 3900 1852 3954 necessitas
1869 3918 2004 3956 con-

371 3990 822 4062 tigerit,possint
847 3989 1093 4045 inimicis
1115 3989 1400 4059 resistere,
1429 3993 1485 4044 et
1511 3992 1735 4046 nullum
1759 3993 2011 4049 audeant

375 4084 547 4138 duces
574 4088 674 4138 aut
709 4083 928 4137 tribuni
954 4084 1396 4138 commeatalem
1429 4084 1500 4138 de
1534 4084 1671 4156 ipsis
1696 4085 2006 4155 dimittere,

373 4194 467 4244 ne,
503 4176 641 4231 dum
663 4175 771 4230 sibi
795 4177 1016 4230 lucrum
1048 4176 1282 4232 student
1311 4177 2007 4245 conﬁcere,incustoditas

373 4275 598 4326 nostras
629 4269 960 4340 relinquant
993 4269 1331 4340 provincias.
1363 4271 1505 4324 Nam
1534 4270 1581 4325 si
1609 4274 2008 4343 usurpaverint

373 4363 684 4420 memorati
706 4363 898 4431 duces,
915 4362 1004 4417 vel
1023 4361 1212 4418 ofﬁcia
1238 4378 1461 4430 eorum,
1478 4380 1578 4418 seu
1603 4365 1839 4434 tribuni,
1853 4383 2008 4421 com-

369 4457 681 4514 meatalem
695 4457 764 4512 de
779 4456 1055 4511 militibus
1067 4455 1412 4527 relinquere,
1433 4456 1774 4528 autaliquod
1786 4459 2008 4514 lucrum

2124 1939 2340 1993 eisdem
2375 1937 2599 2010 legibus
2651 1939 2923 1992 insertam
2965 1956 3029 1992 ex
3059 1939 3511 2011 transgressione
3551 1943 3754 1996 formi—

2122 2032 2346 2087 dantes.

2193 2125 2222 2197 §
2255 2129 2336 2180 13.
2367 2127 2510 2181 Cum
2548 2128 2740 2179 autem
2768 2125 2884 2179 Deo
2919 2131 3207 2181 annuente
3234 2127 3518 2182 Africanae
3548 2135 3755 2185 nostrae

2121 2218 2427 2290 provinciae
2461 2234 2564 2289 per
2588 2223 2748 2272 tuam
2781 2218 3265 2289 magnitudinem,
3300 2222 3614 2277 secundum
3646 2242 3751 2279 no-

2120 2318 2299 2368 stram
2311 2311 2745 2382 dispositionem
2761 2312 3060 2377 ordinatae,
3077 2317 3133 2366 et
3157 2313 3367 2368 limites
3380 2314 3436 2368 in
3451 2316 3751 2388 antiquum

2121 2409 2330 2460 statum
2381 2405 2618 2471 reducti,
2655 2409 2712 2458 et
2743 2405 2931 2459 omnis
2976 2406 3166 2460 Africa
3197 2406 3276 2460 sic
3304 2408 3537 2464 detenta
3581 2410 3754 2467 fuerit

2119 2500 2262 2554 sicut
2289 2503 2431 2564 erat,
2463 2516 2592 2552 cum
2618 2515 2759 2569 ergo
2791 2499 2913 2553 haec
2931 2500 3130 2554 omnia
3157 2499 3296 2571 (Deo
3315 2501 3571 2574 juvante)
3597 2522 3748 2576 pra:-

2119 2597 2276 2648 sente
2307 2597 2407 2647 tua
2433 2591 2831 2664 magnitudine
2849 2592 3124 2664 disposita
3143 2598 3200 2648 et
3228 2595 3487 2665 perfecta
3513 2597 3748 2667 fuerint,

2118 2690 2176 2741 et
2198 2703 2302 2758 per
2325 2687 2553 2742 labores
2579 2691 2703 2742 tuos
2735 2686 3034 2760 [antiquos]
3067 2687 3210 2741 ﬁnes
3232 2705 3438 2743 omnes
3457 2690 3646 2746 Africa
3667 2709 3750 2746 re-

2117 2779 2352 2851 ceperit,
2387 2787 2444 2835 et
2473 2781 2734 2836 docuerit
2761 2798 2866 2836 nos
2894 2781 2964 2835 de
2998 2781 3158 2835 omni
3187 2781 3546 2838 ordinatione
3576 2786 3748 2838 totius

2113 2872 2399 2928 Africana:
2423 2873 2752 2941 dioeceseos,
2781 2874 2839 2929 id
2869 2879 2972 2941 est,
2995 2874 3194 2946 quanti
3227 2878 3284 2928 et
3306 2875 3405 2945 qui
3434 2876 3666 2944 milites,
3689 2878 3746 2931 in

2117 2965 2321 3036 quibus
2337 2966 2494 3035 locis,
2524 2968 2610 3021 vel
2638 2966 2958 3021 civitatibus
2984 2967 3273 3022 constituti
3297 2973 3448 3037 sunt,
3465 2974 3523 3022 et
3548 2971 3748 3040 quanti

2114 3058 2416 3128 limitanei,
2451 3062 2507 3114 et
2535 3060 2594 3115 in
2617 3060 2822 3132 quibus
2845 3060 2984 3115 locis
3006 3065 3062 3115 et
3081 3060 3295 3115 militiis
3316 3061 3581 3116 collocati
3594 3067 3744 3130 sunt,

2115 3154 2251 3207 tunc
2270 3149 2544 3223 jubemus
2569 3158 2728 3208 tuam
2757 3154 3220 3224 magnitudinem
3252 3153 3325 3207 ad
3354 3160 3612 3209 nostram
3633 3157 3744 3211 cle-

2115 3241 2394 3296 mentiam
2424 3258 2707 3297 remeare.
2740 3274 2808 3282 ——
2839 3241 2868 3314 §
2904 3243 2985 3296 14.
3021 3243 3246 3297 Interea
3276 3259 3409 3297 vero
3447 3243 3493 3297 si
3525 3245 3746 3316 aliquas

2111 3334 2363 3388 civitates
2379 3351 2478 3388 seu
2503 3335 2734 3390 castella
2754 3352 2858 3407 per
2877 3335 3085 3390 limites
3110 3336 3416 3391 constituta
3431 3338 3748 3408 providerit

2111 3430 2212 3481 tua
2241 3427 2582 3499 magnitudo
2603 3428 2798 3483 nimiae
2824 3445 2946 3483 esse
2970 3428 3408 3500 magnitudinis,
3433 3433 3491 3485 et
3509 3437 3747 3502 propter

2111 3521 2219 3576 hoc
2243 3538 2361 3575 non
2388 3538 2556 3593 posse
2583 3522 2732 3577 bene
2764 3521 3057 3589 custodiri,
3093 3523 3163 3577 ad
3195 3523 3371 3577 talem
3401 3523 3646 3579 modum
3676 3543 3745 3580 ea

2111 3615 2362 3670 construi
2385 3615 2671 3687 disponat,
2688 3619 2749 3670 ut
2763 3615 2981 3687 possint
2999 3632 3104 3686 per
3123 3632 3335 3687 paucos
3347 3616 3496 3672 bene
3510 3620 3740 3674 servari.

2111 3739 2178 3748 -——
2204 3707 2234 3780 §
2266 3712 2348 3762 l5.
2373 3709 2514 3764 Cum
2542 3713 2734 3764 autem
2755 3708 3094 3780 magnitudo
3121 3712 3240 3778 tua,
3267 3710 3532 3766 omnibus
3559 3711 3745 3784 dispo-

2109 3801 2250 3868 sitis,
2267 3801 2339 3855 ad
2363 3819 2467 3856 nos
2492 3818 2753 3856 remeare
2769 3801 2928 3872 jussa
2949 3802 3138 3871 fuerit,
3172 3805 3306 3858 tunc
3338 3803 3512 3858 duces
3544 3807 3738 3861 unius-

2109 3894 2382 3966 cujusque
2415 3895 2642 3964 limitis;
2679 3895 2902 3967 quoties
2931 3912 3036 3968 pro
3065 3897 3481 3968 componendis
3506 3898 3742 3955 civitati-

2106 3987 2232 4054 bus,
2269 3992 2368 4043 aut
2397 3989 2612 4056 castris,
2642 3991 2700 4043 et
2734 4006 2837 4060 pro
2866 3988 3176 4060 dispendiis
3203 3989 3336 4057 suis,
3370 3995 3470 4046 aut
3495 4009 3600 4063 pro
3635 4009 3735 4047 an-

2108 4081 2277 4137 nonis
2321 4081 2555 4154 aliquod
2602 4099 2745 4154 opus
2793 4083 3120 4152 habuerint,
3153 4083 3393 4138 celerius
3436 4084 3512 4139 ad
3551 4086 3737 4141 virum

2106 4173 2482 4246 magniﬁcum
2523 4176 2859 4246 praefectum
2889 4193 2993 4247 per
3020 4176 3274 4231 Africam
3305 4176 3650 4248 signiﬁcent,
3679 4184 3740 4235 ut

2104 4268 2226 4339 ipse
2253 4285 2382 4340 quae
2403 4269 2721 4323 necessaria
2745 4269 2958 4324 fuerint
2977 4270 3210 4325 festinet
3226 4270 3435 4339 facere,
3456 4288 3528 4326 ne
3549 4272 3738 4345 aliqua

2104 4362 2415 4432 protractio
2442 4361 2748 4432 provinciis
2780 4368 3002 4418 noceat.

2178 4455 2208 4526 §
2249 4458 2331 4509 16.
2372 4456 2453 4509 Ea
2483 4471 2638 4522 vero,
2677 4472 2805 4526 qua:
2842 4456 2962 4526 ipse
3000 4455 3214 4524 fecerit,
3245 4458 3331 4511 vel
3377 4473 3507 4528 qua:
3552 4458 3739 4513 adhuc

371 4553 444 4608 de
473 4569 675 4608 eorum
690 4550 1095 4606 emolumentis
1109 4549 1216 4604 sibi
1229 4550 1545 4621 acquirere,
1563 4551 1669 4606 hoc
1687 4568 1803 4606 non
1821 4553 2004 4608 solum
2023 4546 2083 4618 D
2104 4547 2425 4602 necessario
2447 4548 2811 4619 procuranda
2835 4552 3198 4619 suntpostea,
3214 4551 3273 4603 et
3284 4554 3640 4606 memoratus
3655 4551 3739 4606 vir

368 4646 428 4700 in
442 4646 826 4717 quadruplum
835 4643 1106 4716 jubemus
1117 4643 1342 4714 publico
1359 4644 1698 4714 rependere,
1717 4645 1815 4699 sed
1832 4647 2007 4701 etiam

372 4738 654 4808 dignitate
683 4754 780 4793 eos
805 4736 1037 4809 privari.
1059 4736 1237 4807 Magis
1265 4736 1420 4790 enim
1448 4736 1663 4792 debent
1685 4738 1926 4793 etduces
1949 4743 2006 4794 et

365 4830 580 4887 tribuni
614 4848 785 4902 supra
813 4831 1084 4901 deputata
1118 4829 1223 4884 sibi
1267 4831 1660 4885 emolumenta
1690 4831 2004 4887 secundum

363 4925 589 4980 labores
639 4940 771 4978 suos
810 4923 881 4976 de
924 4926 1120 4978 nostra
1165 4922 1430 4994 largitate
1471 4924 2002 4981 remunerationem

365 5035 619 5091 sperare,
657 5020 715 5071 et
746 5033 862 5072 non
903 5015 972 5070 de
1003 5016 1341 5071 commeatis
1379 5015 1628 5071 militum
1673 5021 1773 5072 aut
1801 5035 2001 5073 eorum

363 5111 662 5183 stipendiis
691 5112 911 5165 lucrum
943 5109 1048 5164 sibi
1079 5109 1395 5180 acquirere,
1429 5110 1707 5181 quoniam
1739 5111 1868 5166 ideo
1905 5129 1998 5166 or-

364 5206 543 5262 dinati
566 5209 699 5262 sunt
720 5204 952 5271 milites,
988 5207 1046 5258 ut
1071 5219 1175 5274 per
1199 5203 1354 5274 ipsos
1379 5203 1688 5274 provincia:
1713 5204 2002 5260 vindicen-

363 5303 474 5368 tur,
512 5299 799 5372 praacipue
837 5313 970 5353 cum
1011 5295 1365 5352 sufﬁcienter
1388 5299 1444 5352 et
1481 5296 1619 5368 ipsis
1651 5297 1909 5368 ducibus,
1943 5301 2002 5354 et

362 5409 565 5449 eorum
593 5393 792 5449 ofﬁciis
823 5391 1216 5450 emolumenta
1244 5389 1630 5461 praestitimus,
1665 5395 1722 5446 et
1767 5408 1999 5463 semper

358 5486 716 5557 providimus
742 5500 1221 5556 unumquemque
1260 5482 1577 5538 secundum
1608 5483 1838 5539 labores
1865 5501 1998 5540 suos

361 5580 434 5634 ad
452 5579 717 5636 meliores
743 5580 977 5653 gradus,
1006 5582 1063 5632 et
1092 5577 1166 5632 ad
1192 5576 1443 5648 majores
1460 5576 1767 5647 dignitates
1793 5577 1997 5648 perdu-

358 5688 508 5727 cere.
543 5703 612 5713 —
649 5673 680 5745 §
714 5678 800 5730 10.
831 5674 1141 5742 Postquam
1172 5685 1308 5725 vero
1336 5671 1450 5725 Deo
1477 5669 1774 5741 placuerit,
1805 5672 1863 5724 et
1889 5687 1996 5741 per

357 5766 521 5814 tuam
535 5763 998 5833 magnitudinem
1011 5763 1173 5817 limes
1187 5762 1376 5818 omnis
1390 5763 1449 5817 in
1465 5763 1766 5834 antiquum
1781 5765 1992 5819 statum

360 5854 683 5906 pervenerit
693 5895 706 5918 ,
720 5858 778 5908 et
790 5855 940 5910 bene
954 5853 1254 5909 ordinatus
1272 5855 1487 5911 fuerint
1500 5857 1636 5910 tunc
1663 5854 1990 5928 ubicunque

2109 4641 2448 4713 magniﬁcus
2479 4642 2780 4712 praefectus
2810 4642 3116 4712 [praetorio]
3141 4641 3361 4711 Africae,
3391 4646 3451 4698 et
3473 4643 3579 4698 viri
3608 4661 3736 4716 spe-

2105 4735 2335 4790 ctabiles
2363 4734 2552 4803 duces,
2581 4737 2638 4789 et
2665 4735 2734 4788 de
2767 4734 2890 4789 aliis
2922 4734 3190 4790 omnibus
3221 4752 3352 4807 quas
3378 4735 3459 4790 ibi
3488 4740 3736 4808 aguntur

2105 4829 2439 4901 frequenter
2468 4828 2540 4883 ad
2571 4845 2675 4883 nos
2702 4827 2978 4895 referant,
3011 4831 3077 4883 ut
3104 4827 3406 4884 benefacta
3435 4830 3736 4885 conﬁrme-

2102 4941 2252 4992 mus,
2285 4926 2344 4978 et
2367 4939 2494 4994 quae
2520 4921 2898 4993 opportunius
2927 4921 3140 4976 debent
3162 4921 3309 4990 ﬁeri,
3335 4938 3401 4976 ex
3421 4925 3618 4977 nostra
3647 4924 3729 4979 di-

2103 5017 2416 5088 spositione
2447 5018 2819 5086 peragantur.
2853 5046 2920 5054 —
2951 5013 2982 5085 §
3018 5018 3099 5068 17.
3120 5015 3235 5069 Hoc
3265 5014 3441 5070 etiam
3469 5014 3730 5071 decemi-

2102 5127 2250 5179 mus,
2273 5112 2338 5163 ut
2359 5108 2584 5179 judices
2609 5107 2706 5180 qui
2730 5106 3036 5162 ordinandi
3065 5113 3198 5163 sunt
3222 5125 3327 5179 per
3349 5108 3646 5164 Africanos
3671 5110 3730 5165 li-

2101 5204 2288 5270 mites,
2315 5201 2459 5256 nihil
2489 5201 2734 5273 amplius
2767 5201 2824 5255 in
2849 5200 3228 5257 sacratissimo
3260 5202 3472 5272 palatio
3499 5202 3729 5258 cuilibet

2100 5312 2360 5368 personae
2402 5298 2500 5349 aut
2527 5294 2812 5365 dignitati,
2843 5295 2930 5348 vel
2959 5294 3017 5348 in
3056 5294 3323 5365 praetorio
3351 5312 3456 5366 per
3479 5295 3731 5352 Africam
3810 5340 3820 5368 ._

2098 5390 2453 5462 praefecturae
2493 5391 2550 5442 et
2593 5387 2941 5458 magisteria:
2976 5387 3244 5459 potestati
3275 5389 3590 5460 praebeant,
3621 5389 3728 5445 nisi

2099 5487 2379 5556 quantum
2401 5482 2596 5536 subter
2616 5497 2840 5536 annexa
2863 5479 3332 5536 declaratnotitia
3352 5499 3366 5549 ;
3388 5499 3524 5537 nam
3537 5483 3584 5537 si
3604 5483 3727 5555 quis

2096 5577 2338 5649 amplius
2363 5592 2537 5648 quam
2564 5574 2624 5629 in
2647 5573 2874 5629 subdita
2897 5573 3100 5630 notitia
3113 5577 3366 5630 taxatum
3388 5581 3474 5630 est
3493 5593 3726 5650 usurpa-

2094 5670 2257 5738 verit,
2287 5686 2389 5725 seu
2427 5667 2729 5741 acceperit,
2757 5667 2994 5739 triginta
3035 5667 3207 5723 libras
3234 5668 3357 5723 auri
3389 5670 3590 5726 multa:
3618 5669 3718 5724 de-

2093 5763 2309 5835 pendat
2342 5762 2594 5830 nomine,
2623 5778 2753 5817 cum
2783 5778 2895 5834 quo
2940 5766 2997 5817 et
3021 5760 3272 5833 periculo
3303 5761 3721 5833 indignationis

2097 5859 2308 5912 nostrae
2346 5850 2723 5929 [serenitatisl'
2749 5855 3080 5927 subjacebit,
3123 5855 3280 5910 nulla
3315 5855 3424 5910 alia
3467 5857 3722 5930 qualibet
