4032 6232
1060 119 1101 135 ἡ

184 358 315 411 1109

898 354 1263 409 JUSTINIANI
1306 354 1513 409 LEGES
1554 356 1887 410 SELECTE.
1931 355 2056 409 LIB.
2102 355 2140 417 l,
2181 356 2306 409 TIT.
2350 356 2550 421 XXVII,
2594 358 2721 411 LEX
2763 360 2825 411 ll.

3404 364 3540 416 1110

178 481 444 536 persona,
473 467 568 518 aut
590 462 891 534 dignitate,
922 466 1021 517 aut
1039 461 1224 517 ofﬁcio
1251 463 1563 535 accipiente
1592 463 1806 535 aliquid
1828 478 1887 550 Α
1910 466 1965 516 et
1992 479 2118 534 cap.
2149 465 2198 517 3.
2231 461 2375 516 ﬁunt
2404 480 2526 534 cap.
2554 467 2606 517 2.
2634 464 2986 519 Centenariis
3012 468 3063 519 9.
3096 466 3166 519 ad
3199 483 3334 521 ann.
3372 471 3455 522 10.
3482 456 3551 522 δι’

177 558 245 612 ab
277 557 378 624 eis,
408 561 615 628 prater
642 556 770 611 illos
798 572 1042 627 quorum
1074 555 1307 611 nomina
1335 556 1392 610 in
1424 556 1677 626 subjecta
1698 572 1803 610 no-

175 650 296 705 titia
323 649 711 704 continentur.
732 681 800 688 -—
839 648 869 719 §
904 651 986 702 18.
1018 648 1102 701 Ad
1135 649 1242 703 hoc
1268 648 1541 719 jubemus
1577 650 1657 713 (ut
1693 651 1805 703 Deo

166 742 428 813 juvante)
454 741 846 813 unusquisque
877 740 987 794 dux
1009 757 1104 794 seu
1136 757 1336 795 eorum
1367 740 1577 808 ofﬁcia,
1604 758 1802 796 secun-

175 836 312 890 dum
348 835 505 906 quod
549 833 748 895 notitia
787 834 983 888 subter
1024 850 1245 887 annexa
1284 833 1559 901 continet,
1592 834 1807 888 emolu-

173 932 371 983 menta
393 945 495 983 sua
513 944 579 982 ex
599 927 824 981 tributis
842 926 1123 981 Africanae
1149 926 1452 997 provincia
1470 943 1535 981 ex
1562 927 1802 981 Kalend.

174 1020 531 1092 Septembris
569 1020 833 1075 instantis
872 1019 1211 1074 felicissima
1239 1019 1421 1074 tertia
1451 1019 1687 1074 decima
1716 1019 1803 1074 in-

174 1113 439 1168 dictionis
483 1113 820 1184 percipiant.
859 1144 926 1152 —
967 1112 997 1184 §
1048 1115 1131 1167 19.
1172 1114 1237 1167 Et
1270 1113 1392 1169 hac
1427 1112 1651 1179 notitia,
1690 1114 1805 1168 Deo

173 1207 423 1272 volente,
456 1206 626 1260 debet
658 1204 912 1277 delegari
937 1205 1195 1272 ducibus,
1220 1208 1277 1260 et
1304 1206 1504 1260 eorum
1524 1204 1725 1260 ofﬁciis
1744 1205 1805 1259 in

170 1299 363 1353 Africa
387 1298 726 1368 constitutis,
751 1316 854 1369 pro
876 1298 1119 1352 annonis
1143 1302 1200 1353 et
1219 1299 1408 1369 capitu
1430 1315 1532 1369 per
1548 1298 1806 1368 singulos

172 1408 357 1446 annos
385 1392 726 1462 prabendis.
770 1394 852 1445 Ita
891 1390 1206 1446 clarissimo
1246 1391 1365 1446 viro
1408 1390 1533 1446 duci
1564 1390 1804 1462 Tripoli-

168 1489 323 1539 tana
358 1484 683 1556 provincia,
725 1489 781 1539 et
824 1484 1154 1539 hominibus
1188 1484 1309 1554 ejus
1346 1484 1584 1555 singulis
1614 1484 1717 1538 sol.
1749 1487 1800 1539 5.

170 1594 296 1649 cap.
335 1581 454 1632 159.
489 1577 729 1647 singulis
759 1593 883 1648 cap.
919 1577 1020 1631 sol.
1065 1579 1189 1631 783.
1218 1577 1498 1631 Assessori
1534 1576 1709 1644 ducis,
1748 1582 1806 1631 et

173 1671 365 1726 ofﬁcio
392 1687 456 1725 ac
486 1670 820 1725 hominibus
852 1670 973 1740 ejus
1003 1671 1090 1724 40.
1126 1686 1261 1724 ann.
1286 1672 1373 1725 96.
1405 1670 1463 1726 S.
1492 1669 1639 1741 sing.
1664 1687 1799 1725 ann.

172 1781 297 1835 cap.
333 1764 438 1817 sol.
471 1766 524 1817 6.
558 1762 737 1818 Simul
774 1763 920 1816 ﬁunt
954 1778 1055 1833 pre
1093 1778 1229 1816 ann.
1276 1765 1335 1816 et
1372 1779 1496 1833 cap.
1532 1764 1633 1817 sol.
1677 1764 1800 1816 674.

1909 555 1983 609 ad
2008 554 2175 627 capit.
2202 558 2252 609 3.
2284 555 2428 610 ﬁunt
2454 557 2624 627 capit.
2650 560 2701 611 3.
2733 557 2980 612 Biarchis
3012 561 3063 613 8.
3087 558 3452 614 Circitoribus
3465 561 3537 615 ad

1907 664 2001 703 an.
2033 652 2082 704 8.
2113 647 2257 702 ﬁunt
2277 665 2411 703 ann.
2440 652 2523 704 18.
2554 653 2611 703 et
2630 649 2703 704 ad
2726 666 2850 720 cap.
2876 653 2927 705 3.
2960 651 3106 705 ﬁunt
3129 651 3296 722 capit.
3323 656 3372 706 3.
3394 653 3540 708 ﬁunt

1905 758 2030 812 cap.
2074 745 2155 795 11.
2185 744 2328 796 Item
2355 742 2472 796 viro
2499 742 2812 797 clarissimo
2843 742 2974 797 duci
3006 744 3288 799 Sardinia
3317 733 3547 814 insula,-

1907 838 1964 888 et
1994 833 2324 889 hominibus
2343 835 2465 905 ejus
2492 852 2626 890 ann.
2651 838 2768 891 190.
2801 836 3041 908 singulis
3069 854 3203 891 ann.
3232 838 3397 893 solidi
3414 842 3537 894 282.

1905 926 2187 981 Assessori
2217 926 2394 995 ducis,
2432 932 2488 982 et
2510 928 2696 983 ofﬁcio
2724 929 2849 1000 ejus
2886 929 3215 984 hominibus
3256 933 3344 985 40.
3398 949 3534 987 ann.

1907 1020 2059 1075 96.8.
2078 1020 2320 1091 singulis
2340 1037 2475 1076 ann.
2502 1022 2667 1075 solid.
2690 1023 2861 1093 capit.
2879 1024 2966 1078 48.
2987 1024 3224 1094 singulis
3242 1025 3408 1095 capit.
3434 1027 3537 1080 sol.

1908 1115 1959 1167 9.
1998 1112 2177 1168 Simul
2208 1114 2353 1168 ﬁunt
2378 1131 2479 1185 pro
2514 1119 2723 1169 ann.et
2742 1132 2863 1187 cap.
2892 1120 3009 1182 150,
3047 1120 3165 1171 186.
3201 1117 3539 1172 Dividuntur

1907 1205 2016 1260 sic:
2050 1208 2334 1261 Assessori
2355 1224 2491 1262 ann.
2524 1211 2575 1262 9.
2607 1210 2665 1261 et
2693 1225 2817 1279 cap.
2852 1212 2902 1264 3.
2933 1209 3265 1266 Primicerio
3286 1210 3345 1264 in
3365 1228 3459 1265 an.
3484 1215 3536 1267 2.

1907 1316 2031 1370 cap.
2063 1302 2112 1353 3.
2142 1300 2480 1355 Numerario
2506 1299 2567 1354 in
2593 1318 2685 1353 an.
2716 1317 2840 1371 cap.
2873 1304 2924 1356 3.
2953 1303 3286 1357 Ducenariis
3311 1306 3362 1358 4.
3398 1321 3534 1358 ann.

1908 1394 1959 1447 3.
1988 1396 2121 1447 sunt
2144 1409 2278 1446 ann.
2315 1396 2399 1447 16.
2434 1395 2491 1446 et
2518 1410 2639 1464 cap.
2671 1397 2722 1448 3.
2754 1398 2885 1448 sunt
2906 1397 2963 1448 et
2987 1412 3112 1465 cap.
3144 1398 3195 1449 9.
3246 1397 3535 1451 Circitori-

1905 1485 2009 1539 bus
2036 1487 2088 1539 9.
2114 1502 2209 1539 an.
2236 1489 2285 1540 3.
2322 1486 2468 1540 ﬁunt
2495 1503 2587 1540 an.
2625 1489 2709 1541 29.
2741 1490 2828 1541 29.
2861 1490 2918 1542 et
2946 1504 3068 1559 cap.
3094 1491 3145 1542 3.
3166 1488 3311 1543 ﬁunt
3335 1506 3456 1560 cap.
3483 1494 3533 1544 9.

1904 1577 2274 1633 Circitoribus
2310 1581 2362 1632 9.
2403 1594 2538 1633 ann.
2581 1582 2631 1645 3,
2665 1579 2811 1634 ﬁunt
2837 1597 2971 1635 ann.
3000 1582 3053 1635 4.
3093 1598 3218 1652 cap.
3248 1584 3300 1635 9.
3342 1583 3536 1638 semis.

1904 1670 2039 1725 Aliis
2069 1674 2152 1725 11.
2176 1671 2249 1726 ad
2280 1687 2415 1725 ann.
2452 1674 2536 1726 16.
2573 1675 2707 1726 sunt
2736 1677 2793 1727 et
2831 1672 2905 1727 ad
2941 1674 3111 1743 capit.
3150 1677 3200 1728 3.
3235 1675 3381 1737 ﬁunt
3410 1692 3535 1747 cap.

1905 1766 1993 1819 20.
2030 1795 2099 1804 —
2136 1762 2166 1835 ᾗ
2206 1767 2294 1819 20.
2328 1763 2539 1818 Notitia
2580 1765 3082 1832 consuetudinum,
3125 1783 3264 1837 quas
3292 1767 3349 1820 in
3382 1785 3542 1823 sacro

172 1856 518 1911 Dividuntur
552 1855 631 1909 sic
661 1871 674 1909 :
705 1854 988 1909 Assessori
1018 1855 1079 1908 in
1108 1871 1243 1908 ann.
1272 1858 1322 1909 8.
1354 1870 1478 1925 cap.
1516 1855 1569 1908 4.
1609 1845 1881 1916 Primi-B
1904 1857 2199 1925 laterculo,
2250 1859 2309 1910 et
2349 1856 2409 1910 in
2459 1856 2724 1927 pratorio
2762 1858 3130 1929 amplissima
3189 1858 3543 1930 prafectura

171 1949 324 2003 cerio
353 1949 412 2003 in
438 1966 574 2003 ann.
605 1951 656 2002 8.
681 1964 806 2019 cap.
840 1951 890 2002 2.
922 1946 1251 2002 Ducenariis
1271 1951 1323 2002 3.
1353 1947 1425 2002 ad
1451 1964 1585 2002 ann.
1618 1951 1670 2002 6.
1703 1948 1802 2002 sol.

171 2043 317 2097 ﬁunt
348 2059 483 2096 ann.
515 2041 714 2113 capitis
745 2041 891 2095 ﬁunt
918 2042 1171 2113 capitum
1211 2057 1334 2112 cap.
1366 2040 1725 2096 Centenariis
1751 2044 1803 2096 6.

171 2153 306 2189 ann.
333 2139 382 2190 5.
410 2135 575 2190 ﬁunt.
609 2135 776 2189 Fiunt
806 2150 941 2187 ann.
972 2135 1021 2189 4.
1052 2136 1111 2187 et
1140 2134 1212 2188 ad
1241 2150 1361 2205 cap.
1401 2136 1447 2187 1.
1482 2134 1628 2188 fiunt
1666 2151 1802 2188 ann.

177 2232 260 2284 16.
295 2231 354 2282 et
381 2229 454 2283 ad
481 2244 604 2299 cap.
636 2231 684 2282 1.
708 2229 765 2283 S.
798 2228 943 2281 ﬁunt
968 2243 1104 2281 ann.
1141 2230 1193 2281 3.
1223 2226 1370 2281 ﬁunt
1397 2243 1523 2297 cap.
1554 2229 1605 2281 8.
1638 2226 1807 2282 Circi-

170 2322 392 2377 toribus
430 2325 481 2376 9.
519 2320 709 2375 semis.
752 2320 888 2375 Aliis
932 2324 1015 2375 11.
1056 2319 1130 2373 ad
1174 2336 1270 2374 an.
1320 2319 1404 2374 14.
1439 2324 1588 2374 sunt.
1641 2323 1698 2374 et
1736 2320 1803 2375 ad

170 2432 297 2486 cap.
331 2418 381 2469 3.
414 2414 560 2468 ﬁunt
584 2430 710 2484 cap.
746 2417 829 2468 11.

1906 1965 2011 2021 per
2028 1949 2301 2015 Africam,
2332 1949 2461 2003 etin
2487 1949 2676 2005 ofﬁcio
2698 1950 2959 2020 magistri
2980 1951 3249 2021 militum,
3273 1969 3375 2023 pro
3395 1958 3541 2007 tem-

1907 2058 2044 2113 pore
2076 2043 2184 2096 dux
2215 2041 2473 2113 prabere
2493 2042 2665 2096 debet
2693 2043 3141 2115 uniuscujusque
3176 2045 3392 2114 limitis,
3427 2046 3539 2100 sic:

1908 2136 1970 2188 In
2008 2151 2168 2189 sacro
2205 2134 2480 2189 laterculo
2513 2135 2614 2188 sol.
2658 2137 2708 2189 6.
2744 2137 2806 2191 In
2840 2136 3029 2191 ofﬁcio
3066 2136 3411 2207 magisteria
3444 2138 3545 2192 mi-

1909 2227 2077 2282 litum
2122 2227 2415 2298 potestatis
2454 2244 2559 2299 pro
2614 2227 2980 2283 insinuandis
3028 2229 3543 2286 administrationis

1911 2336 2027 2375 sua
2059 2319 2265 2375 divinis
2292 2323 2499 2374 nostra
2522 2320 2841 2375 serenitatis
2873 2321 3137 2377 aﬁ'atibus
3163 2323 3328 2378 solid.
3366 2324 3450 2379 12.
3482 2326 3543 2378 In

1910 2412 2097 2467 ofﬁcio
2125 2412 2498 2483 amplissima
2528 2414 2885 2484 prafectura
2911 2432 3014 2486 per
3037 2416 3290 2471 Africam
3318 2434 3421 2487 pro
3454 2417 3538 2471 in-

240 2509 385 2563 Item
416 2506 538 2561 viro
561 2506 871 2561 clarissimo
906 2505 1036 2560 duci
1064 2507 1369 2576 Byzacena
1390 2504 1718 2577 provincia,
1751 2509 1809 2559 et
1907 2505 2203 2560 sinuandis
2233 2504 2495 2576 ejusdem
2521 2506 2753 2575 chartis,
2787 2508 2952 2562 solid.
2988 2512 3069 2562 12.

170 2600 505 2656 hominibus
530 2600 653 2671 ejus
680 2617 815 2654 ann.
835 2602 953 2654 190.
979 2598 1290 2668 singulisin
1317 2615 1454 2653 ann.
1479 2599 1583 2653 sol.
1679 2614 1802 2668 cap.

171 2698 292 2750 158.
323 2694 563 2765 singulis
600 2709 726 2763 cap.
757 2693 859 2747 sol.
890 2695 973 2746 10.
1007 2691 1186 2746 Simul
1213 2692 1360 2745 ﬁunt
1384 2707 1486 2762 pro
1511 2708 1645 2745 ann.
1679 2707 1803 2762 cap.

169 2788 274 2842 sol.
305 2790 428 2841 670.
455 2787 669 2841 Omnes
692 2785 1026 2839 dividuntur
1052 2785 1129 2839 sic
1154 2801 1167 2839 :
1195 2783 1479 2839 Assessori
1506 2784 1564 2838 in
1588 2801 1721 2839 ann.
1751 2787 1803 2838 7.

169 2897 295 2951 cap.
312 2881 365 2934 4.
382 2878 716 2934 Primicerio
732 2881 788 2932 in
804 2895 938 2933 ann.
957 2882 1007 2932 5.
1022 2895 1147 2948 cap.
1170 2881 1219 2931 2.
1238 2879 1417 2931 Nume
1428 2877 1575 2931 rario
1592 2877 1653 2930 in
1666 2894 1802 2930 ann.

168 2978 220 3028 6.
255 2989 382 3045 cap.
412 2971 795 3027 3.Ducenario
823 2973 874 3024 4.
902 2971 973 3025 ad
1003 2987 1139 3025 ann.
1165 2973 1217 3025 3.
1245 2970 1407 3024 ﬁunt.
1437 2987 1562 3041 cap.
1590 2972 1641 3024 3.
1667 2970 1807 3024 Cen-

168 3065 406 3121 tenariis
426 3069 477 3120 6.
502 3082 637 3119 ann.
668 3081 802 3119 ann.
842 3067 925 3118 15.
960 3067 1017 3117 et
1044 3080 1170 3134 cap.
1208 3067 1256 3117 1.
1290 3064 1437 3117 ﬁunt
1465 3079 1586 3134 cap.
1615 3067 1667 3117 '7.
1693 3061 1808 3117 Cir-

1978 2597 2009 2669 §
2035 2601 2121 2652 21.
2151 2598 2343 2653 Gloria
2367 2597 2566 2670 itaque
2588 2601 2704 2667 tua,
2736 2616 2863 2669 qua
2898 2617 3001 2671 per
3036 2600 3185 2655 hanc
3227 2604 3538 2674 pragmati-

1907 2707 2035 2745 cam
2058 2690 2419 2745 sanctionem
2444 2695 2643 2746 nostra
2669 2693 2866 2747 statuit
2881 2693 3192 2764 aeternitas,
3223 2694 3451 2751 effectui
3475 2714 3543 2751 ea

1907 2783 2221 2855 mancipari
2252 2784 2661 2856 observarique
2688 2786 3000 2857 pracipiat.

1980 2876 2010 2948 §
2052 2880 2138 2931 22.
2174 2876 2391 2931 Emissa
2417 2877 2506 2931 lex
2552 2877 2695 2933 Idib.
2742 2878 2969 2950 Aprilis,
3016 2879 3141 2948 CP.,
3182 2880 3238 2936 d.
3278 2898 3336 2936 n.
3381 2882 3547 2937 Justi-

1906 2969 2079 3024 niano
2106 2971 2166 3023 P.
2200 2972 2259 3024 P.
2293 2973 2359 3025 A.
2387 2987 2463 3038 Iv,
2497 2974 2553 3026 et
2572 2971 2809 3026 Paulino
2837 2988 2889 3027 v.
2920 2989 2967 3026 c.
2993 2990 3179 3028 conss.
3213 3005 3281 3015 ——
3311 2974 3341 3047 §
3364 2978 3449 3030 23.
3475 2977 3545 3031 Et

1906 3062 2029 3116 hac
2060 3062 2280 3130 notitia,
2331 3065 2443 3119 Deo
2472 3065 2720 3133 volente,
2755 3064 2927 3119 debet
2956 3066 3210 3138 delegari
3229 3068 3540 3139 judicibus,

168 3159 445 3214 citoribus
466 3161 517 3212 9.
550 3158 624 3212 ad
651 3174 744 3211 an.
776 3157 922 3210 ﬁunt
947 3174 1040 3210 an.
1079 3160 1162 3211 13.
1196 3160 1252 3211 et
1295 3157 1369 3210 ad
1406 3172 1530 3227 cap.
1568 3159 1619 3211 3.
1662 3156 1808 3211 ﬁunt
1829 3205 1879 3231 η
1906 3161 1963 3210 et
2002 3171 2205 3210 eorum
2234 3154 2438 3210 ofﬁciis
2472 3155 2531 3210 in
2566 3156 2752 3212 Africa
2786 3158 3108 3214 constitutis
3135 3177 3238 3231 pro
3272 3162 3538 3229 annonis,

168 3270 292 3323 cap.
314 3256 366 3306 7.
392 3250 758 3309 Circitoribus
788 3252 841 3304 9.
864 3249 937 3303 ad
958 3265 1092 3303 ann.
1124 3252 1176 3304 2.
1200 3248 1346 3303 ﬁunt
1373 3252 1456 3304 18.
1476 3205 1549 3303 let
1578 3249 1651 3304 ad
1681 3266 1801 3321 cap.
1826 3205 1880 3282 Ε
1907 3252 1965 3303 et
1990 3248 2179 3319 capitu
2208 3264 2311 3319 per
2348 3248 2602 3320 singulos
2644 3267 2825 3305 annos
2868 3205 3236 3323 prabendris:
3250 3205 3541 3310 Iteriivvirvd

168 3347 316 3401 ﬁunt
342 3362 435 3399 an.
474 3347 557 3399 13.
590 3360 714 3414 cap.
746 3346 797 3397 9.
826 3342 1017 3399 seruis.
1050 3342 1154 3398 Alii
1189 3345 1271 3395 11.
1306 3342 1381 3397 ad
1413 3358 1547 3396 ann.
1580 3346 1630 3397 3.
1662 3344 1809 3398 ﬁunt
1906 3342 2222 3397 clarissimo
2242 3341 2372 3396 duci
2394 3342 2760 3413 Tripolitanae
2788 3345 3115 3416 provincia,
3139 3350 3196 3401 et
3213 3346 3542 3403 hominibus

168 3456 264 3494 an.
301 3441 386 3492 13.
421 3438 477 3492 8.
507 3439 564 3492 et
580 3437 654 3491 ad
682 3453 807 3507 cap.
840 3437 925 3489 11.
969 3437 1108 3489 Item
1141 3434 1261 3489 viro
1315 3434 1629 3490 clarissimo
1675 3436 1804 3490 duci

162 3531 452 3588 Numidiae
495 3529 822 3601 provincia,
873 3533 928 3584 et
970 3528 1305 3584 hominibus
1348 3528 1471 3599 ejus
1511 3545 1647 3583 ann.
1680 3531 1799 3583 190.

164 3625 375 3696 singul.
410 3641 545 3679 ann.
580 3623 746 3678 solid.
787 3626 839 3678 8.
870 3640 996 3693 cap.
1038 3625 1157 3677 158.
1187 3621 1425 3691 singulis
1453 3638 1577 3693 cap.
1610 3622 1713 3675 sol.
1747 3624 1798 3676 9.

166 3718 351 3775 Simul
380 3717 526 3772 ﬁunt
544 3733 646 3788 pro
668 3732 803 3771 ann.
834 3719 893 3770 et
916 3732 1040 3786 cap.
1074 3716 1176 3769 sol.
1225 3717 1346 3770 351.
1391 3716 1478 3769 34.
1521 3714 1801 3770 Assessori

165 3811 328 3867 ducis
358 3814 417 3866 et
447 3810 640 3866 ofﬁeio
663 3810 785 3881 ejus
811 3809 1141 3865 hominibus
1170 3810 1259 3863 40.
1284 3824 1421 3862 ann.
1461 3811 1519 3862 et
1544 3824 1665 3879 cap.
1694 3808 1798 3863 sol.

167 3910 216 3961 5.
246 3921 373 3977 cap.
398 3905 490 3959 49.
514 3902 725 3975 singuli
745 3920 870 3975 cap.
901 3903 1007 3958 sol.
1038 3907 1227 3973 5.cap.
1252 3902 1375 3957 472.
1404 3900 1645 3972 singulis
1670 3917 1795 3972 cap.

164 4001 269 4055 sol.
311 4002 365 4054 3.
395 3997 580 4053 Simul
609 3998 759 4052 ﬁunt
784 4013 893 4069 pro
918 4013 1053 4051 ann.
1084 3999 1143 4051 et
1167 4012 1291 4066 cap.
1326 3995 1430 4050 sol.
1467 3994 1586 4049 164.
1615 3994 1671 4050 8.
1706 3994 1794 4049 Di-

164 4092 440 4147 viduntur
457 4091 564 4145 sic:
588 4089 872 4145 Assessori
894 4088 953 4144 in
973 4106 1109 4144 ann.
1131 4092 1214 4144 13.
1238 4105 1362 4160 cap.
1396 4091 1447 4142 6.
1461 4087 1797 4142 Primicerio

164 4203 303 4242 ann.
344 4201 471 4256 cap.
505 4187 558 4239 3.
589 4182 930 4239 Numerario
950 4182 1011 4237 in
1042 4199 1259 4237 annum
1288 4182 1340 4237 4.
1372 4180 1538 4236 Fiunt
1557 4181 1631 4235 ad
1657 4198 1792 4236 ann.

167 4282 253 4335 16.
273 4281 334 4333 et
352 4278 426 4333 ad
448 4294 574 4349 cap.
604 4275 948 4332 centenariis
968 4276 1043 4331 ad
1075 4292 1209 4331 ann.
1242 4279 1326 4331 11.
1356 4275 1414 4330 S.
1449 4274 1615 4329 Fiunt
1663 4274 1798 4329 duo-

164 4371 374 4427 decim.
417 4375 474 4426 et
501 4371 574 4425 ad
614 4386 752 4441 cap.
773 4369 962 4441 capita
992 4372 1044 4424 6.
1077 4368 1324 4424 Biarchis
1354 4371 1405 4423 8.
1435 4366 1797 4423 Circitoribus

163 4468 216 4521 9.
249 4465 323 4519 ad
348 4479 483 4519 ann.
512 4466 565 4519 2.
610 4463 758 4518 ﬁunt
784 4479 877 4517 an.
916 4465 1035 4516 127.
1066 4464 1125 4516 et
1153 4462 1227 4516 ad
1250 4478 1375 4533 cap,
1406 4464 1458 4517 3.
1492 4461 1640 4515 ﬁunt
1668 4477 1792 4531 cap.

1906 3435 2026 3505 ejus
2057 3452 2211 3490 anno
2238 3436 2617 3506 nonagesimo
2643 3436 2868 3507 singula
2895 3455 3122 3494 annona
3144 3439 3357 3495 solidos
3383 3441 3544 3513 quin-

1904 3543 2014 3598 que
2033 3527 2204 3599 capit,
2228 3531 2457 3582 centum
2485 3528 2905 3600 quinquaginta
2922 3548 3130 3587 novem
3159 3533 3398 3605 singulis
3413 3550 3536 3605 cap.

1904 3620 2111 3675 solidos
2138 3620 2415 3675 ducentos
2440 3619 2731 3692 octoginta
2761 3623 2903 3678 duos
2935 3642 2947 3678 ι
2982 3626 3254 3682 assessori
3283 3627 3459 3697 ducis,
3484 3631 3542 3682 et

1902 3712 2089 3768 ofﬁcio
2126 3729 2192 3768 ac
2230 3712 2560 3769 hominibus
2592 3714 2715 3784 ejus
2741 3717 3119 3788 quadraginta
3155 3720 3320 3775 annis
3354 3737 3538 3776 nona-

1902 3805 2064 3878 ginta
2098 3811 2156 3862 et
2184 3808 2426 3877 septem.
2466 3808 2613 3862 Item
2638 3808 2760 3863 viro
2800 3809 3111 3867 ciarissimo
3140 3813 3270 3868 duci
3296 3814 3537 3885 Byzace-

1901 3916 2013 3967 na,
2053 3902 2111 3953 et
2136 3899 2470 3955 hominibus
2496 3901 2619 3971 ejus
2640 3900 2924 3957 similiter.
2962 3906 3104 3960 Item
3138 3906 3259 3962 viro
3290 3908 3537 3963 clarissi-

1898 4009 1995 4048 mo
2023 3992 2156 4048 duci
2174 3992 2476 4061 Numidia,
2508 3996 2567 4048 et
2584 3994 2917 4049 hominibus
2939 3997 3060 4067 ejus
3084 3998 3367 4056 similiter.
3392 4004 3535 4057 Item

1897 4086 2019 4141 viro
2052 4085 2363 4141 clarissimo
2390 4086 2521 4141 duci
2546 4087 2897 4144 Mauritania
2924 4090 3231 4159 provinciae
3259 4097 3316 4149 et
3341 4095 3535 4150 homi-

1898 4179 2066 4234 nibus
2092 4179 2214 4250 ejus
2240 4179 2520 4235 similiter.
2550 4183 2692 4237 Item
2720 4181 2848 4237 duci
2868 4182 3167 4253 Sardinia,
3198 4188 3258 4241 et
3281 4187 3537 4245 homini-

1896 4272 2005 4327 bus
2029 4273 2154 4343 ejus
2178 4272 2466 4328 similiter.

1968 4364 1998 4437 §
2028 4366 2115 4420 24.
2149 4367 2292 4421 Item
2323 4366 2528 4422 notitia
2554 4368 3055 4437 consuetudinum,
3089 4385 3231 4439 quas
3276 4371 3335 4425 in
3375 4390 3534 4431 sacro

1894 4458 2186 4527 laterculo,
2217 4463 2275 4514 et
2299 4459 2357 4513 in
2378 4460 2647 4531 pratorio
2666 4462 3034 4532 amplissima
3052 4462 3410 4533 praefectura
3430 4486 3536 4539 per

162 4562 216 4614 8.
252 4556 444 4612 semis.
473 4555 609 4611 Aliis
637 4559 723 4656 1.1.
751 4555 827 4611 ad
854 4571 990 4610 ann.
1022 4557 1075 4610 2.
1106 4554 1254 4656 ﬁunt
1278 4571 1371 4656 an:
1410 4557 1495 4610 16.
1516 4556 1791 4656 ‘sunt..15.
1814 4583 1873 4656 Β
1896 4551 2170 4656 Africam,
2191 4554 2249 4606 et
2268 4552 2327 4606 in
2358 4554 2547 4656 ofﬁcio
2574 4554 2837 4656 magistri
2863 4555 3111 4656 militum
3124 4572 3240 4656 pro
3272 4560 3531 4631 tempore

165 4654 223 4706 et
260 4651 333 4706 ad
382 4666 507 4721 cap.
552 4652 605 4705 3.
646 4649 795 4703 ﬁunt
830 4664 956 4720 cap.
1006 4650 1090 4702 11.
1142 4649 1286 4701 Item
1320 4647 1441 4702 viro
1484 4645 1866 4703 clarissimo"
1898 4646 2010 4701 dux
2036 4645 2293 4717 prabere
2325 4646 2472 4701 sole’t
2501 4648 2946 4719 uniuscujusque
2968 4648 3187 4718 limitis,
3216 4649 3331 4705 sic:
3363 4653 3425 4707 In
3450 4671 3533 4708 sa-

166 4744 297 4799 duci
327 4742 682 4799 Mauritiana
723 4740 1034 4814 provincia
1074 4743 1133 4795 et
1171 4740 1500 4796 hominibus
1539 4741 1662 4812 ejus
1699 4758 1796 4797 an.

169 4840 288 4893 190.
322 4836 563 4908 singulis
598 4852 692 4891 an.
732 4835 898 4891 solid.
930 4838 979 4891 5.
1010 4850 1133 4906 cap.
1179 4833 1343 4889 solid.
1385 4836 1507 4889 200.
1542 4838 1661 4890 160.
1705 4838 1794 4891 35.

162 4928 449 4985 Assessori
475 4928 652 4997 ducis,
680 4932 739 4984 et
758 4927 945 4984 ofﬁcio
973 4928 1097 4999 ejus
1111 4926 1444 4983 hominibus
1463 4928 1552 4982 40.
1579 4944 1672 4981 an.
1705 4930 1793 4983 96.

165 5024 222 5080 S.
256 5027 307 5079 3.
337 5023 393 5078 S.
434 5022 585 5077 ﬁunt
618 5022 788 5077 simul
822 5037 927 5093 pro
948 5038 1083 5076 ann.
1131 5025 1188 5076 et
1207 5037 1328 5092 cap.
1362 5021 1465 5075 sol.
1500 5023 1623 5075 670.
1654 5024 1705 5075 3.
1735 5020 1792 5076 S.

165 5116 506 5172 Dividuntur
533 5114 614 5171 sic
647 5132 660 5170 :
704 5113 986 5171 Assessori
1014 5114 1073 5169 in
1108 5130 1244 5169 ann.
1277 5116 1328 5169 9.
1369 5112 1539 5184 capit.
1581 5114 1634 5167 4.
1672 5112 1794 5168 Pri-

165 5209 401 5264 micerio
424 5208 487 5263 in
515 5224 650 5264 ann.
681 5211 868 5279 5.cap.
906 5208 955 5261 1.
978 5206 1315 5262 Numerario
1342 5206 1401 5262 in
1424 5223 1560 5261 ann.
1595 5222 1720 5277 cap.
1739 5208 1791 5260 3.

163 5301 494 5359 Ducenariis
521 5305 572 5357 3.
605 5301 681 5357 ad
707 5300 780 5356 ad
799 5318 936 5356 ann.
964 5304 1014 5356 3.
1049 5300 1107 5356 S.
1140 5301 1288 5356 ﬁunt
1308 5316 1445 5355 ann.
1476 5302 1535 5354 et
1564 5297 1792 5370 capit.3.

164 5397 312 5451 ﬁunt
336 5396 507 5467 capit.
542 5399 595 5451 2.
637 5393 990 5451 Centenariis
1010 5396 1061 5450 3.
1094 5394 1168 5449 ad
1195 5410 1328 5450 ann.
1354 5398 1404 5450 3.
1438 5394 1495 5449 S.
1528 5393 1673 5447 ﬁunt
1697 5408 1791 5447 an.

1898 4756 1992 4794 cro
2023 4738 2299 4794 laterculo
2331 4756 2427 4794 sex
2454 4740 2687 4796 solidos.
2720 4743 2779 4795 In
2809 4742 3011 4797 ofﬁciis
3038 4743 3386 4815 magisteria
3419 4746 3527 4800 mi-

1896 4832 2064 4888 litum
2084 4833 2380 4905 potestatis
2409 4849 2513 4904 pro
2542 4833 2899 4890 insinuandis
2930 4836 3134 4891 divinis
3169 4837 3533 4894 administra-

1894 4926 2161 5000 tionibus,
2204 4942 2303 4980 seu
2345 4926 2553 4981 divina
2600 4927 2935 4984 Serenitatis
2984 4930 3272 5003 affatibus,
3321 4933 3530 4990 solidos

1897 5020 2234 5085 duodecim;
2264 5036 2369 5091 pro
2413 5020 2601 5076 ofﬁcio
2644 5022 3017 5093 amplissima
3050 5026 3402 5096 prafectura
3424 5044 3530 5099 per

1894 5114 2146 5169 Africam
2173 5130 2280 5186 pro
2309 5114 2667 5170 insinuandis
2696 5115 2819 5187 ejus
2839 5118 3052 5173 chartis
3072 5119 3283 5175 solidos
3308 5120 3525 5177 duode-

1896 5207 2101 5261 cim.—-
2130 5206 2161 5280 §
2186 5211 2274 5264 25.
2303 5208 2493 5264 Gloria
2518 5207 2711 5280 itaque
2751 5212 2851 5265 tua
2895 5227 3022 5282 qua
3060 5227 3163 5282 per
3204 5213 3354 5269 hanc
3403 5231 3532 5286 pra-

1895 5300 2207 5369 gmaticam
2236 5302 2595 5358 sanctionem
2639 5307 2897 5358 nostram
2936 5306 3266 5361 statuuntur
3297 5307 3525 5363 aterni-

1895 5391 2029 5446 tatis
2055 5392 2281 5449 effectui
2310 5395 2622 5469 mancipari
2656 5396 3058 5468 observarique
3086 5400 3400 5472 pracipiat.

1252 5660 1327 5667 -ο-
1366 5632 2461 5682 ψ-νκ
