4032 6232
1431 525 1878 590 JUSTINIANI
1922 527 2310 593 EPISTOLA
2354 529 2458 592 AD
2502 529 2810 596 PATRES

1168 624 1381 704 (Hanc
1408 625 1748 706 epistolam
1784 625 2023 689 oidesz's
2053 626 2300 691 Patrol.
2335 635 2490 690 tom.
2524 629 2763 706 LXIX,
2796 631 2912 693 col.
2947 634 3075 713 30.)

1068 785 1623 852 JUSTINIANI
1696 788 2123 853 EDICTUM
2194 789 2576 861 CONTRA
2656 791 3157 857 ORIGENEM

1206 884 1369 963 (Hoc
1396 884 1678 949 edictum
1706 886 1945 949 vz’desz's
1974 887 2223 951 Patro].
2260 896 2415 951 tom.
2443 889 2681 966 LXIX,
2715 891 2834 953 col.
2872 894 3039 973 177.)

855 1043 1299 1109 JUSTINIANI
1364 1046 1707 1111 EDICTUM
1769 1048 2082 1113 CONTRA
2144 1048 2634 1116 THEODORUM
2697 1026 3363 1120 MOPSUESTENUM.

1211 1146 1375 1225 (Hoc
1405 1146 1689 1208 edictum
1718 1146 1955 1209 videsis
1984 1148 2234 1212 Patro].
2271 1156 2422 1210 tom.
2458 1149 2697 1227 LXIX,
2725 1150 2842 1212 col.
2872 1152 3042 1232 2'73.)

855 1440 861 1447 ’
1068 1480 1993 1749 GLYCERIUS
2032 1352 3178 1751 "IMPERATOR.

1640 1852 2003 1918 GLYCERII
2066 1853 2600 1918 IMPERATORIS

743 1972 1243 2101 EDICTUM
1315 1970 1773 2065 CONTRA
1840 1971 2701 2067 ORDINATIONES
2771 1972 3490 2067 SIMONIACAS;

1237 2102 1401 2182 (Hoc
1425 2101 1709 2165 edictum
1742 2100 1983 2164 vz'desz's
2016 2102 2264 2165 Patrol.
2301 2110 2455 2164 tom.
2486 2103 2661 2179 LVI,
2688 2103 2804 2165 col.
2837 2102 3004 2182 896.)

1225 2503 3015 2733 THEODORICUS,

1508 2772 1803 2880 REX
1891 2771 2740 2882 GOTHORUM.

1214 3000 1924 3091 THEODORICI,
2005 3002 2608 3076 GOTHORUM
2687 3002 3041 3090 REGIS,

1687 3126 2569 3314 ΡΒΑἘΟΕΡΊἸΟθ9

698 3342 1033 3427 MISSA
1101 3343 1322 3426 PER
1388 3343 2018 3429 GERMANUM
2088 3344 2227 3427 ET
2298 3342 2828 3429 CAROSUM
2900 3339 3552 3428 EPISCOPOS.

513 3539 771 3597 Dominis
812 3536 1021 3592 sanctis
1058 3541 1117 3591 et
1152 3537 1576 3593 venerabilihus
1614 3538 1889 3611 patribus.
1929 3540 2070 3594 Lau-
2096 3550 2401 3624 Amerum
2446 3538 2773 3605 convenire,
2823 3539 2920 3610 qui
2966 3539 3185 3594 dudum
3228 3516 3416 3593 fuerat
3453 3540 3816 3594 convocatus.

446 3634 654 3699 rentio,
687 3631 1033 3699 Marcellino,
1059 3634 1118 3684 et
1144 3633 1335 3700 Petro,
1369 3635 1426 3687 et
1454 3632 1672 3687 cunctis
1696 3632 1979 3705 episcopis
2013 3633 2072 3687 in

443 3729 595 3784 Urbe
617 3725 1021 3791 residentibus,
1052 3724 1437 3779 Theodoricus
1460 3742 1574 3781 rex.

512 3823 622 3875 Vos
652 3818 887 3891 quidem
918 3835 1041 3872 rem
1077 3817 1289 3873 fecistis
1320 3818 1611 3890 proposito
1641 3822 2074 3890 congruentem,

445 3931 549 3970 nos
574 3913 765 3985 potius
788 3910 857 3966 de
876 3911 1066 3966 reditu
1085 3914 1275 3965 vestro
1298 3911 1549 3966 secundo
1569 3913 1887 3979 consulere,
1903 3929 2077 3984 quam

444 4007 727 4064 indictum
760 4004 1064 4060 concilium
1092 4004 1292 4059 alienas
1321 4005 1606 4061 facilitatis
1625 4001 1949 4061 imitatione
1977 4006 2075 4060 de-

448 4116 669 4165 serere;
693 4116 766 4153 ne
793 4097 1213 4153 discedentibus
1238 4097 1513 4153 universis
1539 4099 1642 4153 sub
1660 4099 1967 4154 manifesta
1987 4098 2081 4153 de-

447 4194 585 4249 serti
608 4192 980 4263 dispositione
1006 4191 1209 4261 judicii
1240 4192 1422 4262 major
1452 4191 1648 4247 urbem
1688 4192 1910 4263 regiam
1938 4191 2082 4246 sedi-

445 4287 605 4344 tiosis
621 4285 874 4341 motibus
899 4284 1068 4339 turba
1093 4288 1441 4339 concuteret.
1474 4285 1586 4339 Sed
1612 4302 1729 4340 non
1761 4285 2083 4356 optavimus

446 4380 816 4445 commisisse,
847 4382 1057 4433 sanctae
1070 4378 1537 4449 congregationis
1559 4378 1836 4433 examinis
1856 4379 1959 4433 sub
1976 4379 2083 4432 hac

445 4474 705 4549 protrahi
718 4473 993 4528 dilatione
1008 4472 1326 4543 negotium,
1341 4488 1447 4526 nec
1466 4472 1850 4526 universitatis
1864 4472 2085 4526 animos

448 4570 680 4636 gravius
724 4566 1057 4639 prmjudicio
1097 4565 1354 4636 pendere
1413 4582 1737 4636 suspensos.
1791 4564 1934 4630 Quia
1977 4582 2084 4620 nec

448 4660 853 4735 tranquillitati
872 4659 1032 4714 urbis
1056 4658 1407 4713 definitionis
1426 4675 1609 4727 mora,
1631 4676 1738 4713 nec
1755 4659 2083 4725 sacerdotali

447 4756 741 4829 proposito
769 4752 1055 4810 sententia
1084 4755 1273 4823 potest
1296 4752 1601 4807 convenire
1631 4753 1943 4808 discordias.
1966 4753 2083 4807 Mo-

452 4852 595 4905 lesta
619 4848 797 4919 igitur
821 4850 1050 4918 accepta
1076 4844 1433 4913 confusione,
1463 4862 1591 4917 quae
1620 4849 1757 4900 nata
1791 4850 1895 4913 est,
1920 4850 2081 4901 caete-

2176 3634 2324 3704 Ergo
2370 3632 2684 3704 ingravatis
2729 3632 3089 3688 sanctitatem
3140 3635 3392 3687 vestram
3456 3632 3820 3704 reliquorum

2177 3726 2541 3798 praesentiam
2562 3726 2831 3781 convenit
2846 3726 3120 3798 opperiri,
3138 3731 3205 3781 ut
3222 3742 3550 3797 compresso
3564 3726 3822 3782 tumultu

2178 3824 2235 3874 et
2266 3819 2614 3874 dissensione
2648 3819 2936 3886 submota,
2984 3836 3112 3891 qua:
3152 3819 3223 3874 ab
3261 3819 3530 3874 omnibus
3555 3822 3683 3874 orta
3707 3823 3817 3889 est,

2178 3913 2249 3967 ab
2270 3913 2535 3967 omnibus
2560 3929 2725 3967 causa
2751 3916 3079 3985 peragatur.
3100 3914 3245 3968 Nam
3259 3914 3618 3981 Ravennam,
3640 3929 3819 3985 quem

2177 4005 2490 4061 admodum
2512 4006 2775 4078 speratis,
2798 4023 2916 4060 non
2932 4006 3261 4077 putavimus
3287 4007 3679 4062 revocandum
3698 4021 3821 4061 esse

2181 4099 2508 4167 concilium,
2543 4099 2682 4154 dum
2719 4099 2961 4153 aliorum
2998 4099 3215 4168 labore,
3247 4099 3489 4154 aliorum
3522 4116 3821 4171 permove-

2180 4208 2314 4246 mur
2344 4196 2535 4261 mtate,
2568 4192 2752 4263 parati
2785 4196 2847 4247 ut
2874 4192 2981 4246 nisi
3027 4193 3281 4248 secundo
3325 4198 3607 4248 conventu
3638 4209 3821 4248 causae

2181 4285 2358 4339 finem
2385 4284 2665 4355 judicium
2696 4286 2969 4357 synodale
2994 4286 3252 4357 posuerit
3269 4286 3434 4357 juxta
3474 4285 3820 4341 desiderium

2182 4381 2454 4445 vestrum,
2478 4395 2590 4450 quo
2624 4395 2725 4433 nos
2750 4378 2981 4450 poscitis
3004 4396 3126 4434 esse
3145 4382 3479 4451 praesentes,
3504 4379 3824 4450 occupatio-

2185 4471 2352 4526 nibus
2389 4471 2598 4527 nostris
2639 4473 2835 4527 Romae
2884 4472 3093 4543 quietis
3119 4472 3301 4526 amori
3329 4472 3680 4544 postpositis,
3716 4489 3823 4528 nos

2183 4563 2374 4635 potius
2402 4565 2647 4619 Romam
2680 4565 2798 4619 Deo
2820 4568 3053 4619 auctore
3081 4565 3402 4632 veniamus,
3437 4567 3501 4618 ut
3522 4566 3820 4636 praesenti-

2184 4658 2291 4712 bus
2304 4657 2503 4712 saltem
2525 4656 2691 4712 nobis
2710 4657 2850 4712 citra
2872 4657 3264 4713 confusionem
3291 4661 3465 4730 atque
3479 4657 3823 4713 discordiam

2187 4750 2502 4806 secundum
2524 4750 2623 4805 Dei
2648 4750 2949 4820 timorem,
2978 4756 3139 4807 tanta
3164 4768 3335 4807 causa
3365 4750 3679 4806 terminum
3711 4768 3826 4805 sor-

2188 4844 2380 4899 tiatur.
2414 4845 2486 4899 Ut
2508 4860 2627 4899 non
2656 4844 2870 4899 diutius
2899 4846 3056 4901 urbis
3076 4845 3239 4917 regia
3261 4844 3565 4900 turbarum
3600 4847 3825 4916 tempe-

448 4957 766 5012 rorumque
808 4940 1078 5005 discessu,
1124 4938 1221 5010 qui
1265 4943 1502 5011 propter
1554 4940 1781 4993 turbam
1814 4955 1941 5010 qua
1986 4941 2085 4994 aut
2104 4920 2161 4992 B
2185 4940 2329 4991 state
2356 4936 2644 5007 fatigetur,
2677 4939 2777 4993 sed
2806 4939 2970 4993 vestri
2999 4938 3267 5010 aequitate
3290 4937 3489 5008 judicii
3516 4937 3721 4993 redeat
3751 4939 3825 4993 ad

450 5053 591 5093 ausu
611 5038 710 5090 aut
727 5033 862 5087 vitio
885 5033 1213 5103 aliquorum
1234 5032 1496 5102 conligit,
1529 5031 1737 5086 iterata
1763 5047 1891 5103 quae
1911 5048 2092 5103 coepe-

448 5133 585 5186 runt
599 5129 883 5200 reliquere
897 5125 1115 5197 judicia
1129 5124 1249 5196 (qui
1270 5128 1484 5191 tamen,
1503 5125 1548 5179 si
1576 5124 1715 5196 quid
1736 5124 1966 5190 dixerit,
1984 5140 2086 5195 po-

449 5226 565 5280 tius
590 5222 938 5294 cogitassent
955 5220 1214 5290 exemplo
1236 5222 1423 5273 vestro
1441 5218 1497 5273 in
1519 5218 1659 5273 urbe
1684 5217 1957 5282 residere,
1991 5234 2087 5271 ex-

448 5320 767 5391 spectantes
779 5314 850 5369 de
864 5313 953 5368 his
965 5330 1094 5384 qua:
1107 5313 1219 5367 illic
1231 5312 1383 5367 facta
1399 5312 1468 5367 de
1482 5314 1691 5366 nostras
1711 5310 2089 5382 providentiae

450 5410 815 5468 ordinatione
853 5405 1217 5476 remedium),
1259 5420 1389 5460 cum
1434 5404 1493 5458 in
1524 5405 1735 5459 multas
1760 5420 1817 5460 se
1847 5403 1961 5458 vias
1990 5421 2087 5458 co-

452 5504 653 5577 gitatio
677 5503 876 5557 nostra
902 5499 1255 5572 disperserit,
1280 5499 1353 5553 ad
1379 5499 1532 5552 hunc
1560 5515 1618 5553 se
1654 5497 1946 5553 tramitem
1960 5514 2093 5553 con-

450 5598 558 5654 silii
579 5612 718 5652 cura
747 5594 1047 5660 convertit,
1071 5596 1134 5648 ut
1158 5608 1388 5648 rursum
1417 5591 1485 5646 ad
1514 5590 1798 5646 Kalendas
1823 5591 2087 5660 Septem-

446 5691 564 5746 bris
593 5687 773 5754 diem,
815 5686 1085 5741 eumdem
1137 5684 1528 5741 censuerimus
1574 5682 1935 5739 sacerdotum
1980 5698 2086 5737 nu-

516 5813 541 5888 τ
564 5812 662 5865 Hes
689 5809 1104 5888 praegeptiones
1135 5809 1306 5888 regia!
1336 5808 1684 5888 antecedunt
1703 5804 2088 5888 synodumuv

448 5877 789 5948 palmarém.
810 5877 935 5947 Ea's,
958 5897 1089 5935 cum
1111 5877 1269 5950 prius
1288 5879 1512 5933 mendis
1533 5882 1722 5933 essent
1741 5877 2081 5947 inquinatis-

2191 5030 2468 5101 quietem.
2514 5031 2594 5084 Ne
2635 5047 2799 5086 mora
2836 5032 2996 5086 vobis
3033 5032 3292 5087 videatur
3331 5047 3595 5099 onerosa,
3626 5031 3715 5086 fas
3743 5036 3831 5087 est

2190 5127 2393 5178 vestrae
2442 5124 2727 5179 aastimare
2769 5125 3167 5197 providentiae,
3201 5125 3246 5179 si
3277 5124 3582 5180 commodo
3611 5124 3703 5193 sit,
3732 5130 3834 5180 aut

2189 5216 2294 5272 sub
2314 5220 2644 5272 nostrorum
2666 5221 2997 5291 temporum
3012 5218 3421 5291 tranquillitate
3436 5218 3830 5285 tolerandum,

2191 5310 2485 5365 solitumve
2512 5311 2570 5365 in
2597 5311 2788 5382 aliqua
2825 5311 3158 5368 deﬁnitione
3188 5311 3432 5367 concilio
3469 5311 3574 5366 sub
3612 5311 3833 5367 incerto

2189 5403 2496 5458 Ecclesiam
2524 5404 2627 5459 sub
2654 5404 2762 5459 hoc
2790 5406 3105 5460 certamine
3135 5406 3457 5460 Romanam
3492 5404 3736 5476 perdere
3760 5405 3837 5459 ci-

2188 5496 2440 5551 vitatem.
2484 5497 2619 5552 Alia
2665 5501 2851 5553 manu.
2908 5499 3079 5553 Orate
3118 5516 3225 5571 pro
3268 5498 3453 5567 nobis,
3493 5497 3719 5553 domini
3762 5515 3826 5553 ac

2188 5590 2544 5645 venerabiles
2580 5593 2794 5662 patres.
2844 5593 3049 5647 Datum
3094 5592 3199 5647 sub
3230 5592 3322 5647 die
3351 5608 3408 5648 vi
3435 5591 3570 5647 ldus
3595 5591 3832 5663 Augusti

2189 5683 2335 5738 Rufo
2362 5699 2592 5755 magno,
2623 5685 2826 5741 Fausto
2840 5685 3058 5741 Avieno
3075 5702 3127 5741 v.
3156 5702 3204 5741 c.
3220 5702 3332 5741 cos.
3350 5687 3526 5756 (Anno
3543 5686 3669 5744 Chr.
3687 5685 3830 5755 501.)

2189 5807 2371 5876 simae,
2404 5808 2739 5865 emendatas
2770 5810 2845 5865 ad
2873 5810 3281 5868 Collectionem
3305 5827 3411 5866 ms.
3446 5811 3747 5866 Canonum
3771 5810 3829 5864 in

2188 5877 2327 5932 Bibl.
2360 5879 2534 5935 Paris.
2564 5897 2674 5935 soc.
2706 5883 2838 5937 Jesu
2866 5882 3075 5938 damus
3102 5899 3171 5937 ex
3192 5880 3502 5938 Harduino.
