4032 6232
987 411 1704 501 THEODORICI,
1784 407 2405 481 GOTHORUM
2481 406 2834 494 REGIS,

1212 526 1977 694 PR/ECEPTIO
2059 524 2565 685 ALTERA

1096 734 1547 830 MISSA
1659 733 1841 827 AD

1962 730 2693 827 SYNODUM.

277 926 359 980 ιη.
387 925 766 980 Theodoricus
810 940 908 981 rex
948 926 1223 981 universis
1250 926 1527 999 episcopis
1565 929 1635 983 ad
1666 942 1834 997 syno-
1859 937 1913 1010 Α
1936 924 2280 979 multuosam
2302 924 2603 995 expectat?
2626 923 2867 979 Intentio
2886 924 3137 979 estvobis
3154 926 3442 981 servanda
3454 925 3573 996 jus-

170 1048 182 1057 ~
199 1019 348 1075 dum
377 1019 718 1074 convocatis.

279 1113 557 1167 Romanae
611 1112 871 1166 Ecclesiae
930 1127 1148 1183 pacem,
1200 1114 1467 1185 episcopo
1514 1115 1850 1187 Symmacho

205 1204 530 1259 criminosis
577 1204 1057 1275 propositionibus
1094 1205 1385 1278 impetito,’
1420 1208 1524 1263 sub
1568 1224 1635 1263 ea
1676 1226 1849 1280 quam

205 1298 441 1353 cernitis
467 1297 797 1353 confusione
817 1298 1019 1368 turbae,
1047 1300 1535 1370 quemadmodum
1553 1302 1735 1373 magis
1753 1320 1853 1374 po-

206 1392 325 1447 tuit
348 1390 705 1463 providentia
724 1395 917 1446 nostra
936 1393 1247 1459 consulere,
1264 1410 1437 1466 quam
1458 1400 1520 1450 ut
1531 1395 1697 1466 juxta
1714 1397 1852 1467 peti-

204 1485 429 1539 tionem
457 1485 694 1539 Senatus
725 1488 782 1539 et
808 1485 964 1551 cleri,
991 1485 1061 1540 ad
1078 1488 1505 1558 congregandos
1520 1504 1589 1543 ex
1620 1488 1853 1544 diversis

206 1577 519 1649 provinciis
544 1593 772 1632 causam
811 1594 1074 1633 revocare
1107 1579 1408 1647 antistites,
1440 1585 1497 1636 et
1520 1581 1589 1637 de
1614 1581 1848 1653 religio-

207 1688 291 1726 sae
323 1670 610 1725 sanctione
634 1687 896 1742 personaa
926 1675 1183 1726 sanctum
1213 1673 1397 1729 facere
1415 1673 1677 1745 judicare
1715 1692 1849 1730 con-

212 1764 415 1818 cilium
435 1764 463 1817 ?
485 1765 545 1817 In
565 1764 739 1818 oculis
752 1764 1114 1819 suntdudum
1135 1766 1206 1820 ad
1219 1766 1541 1821 universam
1571 1768 1852 1839 synodum

214 1856 520 1926 destinata,
548 1862 605 1912 et
629 1857 991 1912 conscientiae
1020 1863 1228 1913 nostrae
1258 1859 1637 1931 astipulantur
1664 1878 1854 1916 oracu-

211 1950 289 2019 la,
312 1949 519 2021 quibus
544 1950 717 2004 solius
756 1950 1105 2021 integritatis
1137 1952 1340 2008 affectu
1370 1953 1480 2008 hoc
1497 1954 1593 2025 jus
1621 1954 1850 2026 pontiﬁ-

209 2042 374 2098 cibus
390 2042 781 2097 commisimus
797 2046 1064 2114 evocatis,
1077 2048 1142 2099 ut
1159 2046 1263 2100 sub
1287 2046 1568 2118 synodalis
1584 2048 1855 2119 aequitate

211 2135 536 2205 sententiae,
567 2141 666 2191 aut
693 2141 927 2208 propter
949 2138 1167 2208 objecta
1194 2139 1497 2209 convictus,
1529 2141 1709 2196 reatui
1731 2140 1857 2195 sub-

203 2226 451 2296 jaceret.
480 2226 612 2279 Post
636 2224 970 2295 hujusmodi
995 2227 1317 2297 constituta,
1343 2228 1469 2300 quis
1498 2227 1674 2284 ﬁnem
1696 2234 1853 2283 tanto

1948 1017 2089 1073 titiae
2119 1016 2179 1072 in
2202 1017 2551 1089 cognitione,
2568 1016 3043 1073 libertasremotis
3054 1019 3316 1073 omnibus
3343 1019 3585 1073 occasio-

1948 1110 2120 1165 nibus
2150 1110 2372 1181 integra
2399 1110 2473 1165 sit
2498 1115 2699 1165 vestrae
2725 1111 3061 1179 voluntatis;
3093 1111 3444 1183 objectorum
3470 1111 3581 1165 cri-

1949 1203 2173 1259 minum
2185 1219 2348 1258 causa
2364 1202 2679 1258 examinate
2689 1203 2993 1275 judicium,
3011 1204 3320 1259 dummodo
3334 1204 3585 1258 studiosa

1950 1296 2260 1351 certamina
2284 1295 2511 1351 defendi
2539 1312 2752 1363 amore,
2790 1300 2847 1352 et
2888 1313 3055 1352 omne
3093 1298 3433 1352 confusionis
3458 1313 3581 1351 am-

1949 1392 2184 1460 putetur
2194 1389 2552 1460 ambiguum,
2576 1390 2822 1444 maxime
2843 1406 2973 1444 cum
2989 1391 3135 1445 hanc
3146 1391 3305 1445 vobis
3325 1408 3430 1463 pro
3458 1391 3585 1445 reli-

1954 1482 2139 1553 gionis
2155 1482 2492 1548 reverentia,
2509 1483 2959 1537 consideratione
2967 1484 2988 1554 j
3000 1485 3204 1538 ustitiaz
3218 1488 3445 1551 nostrae,
3460 1501 3582 1538 ora-

1952 1576 2080 1629 cula
2100 1574 2714 1644 tribuantfacultatem,
2730 1580 2789 1629 ut
2802 1577 2946 1630 sicut
2961 1576 3116 1631 vobis
3128 1580 3211 1632 est
3229 1578 3585 1648 inquirendae

1951 1668 2011 1722 in
2032 1667 2138 1721 hoc
2164 1667 2394 1738 negotio
2408 1668 2666 1723 voluntas
2691 1673 2749 1722 et
2763 1684 2895 1722 cura
2910 1668 3178 1735 veritatis,
3199 1670 3452 1740 personis
3473 1670 3587 1724 illic

1954 1760 2222 1816 omnibus
2270 1761 2611 1830 constitutis,
2643 1777 2747 1832 per
2787 1778 2927 1833 quas
2971 1765 3157 1832 potest
3211 1763 3351 1817 fides
3395 1780 3587 1817 rerum

1952 1854 2192 1926 quaesita
2219 1859 2510 1926 praestare,
2532 1871 2627 1908 vos
2653 1854 2947 1924 noveritis,
2969 1860 3026 1910 et
3052 1856 3220 1925 Deus,
3239 1856 3449 1926 quidin
3469 1856 3591 1928 ipsa

1953 1964 2115 2002 causa
2131 1947 2391 2018 judicare
2414 1947 2684 2016 debeatis,
2708 1928 2905 2019 patiam
2930 1948 3117 2003 modis
3138 1948 3401 2003 omnibus
3420 1950 3588 2019 clero,

1953 2040 2175 2094 senatui
2195 2045 2259 2094 et
2286 2040 2541 2095 Romano
2567 2039 2778 2111 populo
2821 2046 2948 2112 post
2968 2040 3253 2111 judicium
3290 2040 3588 2111 reddituri,

1954 2148 2027 2188 ne
2055 2149 2167 2204 qua
2191 2132 2632 2202 turbatio,nulla
2659 2132 2933 2188 discordia
2949 2133 3010 2188 in
3029 2133 3251 2189 civitate
3276 2133 3588 2189 remaneat.

1957 2225 2012 2279 Si
2036 2242 2171 2279 vero
2199 2226 2365 2280 vultis
2390 2230 2454 2280 ut
2492 2226 2643 2296 quod
2676 2226 3029 2298 propositum
3055 2232 3158 2296 est,
3204 2230 3452 2282 transeat
3472 2227 3593 2281 sine

213 2318 473 2373 dandum
506 2317 778 2372 dubitarit
809 2334 927 2373 esse
952 2321 1222 2391 negotio?
1241 2321 1368 2392 quis
1406 2321 1476 2377 de
1501 2324 1619 2376 tam
1649 2339 1851 2377 nume-
1873 2311 1931 2383 B
1955 2318 2296 2373 discussione
2332 2319 2635 2389 judicium,
2681 2336 2776 2374 vos
2812 2319 3019 2387 sciatis,
3057 2325 3113 2374 et
3149 2321 3319 2384 Deus,
3352 2320 3595 2392 qualiter

212 2428 350 2466 roso
377 2410 616 2466 concilio
647 2411 1003 2466 sacerdotum
1029 2412 1215 2484 magis
1236 2414 1387 2469 nasci
1403 2415 1706 2470 crediderit
1720 2432 1853 2470 con-

213 2503 459 2559 fusionis
495 2503 832 2575 ambiguum
851 2505 879 2559 ?
926 2505 1064 2577 quid
1092 2506 1306 2577 profuit
1328 2508 1355 2538 ⁸
1399 2508 1519 2562 sine
1556 2508 1610 2562 vi
1640 2512 1758 2562 tam
1788 2509 1857 2564 de

218 2597 445 2669 prolixo
470 2596 673 2652 itinere
713 2600 919 2652 caetera
949 2598 1020 2652 ad
1060 2615 1164 2653 nos
1207 2599 1541 2670 imposuisse
1585 2601 1858 2673 negotia?

222 2690 364 2762 quid
387 2694 676 2745 tantarum
705 2690 1079 2745 Ecclesiarum
1110 2691 1440 2747 absentibus
1478 2694 1859 2749 sacerdotibus

222 2783 399 2838 fuisse
420 2799 758 2855 suspensum
776 2784 803 2837 ?
818 2782 955 2855 quid
966 2784 1247 2855 supererit
1259 2785 1563 2856 reliquum,
1580 2787 1625 2841 si
1644 2787 1714 2842 de
1730 2791 1856 2841 tan-

222 2880 283 2931 to
313 2876 470 2931 exitu
497 2892 611 2931 non
637 2876 808 2930 datur
840 2875 1121 2948 imperare
1153 2876 1324 2949 [Forte
1366 2877 1685 2952 impetrare]
1725 2896 1857 2934 con-

226 2968 508 3023 ventum?
546 2968 650 3023 Sed
689 2973 969 3024 transacta
997 2968 1296 3039 sufﬁciant,
1339 2987 1467 3043 quae
1499 2972 1565 3026 ad
1594 2972 1701 3027 hoc
1732 2977 1858 3027 tan-

228 3066 350 3117 tum
378 3063 439 3116 in
459 3061 794 3116 memoriam
820 3062 950 3117 satis
982 3067 1065 3118 est
1084 3080 1366 3132 revocare,
1400 3065 1552 3136 quod
1578 3065 1858 3121 desinant.

224 3158 383 3210 Bona
401 3160 485 3210 est
509 3155 927 3226 praeteritorum
954 3157 1290 3225 recordatio,
1319 3157 1364 3212 si
1392 3175 1520 3229 quae
1542 3158 1859 3230 displicent,

227 3252 420 3305 secuta
442 3264 577 3302 cura
601 3249 968 3320 correptionis
998 3250 1287 3305 emendet.
1309 3252 1431 3305 Non
1459 3253 1655 3307 saltem
1684 3253 1859 3307 disce-

230 3341 513 3420 dentibus.
545 3341 828 3413 aliquibus
881 3342 1170 3414 dilatoque
1222 3344 1451 3415 negotio
1488 3345 1558 3399 ad
1600 3346 1863 3400 secundae

228 3434 683 3507 congregationis
714 3435 995 3490 venientis
1034 3436 1271 3507 repetita
1297 3436 1532 3507 judicia,
1577 3454 1681 3508 pro
1729 3438 1860 3505 ﬁde,

229 3546 334 3602 pro
362 3528 711 3597 innocentia,
734 3546 838 3599 pro
859 3529 1123 3601 aequitate
1150 3530 1464 3598 concordis,
1492 3530 1726 3584 remotis
1754 3534 1865 3583 stu-

232 3623 339 3678 diis
365 3622 647 3693 aliquibus
671 3622 967 3677 dissentiat
990 3622 1306 3694 integritas.
1332 3625 1442 3677 Hoc
1470 3623 1743 3694 petitione
1767 3640 1865 3678 no-

234 3671 336 3678 ----
367 3671 575 3693 ---τ-η
589 3671 643 3675 ὴ-
675 3671 966 3677 __------__-
990 3671 1306 3694 _----O__-__-
1332 3671 1440 3677 --η
1470 3671 1743 3694 ἵκω---πη
1767 3671 1838 3678 --ν

232 3720 348 3772 stra
375 3717 645 3771 Romana:
669 3715 958 3770 confertur
987 3716 1195 3770 civitati
1221 3722 1287 3770 ut
1320 3717 1652 3771 sacerdotali
1680 3716 1862 3771 consi-
1885 3671 1940 3745 Ο

233 3809 528 3866 deratione
573 3809 861 3881 proposito
904 3809 1160 3881 delegato
1205 3809 1514 3865 terminum
1563 3810 1706 3864 detis
1743 3810 1866 3864 sine

234 3903 597 3959 contentione
616 3902 867 3974 negotio,
888 3902 1126 3956 scientes
1149 3919 1406 3957 examem
1423 3906 1674 3957 vestrum
1691 3903 1759 3957 de
1780 3903 1868 3957 his

236 4013 500 4052 securum
518 4012 636 4050 esse
649 3995 953 4066 judicium.
976 3995 1230 4067 Cogitate
1254 3999 1494 4050 matrem
1524 3996 1867 4050 confusionis

236 4107 354 4146 esse
381 4090 747 4159 discordiam,
780 4094 836 4144 et
875 4088 1361 4160 quemadmodum
1390 4106 1665 4144 consensu
1698 4089 1869 4145 dubia

236 4182 570 4252 solidantur,
602 4184 680 4237 ita
708 4183 877 4238 etiam
899 4182 1066 4237 ﬁrma
1088 4183 1432 4238 dissensione
1460 4182 1701 4238 dissolvi.
1721 4183 1764 4236 Ν
1774 4199 1869 4237 un-

237 4277 371 4349 quid
404 4275 702 4344 laboriosa,
747 4276 1007 4348 nunquid
1034 4276 1389 4332 conscientiae
1420 4280 1616 4331 vestrae
1657 4275 1867 4346 gravia,

238 4370 494 4442 nunquid
525 4369 752 4424 inimica
777 4369 1062 4441 proposito
1081 4370 1151 4424 ab
1172 4370 1516 4425 antistitibus
1541 4369 1654 4424 suis
1674 4384 1871 4441 pacem

237 4464 418 4536 poscit
452 4463 714 4531 Ecclesia,
749 4466 805 4518 et
828 4462 898 4516 ab
933 4463 1021 4517 his
1049 4463 1254 4535 quibus
1283 4480 1388 4535 per
1427 4463 1705 4517 rationem
1738 4479 1864 4533 pro-

237 4556 493 4612 fessionis
512 4561 712 4611 vestrae
731 4572 865 4611 cura
885 4556 1085 4612 debeat
1103 4573 1220 4612 esse
1240 4556 1574 4629 prapensior
1589 4555 1760 4611 ﬁdem
1777 4560 1868 4610 tu-

309 4658 334 4688 ⁸
353 4656 532 4710 Locus
561 4655 619 4709 in
639 4656 737 4710 Ms.
766 4654 1226 4710 immedicabilis.

1956 2411 2244 2478 ordinetis,
2286 2411 2597 2467 dummodo
2646 2430 2749 2484 pax
2780 2413 2954 2482 clero,
2985 2414 3226 2482 senatui,
3268 2415 3592 2486 populoque

1957 2507 2210 2560 Romano
2240 2505 2344 2559 sub
2362 2506 2905 2561 vestraordinatione
2927 2507 3212 2561 reddatur.
3242 2508 3377 2562 Ecce
3403 2524 3595 2561 coram

1958 2599 2073 2654 Deo
2103 2604 2159 2654 et
2183 2598 2508 2653 hominibus
2548 2599 2782 2655 arbitrio
2804 2605 2987 2655 vestro
3016 2600 3437 2655 committentes
3464 2600 3593 2655 uni-

1957 2708 2118 2746 versa
2146 2691 2555 2747 conscientiam
2586 2695 2865 2762 nostram,
2894 2694 3040 2748 sicut
3072 2693 3326 2763 decebat,
3354 2693 3594 2747 absolvi-

1958 2802 2105 2839 mus.
2134 2786 2377 2839 Tantum
2408 2788 2492 2840 est
2518 2785 2621 2839 sub
2643 2785 2795 2856 justa
2821 2786 3176 2841 ordinatione
3196 2802 3315 2841 rem
3335 2786 3508 2840 fuisse
3536 2787 3600 2839 ﬂ-

1959 2878 2161 2944 nitam,
2194 2883 2251 2933 et
2275 2878 2553 2933 unitatem
2580 2878 2864 2934 redditam
2904 2878 3319 2934 discedentibus
3362 2879 3593 2935 incidet.

1962 2972 2153 3041 Neque
2181 2972 2335 3027 enim
2362 2970 2649 3027 tolerabile
2675 2976 2759 3027 est
2788 2972 2859 3028 ob
2894 2973 3039 3027 hanc
3066 2972 3475 3044 negligentiam
3502 2989 3594 3027 re—

1964 3065 2073 3135 gia:
2113 3064 2350 3119 civitatis
2390 3081 2643 3120 amorem
2673 3082 2787 3137 quo
2836 3071 3097 3122 tenemur
3140 3066 3456 3132 adremitti,
3497 3071 3597 3121 aut

1964 3159 2132 3212 rebus
2146 3159 2411 3212 omnibus
2426 3159 2539 3214 Deo
2566 3164 2792 3215 auctore
2813 3159 3023 3231 pacatis
3048 3160 3166 3214 sola
3186 3159 3597 3231 tranquillitate

1964 3251 2129 3323 erigi,
2159 3254 2215 3306 et
2240 3252 2300 3305 in
2325 3252 2513 3307 media
2543 3253 2683 3308 urbe
2713 3253 3000 3322 confundi,
3031 3259 3095 3308 ut
3123 3253 3471 3308 desideratur
3513 3254 3595 3308 ci-

1962 3344 2145 3398 vilitas
2166 3344 2227 3399 in
2256 3345 2616 3400 archilatiora
2646 3347 2691 3413 b,
2722 3363 2849 3417 quae
2877 3350 2959 3401 est
2987 3347 3091 3401 sub
3116 3346 3367 3402 hostium
3405 3336 3601 3401 vicini-

1962 3437 2092 3491 tatis
2123 3454 2279 3491 cura.
2316 3439 2381 3491 Et
2408 3454 2479 3492 ne
2521 3438 2660 3508 quid
2710 3439 2963 3493 omisisse
2993 3439 3305 3510 videamur,
3335 3457 3464 3494 cum
3494 3457 3598 3495 ne-

1964 3530 2264 3583 cessariam
2294 3530 2647 3584 credideritis
2676 3532 2927 3603 episcopi
2954 3532 3277 3603 Symmachi
3302 3533 3363 3588 in
3399 3534 3600 3604 cogni-

1963 3622 2116 3676 tione
2138 3622 2520 3693 prazsentiam,
2547 3623 2805 3678 Gudilam
2837 3628 2895 3677 et
2927 3625 3317 3696 Bedeulphum
3333 3627 3602 3681 sublimes

1964 3716 2134 3781 viros,
2164 3716 2405 3786 majores
2421 3715 2626 3770 domus
2655 3721 2881 3782 nostrae,
2910 3734 3054 3787 quos
3084 3718 3152 3773 de
3182 3725 3460 3789 prasente
3491 3721 3599 3774 mi-

1965 3809 2143 3863 simus
2154 3826 2284 3863 cum
2298 3809 2696 3864 Gouzatrierno
2712 3811 2834 3880 [Με.
2852 3826 2979 3864 cum
2998 3810 3162 3864 illum
3177 3828 3325 3867 com.
3339 3814 3599 3882 Arierno;

1964 3904 2125 3968 forte,
2156 3918 2285 3955 cum
2317 3902 2517 3956 illustri
2539 3903 2741 3957 comite
2771 3902 3029 3973 Arierno]
3053 3920 3124 3957 ne
3145 3904 3282 3974 quid
3304 3905 3606 3960 dubitatio-

1966 3996 2053 4050 nis
2083 3996 2316 4066 habeatj
2328 3995 2474 4049 ussio
2486 3999 2697 4064 nostra,
2713 4000 3062 4050 sacramenta
3075 3997 3401 4067 praestabun
3412 4003 3429 4051 t
3440 3999 3599 4053 satis-

1965 4088 2171 4143 facturi
2184 4088 2477 4159 designato
2497 4088 2779 4160 episcopo,
2796 4089 3277 4160 quemadmodum
3295 4091 3605 4147 aestimave-

1968 4182 2043 4236 rit
2066 4181 2348 4237 ordinatio
2377 4187 2559 4237 vestra
2588 4199 2601 4237 :
2632 4182 2914 4238 suffecerit
2952 4188 3017 4238 ut
3046 4188 3275 4238 vocatus
3302 4185 3374 4239 ad
3416 4185 3602 4240 conci-

1967 4276 2110 4329 lium
2136 4275 2275 4330 citra
2295 4276 2503 4331 Urbem
2522 4281 2577 4331 et
2604 4276 2878 4331 molestim
2900 4281 3056 4332 metu
3076 4293 3307 4332 securus
3326 4284 3606 4333 occurrat.

1970 4369 2135 4423 Orate
2165 4386 2267 4439 pro
2294 4386 2406 4437 me,
2454 4370 2670 4424 domini
2713 4370 2887 4424 sancti
2923 4376 2979 4424 et
3015 4369 3362 4424 venerabiles
3391 4376 3603 4442 patres.

1971 4463 2173 4516 Datum
2185 4468 2268 4517 est
2282 4463 2385 4517 sub
2399 4463 2487 4517 die
2500 4480 2552 4517 v1
2570 4464 2690 4518 Kal.
2711 4462 2995 4533 Septemb.
3008 4504 3021 4529 ,
3040 4464 3322 4530 Ravenna,
3332 4469 3607 4535 regnante

1971 4555 2295 4626 supradicto
2327 4556 2603 4623 feliciter;
2639 4556 2842 4611 Ruﬁno
2867 4556 3076 4611 Avieno
3108 4557 3309 4610 Fausto
3334 4573 3385 4611 v.
3414 4574 3463 4612 c.
3495 4575 3606 4613 eos.

2043 4654 2070 4694 δ
2098 4654 2278 4708 Locus
2307 4653 2427 4709 sine
2457 4670 2562 4725 ope
2588 4655 2829 4709 aliorum
2859 4654 3129 4711 Codicum
3156 4654 3499 4711 insanabilis.

1403 4806 1507 4868 AD
1551 4805 2117 4873 THEODOBICUM
2171 4804 2442 4869 REGEM

1068 4914 1657 5009 RELATIO
1772 4914 2784 5010 EPISCOPORUM.

310 5099 545 5171 Agimus
576 5099 688 5153 Deo
720 5098 1058 5171 gratias,qui
1077 5115 1281 5171 regum
1301 5098 1475 5154 corda
1500 5099 1726 5171 pietatis
1752 5115 1870 5154 sua:
1890 5113 1950 5186 D
1975 5102 2147 5169 (Joan.
2172 5103 2279 5171 xv),
2310 5072 2461 5172 quod
2486 5101 2685 5171 utique
2701 5099 2839 5155 boni
2868 5100 3304 5171 intelligendum
3334 5106 3436 5154 est.
3461 5100 3611 5155 ldco‘

244 5210 418 5249 manu
448 5198 506 5248 et
532 5193 813 5265 gubernat
838 5197 896 5248 et
924 5197 1224 5264 temperat,
1254 5193 1482 5264 quando
1530 5192 1601 5247 ab
1629 5192 1750 5263 ipso
1772 5208 1870 5247 ve-

248 5288 331 5342 nit
358 5287 508 5358 quod
535 5286 834 5341 clementia
862 5291 1043 5341 vestra
1069 5302 1135 5341 ex
1164 5302 1473 5356 amoresuo
1491 5285 1786 5357 praeceptis
1804 5286 1875 5340 ad

245 5398 348 5436 nos
377 5379 840 5435 moderatissimis
863 5396 969 5452 per
997 5381 1244 5451 majores
1272 5380 1475 5435 domus
1504 5379 1767 5446 Gudilam
1821 5384 1877 5434 et

249 5474 635 5544 Bedeulphum
675 5472 943 5528 sublimes
986 5476 1200 5529 vestros
1244 5473 1429 5528 missis
1468 5473 1731 5528 ostendit.
1790 5472 1876 5527 Sic

250 5567 407 5623 enim
440 5570 764 5622 mansuetos
797 5566 1083 5640 principes
1124 5567 1245 5623 coeli
1289 5567 1559 5623 Dominus
1584 5566 1718 5622 fecit
1756 5583 1876 5622 esse

248 5677 385 5733 quos
429 5659 637 5732 diligit,
676 5664 732 5714 et
770 5659 1074 5732 propitiata
1120 5660 1391 5716 Divinitas
1428 5677 1525 5717 eos
1578 5660 1639 5715 in
1695 5659 1877 5715 causis

249 5753 513 5808 omnibus
542 5752 821 5808 mandatis
855 5753 971 5807 suis
1006 5753 1234 5809 ordinat
1269 5753 1526 5823 obedire;
1555 5755 1710 5827 quod
1740 5753 1875 5808 scri-

1976 5211 2087 5265 que
2113 5200 2307 5249 nostro
2324 5198 2439 5249 toto
2451 5193 2657 5249 aﬁ'ectu
2686 5198 2742 5249 et
2762 5194 3029 5265 obsequio
3042 5192 3279 5263 jussioni
3301 5198 3498 5248 vestrae
3520 5210 3615 5264 pa-

1975 5303 2099 5341 rere
2124 5287 2427 5354 voluimus,
2458 5292 2515 5343 et
2534 5287 2605 5341 ad
2632 5302 2840 5358 papam
2860 5286 2955 5356 qui
2984 5285 3385 5356 impetcbatur.
3414 5290 3616 5358 quater

1977 5396 2107 5433 cum
2134 5381 2453 5436 sacerdotes
2479 5385 2701 5435 nostros
2742 5395 2811 5433 ex
2857 5378 3101 5431 secunda
3140 5378 3354 5449 synodo
3401 5378 3612 5433 direxi-

1976 5489 2125 5541 mus,
2158 5475 2221 5526 ut
2264 5474 2333 5527 ad
2362 5473 2647 5545 judicium
2692 5470 3038 5526 conveniret.
3069 5470 3179 5525 Sed
3217 5486 3511 5526 occurrere
3554 5488 3611 5523 se

1976 5564 2262 5621 audentiae
2292 5570 2499 5621 nostra:
2512 5566 2741 5638 penitus
2756 5581 2869 5620 non
2886 5580 3046 5636 posse
3073 5564 3287 5629 statuit,
3316 5564 3607 5618 mandans.

1977 5659 2233 5715 Primum
2261 5659 2331 5713 ad
2360 5664 2701 5714 conventum
2740 5657 3270 5730 vestrum,~quando
3297 5658 3490 5712 Romae
3514 5672 3610 5708 ve-

1977 5752 2158 5822 nistis,
2191 5752 2311 5807 sine
2339 5751 2527 5822 aliqua
2554 5751 2908 5806 dubitatione
2936 5750 3255 5823 properavi,
3284 5755 3341 5805 et
3382 5747 3612 5820 privile-

250 5852 410 5920 ptum
442 5850 547 5918 est,
576 5846 800 5902 dicente
829 5846 942 5902 Deo
976 5864 989 5901 :
1018 5849 1145 5906 Sine
1170 5863 1252 5905 me
1276 5849 1434 5904 mihi!
1449 5850 1674 5920 potestis
1698 5850 1881 5917 facere
1980 5846 2074 5918 gia
2099 5863 2227 5903 mea
2252 5843 2526 5901 voluntati
2540 5843 2712 5917 regie
2738 5843 2994 5916 submisi,
3010 5844 3473 5901 etauctoritatem
3489 5855 3617 5910 syn-
