4032 6232
440 381 582 433 ill?)

1584 377 1842 432 SECULI
1879 378 2071 431 SEXTl
2110 378 2663 434 SUPPLEMENTUM.

3676 380 3836 435 1116

436 485 531 539 odi
570 483 730 553 dedi;
779 483 925 539 sicut
962 485 1132 541 habet
1175 484 1547 540 ecclesiastica
1594 482 1912 554 disciplina,
1984 502 2073 541 re-
2099 495 2156 569 Α
2179 485 2546 556 congruebat.
2574 484 2719 549 Quia
2746 483 3079 541 confusione
3099 488 3275 540 tantm
3302 484 3544 540 civitatis
3560 489 3615 541 et
3638 484 3836 557 gemi-

434 577 842 632 staurationem
883 578 1247 633 ecclesiarum
1295 579 1635 649 regulariter
1675 579 1922 651 poposci,
1979 580 2078 635 sed

435 669 628 725 nullus
654 669 797 725 mihi
822 686 855 724 a
877 670 1032 725 vobis
1051 670 1279 725 effectus
1307 676 1409 727 est.
1438 673 1648 730 Deinde
1666 690 1796 729 cum
1825 673 2078 729 venirem

437 779 567 817 cum
595 762 747 817 clero
766 780 916 831 meo,
940 762 1242 817 crudeliter
1262 770 1535 821 mactatus
1553 784 1700 822 sum.
1725 768 1967 823 Ulterius
1985 784 2079 823 me

436 860 625 911 vestro
656 856 905 911 examini
931 844 1049 910 non
1077 857 1372 913 committo
1406 875 1419 913 :
1452 859 1510 913 in
1540 865 1813 931 potestate
1850 861 1945 915 Dei
1972 865 2074 928 est,

444 953 501 1004 et
522 950 735 1005 domini
766 947 935 1019 regis,
964 949 1099 1021 quid
1128 950 1196 1005 de
1223 967 1314 1005 me
1340 952 1614 1008 deliberet
1637 954 1918 1009 ordinare.
1948 955 2079 1008 Post

441 1042 729 1114 episcopos
752 1046 942 1096 tamen
974 1042 1026 1095 ei
1058 1044 1330 1113 majorem
1359 1045 1560 1100 domus
1585 1052 1781 1102 vestra:
1801 1047 2077 1102 illustrem

441 1135 626 1188 virum
664 1133 1009 1205 Arigernum
1050 1136 1381 1205 direximus,
1411 1138 1499 1192 cui
1531 1140 1668 1211 quid
1696 1140 1952 1212 responsi
1977 1140 2076 1195 de-

442 1226 591 1282 derit
609 1243 709 1281 sua
733 1227 1096 1299 suggestione
1126 1230 1437 1292 renuntiat;
1461 1237 1516 1286 et
1539 1232 1870 1287 intimamus
1890 1237 2079 1287 tamen

441 1319 800 1375 serenissimo
823 1321 1051 1388 domno,
1084 1324 1216 1394 quia
1241 1324 1407 1378 nobis
1427 1325 1566 1396 quid
1596 1326 1871 1396 possimus
1897 1326 2079 1381 facere

438 1430 554 1468 non
567 1414 860 1482 remansit,
875 1431 979 1468 nec
996 1415 1237 1471 invitum
1252 1418 1322 1472 ad
1337 1418 1709 1489 disceptation
1718 1435 1811 1473 em
1825 1422 2080 1473 nostram

439 1506 723 1561 adducere
752 1524 1075 1578 possumus.
1109 1510 1220 1581 Ipsi
1252 1527 1355 1581 per
1387 1527 1633 1566 canones
1670 1512 2079 1583 appellationes

440 1600 702 1654 omnium
730 1600 1126 1673 episcoporum
1164 1604 1479 1658 commissas
1519 1608 1680 1673 sunt;
1709 1609 1766 1659 et
1796 1621 1927 1659 cum
1958 1606 2079 1677 ipse

440 1693 710 1764 appellat,
741 1694 943 1765 ecquid
988 1695 1351 1751 faciendum?
1378 1712 1509 1752 cum
1547 1713 1651 1752 nec
1684 1698 1742 1751 in
1784 1698 2080 1753 absentem

435 1784 725 1840 valeamus
767 1786 915 1841 ferre
942 1788 1303 1857 sententiam,
1349 1805 1454 1843 nec
1503 1790 1849 1845 contumacis
1892 1791 2080 1845 locum

2177 595 2326 645 mus,
2353 582 2412 633 et
2436 578 2850 634 horrescimus:
2873 579 2947 634 ad
2971 578 3387 654 amplissimum
3406 581 3673 634 senatum
3694 578 3830 633 col-

2175 673 2443 745 legasque
2502 674 2727 729 nostros
2781 673 3026 728 secundo
3076 672 3414 741 direximus,
3464 677 3693 728 orantes
3746 687 3826 726 ex

2181 766 2360 821 verbis
2385 767 2660 838 Apostoli,
2700 766 2799 839 qui
2848 770 3045 821 monet
3075 782 3088 821 :
3118 766 3271 833 Quod
3296 781 3363 820 ea:
3389 766 3536 820 vobis
3564 770 3662 829 est,
3695 780 3831 820 cum

2178 861 2417 915 omnibus
2438 876 2630 930 pacem
2658 861 2929 922 habentes,
2959 875 3065 914 non
3091 860 3431 929 vosmetipsos
3449 858 3826 919 vindicantes,

2178 954 2501 1015 charissimi,
2528 953 2623 1006 sed
2654 952 2779 1006 date
2820 953 2993 1007 locum
3025 954 3140 1006 iras.
3177 952 3449 1021 Scriptum
3488 955 3564 1004 est
3602 953 3772 1004 etiam
3804 968 3825 1003 :

2176 1047 2316 1102 Mihi
2342 1046 2658 1108 vindictam,
2686 1061 2779 1113 ego
2815 1045 3135 1106 retribuam,
3178 1044 3311 1099 dicit
3344 1045 3599 1099 Dominus
3638 1046 3826 1112 (Rom.

2178 1140 2297 1209 xu).
2328 1140 2436 1193 Nec
2476 1138 2852 1193 admonitioni
2898 1137 3230 1192 clericorum
3264 1136 3563 1203 defuimus,
3603 1135 3829 1207 quibus

2178 1230 2515 1303 regulariter
2542 1232 2801 1285 volumus
2830 1230 3152 1284 subvenire.
3180 1229 3324 1293 Quia
3349 1229 3524 1283 etiam
3564 1228 3826 1282 salutare

2178 1326 2461 1379 monitum
2497 1328 2992 1395 contempserunt;
3042 1322 3173 1377 ideo
3224 1321 3392 1376 vestri
3437 1321 3545 1376 erit
3586 1309 3825 1391 imperii

2178 1423 2323 1473 nutu
2352 1417 2448 1471 Dei
2476 1417 2757 1491 respicere
2800 1414 3061 1471 Ecclesia:
3104 1413 3666 1485 redintegrationem,
3702 1414 3839 1483 Ro;

2178 1527 2364 1565 mante
2392 1510 2632 1565 civitatis
2658 1515 2715 1563 et
2738 1509 3159 1580 provinciarum
3185 1507 3633 1579 quietem.Nunc
3649 1522 3825 1577 roga-

2179 1621 2307 1659 mus
2325 1609 2390 1658 ut
2424 1602 2851 1657 inﬁrmitatibus
2881 1606 2937 1657 et
2979 1600 3281 1656 deunitatis
3319 1600 3492 1670 [Forte
3520 1598 3820 1653 indemni-

2178 1696 2300 1769 tati]
2332 1700 2560 1763 nostrae,
2591 1694 3072 1767 quemadmodum
3101 1693 3183 1765 pii
3196 1692 3429 1761 domini,
3450 1690 3819 1760 succurratis;

2180 1790 2452 1862 quoniam
2482 1787 2770 1843 calliditati
2796 1786 3053 1842 saeculari
3095 1785 3449 1841 sacerdotum
3483 1784 3823 1856 simplicitas

441 1877 738 1949 deputare,
791 1879 887 1950 qui
926 1896 984 1934 se
1026 1880 1311 1951 judicibus
1356 1883 1665 1938 occurrisse
1715 1884 2039 1955 prwclamat
2063 1901 2076 1951 ;
2098 1865 2155 1938 B
2178 1900 2293 1938 non
2315 1882 2542 1952 sufﬁcit,
2571 1887 2627 1937 et
2639 1882 2759 1954 jam
2788 1880 2998 1935 diutius
3023 1883 3345 1934 nostrorum
3371 1881 3602 1947 mortes,
3637 1880 3695 1931 et
3725 1892 3826 1948 pe-

442 1970 689 2025 maxime
715 1972 849 2043 quia
883 1989 973 2028 res
1011 1990 1159 2028 nova
1178 1979 1281 2044 est,
1313 1980 1369 2029 et
1390 1976 1894 2047 pontiﬁcem‘sedis
1921 1976 2080 2031 istius
2177 1977 2355 2032 ricula
2384 1976 2743 2048 propriarum
2778 1974 2895 2046 pati
2922 1989 3039 2027 non
3066 1988 3368 2045 possumus
3411 1987 3425 2023 :
3472 1970 3569 2025 sed
3614 1986 3819 2023 conce-

441 2063 596 2135 apud
622 2080 725 2118 nos
750 2065 957 2132 audiri,
989 2066 1207 2121 nullum
1239 2071 1461 2122 constat
1497 2071 1844 2141 exemplum.
1885 2070 2078 2125 Volui-
2179 2070 2295 2125 dite
2322 2070 2484 2124 nobis
2510 2067 2857 2140 optatissimo
2906 2050 3189 2139 przecepto
3220 2069 3424 2130 vestro,
3447 2068 3512 2117 ut
3535 2064 3604 2117 ad
3633 2062 3817 2117 eccle-

443 2174 574 2211 mus
601 2157 754 2230 quod
774 2158 1017 2214 restabat
1035 2177 1232 2231 pacem
1250 2162 1419 2233 juxta
1438 2166 1785 2234 praeceptum
1804 2168 1859 2219 et
1877 2164 2080 2219 volun-
2181 2164 2291 2217 sias
2332 2167 2550 2217 nostras
2593 2162 2754 2217 liceat
2787 2177 2891 2215 nos
2924 2159 3149 2227 reverti,
3185 2156 3319 2229 quia
3353 2160 3479 2227 post
3524 2156 3647 2209 haec
3684 2171 3820 2226 quas

443 2253 622 2306 tatem
648 2254 893 2307 vestram
919 2253 1159 2309 reddere
1186 2254 1414 2323 civitati,
1444 2273 1574 2329 quae
1604 2273 1691 2312 res
1717 2261 1775 2312 et
1795 2258 2084 2329 proposito
2183 2255 2592 2326 suggessimus,
2612 2255 2758 2309 nihil
2776 2259 2860 2309 est
2871 2250 3246 2325 quodanobis
3257 2249 3437 2322 possit
3449 2248 3723 2304 ordinari.
3749 2251 3820 2303 Et

444 2346 637 2399 nostro
661 2345 845 2400 amica
863 2349 967 2416 est,
984 2353 1039 2401 et
1054 2347 1389 2404 beatitudini
1416 2354 1732 2405 vestrorum
1758 2355 2084 2422 temporum
2183 2350 2299 2404 alia
2327 2365 2487 2403 manu
2504 2367 2519 2403 :
2534 2349 2803 2419 Optamus
2814 2346 2970 2400 vobis
2986 2345 3249 2412 salutem,
3273 2341 3499 2398 domine
3524 2340 3813 2412 princeps.

448 2435 3803 2459 Μ

1221 2514 1917 2606 THEODORICI,
2000 2513 2602 2587 GOTHORUM
2680 2511 3035 2599 REGIS,

1443 2641 2341 2850 pascam
2302 2638 2818 2850 TERTIA.

516 2892 737 2948 Flavius
779 2894 1165 2950 Theudoricus
1210 2912 1330 2964 rex,
1381 2895 1652 2951 universis
1692 2895 1972 2968 episcopis
2010 2895 2156 2981 adC
2179 2898 2367 2961 vente,
2413 2897 2601 2965 optata
2640 2908 2745 2964 per
2793 2908 2887 2946 vos
2926 2890 3230 2945 concordia
3275 2889 3626 2946 redderetur.
3656 2889 3817 2942 Nunc

445 2986 728 3056 synodum
754 2988 1088 3043 convocatis.

523 3080 792 3135 Decuerat
841 3080 1074 3152 quidem
1132 3081 1541 3136 beatitudinem
1586 3086 1833 3136 vestram
1878 3080 2082 3137 divinae

445 3173 918 3228 considerationis
956 3175 1273 3229 reverentia
1316 3180 1579 3230 exortum
1614 3175 1735 3245 jam
1765 3174 1953 3229 ﬁnisse
1978 3190 2080 3229 ne-

449 3267 692 3337 gotium,
721 3271 786 3320 ut
802 3266 957 3320 vobis
972 3267 1363 3321 ordinantibus
1384 3267 1703 3322 submoveri
1722 3268 1995 3339 potuisset
2014 3267 2083 3322 de

373 3400 384 3410 .
446 3363 604 3413 tanta
632 3359 853 3413 civitate
879 3359 1132 3415 confusio
1166 3377 1178 3413 :
1209 3360 1454 3413 maxime
1478 3377 1607 3414 cum
1630 3361 1917 3430 praetentis
1943 3360 2079 3415 affe-

447 3451 631 3505 ctibus
664 3450 1025 3521 jusserimus,
1074 3452 1558 3523 quemadmodum
1604 3457 1855 3507 vestrum
1898 3453 2082 3507 visum

446 3544 642 3599 fuisset
665 3545 983 3615 arbitrium,
1002 3548 1382 3601 memoratum
1409 3562 1508 3601 vos
1540 3545 1845 3600 terminare
1876 3546 2082 3601 debere

448 3643 740 3693 certamen
764 3655 777 3706 ;
807 3638 1120 3694 dummodo
1149 3639 1253 3695 sub
1273 3640 1427 3710 justa
1453 3639 1807 3695 ordinatione
1833 3638 2079 3706 ﬁnitum,

447 3731 842 3787 dissentientes
865 3732 1065 3787 unitati
1085 3737 1141 3787 et
1170 3732 1484 3787 concordiae
1496 3732 2081 3797 redderentur.Quam

446 3824 728 3880 miramur
766 3825 952 3881 denuo
990 3826 1160 3880 fuisse
1203 3826 1527 3881 consultum
1570 3842 1583 3881 :
1623 3842 1753 3881 cum
1784 3826 1829 3880 si
1871 3842 1975 3880 nos
2011 3826 2082 3880 de

446 3918 720 3989 praesenti
754 3924 887 3973 ante
930 3919 1299 3975 voluissemus
1334 3920 1589 3991 judicare
1620 3918 1868 3991 negotio,
1892 3918 2084 3974 habito

447 4028 580 4066 cum
620 4012 948 4083 proceribus
985 4014 1191 4068 nostris
1219 4014 1287 4069 de
1320 4013 1659 4086 inquirenda
1704 4013 1936 4068 veritate
1963 4017 2080 4067 tra-

447 4108 622 4172 ctatu,
651 4106 763 4159 Deo
788 4106 1037 4178 auspice,
1068 4107 1451 4179 potuissemus
1488 4107 1741 4162 invenire
1776 4105 2080 4177 justitiam,

446 4214 576 4269 quae
607 4214 711 4252 nec
736 4200 1002 4269 praesenti
1022 4200 1246 4270 saeculo,
1276 4218 1379 4256 nec
1399 4201 1609 4255 futuras
1633 4200 1869 4255 forsitan
1897 4198 2086 4270 displi-

2181 3004 2315 3043 vero
2336 2988 2533 3042 eadem
2552 3002 2678 3057 quae
2704 2985 2917 3040 dudum
2946 2983 3318 3056 prmsentibus
3343 2982 3675 3036 intimamus
3694 2998 3821 3035 ora-

2182 3081 2338 3151 culis,
2384 3098 2499 3135 non
2540 3095 2731 3134 coram
2761 3079 2874 3132 Deo
2905 3083 2961 3132 et
2990 3076 3316 3131 hominibus
3355 3076 3722 3141 absolventes,
3753 3079 3821 3128 ut

2182 3192 2408 3230 causam
2438 3174 2743 3245 Dei,quam
2774 3177 2973 3226 vestras
2985 3170 3437 3242 congregationis
3464 3167 3821 3239 amplissimo

2184 3267 2428 3332 senatui,
2462 3272 2516 3321 et
2542 3282 2739 3337 pacem
2793 3263 3012 3319 clericis
3050 3266 3360 3335 sperantes,
3405 3260 3816 3327 commisimus,

2182 3360 2665 3432 quemadmodum
2690 3358 2874 3412 visum
2896 3356 3051 3412 vobis
3076 3355 3269 3425 fuerit,
3301 3355 3610 3423 ordinetis;
3656 3370 3761 3407 nec
3781 3370 3817 3407 a

2183 3453 2345 3508 nobis
2374 3452 2543 3507 vestri
2564 3454 2893 3523 expectetur
2920 3450 3107 3505 forma
3128 3448 3348 3519 judicii,
3377 3447 3475 3502 sed
3511 3463 3607 3501 vos
3636 3445 3818 3517 quali-

2182 3552 2272 3602 ter
2291 3546 2457 3600 vultis
2482 3545 2755 3600 ordinate.
2784 3544 2908 3599 Sive
2938 3543 3207 3608 discussa,
3225 3541 3337 3595 sive
3359 3540 3664 3595 indiscussa
3690 3554 3819 3593 cau-

2183 3658 2243 3695 sa
2266 3639 2519 3711 proferre
2548 3636 2905 3705 sententiam,
2928 3635 2998 3690 de
3027 3652 3139 3706 qua
3163 3634 3293 3689 estis
3320 3633 3597 3688 rationem
3623 3631 3817 3686 divino

2175 3732 2393 3805 judicio
2431 3730 2749 3799 reddituri;
2792 3728 3121 3797 dummodo,
3164 3726 3328 3781 sicuti
3366 3742 3515 3797 saepe
3544 3725 3813 3791 diximus,

2182 3828 2291 3882 hoc
2318 3823 2649 3881 deliberatio
2678 3826 2859 3877 vestra
2883 3820 3189 3892 provideat,
3224 3823 3289 3873 ut
3312 3835 3422 3891 pax
3461 3818 3681 3873 senatui
3707 3834 3814 3888 po—

2182 3920 2435 3993 puloque
2461 3918 2737 3984 Romano,
2762 3914 3022 3969 submota
3054 3911 3211 3967 omni
3239 3911 3564 3967 confusione
3608 3910 3815 3964 redda-

2183 4018 2296 4083 tur,
2320 4029 2391 4067 ne
2419 4028 2550 4083 qua,
2584 4009 2737 4081 quod
2763 4008 2925 4074 absit,
2942 4009 3071 4079 post
3079 4005 3361 4077 judicium
3383 4004 3569 4072 turba,
3593 4008 3693 4057 aut
3717 4003 3767 4057 a1
3778 4003 3817 4056 i-

2184 4123 2295 4179 qua
2316 4108 2609 4161 remaneat
2634 4102 2693 4157 in
2712 4101 2934 4156 civitate
2963 4098 3260 4154 discordia.
3287 4097 3383 4153 Sin
3401 4100 3591 4151 autem
3613 4112 3815 4151 secun-

2185 4201 2323 4255 dum
2346 4198 2613 4252 mandata
2632 4196 2841 4253 nostra
2864 4192 3163 4248 concordia
3187 4190 3579 4245 sacratissima
3599 4189 3759 4243 urbis
3786 4206 3820 4242 a

449 4307 576 4346 cere
605 4291 883 4362 potuisset
910 4293 1102 4347 astati?
1122 4293 1227 4348 Sed
1255 4294 1386 4364 quia
1402 4311 1516 4348 non
1533 4298 1793 4348 nostrum
1815 4291 2087 4363 judicavi-
2104 4272 2163 4345 D
2186 4291 2343 4347 vobis
2371 4290 2545 4346 fuerit
2570 4288 2848 4357 restituta,
2870 4291 3007 4341 tunc
3032 4284 3368 4339 universitas
3393 4298 3704 4354 agnoscere
3724 4298 3823 4353 po-

447 4400 577 4439 mus
606 4385 676 4439 de
702 4385 1089 4441 ecclesiasticis
1120 4386 1336 4457 aliquid
1367 4403 1599 4440 censere
1643 4385 1886 4456 negotiis
1915 4404 1928 4439 :
1959 4386 2085 4440 ideo

447 4495 543 4533 vos
571 4479 665 4533 die
695 4479 931 4535 diversis
956 4479 1257 4550 provinciis
1297 4479 1533 4534 fecimus
1569 4495 1831 4547 evocare;
1873 4484 1939 4533 ut
1982 4478 2085 4533 sub

450 4572 626 4627 divini
654 4572 859 4628 timore
879 4573 1103 4644 judicii,
1140 4573 1311 4628 totius
1336 4572 1660 4628 certaminis
1704 4572 1860 4627 vobis
1899 4572 2089 4642 dispo-

449 4666 720 4722 nentibus
764 4683 930 4723 causa
970 4667 1259 4731 transiret,
1310 4666 1548 4738 urbique
1590 4671 1820 4734 nostra},
1853 4666 1969 4720 Deo
2004 4666 2089 4720 fa-

2184 4385 2358 4441 tuerit
2378 4384 2600 4455 justum
2627 4380 2769 4437 sacri
2791 4379 3007 4435 ordinis
3025 4377 3195 4432 vestri
3244 4375 3493 4431 extitisse
3514 4375 3820 4447 judicium.

2188 4480 2352 4534 Orate
2389 4493 2493 4549 pro
2534 4474 2718 4542 nobis,
2760 4472 2974 4527 domini
3014 4469 3192 4525 sancti
3232 4486 3297 4524 ac
3342 4468 3688 4523 venerabiles
3714 4469 3821 4522 Pa-

2190 4578 2322 4628 tres.
2357 4571 2556 4624 Datum
2578 4568 2681 4622 sub
2708 4566 2800 4621 die
2830 4564 3207 4620 Kalendarum
3235 4560 3507 4618 Octobris.

452 4749 3770 4777 Μ

1641 4825 1943 4890 SYNODO
2008 4822 2637 4889 ECCLESIASTICIE

737 4943 978 5050 VIR
1057 4942 1914 5053 SPECTABILIS
1990 4935 2999 5050 ANAGNOSTICUS
3077 4929 3518 5042 REGIS.

506 5153 751 5208 Primum
778 5151 1064 5206 salutandi
1086 5153 1341 5221 episcopi,
1373 5156 1425 5206 et
1453 5150 1735 5206 dicendum
1758 5153 1834 5204 eis
1859 5166 2027 5205 causa

1099 5238 1220 5292 qua
1245 5225 1450 5292 agitur.

520 5340 576 5397 Si
606 5339 753 5394 mihi
771 5338 956 5393 visum
984 5338 1201 5405 fuisset,
1229 5342 1329 5392 aut
1368 5337 1653 5409 justitiam
1680 5336 1986 5406 habuisset,
2028 5341 2090 5391 ut

447 5448 556 5506 ego
601 5433 921 5489 debuissem
955 5432 1152 5488 audire
1183 5447 1315 5486 cum
1355 5431 1681 5502 proceribus
1731 5431 1925 5502 palatii
1951 5430 2085 5500 mei,

446 5532 753 5599 potueram
780 5529 1021 5581 tractare
1046 5526 1334 5598 quomodo
1353 5529 1411 5580 et
1438 5525 1546 5580 Deo
1572 5524 1888 5596 placuisset,
1916 5528 1973 5579 et
1992 5541 2090 5595 po-

447 5618 690 5676 steritati
735 5618 1028 5689 ingratum
1073 5634 1189 5674 non
1217 5618 1437 5688 fuisset,
1479 5617 1580 5673 sed
1618 5616 1757 5689 quia
1798 5632 1966 5671 causa
2007 5622 2091 5673 est

447 5712 550 5766 Dei
579 5717 638 5767 et
661 5710 1021 5780 clericorum,
1067 5711 1312 5783 ideoque
1341 5710 1511 5766 modo
1539 5710 1611 5767 ad
1637 5708 1973 5782 petitionem
1998 5725 2087 5764 se-

451 5808 620 5857 natus
646 5802 737 5856 vel
770 5800 906 5855 cleri
931 5818 1001 5858 ex
1026 5803 1260 5858 diversis
1284 5802 1603 5858 civitatibus
1644 5818 1958 5857 convenere
1984 5818 2087 5856 an-

456 5890 674 5959 tistites,
706 5891 866 5944 velut
908 5893 1023 5947 Deo
1058 5893 1267 5960 medio,
1293 5895 1608 5949 secundum
1635 5894 1790 5967 quod
1814 5893 2005 5965 legitis
2030 5894 2091 5949 in

2187 5147 2509 5219 Evangelio,
2543 5151 2600 5201 et
2623 5142 2893 5217 Apostolo
2918 5141 2989 5196 ad
3023 5136 3369 5207 Corinthios,
3400 5136 3507 5191 hoc
3531 5134 3823 5206 sequami-

2187 5243 2267 5297 ni.
2312 5242 2453 5296 Nam
2487 5239 2532 5294 si
2577 5255 2771 5294 meum
2802 5235 3059 5290 animum
3098 5230 3416 5303 requiretis,
3457 5231 3522 5282 ut
3562 5226 3825 5298 superius

2187 5334 2326 5403 dixi,
2368 5350 2496 5405 quae
2540 5330 2798 5404 praecipit
2842 5330 2990 5383 Deus
3032 5326 3090 5380 in
3132 5321 3458 5394 Evangelio,
3491 5320 3599 5374 hoc
3628 5336 3826 5389 sequa-

2194 5428 2355 5484 mini.
2400 5427 2459 5483 Si
2500 5441 2633 5481 vero
2676 5422 2835 5479 vobis
2870 5421 3055 5475 visum
3102 5417 3276 5473 fuerit
3311 5414 3433 5469 sine
3482 5411 3825 5467 discussione

2188 5538 2419 5578 causam
2451 5519 2636 5587 ﬁnire,
2662 5520 2762 5574 aut
2780 5515 3110 5582 discussam,
3140 5505 3626 5583 quemadmodum
3642 5504 3825 5560 visum

2188 5615 2379 5683 fuerit,
2394 5612 2665 5686 judicate.
2685 5611 2864 5666 Meam
2882 5620 3185 5679 personam
3203 5603 3382 5659 nolite
3401 5603 3686 5669 metuere,
3702 5597 3826 5654 red-

2190 5708 2365 5764 dituri
2390 5705 2672 5762 rationem
2685 5705 2817 5758 ante
2836 5701 3205 5773 conspectum
3234 5695 3333 5751 Dei
3363 5711 3377 5749 :
3400 5697 3630 5748 tantum
3654 5694 3742 5746 est
3763 5693 3828 5746 ut

2191 5804 2471 5869 senatum,
2490 5798 2708 5853 clerum
2733 5798 2791 5852 et
2808 5793 3090 5867 populum
3115 5788 3417 5864 paciﬁcum
3435 5784 3758 5851 dimittatis,
3772 5785 3827 5839 et

2189 5893 2342 5964 quod
2364 5889 2752 5963 judicaveritis
2782 5886 3056 5944 scribatis.
3088 5885 3198 5940 Nos
3216 5886 3411 5939 autem
3431 5880 3540 5936 hoc
3566 5876 3827 5952 probabi-
