2016 3116
50 177 126 202 1117

509 176 672 204 CLODOVEI
693 176 791 203 REGIS
810 176 1018 204 PRECEPTUM
1039 176 1082 203 AD
1103 176 1292 204 EPISCOPOS.

45 236 120 255 mus
133 236 182 255 vos
203 228 278 256 bene
301 228 446 263 ordinare,
463 229 484 256 si
504 230 622 265 populo,
647 229 769 263 senatui,
794 230 870 257 clero
882 230 1067 272 Aproposuit
1080 229 1484 265 similitudinemzAliquando
1494 231 1590 266 utipse
1598 230 1739 257 fieretim-

45 282 156 309 pacem
166 275 310 310 integram
324 275 460 302 reddatis.
473 276 555 307 Quod
564 276 587 302 si
599 276 719 303 minime
734 276 869 310 feceritis,

46 321 213 348 ostendetis
227 330 274 348 vos
290 322 339 349 uni
353 322 427 357 parti
442 322 555 350 favisse.
569 323 677 350 Nullius
688 331 758 358 ergo
773 331 869 357 perso-

46 376 124 395 nam
138 370 205 395 ante
221 368 318 395 oculos
334 369 464 395 habeatis
477 378 482 395 :
497 369 627 404 quamvis
640 369 664 395 si
675 369 754 396 vobis
770 369 872 404 aliquis

45 415 197 443 violenter
209 415 295 442 vellet
316 423 378 450 qua;
395 415 500 450 injusta
523 418 588 442 sunt
602 415 763 450 imponere,
779 416 871 442 missis

45 460 140 487 rebus
147 459 392 494 vestrisjustitiam
400 459 542 487 custodire
553 459 691 486 debeatis.
703 460 774 486 Nam
789 459 872 486 multi

46 508 78 534 et
93 508 198 534 vestrae
218 508 246 533 et
266 508 370 533 nostra!
389 506 516 540 regionis
540 506 665 541 episcopi
688 509 806 541 propter
821 506 871 533 Dei

46 561 164 586 causas,
186 554 215 579 et
232 553 267 579 de
280 552 455 579 Ecclesiis'et
468 552 503 579 de
514 552 599 579 rebus
615 552 671 579 suis
680 553 781 588 jactati
794 554 870 586 sunt,

47 602 77 627 et
91 601 194 626 tamen
210 600 315 627 vivunt.
331 600 390 634 Ego
403 607 460 626 non
473 599 565 626 solum
581 599 711 635 impono,
721 599 772 626 sed
783 599 871 626 etiam

46 654 138 681 rogo,
154 648 184 673 ut
200 646 309 673 faciatis
323 654 385 681 qua:
402 646 473 673 Deus
481 646 627 681 praecepit,
645 648 674 673 et
687 654 750 682 quae
764 645 872 680 legistis

47 693 78 719 in
96 693 251 728 Evangelio
261 695 290 719 et
301 692 445 728 Apostolo.
454 692 483 720 Si
491 694 588 719 autem
598 692 736 719 discutitis
746 700 871 725 causam,

46 740 95 766 vel
112 739 166 766 sub
178 739 272 774 aliquo
283 739 378 766 colore
391 738 492 766 melius
502 747 615 766 causam
624 738 769 774 judicatis.
780 738 808 766 Si
821 747 870 765 au-

48 787 113 813 tem
130 786 321 813 indiscussam
332 785 504 819 dimiseritis,
517 785 590 812 datis
604 785 767 820 exemplum
779 793 870 812 sacer-

48 832 170 859 dotibus
180 832 298 859 omnino
311 833 385 859 male
395 831 589 859 conversandi.
603 832 667 859 Haec
674 840 739 858 cum
751 832 870 864 diceret,

921 279 1046 313 perator,
1062 277 1161 312 Aspari
1177 285 1194 303 a
1209 278 1309 304 senatu
1325 276 1473 304 dicebatur
1489 286 1495 310 ;
1517 277 1564 312 qui
1577 278 1634 304 tale
1648 277 1739 304 fertur

922 324 1034 351 dedisse
1049 331 1204 359 reponsum
1217 333 1223 351 :
1240 323 1338 350 Timeo
1351 332 1386 350 ne
1403 332 1455 358 per
1465 332 1510 350 me
1525 323 1659 359 peccandi
1674 332 1740 351 con-

921 368 1041 394 suetudo
1064 368 1094 394 in
1113 376 1203 402 regno
1227 370 1368 394 nascatur.
1389 369 1430 394 lta
1450 368 1511 395 dico
1535 371 1563 395 et
1585 368 1679 401 modo,
1703 376 1737 394 ne

922 412 1077 439 irascantur
1092 412 1183 439 sancti
1197 413 1292 438 Patres
1303 412 1402 444 nostri,
1414 420 1449 439 ne
1463 420 1515 447 per
1530 420 1586 445 eos,
1601 421 1665 439 cum
1681 421 1739 440 non

922 458 1105 485 discusserint
1115 458 1398 493 etitajudicaverint,
1412 459 1588 485 consuetudo
1602 459 1738 494 peccandi

921 504 1052 531 omnibus
1074 504 1271 531 sacerdotibus
1291 505 1464 539 generaliter
1484 505 1544 532 liat.
1561 506 1632 532 Item
1653 506 1674 531 si
1691 514 1737 532 vo-

921 551 1007 578 luerit
1020 551 1162 578 discutere
1175 559 1301 584 causam,
1317 553 1349 578 ut
1358 559 1473 578 securus
1487 552 1663 586 egrediatur,
1679 552 1739 579 Ari-

922 605 1037 633 gernus,
1052 597 1165 630 Gudila,
1181 599 1209 624 et
1224 597 1406 632 Bedeulphus
1418 600 1598 625 sacramenta
1613 599 1639 625 ei
1648 607 1737 634 praes-

922 644 1032 671 tabunt.
1045 645 1083 671 De
1095 652 1163 671 area
1173 652 1239 670 vero
1249 644 1292 671 vel
1304 644 1339 671 de
1351 644 1438 671 domo
1451 644 1646 679 Lateranensi,
1654 647 1740 680 prout

918 691 1079 725 judicatum
1090 690 1185 724 fuerit,
1197 690 1290 717 eidem
1301 690 1427 726 synodus
1435 691 1546 718 reddat.
1559 691 1596 718 De
1602 691 1737 725 vindicta,

921 746 986 773 quas
999 739 1117 773 sperant
1138 737 1346 764 discussionem
1361 737 1385 764 si
1399 737 1440 764 eis
1455 738 1603 772 placuerit,
1619 739 1669 764 aut
1686 738 1740 773 ipsi

921 784 1067 811 vindicent
1080 786 1129 811 aut
1142 792 1212 820 quos
1227 784 1398 819 deputemus
1416 784 1526 819 legibus
1547 787 1740 819 exsequantur

923 831 1021 866 culpas
1032 832 1054 857 ‘.
1071 866 1075 870 _

87 885 101 900 '
116 886 206 913 Locus
221 886 268 913 hic
282 886 451 921 depravatus
467 886 506 913 sic
521 886 715 913 restituendus
731 888 774 913 est
787 894 820 912 ex
835 885 903 913 Cod.
916 885 1039 912 Colbert.
1053 884 1202 912 Ballcrinis
1216 884 1428 912 indicantibus:
1447 887 1495 911 aut
1516 885 1569 918 ipsi
1589 884 1737 914 vindicent,

49 924 102 947 aut
116 929 164 948 nos
178 922 345 956 deputemus,
359 923 408 957 qui
420 922 522 956 legibus
537 924 721 956 exsequantur
734 922 839 956 culpas.

443 1004 791 1047 THEODORICI,

837 1003 1134 1039 GOTHORUM
1178 1003 1349 1047 REGIS,

542 1065 926 1145 PR/ECEPTIO
974 1066 1257 1162 QUABTA,

94 1168 177 1199 Sive
196 1169 248 1199 lea:
272 1167 351 1215 data
372 1168 643 1215 aqglorzlasissirno
661 1178 740 1215 ~rege
757 1168 958 1215 'fheadorico
982 1168 1188 1215 [Tliicderico]
1203 1172 1321 1215 ‘ccnlra
1342 1168 1412 1199 illos
1435 1167 1624 1215 sacerdoles,
1641 1168 1700 1208 qui

255 1208 472 1240 substantiam
486 1209 639 1241 Ecclesiae
646 1208 727 1249 juie
742 1208 863 1240 directo
878 1212 937 1239 aut
950 1209 1097 1247 cendere,
1115 1213 1173 1239 aut
1188 1208 1309 1238 (lunare
1321 1212 1534 1248 presumunt.

86 1293 229 1320 Domitori
239 1293 325 1327 orbis,
338 1294 452 1329 praesuli
460 1297 488 1322 et
495 1295 654 1330 reparatori
668 1295 817 1328 libertatis,
831 1303 873 1321 se-
882 1301 911 1336 Β
924 1295 1003 1322 enim
1025 1295 1153 1322 frustrari
1167 1294 1227 1321 sola
1237 1294 1379 1330 pontificis
1395 1294 1538 1320 voluntate
1550 1293 1593 1320 vel
1606 1293 1674 1320 cleri
1687 1301 1737 1328 pe-

52 1340 137 1367 natui
146 1340 224 1367 urbis
240 1341 346 1374 Romae,
362 1341 472 1368 Flavius
487 1341 679 1369 Theodericus
695 1342 762 1368 Rex.

88 1387 224 1414 Pervenit
239 1387 276 1414 ad
302 1396 363 1421 nos,
386 1389 482 1422 patres
502 1388 666 1423 conscripti,
689 1389 723 1415 de
746 1388 872 1415 ecclesiie

53 1433 146 1460 missa
166 1434 289 1460 utilitate
307 1434 462 1469 suggestio,
479 1436 508 1461 et
524 1436 627 1462 nostra:
642 1434 873 1461 mansuetudinis

54 1481 139 1514 grata
155 1480 225 1506 sacri
241 1482 328 1507 cmtus
342 1480 428 1507 vestri
443 1481 584 1508 ordinatio
597 1481 682 1508 corda
695 1481 825 1516 pulsavit.
839 1482 874 1508 Et

53 1526 124 1553 licet
137 1529 201 1561 post
215 1526 410 1553 venerabilem
430 1527 572 1562 synodum
589 1527 626 1554 ad
641 1527 807 1562 hujusmodi
827 1528 874 1554 de-

54 1572 226 1599 cretavestri
235 1572 508 1600 sufﬁciatordinatio
521 1573 698 1608 solajudicii,
713 1575 811 1600 tamen
822 1583 873 1609 pro

53 1622 151 1646 vestra
161 1619 323 1654 hujusmodi
337 1619 527 1654 praesentibus
535 1620 655 1646 oraculis
667 1620 800 1647 dedimus
808 1629 874 1647 con-

54 1663 197 1691 solatione
209 1671 393 1699 responsum;
404 1666 437 1690 ut
450 1663 521 1690 nulli
537 1664 578 1690 fas
592 1663 627 1690 sit
641 1664 773 1691 Ecclesiae
784 1665 874 1699 cujus-

54 1710 126 1737 libet
142 1710 262 1737 antistiti
277 1710 328 1737 sub
349 1710 476 1745 qualibet
497 1709 668 1737 alienatione
686 1710 720 1736 de
741 1711 872 1746 proprie-

54 1759 115 1784 tate
130 1758 291 1784 contractus
307 1765 389 1783 usum
404 1756 530 1783 fructum
545 1757 630 1792 plane
645 1765 729 1783 suum
740 1757 784 1783 cui
799 1758 873 1784 salva

55 1803 199 1830 voluerint
212 1803 424 1839 [Al.,voverint]
435 1803 568 1838 aequitate
578 1803 763 1838 praestabunt.
775 1804 873 1838 Neque

921 1341 1045 1377 regrinis
1053 1341 1149 1368 debita
1159 1341 1290 1368 omnibus
1297 1341 1342 1368 vel
1353 1340 1437 1368 statui
1445 1340 1575 1367 Ecclesiae
1585 1348 1630 1366 res
1637 1340 1737 1367 delata.

923 1388 996 1420 Quid
1011 1388 1089 1415 enim
1104 1391 1164 1415 tam
1185 1388 1350 1423 profanum,
1370 1395 1456 1422 quam
1475 1388 1506 1413 ut
1522 1387 1574 1414 hac
1589 1386 1740 1421 largientis

922 1438 1002 1470 parte
1025 1434 1146 1461 violetur
1159 1434 1309 1461 arbitrium
1322 1434 1335 1461 ?
1351 1434 1424 1460 Dum
1440 1433 1517 1468 quod
1537 1433 1572 1460 ad
1588 1432 1737 1460 ecclesiam

923 1481 1043 1516 quisque
1060 1481 1148 1507 voluit
1163 1481 1317 1516 pertinere,
1329 1480 1445 1516 privata:
1457 1479 1563 1515 [prave]
1578 1479 1635 1506 sive
1646 1479 1737 1506 vindi-

923 1530 989 1555 cent
1002 1536 1053 1562 per
1065 1527 1279 1554 usufructuaria-
1293 1535 1423 1562 personae
1435 1528 1622 1553 contractum.
1633 1527 1706 1561 Ergo
1716 1526 1738 1552 si

923 1574 986 1610 quis
1009 1574 1134 1600 scelestis
1159 1574 1273 1600 ausibus
1295 1573 1448 1600 interdicta
1469 1572 1693 1608 prmsumpserit,
1711 1574 1740 1599 et

924 1622 998 1647 ultra
1008 1621 1217 1647 usumfructum
1230 1620 1353 1647 retinere
1362 1620 1449 1655 cupit,
1460 1619 1592 1655 episcopo
1606 1619 1648 1646 vel
1663 1619 1738 1646 clero

924 1667 1076 1702 largiente,
1092 1667 1214 1693 alienata
1229 1675 1274 1693 res
1287 1667 1416 1702 protinus
1432 1674 1495 1693 cum
1511 1666 1648 1693 fructibus
1664 1674 1681 1692 a
1695 1674 1740 1692 ve-

925 1713 1053 1740 nerando
1066 1713 1187 1747 praesule
1203 1713 1375 1740 vindicetur.
1392 1714 1425 1741 Et
1440 1715 1550 1739 ctetera.
1567 1713 1638 1739 Data
1650 1712 1739 1738 vldus

922 1760 1036 1789 Martias
1065 1760 1218 1793 Ravennae,
1246 1760 1386 1786 Venantio
1411 1768 1436 1786 v.
1469 1768 1492 1786 c.
1519 1759 1634 1786 consule
1661 1759 1740 1793 (anno

925 1804 1024 1832 Christ.
1043 1804 1114 1836 507).

843 1909 965 1967 IV.

131 1995 627 2058 ATHALARICUS,
672 1996 1216 2081 AMALASUINTHA,
1260 1995 1677 2076 THEODAT’US,

477 2097 555 2129 VEL
589 2081 1037 2139 THEODAHADUS,
1074 2083 1318 2129 VITIGES.

97 2157 239 2197 (Horum
250 2157 383 2197 pietatis
397 2161 428 2188 et

446 2156 526 2196 ﬁdei
545 2157 641 2187 varia
650 2160 867 2197 monumenta
887 2161 1016 2188 exstant
1029 2157 1122 2197 apud
1141 2157 1386 2195 Cassiodorum,
1404 2158 1437 2188 in
1459 2157 1634 2197 Variarum
1649 2156 1742 2188 libris

54 2196 120 2232 vui,
137 2207 170 2228 Ix
193 2201 222 2228 et
245 2196 277 2227 ἐξ.
298 2197 425 2237 Legesis
441 2197 623 2237 praesertim
642 2196 722 2237 libri
738 2206 797 2237 vni
809 2197 900 2237 epist.
923 2200 953 2232 8,
975 2199 1023 2230 24.
1043 2196 1081 2227 33
1107 2197 1240 2236 [Patro].
1265 2202 1342 2228 tom.
1367 2197 1483 2234 LXIX,
1499 2196 1557 2226 col.
1579 2199 1648 2232 739,
1668 2200 1737 2237 7'37,

56 2237 139 2278 763];
162 2237 240 2267 libri
258 2246 290 2268 1x
310 2238 402 2277 epist.
421 2236 450 2271 ἃ
473 2239 524 2278 15,
548 2239 585 2268 16
608 2236 716 2275 [Ibid.,
736 2236 806 2267 coll.
825 2236 887 2268 ⁷770

922 2240 986 2271 778.
1009 2237 1090 2276 781];
1110 2236 1188 2267 libri
1206 2247 1227 2267 Χ
1250 2238 1341 2278 epist.
1367 2240 1395 2273 3,
1426 2240 1471 2274 15,
1495 2239 1544 2272 26,
1566 2238 1605 2267 34
1630 2236 1738 2276 [lbid.,

57 2276 128 2308 coll.
150 2279 219 2314 798,
237 2279 307 2315 808,
324 2276 393 2314 915,
413 2276 507 2316 892].)

527 2385 1280 2583 CLODSVEUS,

659 2593 770 2629 REX
805 2593 1146 2629 FBANCORUM.

313 2695 550 2735 CLODOVEI
593 2695 731 2734 REGIS

773 2694 1075 2734 PR/ECEPTUM

1117 2696 1183 2734 AD
1224 2695 1473 2735 EPISCOPOS

639 2749 738 2781 POST
760 2749 918 2781 BELLUM
941 2749 1154 2781 GOTHICUM.

150 2800 197 2832 De
215 2799 353 2841 captivis
368 2803 438 2831 tum
453 2799 588 2838 clericis,
604 2803 674 2830 tum
689 2799 792 2837 laicis,
809 2799 1033 2839 episcoporum
1048 2798 1184 2829 arbitrio
1200 2803 1231 2830 et
1244 2800 1426 2831 testimonio
1443 2798 1642 2830 relaxandis.

93 2885 220 2913 Dominis
227 2885 331 2913 sanctis
341 2887 369 2912 et
379 2884 532 2920 apostolica
543 2884 611 2912 sede
625 2884 802 2920 dignissimis
815 2883 873 2918 epi-
883 2889 910 2927 ρ
959 2884 1133 2911 Enuntiantc
1140 2884 1227 2919 fama,
1235 2885 1303 2920 quid
1314 2888 1409 2912 actum
1420 2885 1553 2913 fueritvel
1563 2885 1735 2920 praeceptum

59 2932 147 2969 scopis
161 2932 367 2960 Chlotovechus
382 2940 442 2959 rex.

922 2931 1001 2959 omni
1016 2931 1151 2958 exercitui
1163 2932 1269 2965 nostro,
1281 2931 1450 2967 priusquam
1459 2933 1488 2960 in
1498 2932 1619 2968 patriam
1627 2929 1733 2958 Gotho-

1672 178 1738 205 1118
1782 197 1785 203 ι
