4032 6232
533 339 669 393 1119
1660 337 1914 394 δίερυιι
1952 338 2125 393 SEXT

2324 337 2740 392 PLEMENTUM.
3770 343 3792 396 1
3811 343 3916 397 120

522 460 652 498 rum
686 443 1146 515 ingrederemur,
1161 441 1582 497 beatitudinem
1596 447 1843 498 vestram
1860 444 2158 516 praeterire
2182 456 2240 529 Α
2262 442 2492 515 captivis
2536 442 2713 511 laicis,
2762 442 2860 515 qui
2893 446 3052 498 extra
3088 460 3291 515 pacem
3337 447 3472 499 sunt
3512 446 3809 518 captivati,
3859 453 3920 503 et

528 554 646 591 non
677 536 884 608 potuit.
906 539 968 592 In
986 536 1172 608 primo
1193 552 1419 608 quoque
1440 535 1512 590 de
1528 536 1852 592 ministerio
1880 539 2156 593 Ecclesia-
2259 535 2477 591 fuerint
2503 535 2823 608 approbati,
2871 537 3179 608 apostolica
3211 537 3301 592 cui
3341 538 3636 594 volueritis
3681 540 3920 595 arbitrii

523 646 656 686 rum
675 631 937 685 omnium
957 629 1353 701 praecepimus,
1377 629 1605 684 utullus
1626 631 1700 684 ad
1722 632 2157 703 subripiendum
2258 629 2430 685 vestri
2459 632 2547 683 est
2577 645 2695 684 non
2736 629 3090 700 negandum.
3123 631 3269 685 Nam
3308 631 3381 686 de
3412 632 3502 687 his
3530 633 3630 705 qui
3672 633 3732 687 in
3766 650 3919 705 pace

523 723 585 777 in
618 723 808 795 aliquo
838 726 1155 788 conaretur,
1187 738 1377 792 neque
1403 721 1474 775 de
1489 723 2037 792 sanctimonialibus,
2063 743 2161 780 ne-
2259 728 2476 789 nostra,
2507 727 2627 777 tam
2673 723 2863 777 clerici
2889 739 3063 794 quam
3108 723 3255 793 laici,
3300 724 3558 797 subrepti
3587 727 3831 794 fuerint,
3868 727 3921 781 si

527 832 639 888 que
661 817 733 871 de
765 816 969 883 viduis,
998 831 1125 885 qum
1146 814 1206 869 in
1234 814 1516 885 religione
1541 816 1766 871 domini
1784 817 2006 873 devota:
2038 836 2157 874 esse
2259 817 2537 872 veraciter
2558 816 2886 888 agnoscitis,
2917 821 3130 872 vestras
3160 817 3428 889 epistolas
3454 818 3525 873 de
3558 821 3782 875 annulo
3822 837 3924 874 ve-

527 910 930 983 probarentur.
974 907 1157 963 Simili
1203 908 1536 963 conditione
1576 915 1634 964 et
1673 911 1743 964 de
1787 910 2026 979 clericis,
2071 914 2159 966 vel
2262 914 2377 965 stro
2407 911 2557 964 infra
2580 910 2831 980 signatas
2847 909 2923 963 sic
2952 910 3023 964 ad
3043 927 3147 965 nos
3174 911 3522 966 omnimodis
3547 912 3837 984 dirigatis,
3856 916 3923 968 et

526 1003 656 1058 ﬁliis
685 1000 1166 1072 supradictorum,
1208 1005 1327 1056 tam
1370 1002 1730 1072 clericorum,
1764 1020 1935 1074 quam
1962 1005 2157 1059 vidua-
2260 1021 2292 1058 a
2309 1008 2469 1074 parte
2487 1008 2680 1058 nostra
2694 1003 3144 1074 praeceptionem
3163 1004 3339 1059 latam
3369 1005 3637 1061 noveritis
3663 1022 3791 1061 esse
3811 1006 3919 1060 ﬁr-

526 1112 677 1161 rum,
707 1094 807 1165 qui
838 1111 969 1149 cum
998 1095 1109 1149 illis
1144 1095 1201 1148 in
1233 1095 1407 1149 domo
1440 1096 1695 1166 ipsorum
1732 1097 2045 1152 consistere
2077 1098 2159 1151 vi-
2261 1096 2559 1151 mandam.
2579 1096 2668 1151 Sic
2692 1099 2889 1150 tamen
2904 1097 3150 1168 populus
3177 1102 3374 1152 noster
3401 1097 3564 1169 petit,
3586 1103 3650 1153 ut
3673 1098 3923 1174 cuicun-

527 1188 833 1242 debantur.
856 1188 1014 1242 Idem
1042 1192 1101 1243 et
1120 1187 1189 1243 de
1209 1188 1384 1241 servis
1406 1189 1955 1262 ecclesiarum,quos
1975 1191 2045 1245 de
2070 1208 2159 1245 ec-
2262 1206 2371 1262 que
2403 1190 2672 1260 epistolas
2704 1194 2917 1243 vestras
2947 1192 3223 1261 praestare
3249 1190 3474 1245 fueritis
3502 1190 3746 1261 dignati,
3776 1207 3918 1245 cum

527 1280 713 1335 clesiis
733 1284 945 1335 tractos
965 1297 1073 1352 per
1092 1280 1486 1351 episcoporum
1516 1286 1877 1337 sacramenta
1900 1284 2165 1338 constite-
2263 1285 2619 1336 sacramento
2648 1299 2755 1353 per
2775 1282 2980 1349 Deum,
3002 1287 3060 1336 et
3079 1281 3481 1337 benedictione
3497 1289 3687 1338 vestra
3712 1283 3918 1338 dicere

426 1414 433 1420 .
529 1375 622 1444 rit,
656 1378 1011 1446 praeceptum
1042 1377 1127 1428 est
1160 1374 1480 1440 observare,
1511 1378 1573 1428 ut
1594 1376 1784 1430 nullus
1815 1393 1881 1429 ex
1913 1376 2047 1447 ipsis
2066 1378 2165 1431 ali-
2264 1392 2380 1429 non
2415 1374 2654 1429 tardetis
2699 1390 2823 1429 rem
2862 1374 3029 1429 istam
3065 1391 3194 1446 quae
3240 1375 3491 1447 poscitur
3523 1392 3722 1431 veram
3765 1392 3915 1443 esse,

531 1484 703 1539 quam
733 1467 1066 1522 violentiam
1093 1468 1180 1521 vel
1212 1468 1490 1522 damnum
1531 1472 1847 1539 pateretur.
1894 1470 2059 1533 Quod
2084 1470 2166 1525 ita
2266 1469 2402 1539 quia
2424 1468 2734 1522 multorum
2755 1467 3055 1523 varietates
3072 1469 3162 1522 vel
3184 1468 3459 1524 falsitates
3479 1469 3728 1524 inventas
3752 1474 3919 1537 sunt,

534 1561 607 1615 ad
629 1560 923 1631 integrum
945 1565 1029 1615 est
1051 1561 1504 1632 agnoscendum,
1526 1565 1587 1616 ut
1607 1578 1673 1615 ex
1694 1562 1782 1615 his
1802 1563 2162 1634 supradictis,
2266 1565 2328 1615 ut
2354 1560 2895 1631 comprehendatur,
2922 1560 3065 1615 sicut
3086 1561 3362 1633 scriptum
3394 1568 3479 1618 est
3506 1580 3519 1617 :
3560 1565 3709 1617 Perit
3722 1563 3922 1632 justus

534 1654 580 1707 si
609 1653 815 1726 aliquis
830 1652 947 1707 vim
967 1654 1311 1727 captivitatis
1330 1654 1805 1725 pertulisset,sive
1827 1656 1884 1709 in
1909 1656 2163 1721 ecclesia,
2265 1669 2382 1708 cum
2410 1655 2576 1725 impio
2608 1654 2812 1723 (Genes.
2838 1656 3009 1724 xvnt).
3046 1654 3218 1708 Orate
3241 1671 3346 1726 pro
3376 1671 3488 1722 me,
3522 1655 3748 1710 domini
3773 1672 3918 1710 san-

535 1746 651 1801 sive
679 1752 839 1802 extra
868 1748 1183 1814 ecclesiam,
1214 1747 1452 1801 omnino
1488 1747 1607 1802 sine
1653 1748 1848 1819 aliqua
1891 1748 2166 1804 dilatione
2267 1746 2365 1813 cti,
2396 1751 2454 1801 et
2480 1746 2795 1818 apostolica
2823 1747 2959 1801 sede
2986 1746 3309 1819 dignissimi
3334 1764 3515 1820 papae.

536 1839 869 1895 reddendos
911 1857 1033 1894 esse
1076 1840 1494 1912 praecipiamus.
1551 1842 1632 1894 De
1665 1841 1884 1896 caeteris
1929 1842 2165 1914 quidem

1535 2124 2945 2654 Gauisus,

1302 2719 1607 2727 —--.———.—___
1617 2720 2683 2731 ———-———.—.——_———~———————————.——____—-

1912 2815 2278 2881 CLOTARII
2323 2817 2556 2882 REGIS

1352 2944 2200 3042 CONSTITUTIO
2238 2943 2273 2981 ³
2342 2948 3102 3041 GENERALIS.

537 3189 988 3247 Chlodacharius
1017 3191 1381 3263 [Clotharius]
1412 3210 1507 3247 rex
1537 3195 1887 3248 Francorum
1909 3194 2175 3249 omnibus
2194 3209 2248 3280 Β
2276 3197 2510 3268 negotia
2536 3214 2836 3253 causarum
2864 3195 3131 3251 Romanis
3149 3193 3375 3266 legibus
3404 3191 3779 3265 praecipimus
3801 3194 3922 3247 ter-

1176 3285 1480 3355 agentibus
1506 3304 1550 3344 b-
2273 3291 2503 3345 minari.
2540 3291 2599 3346 Si
2647 3291 2774 3362 quis
2821 3289 3224 3345 auctoritatem
3278 3290 3533 3342 nostram
3576 3284 3924 3356 subreptitie

612 3377 752 3431 Usus
779 3379 866 3430 est
893 3377 1215 3432 clementia:
1248 3378 1577 3451 principalis
1618 3379 2015 3434 necessitatem
2046 3396 2175 3452 pro-
2276 3388 2474 3438 contra
2497 3386 2689 3455 legem
2707 3383 2968 3439 elicuerit
2992 3381 3241 3437 fallendo
3266 3378 3609 3452 principem,
3631 3394 3753 3433 non
3775 3378 3923 3431 vale-

539 3466 841 3523 vincialem
883 3470 971 3525 vel
1002 3471 1392 3542 subjectorum
1439 3471 1544 3527 sibi
1589 3471 1887 3545 [omnium]
1933 3473 2171 3545 populo-
2273 3477 2377 3531 bit.
2407 3477 2465 3532 Si
2487 3477 2666 3548 judex
2697 3478 2951 3549 aliquem
2980 3480 3177 3530 contra
3202 3475 3395 3545 legem
3423 3472 3636 3543 injuste
3671 3471 3917 3525 damna-

538 3577 669 3615 rum
700 3562 935 3633 provida
965 3564 1239 3620 sollicitus
1269 3570 1461 3620 mente
1487 3568 1754 3632 tractare,
1774 3570 1831 3620 et
1850 3582 1953 3636 pro
1980 3567 2173 3636 quiete
2275 3570 2436 3639 verit,
2469 3571 2530 3625 in
2562 3570 2743 3625 nostri
2770 3570 3030 3624 absentia
3067 3569 3137 3622 ab
3169 3566 3452 3639 episcopis
3476 3564 3828 3635 castigetur;
3859 3568 3922 3618 ut

539 3671 742 3710 eorum
770 3673 1130 3729 quaecunque
1156 3658 1307 3729 juste
1350 3662 1483 3712 sunt
1512 3658 1864 3713 observanda
1904 3658 2086 3713 indita
2114 3658 2175 3712 in
2277 3664 2431 3735 quod
2460 3680 2704 3736 perpere
2728 3662 3021 3734 judicavit,
3060 3660 3332 3715 versatim
3359 3659 3553 3729 [Forte,
3580 3657 3673 3711 vel
3701 3655 3914 3725 statim,

541 3748 719 3803 titulis
762 3750 1169 3806 constitutione
1216 3751 1607 3820 conscribere;
1641 3751 1848 3823 quibus
1892 3755 2176 3822 quantum
2278 3759 2473 3828 11mm]
2504 3757 2708 3811 melius
2749 3756 3098 3811 discussione
3131 3754 3323 3808 habita
3366 3750 3682 3806 emendare
3707 3765 3913 3820 procu-

540 3843 668 3914 plus
720 3843 895 3897 fuerit
929 3843 1167 3914 justitiae
1210 3847 1380 3916 atque
1435 3843 1782 3915 integritatis
1824 3843 2173 3915 impensum,
2278 3855 2385 3905 ret.
2414 3852 2610 3906 Nullus
2633 3867 2737 3921 per
2762 3849 3161 3905 auctoritatem
3196 3848 3446 3901 nostram
3476 3843 3915 3899 matrimonium

540 3940 770 3991 tantum
801 3936 1038 4008 pronius
1065 3953 1229 3992 amor
1260 3937 1576 3992 devotionis
1600 3937 1899 3992 incumbit.
1932 3938 2179 4010 Ideoque
2278 3945 2483 4010 viduae,
2516 3943 2602 3998 vel
2648 3943 2872 4014 puellae,
2906 3942 3028 3997 sine
3076 3941 3331 4012 ipsarum
3372 3939 3664 3992 voluntate
3692 3952 3912 4008 praesu-

540 4046 649 4101 per
662 4030 813 4086 hanc
840 4032 1170 4102 generalem
1190 4030 1589 4085 auctoritatem
1609 4030 2008 4102 praecipientes
2016 4031 2180 4102 jube-
2280 4041 2403 4092 mat
2429 4041 2725 4108 expetere;
2760 4052 2949 4107 neque
2981 4051 3089 4107 per
3114 4032 3508 4104 suggestiones
3546 4030 3914 4100 subreptitias

545 4139 674 4178 mus
694 4124 827 4179 utin
841 4124 1110 4179 omnibus
1122 4125 1305 4179 causis
1324 4125 1542 4196 antiqui
1553 4125 1701 4195 juris
1723 4141 1925 4179 norma
1949 4122 2137 4196 [forrm

2323 4131 2573 4203 ipiantur
2595 4129 2824 4200 injuste.
2850 4126 3324 4184 Sanctimoniales
3346 4125 3532 4179 nullos
3565 4123 3672 4177 sibi
3702 4123 3767 4177 in
3789 4140 3915 4176 con-

544 4220 820 4284 servetur,
844 4221 903 4271 et
928 4217 1085 4271 nulla
1113 4218 1402 4273 sententia
1431 4236 1465 4272 ἃ
1495 4217 2037 4289 quolibetjudicum
2061 4217 2178 4271 Vim
2274 4224 2507 4296 jugium
2532 4223 2741 4278 audeat
2767 4222 3002 4277 sociare.
3033 4223 3106 4277 Ut
3134 4218 3504 4274 auctoritates
3543 4232 3675 4270 cum
3693 4215 3916 4287 justitia

545 4311 830 4367 ﬁrmitatis
852 4310 1266 4383 obtineat,quaa
1290 4311 1527 4365 modum
1550 4311 1876 4382 legisatque
1896 4311 2181 4381 aequitatis
2285 4324 2340 4372 et
2378 4319 2504 4388 lege
2550 4320 2918 4390 competente
2963 4316 3020 4369 in
3055 4313 3325 4369 omnibus
3359 4310 3611 4365 habeant
3650 4308 3912 4363 stabilem

547 4405 783 4460 excedit.
818 4407 879 4460 In
908 4409 1217 4476 parentum
1246 4421 1384 4475 ergo
1412 4403 1863 4459 successionibus
1902 4403 2181 4475 quidquid
2284 4411 2635 4478 ﬁrmitatem,
2653 4428 2759 4465 nec
2777 4408 3255 4480 subsequentibus
3271 4402 3916 4460 auctoritatibuscontra

546 4499 769 4571 legibus
795 4498 1143 4566 decernitur.
1172 4500 1525 4565 Obsel‘veim‘,
1550 4497 1816 4552 omnibus
1845 4501 2045 4552 contra
2071 4496 2182 4550 im-
2224 4573 2255 4577 ᾗ
2284 4507 2471 4577 legem
2500 4504 2700 4559 elicitis
2720 4506 3065 4569 vacuentur;
3096 4504 3158 4555 ut
3181 4498 3499 4555 oblationes
3515 4496 3914 4551 defunctorum

544 4592 813 4664 patrandi
839 4592 1057 4664 aliquid
1084 4591 1316 4646 licentia
1345 4591 1623 4662 derogata
1650 4607 1662 4645 :
1689 4607 1817 4662 quae
1850 4590 1897 4643 si
1927 4590 2186 4661 quolibet
2206 4573 2260 4647 C
2287 4573 2536 4653 ecclesiis
2575 4598 2865 4668 deputatas
2896 4595 3186 4650 nullorum
3225 4589 3730 4663 competitionibus
3766 4590 3918 4643 aufe-

545 4685 745 4741 Ordine
769 4687 1084 4758 impetrata
1112 4684 1285 4739 fuerit
1312 4685 1398 4739 vel
1430 4684 1680 4749 omenta:
1715 4683 2055 4753 aindiCibus
2089 4698 2178 4736 1‘3'
2282 4696 2501 4761 rantur,
2529 4690 2802 4764 praesenti
2833 4687 3238 4744 constitutione
3264 4687 3621 4757 praestamus.
3657 4683 3912 4752 Agraria,

544 4779 795 4850 pndiata,
827 4779 1011 4834 inanis
1050 4778 1331 4833 habeatur
1360 4782 1417 4833 et
1442 4794 1633 4832 vacua.
1669 4776 1724 4831 Si
1754 4775 1879 4846 quis
1902 4775 1959 4828 in
1990 4775 2181 4846 aliquo
2284 4785 2594 4855 pascuaria,
2627 4784 2713 4838 vel
2741 4782 2994 4837 decimas
3024 4795 3354 4852 porcorum,
3383 4774 3633 4832 ecclesia;
3650 4791 3754 4846 pro
3784 4774 3915 4829 ﬁdei

548 4871 748 4927 οΓάίηθ
788 4872 958 4927 fuerit
981 4878 1292 4938 accusatus.
1336 4889 1453 4927 I10n
1499 4870 1920 4925 condemnetur
1957 4867 2185 4939 ρθηίίιιε
2286 4881 2497 4932 nostras
2526 4877 2829 4932 devotione
2854 4873 3249 4941 concedimus;
3279 4871 3360 4925 ita
3382 4874 3449 4925 ut
3468 4873 3626 4923 actor
3643 4870 3745 4922 aut
3772 4867 3916 4922 deci-

545 4965 880 5031 inalldiius;
929 4966 1030 5020 sed
1074 4967 1121 5020 Si
1149 4967 1207 5020 in
1254 4965 1492 5020 crimine
1539 4967 1851 5030 accusatur,
1893 4966 1952 5015 et
1994 4960 2186 5015 habita
2288 4974 2477 5025 mator
2518 4970 2577 5024 in
2628 4970 2799 5025 rebus
2846 4968 3101 5022 ecclesiae
3140 4964 3333 5020 nullus
3377 4962 3625 5027 accedat,
3667 4960 3913 5015 ecclesiae

548 5059 898 5115 discussione
929 5058 1104 5113 fuerit.
1135 5060 1368 5113 fortasse
1399 5058 1706 5124 convictus,
1738 5072 1846 5128 pro
1875 5054 2050 5109 modo
2084 5070 2140 5107 cr

2322 5066 2371 5118 el
2402 5062 2617 5118 clericis
2642 5064 2857 5117 nullam
2878 5060 3176 5133 requirant
3187 5059 3426 5130 agentes
3442 5054 3653 5126 publici
3668 5054 3911 5108 functio-

549 5154 726 5209 minis
754 5152 1098 5208 sententiam
1145 5151 1388 5223 excipiat
1416 5150 1667 5229 ultionis.
1701 5152 1855 5204 Inter
1900 5151 2187 5203 Romanos
2289 5157 2561 5228 nem,qui
2591 5156 2697 5222 avi,
2720 5157 2807 5209 vel
2839 5154 3138 5226 genitoris,
3164 5155 3263 5207 aut
3286 5148 3548 5221 germani
3579 5146 3756 5202 nostri
3776 5164 3797 5192 c
3818 5147 3915 5201 im-

617 5298 643 5328 ⁸
672 5299 795 5353 Duo
844 5295 1011 5367 hujus
1054 5293 1478 5369 constitutionis
1519 5293 1865 5369 exemplaria
1899 5291 2183 5369 vidimus:
2356 5322 2376 5349 ε
2407 5301 2534 5353 Haec
2575 5298 2843 5369 abeuntia
2871 5297 3114 5369 Tiliano.
3155 5291 3383 5369 ἐξωῢὶβὶ
3414 5295 3611 5369 autem
3658 5289 3767 5369 hoc
3792 5289 3913 5369 loco

550 5386 732 5424 unum
763 5386 793 5423 θ
830 5361 1175 5444 Πιοᾷιᾶεῑετίο
1222 5364 1575 5444 ΟῼΓῦθίθηδίν
1598 5361 1879 5444 ,ᾳμίρὰηίη
1931 5361 2185 5444 θέἱζὲοηθ
2281 5371 2412 5440 jure
2445 5373 2635 5440 queat,
2665 5369 2711 5423 si
2738 5368 2812 5423 ad
2839 5367 3205 5444 Clotariuml
3238 5361 3533 5444 referatur.
3565 5361 3914 5444 constitutio,

550 5439 945 5515 nostra‘secuti
976 5453 1210 5515 sumus;
1243 5437 1487 5515 alterum
1524 5452 1575 5515 ea
1596 5433 1943 5515 bibliotheca
1971 5433 2189 5515 'ljilian‘a
2282 5433 2604 5513 ἶῖιιρηιῐιεηι
2624 5433 2795 5515 ωηιξη
2817 5441 3194 5515 suum_vqcet,
3224 5435 3319 5515 qui
3346 5433 3566 5515 clericis
3590 5433 3920 5515 immunita:

550 5510 704 5582 quod
744 5510 930 5582 fuerat
978 5508 1116 5582 Oli!!!
1153 5500 1519 5582 mOIIaSth‘ii_
1539 5503 1961 5582 COI‘PiODBDSiS,
1994 5502 2055 5555 id
2080 5510 2183 5566 est,
2288 5500 2407 5566 {em
2437 5510 2824 5566 concesserit:
2867 5510 2913 5564 si
2942 5510 3017 5564 ad
3055 5500 3367 5565 Clotarium
3400 5506 3466 5572 ll,
3501 5518 3746 5574 ecquem
3775 5500 3921 5556 dicat

549 5575 831 5653 Blesensis
859 5577 1037 5634 sancti
1064 5575 1801 5653 Launomariihcszu.
1932 5641 1946 5653 _
2149 5646 2159 5653 Α
2292 5599 2655 5653 germanum,
2692 5584 2807 5638 με,
2838 5582 2992 5636 sum,

620 5649 945 5717 bTilianus,
992 5648 1241 5723 omnibus
1278 5648 1576 5703 comitibus.
1622 5647 1765 5699 Item
1816 5641 1988 5713 paulo
2036 5646 2186 5723 post,

550 5724 659 5776 sibi
679 5723 920 5776 omnium
940 5719 1288 5788 populorum,
1329 5724 1385 5772 et
1422 5732 1639 5781 rursus,
1670 5728 2013 5788 quazvtumguc
2032 5718 2192 5780 justo

549 5797 677 5910 sunt
698 5795 806 5915 et
844 5782 1372 5854 infra,'incumbént.
1408 5789 1571 5853 item,
1603 5790 1653 5841 et
1678 5782 1875 5839 inanis
1902 5782 2187 5838 habeatur.
2356 5802 2375 5821 α
2396 5801 2645 5851 Delenda
2674 5816 2798 5854 esse
2829 5799 2996 5853 verba
3026 5799 3118 5851 ma
3141 5795 3503 5850 Simondum
3549 5793 3918 5907 “Sigeum.

583 5876 669 5914 AC.
740 5875 857 5913 iam.
2293 5874 2437 5912 mus.
3760 5891 3773 5904 .
