4032 6232
569 322 702 376 “'23

969 317 1222 373 SECULI
1261 316 1452 371 SEXTI
1494 313 1901 370 SUPPLEM.——
1933 316 2024 370 AD
2061 315 2479 370 SlGEBERTUM
2521 315 2726 370 EPIST.
2767 316 3059 372 CONClLll
3095 317 3523 375 PARISIENSIS.

3807 321 3946 372 H24

561 426 769 482 nostris
796 425 1190 497 principaliter
1211 423 1471 478 sensibus
1492 424 1808 495 inspiravit,
1841 430 1899 478 ut
1917 441 2087 478 causa
2109 425 2192 478 in-
2213 436 2270 508 Α
2293 428 2500 478 ventur
2525 427 2581 477 et
2607 429 2902 479 maneant.
2931 426 2992 481 Id
3014 429 3118 492 est,
3149 427 3426 497 primum,
3444 428 3515 482 de
3531 426 3946 482 observatione

563 520 889 575 staurandaa
908 519 1041 573 ﬁdei
1062 537 1127 572 ac
1147 517 1457 587 disciplina:
1477 518 2197 590 ecclesiasticm,episcopos

565 631 768 668 omnes
792 613 1072 684 Hispaniae
1100 614 1293 664 nostro
1322 611 1758 679 prasentandos
1783 611 2018 665 culmini
2033 612 2197 681 jube-

564 725 775 763 remus.
805 705 1159 761 Praecedenti
1181 706 1376 757 autem
1401 703 1664 774 diligenti
1695 708 1751 758 et
1779 709 1946 759 cauta
1977 705 2192 759 delibe-

563 802 809 866 ratione,
833 799 944 852 sive
961 813 1087 867 quze
1107 797 1179 850 ad
1200 797 1374 850 fidem
1396 797 1742 851 conveniunt
1760 799 1884 868 [pro
1917 799 2030 852 fide
2066 815 2197 853 vera

563 894 822 961 faciunt],
843 907 942 945 seu
955 906 1082 961 quae
1103 889 1176 943 ad
1194 906 1420 944 morum
1433 891 1848 945 correctionem
1863 892 2192 963 respiciunt;

566 1004 694 1043 cum
719 985 874 1039 enim
903 1000 1101 1038 sensus
1127 983 1458 1038 maturitate
1487 987 1544 1037 et
1573 985 1970 1055 intelligentiae
2009 986 2192 1056 gravi-

564 1084 682 1134 tate
717 1081 986 1132 constant
1023 1094 1144 1130 esse
1184 1076 1428 1147 digesta,
1458 1080 1651 1130 nostra
1679 1078 1920 1147 proinde
1949 1078 2192 1132 auctori-

564 1177 652 1227 tas
684 1172 741 1226 id
763 1171 1032 1225 omnibus
1053 1170 1386 1224 hominibus
1417 1171 1491 1224 ad
1522 1187 1766 1241 regnum
1791 1175 2049 1225 nostrum
2073 1189 2198 1242 per-

565 1264 1079 1334 tinentibusjubet,
1106 1263 1231 1317 utsi
1255 1279 1369 1334 qua
1385 1262 1624 1317 definita
1643 1267 1774 1317 sunt
1791 1263 1846 1316 in
1870 1265 1974 1318 hoc
1999 1267 2195 1318 sancto

566 1358 828 1427 concilio,
852 1357 1049 1412 habito
1075 1357 1132 1410 in
1161 1357 1302 1410 urbe
1329 1357 1622 1425 Toletana,
1647 1374 1802 1412 anno
1819 1357 1986 1428 regni
2017 1357 2197 1411 nostri

567 1451 808 1507 feliciter
833 1453 1057 1522 quarto,
1082 1449 1222 1503 nulli
1239 1452 1609 1503 contemnere
1638 1449 1820 1516 liceat,
1844 1449 2031 1503 nullus
2051 1466 2194 1520 prae—

567 1546 741 1600 terire
763 1547 1100 1616 praesumat;
1121 1542 1369 1613 capitula
1390 1542 1544 1596 enim
1559 1559 1686 1612 quae
1710 1542 1918 1596 nostris
1939 1543 2200 1596 sensibus

568 1639 777 1710 placita
803 1641 860 1691 et
889 1635 1201 1707 disciplinas
1235 1651 1490 1704 congrua
1519 1651 1553 1688 a
1578 1635 1845 1704 praesenti
1878 1635 2199 1705 conscripta

569 1735 703 1785 sunt
732 1730 972 1801 synodo,
1012 1729 1070 1782 in
1107 1727 1267 1782 omni
1306 1727 1665 1793 auctoritate,
1696 1728 1810 1780 sive
1839 1728 2193 1796 clericorum,

569 1824 683 1878 sive
721 1824 1018 1890 laicorum,
1053 1821 1168 1875 sive
1205 1836 1679 1891 quorumcunque
1708 1821 1967 1874 omnium
2000 1821 2194 1875 obser-

2297 518 2556 588 priorum
2571 535 2859 572 canonum
2881 535 2895 585 ;
2915 520 3181 586 alterum,
3197 520 3268 574 de
3297 521 3556 592 symbolo
3579 519 3947 592 proferendo

2294 628 2326 665 a
2347 610 2648 682 populisin
2669 611 2909 665 ecclesia
2929 611 3078 681 (Vid.
3107 616 3290 670 Μαηεί
3309 614 3435 670 Con.
3471 621 3511 669 τ.
3543 617 3636 678 Π,
3670 615 3947 674 001.993}.

2368 705 2476 758 Has
2495 721 2698 758 omnes
2719 705 3151 760 constitutiones
3167 707 3593 777 ecclesiasticas,
3612 724 3762 778 quas
3784 721 3948 759 sum-

2295 797 2517 864 matim,
2558 797 2924 870 breviterque
2956 799 3390 870 perstrinximus
3419 799 3585 872 (sicut
3620 799 3861 870 plenius
3891 797 3950 851 in

2296 907 2518 945 canone
2539 891 2926 963 continentur)
2945 909 3182 947 manere
3206 893 3446 965 perenni
3469 892 3782 948 stabilitate
3805 907 3949 945 san-

2297 984 2496 1038 cimus.
2535 984 2591 1039 Si
2619 985 2746 1055 quis
2776 1001 2909 1039 vero
2936 985 3196 1054 clericus,
3226 991 3326 1042 aut
3351 986 3524 1042 laicus
3563 987 3779 1042 harum
3809 1002 3950 1039 san-

2296 1077 2549 1132 ctionum
2571 1077 2845 1132 obediens
2867 1095 2988 1133 esse
3012 1078 3262 1135 noluerit
3282 1079 3580 1150 [obediens
3601 1079 3954 1135 observator

2297 1187 2417 1230 esse
2452 1171 2723 1238 noluerit,
2767 1172 3014 1243 superba
3049 1173 3237 1227 fronte
3272 1173 3558 1244 majorum
3584 1171 3818 1227 statutis
3852 1188 3950 1225 re-

2298 1263 2615 1336 pugnans];
2671 1265 2717 1318 si
2757 1265 3078 1336 episcopus,
3124 1265 3441 1337 presbyter,
3489 1266 3791 1332 diaconus,
3853 1268 3958 1318 aut

2299 1357 2535 1411 clericus
2561 1357 2752 1425 fuerit,
2787 1358 2859 1412 ab
2887 1359 3044 1413 omni
3077 1359 3317 1414 concilio
3350 1357 3953 1414 excommunicationi

2300 1450 2616 1520 subjaceat;
2651 1450 2696 1504 si
2724 1467 2855 1506 vero
2886 1452 3063 1505 laicus
3107 1452 3298 1520 fuerit,
3339 1456 3396 1506 et
3433 1452 3790 1506 honestioris
3833 1451 3951 1505 loci

2299 1559 2545 1614 persona
2565 1547 2670 1612 est,
2687 1543 3057 1599 medietatem
3077 1545 3412 1600 facultatum
3432 1545 3668 1600 suarum
3686 1543 3950 1609 amittat,

2299 1636 2416 1690 fisci
2431 1637 2658 1707 juribus
2679 1637 3074 1708 profuturam;
3109 1638 3154 1692 si
3191 1654 3324 1692 vero
3361 1637 3653 1692 inferioris
3680 1637 3792 1691 loci
3821 1653 3952 1708 per-

2301 1746 2443 1784 sona
2466 1735 2568 1797 est,
2602 1731 2912 1786 amissione
2941 1748 3137 1786 rerum
3172 1748 3405 1786 suarum
3436 1732 3714 1786 multatus
3755 1730 3820 1785 in
3851 1747 3946 1785 ex-

2301 1821 2424 1876 silio
2456 1822 2778 1892 deputetur.
2810 1826 3123 1893 Sequuntur
3141 1825 3576 1894 subscriptiones.

1498 2009 3042 2411 SIGEBIEBTUs,

1779 2435 2003 2504 REX
2056 2434 2733 2508 FRANCORUM.

571 2545 3938 2579 ῌ

1777 2629 1882 2692 ΑΙ)
1929 2629 2432 2694 SIGEBERTUM
2477 2630 2746 2695 REGEM
3183 2643 3188 2648 ’

1265 2747 1812 2843 EPISTOLA

1916 2749 2406 2842 CONCILII
2513 2751 3209 2846 PARISIENSIS
3233 2818 3260 2864 ,

1803 2898 1972 2942 ANNO
2010 2898 2254 2942 CHRISTI
2289 2885 2406 2943 573
2441 2889 2711 2943 HABITI'.

1629 2977 1712 3040 Ut
1750 2977 2050 3041 Promotz'
2088 2996 2359 3040 causam
2401 2996 2533 3041 non
2575 2979 2904 3059 defendat.

651 3141 894 3197 Domino
924 3138 1358 3211 gloriosissimo,
1387 3143 1559 3210 atque
1590 3141 1802 3193 sanctas
1833 3139 2096 3194 Ecclesiae
2123 3157 2210 3194 ca-
2228 3153 2286 3224 Β
2310 3143 2430 3195 tam
2459 3141 2706 3195 obscena
2730 3144 2789 3195 et
2817 3139 3076 3196 Ecclesiae
3099 3138 3375 3195 universae
3396 3137 3683 3194 contraria
3703 3154 3951 3193 consen—

578 3237 805 3291 tholicae
849 3234 987 3302 ﬁlio,
1037 3234 1337 3304 Sigeberto
1378 3232 1522 3303 regi,
1571 3232 1855 3303 Sapudus,
1893 3233 2208 3304 Philippus,

580 3329 821 3394 Priscus,
849 3327 1222 3392 Constitutus,
1254 3325 1470 3392 Laban,
1500 3325 1673 3392 Felix,
1707 3325 1847 3379 item
1879 3326 2050 3395 Felix,
2080 3328 2214 3381 Ger-

582 3438 805 3487 manus,
847 3418 1161 3484 Lucretius,
1202 3418 1614 3484 Clementinus,
1671 3419 1961 3490 Syagrius,
2023 3419 2209 3474 Gallo-

580 3529 850 3584 magnus,
867 3512 1123 3582 Optatus,
1139 3510 1420 3580 Salonius,
1435 3511 1576 3565 item
1596 3511 1874 3579 Salonius,
1891 3512 2209 3580 Quinidius,

581 3609 901 3672 Promotus,
936 3605 1224 3672 Silvester,
1254 3604 1546 3672 Genesius,
1569 3605 1874 3672 Polemius,
1907 3606 2209 3675 Palladius,

582 3701 789 3767 Victor,
831 3697 1192 3769 Sagittarius,
1227 3697 1637 3765 Aunacharius,
1690 3699 2017 3770 Hesychius,
2048 3699 2210 3754 Clau-

583 3794 804 3861 dianus,
838 3791 1181 3858 Desiderius,
1229 3792 1539 3858 Heraclius,
1570 3793 1887 3858 Tetradius,
1911 3792 2212 3863 Pappolus,

581 3885 848 3953 Licerius,
877 3889 934 3940 et
963 3882 1382 3953 Leudobaudis,
1411 3885 1681 3956 episcopi.
1962 3874 1988 3890 ’

655 3981 945 4046 Quantum
977 3978 1252 4033 ineffabili
1281 3979 1490 4049 gaudio
1519 3977 1776 4050 synodali
1805 3977 2044 4033 concilio
2075 3996 2217 4033 nun-

585 4078 776 4143 tiatur,
811 4072 1285 4144 quandoquidem
1307 4089 1340 4126 a
1361 4071 1644 4126 catholico
1666 4071 1924 4142 principe
1948 4089 2038 4126 res
2071 4088 2216 4126 nova

584 4187 688 4242 pro
704 4165 1009 4222 dilectione
1020 4165 1228 4223 Christi
1243 4165 1584 4237 concipitur,
1605 4169 1828 4220 tantum
1845 4165 2216 4221 lamentabile

585 4259 1114 4331 exsecrandumque
1145 4261 1429 4325 censetur,
1475 4275 1606 4312 cum
1639 4257 1697 4312 in
1743 4257 1992 4312 Ecclesia
2020 4261 2216 4313 sancta

585 4360 786 4412 contra
797 4356 977 4409 Deum
993 4356 1261 4408 etcontra
1273 4367 1555 4406 canonum
1569 4349 1926 4421 disciplinam
1941 4351 2216 4405 dissensio

583 4452 916 4524 generatur.
966 4448 1156 4518 Nuper
1191 4445 1405 4499 etenim
1455 4462 1570 4499 non
1608 4444 1820 4515 absque
1852 4444 2216 4498 conniventia

2312 3235 2479 3301 sistis,
2503 3235 2572 3288 ab
2599 3235 2932 3306 hujusmodi
2953 3234 3204 3289 scandali
3233 3233 3569 3288 defensione
3602 3232 3955 3286 sinceritatis

2312 3331 2511 3382 vestrae
2553 3327 2963 3383 conscientiam
3009 3327 3268 3399 expietis,
3291 3327 3424 3398 quia
3453 3325 3627 3380 satius
3654 3329 3742 3379 est
3763 3327 3828 3378 ut
3858 3325 3954 3378 ille

2314 3421 2413 3492 qui
2450 3421 2776 3476 ambitionis
2821 3421 3093 3476 instinctu
3136 3437 3263 3475 rem
3284 3424 3406 3475 tam
3430 3419 3716 3474 nefariam
3747 3419 3956 3472 dolosa

2315 3515 2628 3570 ambitione
2659 3515 2951 3586 competit,
2985 3531 3088 3586 per
3116 3513 3563 3569 satisfactionem
3594 3511 3954 3583 pa-nitentia:

2314 3612 2538 3662 reatum
2567 3625 2733 3662 suum
2753 3609 2984 3662 abluere
2999 3609 3398 3679 compellatur,
3422 3622 3594 3678 quam
3629 3608 3819 3659 vestra
3843 3621 3950 3674 pu-

2315 3701 2453 3755 ritas
2484 3700 2659 3771 (quod
2689 3705 2905 3755 avertat
2935 3701 3225 3772 Divinitas)
3258 3700 3429 3770 huius
3459 3697 3728 3753 facinoris
3748 3700 3948 3752 conta-

2317 3794 2488 3866 gione
2509 3796 2847 3849 maculetur.
2870 3796 2938 3848 Et
2959 3794 3091 3865 quia
3118 3794 3282 3848 nobis
3303 3809 3534 3848 necesse
3565 3791 3675 3845 fuit
3698 3795 3764 3845 ut
3785 3791 3950 3860 juxta

2315 3905 2604 3942 canonum
2658 3888 2958 3942 constituta
3014 3903 3274 3958 personae
3337 3884 3656 3940 temerariae
3711 3883 3952 3938 deberet

2319 3981 2691 4052 praesumptio
2720 3980 2989 4047 coerceri,
3022 3979 3152 4034 ideo
3176 3979 3370 4034 salutis
3399 3978 3740 4048 obsequium
3773 3975 3952 4046 digno

2315 4075 2374 4128 in
2400 4074 2620 4131 Christo
2647 4073 3023 4129 ofﬁciositatis
3052 4076 3110 4128 et
3138 4071 3474 4128 reverentia:
3504 4072 3658 4125 cultu
3694 4069 3952 4140 prehen-

2315 4171 2419 4235 tes,
2464 4167 2748 4239 poscimus
2785 4171 2846 4222 ut
2885 4183 3002 4233 vos,
3043 4183 3186 4238 quos
3218 4167 3368 4220 Deus
3393 4169 3450 4219 et
3473 4163 3728 4219 culmine
3753 4163 3951 4234 praeci-

2315 4278 2457 4333 puos
2495 4265 2554 4315 et
2595 4261 2916 4317 sinceritate
2965 4261 3270 4331 praeclaros
3313 4276 3432 4314 esse
3481 4258 3778 4329 praecepit,
3832 4273 3948 4311 non

2318 4372 2702 4426 quocumque,
2747 4358 2846 4408 aut
2892 4369 3368 4425 quorumcunque
3402 4356 3679 4407 temerato
3708 4350 3944 4406 concilio

2319 4449 2393 4503 ad
2425 4448 2773 4504 defensauda
2816 4447 3146 4518 hujusmodi
3176 4446 3446 4502 scandala
3475 4444 3783 4511 misceatis,
3821 4443 3948 4515 quia

584 4545 782 4616 gloria:
813 4545 1035 4608 vestrae,
1067 4540 1209 4594 sicut
1238 4538 1547 4604 credimus,
1590 4538 1806 4593 evocati
1850 4537 2092 4591 Parisios
2130 4516 2294 4592 ve-C
2319 4543 2499 4597 Deum
2539 4542 2742 4596 sufﬁcit
2782 4558 2970 4607 nosse,
3019 4558 3116 4595 vos
3155 4556 3523 4611 nequaquam
3552 4538 3780 4609 penitus
3808 4537 3945 4590 velle

580 4639 1039 4706 nientes,novam
1059 4632 1494 4703 inauditamque
1511 4631 1939 4686 ordinationem
1952 4632 2009 4685 in
2025 4634 2218 4687 Castro

584 4731 860 4796 Dunensi,
886 4727 1156 4800 parochia
1180 4727 1431 4798 denique
1458 4726 1787 4793 Carnotina,
1812 4725 2025 4779 factam
2045 4725 2218 4780 fuisse

586 4824 975 4894 cognovimus.
1012 4823 1195 4886 Quam
1221 4836 1345 4874 rem
1377 4820 1512 4874 licet
1537 4818 1624 4872 vix
1652 4818 1888 4873 credere
1919 4835 2220 4889 possumus

585 4933 714 4972 cum
744 4933 1024 4971 consensu
1048 4914 1243 4986 gloriae
1266 4918 1468 4968 vestrae
1497 4911 1620 4966 fieri
1647 4911 1922 4983 potuisse,
1947 4917 2144 4966 tamen
2172 4911 2219 4966 si

586 5011 975 5082 cujuscunque
1022 5025 1196 5079 prava
1240 5008 1610 5080 suggestione
1654 5006 1949 5077 prmventi,
2002 5005 2058 5059 in
2113 5006 2217 5059 hac

657 5129 681 5158 "
715 5131 773 5186 Id
800 5130 988 5201 ipsum
1004 5127 1353 5201 videtur,c_uj
1364 5145 1426 5180 us
1443 5126 1762 5201 aGregorio
1779 5124 2096 5201 Turonensi
2116 5124 2214 5201 lib.

586 5221 658 5271 ιγ,
685 5219 808 5272 cap.
823 5195 889 5256 41
906 5243 918 5268 ,
935 5201 999 5254 ﬁt
1013 5199 1230 5272 mentio
1245 5195 1559 5252 bis'verbis:
1583 5195 1768 5272 «(Cum
1787 5195 2215 5272 autem,inquit,

585 5268 877 5330 contentio
914 5273 1062 5326 inter
1096 5271 1514 5324 Guntramnum
1557 5272 1614 5322 et
1653 5268 2018 5338 Sigebertum
2053 5283 2220 5338 reges

583 5349 923 5410 verteretur,
947 5344 1332 5420 Guntramnus
1352 5356 1449 5393 rex
1470 5338 1623 5420 apud
1638 5336 1879 5420 Parisios
1896 5336 2220 5420 omnes‘e'pi-

584 5434 785 5487 scopos
799 5409 963 5485 regni
977 5413 1060 5466 sui
1083 5416 1417 5487 congregat,
1434 5409 1655 5487 utiliter
1672 5409 2107 5487 utrosque,quid
2122 5425 2215 5487 ve-

585 5479 722 5542 ritas
745 5479 1002 5551 haberet,
1040 5479 1380 5549 ediscerent,
1408 5485 1516 5536 etc.
1543 5482 1879 5535 SIRHONDUS.
1899 5512 1964 5519 —
1994 5481 2137 5534 Cum
2161 5479 2219 5533 in

585 5560 764 5613 Gallia
794 5559 1013 5612 bellum
1040 5555 1201 5608 civile
1236 5553 1682 5618 recrudesceret,
1716 5552 2101 5605 Guntramnus
2126 5566 2219 5603 rex

568 5630 987 5685 procreaverat
1024 5629 1086 5678 ut
1130 5625 1355 5680 Parisiis
1394 5623 1699 5678 concilium
1738 5622 2146 5685 celebraretur,
2175 5621 2218 5674 si

608 5705 732 5757 'orte
773 5717 877 5770 per
917 5696 1308 5770 sanctissimos
1354 5695 1650 5770 episcopos
1680 5709 1772 5747 res
1807 5692 2024 5770 absque
2069 5691 2219 5770 bello

585 5763 857 5840 componi
871 5769 1294 5841 posset.Verum
1318 5763 1418 5819 ubi
1438 5765 1615 5841 semel
1629 5781 1719 5841 res
1740 5763 2022 5841 armis
2035 5765 2221 5841 ccepta

587 5832 1139 5908 fuitfecclésiasticaa
1169 5838 1327 5907 leges
1355 5835 1595 5892 omnino
1626 5835 1925 5891 siluerunt.
1959 5832 2052 5888 Ait
2089 5832 2220 5888 Grc-

2319 4641 2517 4692 contra
2558 4652 2653 4688 vos
2695 4634 2948 4688 divinam
2989 4633 3336 4688 iracundiam
3380 4631 3727 4704 promoveri.
3773 4629 3949 4686 Annis

2317 4731 2512 4784 multis
2557 4727 2800 4799 gloriam
2847 4726 3012 4797 regni
3057 4727 3228 4782 vestri
3279 4725 3537 4797 potentia
3579 4723 3772 4778 divina
3821 4739 3948 4776 cum

2320 4822 2482 4877 omni
2512 4820 2781 4875 felicitate
2813 4823 3129 4886 conservet,
3177 4820 3387 4874 domne
3425 4817 3856 4890 gloriosissime,
3898 4819 3948 4869 et

2322 4914 2851 4988 prazcellentissime
2885 4913 3121 4970 domne.

2389 5013 2702 5081 Sequuntur
2727 5010 3163 5078 subscriptiones.

2320 5123 2515 5192 gorius
2535 5122 2605 5175 de
2635 5121 2810 5192 gestis
2832 5121 3188 5192 Francorum
3212 5116 3313 5192 lib.
3340 5131 3394 5170 1v
3425 5132 3549 5186 cap.
3673 5121 3730 5170 et
3754 5115 3844 5182 48,
3866 5113 3944 5169 his

2319 5185 2675 5264 temporibus
2696 5191 2965 5264 accidisse
2985 5192 3047 5243 ut
3067 5187 3420 5264 C_l_1ilpe1_‘_i_cus
3441 5185 3544 5264 per
3575 5185 3757 5264 filium
3780 5203 3942 5264 suum

2318 5257 2778 5319 Theodobertum
2801 5257 3245 5325 Turonensibus,
3278 5257 3745 5328 Pictaviensibus,
3778 5261 3941 5328 atque

2320 5336 2560 5389 aliarum
2576 5335 2860 5388 civitatum
2882 5331 3130 5386 ecclesiis
3149 5346 3426 5400 magnam
3439 5327 3660 5400 cladem
3671 5327 3941 5381 intulerit.

2320 5408 2476 5461 Ilanc
2520 5407 2608 5460 ille
2660 5404 2852 5475 paucis
2898 5399 3320 5475 perstringens,
3361 5399 3561 5475 sic_ait_
3588 5415 3618 5475 :_
3655 5420 3712 5475 u_
3737 5400 3942 5475 Yastat,

2321 5477 2542 5543 evertit,
2585 5469 2850 5531 ecclesias
2885 5469 3803 5543 incendiUministeriadetrahit,
3845 5471 3946 5543 cle-

2321 5549 2488 5615 ricos,
2521 5541 2807 5613 interficit,
2836 5544 3177 5600 monasteria
3207 5541 3705 5615 virorum_dejicit,
3735 5542 3945 5611 puellas

2321 5611 2559 5685 deludit,
2589 5622 2646 5672 et
2672 5611 2872 5671 cuncta
2895 5616 3184 5681 devastat;
3212 5613 3432 5684 fuitque
3448 5611 3548 5666 illo
3569 5615 3834 5682 tempore
3863 5628 3945 5685 pe-

2314 5691 2410 5760 jor
2441 5691 2498 5744 in
2527 5683 2777 5744 ecclesiis
2806 5687 3265 5760 gemitus,quam
3292 5683 3943 5760 te’mporepersecutoris

2321 5756 2676 5816 Diocletiani.
2710 5783 2738 5811 ››
2774 5759 2936 5832 (Vide
2960 5756 3276 5824 Baronium,
3302 5772 3448 5812 anno
3472 5756 3673 5882 27MB

3509 5842 3597 5882 av.

3509 5842 3597 5883 BV.
3633 5840 3844 5884 UINI'US.
