4032 6232
503 285 638 337 1127

561 387 923 437 Britannorum
965 401 1145 439 comes
1171 389 1362 440 saculo
1412 398 1482 450 v1,
1505 391 1582 436 63.

1019 505 1081 592 C

549 635 778 745 1(ἓὶεὶξεὶὶίξιδ
807 635 1020 699 virginis
1047 642 1095 686 et
1126 637 1366 701 martyris
1395 638 1585 698 natale,

557 758 762 808 Casarii
784 759 1012 822 episcOpi
1035 759 1258 808 homilia
1275 774 1368 822 per
1389 761 1584 809 ltaliam

501 827 552 884 et
574 821 869 884 Hispaniam
896 821 1200 878 diatributa,
1225 821 1300 870 32.
1331 823 1450 884 Ejus
1475 823 1577 872 loci

498 883 743 944 insignes,
781 887 861 936 28,
907 887 987 942 34,
1029 887 1107 941 36,
1149 887 1228 941 38,
1267 883 1468 947 40,751,
1499 889 1575 940 64,

501 949 611 1002 169,
646 948 752 1002 17o,
783 948 893 1001 377,
924 948 1033 1006 403,
1059 948 1168 1007 404,
1193 949 1302 1007 405,
1330 950 1438 1008 406,
1469 951 1578 1006 407,

503 1011 612 1062 423,
646 1009 754 1061 42-4,
786 1010 892 1053 425.

559 1066 786 1130 Calensis
806 1068 969 1116 sancti
989 1069 1196 1130 Georgii
1217 1069 1447 1130 basilica,
1467 1073 1574 1119 464.

562 1128 759 1194 calices
777 1143 882 1178 non
904 1130 1078 1194 plures
1098 1128 1150 1178 in
1166 1132 1311 1179 altari
1329 1128 1576 1194 ponendi,

498 1194 576 1240 52.
605 1193 684 1253 An
711 1191 883 1252 plures
909 1191 1082 1253 positi,
1112 1198 1191 1251 58,
1217 1199 1294 1240 59.

557 1251 767 1321 Calices
797 1251 980 1314 ansati,
1005 1258 1082 1301 66.
1122 1255 1275 1304 Aurel
1311 1258 1362 1304 et
1402 1256 1580 1321 chrys—

501 1313 687 1372 tallini,
711 1319 786 1362 67.

559 1375 701 1441 calix
732 1375 1066 1426 Eucharistia
1103 1391 1194 1426 seu
1224 1379 1370 1441 panis
1396 1394 1578 1429 conse—

500 1439 628 1502 crati
653 1443 895 1502 contactu
913 1453 1019 1488 non
1037 1439 1387 1500 consecratur,
1407 1445 1484 1502 47,
1499 1447 1572 1490 48.

558 1500 701 1548 Calix
749 1506 1026 1567 coopertus
1077 1516 1196 1550 cum
1249 1502 1410 1552 ﬁliola
1465 1500 1579 1567 post

499 1563 944 1612 consecrationem
974 1565 1223 1621 elevatur,
1255 1568 1330 1612 42.

561 1625 701 1688 Calix
720 1625 1027 1688 imaginatus
1047 1640 1167 1674 cum
1182 1627 1448 1685 turricula,
1469 1632 1575 1676 406.

559 1686 704 1736 Calix
729 1686 924 1750 vacuus
947 1702 1066 1736 cum
1093 1692 1278 1750 patena
1297 1689 1348 1737 in
1373 1690 1578 1739 ordina-

504 1748 642 1821 tiope
672 1749 976 1821 subdiaconi
993 1748 1250 1821 adhibita,
1281 1755 1388 1821 302:

561 1811 824 1859 Cambutis
845 1812 1007 1860 innixi
1031 1811 1210 1861 clerici
1234 1811 1286 1860 in
1313 1812 1484 1861 ofﬁcio
1505 1813 1578 1862 di-

501 1871 644 1930 vino,
677 1876 784 1920 435.

561 1934 817 1996 Cancellis
859 1935 1055 1983 munita
1095 1935 1292 1996 altaria,
1329 1940 1407 1984 74.
1444 1938 1579 1986 Psal-

501 1994 726 2060 l_entium_
766 1995 985 2060 chorus,
1022 2000 1101 2060 77_.
1139 1994 1408 2060 _Sepulcra,
1450 1999 1576 2048 ibid.

499 2057 730 2106 Cancelli
757 2059 1009 2121 argentei,
1041 2057 1190 2114 ibid.,
1212 2057 1300 2108 ’78.

562 2121 738 2182 Canna
765 2124 1037 2182 argentea,
1067 2124 1172 2168 462.

562 2181 739 2245 Canon
779 2181 1112 2245 sacerdotalis
1149 2195 1241 2232 seu
1279 2184 1467 2245 missa,
1501 2191 1578 2235 39.

499 2243 776 2305 Antiquus,
801 2243 953 2305 ibid.,
985 2249 1036 2293 et
1059 2249 1135 2292 40.

563 2306 740 2370 Canon
779 2306 946 2370 missa
981 2307 1133 2370 tacite
1167 2307 1427 2370 recitatus,
1471 2314 1575 2358 416.

561 2368 741 2432 Canon
784 2369 951 2417 missa
984 2369 1282 2432 iGallicanus
1316 2368 1580 2432 profestis

507 2429 698 2499 varius,
736 2434 813 2499 46.
848 2431 1204 2499 Drevissimus,
1236 2429 1332 2480 189
1361 2436 1410 2480 ei
1447 2449 1581 2499 seqq.

567 2491 790 2540 Canonis
853 2493 1236 2555 Scripturarum
1301 2491 1584 2545 assertores

508 2553 778 2616 Martyres,
807 2557 913 2601 467.

537 2615 834 2722 6Silanonum
859 2615 1094 2665 custodia
1119 2616 1367 2680 episcopo
1391 2618 1582 2680 debita,

563 2740 800 2797 Cantare,
848 2739 1065 2788 recitare
1121 2741 1273 2790 etiam

503 2803 612 2856 411,
643 2801 756 2859 416,
783 2804 892 2860 417,
922 2806 1032 2862 493,
1063 2806 1168 2850 499.

533 2862 928 2971 tCantianorum
965 2868 1249 2928 martyrum
1278 2867 1469 2930 passio,
1491 2872 1578 2918 457

575 2938 708 2971 seaa.

501 2938 552 2972 et
575 2938 708 2986 seqq.

563 2939 839 3036 Cimbrum
883 2987 1054 3037 ofﬁcio
1103 2988 1309 3039 diaconi
1354 3005 1420 3040 ne
1467 2991 1580 3042 fun-

499 3053 706 3110 gantur,
733 3052 846 3098 387.

561 3112 751 3176 Cantus
779 3111 965 3160 alterni
993 3112 1161 3176 origo.
1193 3118 1303 3175 383,
1335 3119 1442 3164 384.

560 3174 750 3240 Cantus
804 3174 1332 3238 Romanus—Pippino
1380 3191 1505 3240 rege
1552 3193 1583 3228 a

499 3235 661 3283 Gallis
690 3240 950 3297 receptus,
977 3240 1053 3284 16.

561 3297 735 3360 Capite
766 3299 974 3346 obtecto
1000 3298 1054 3346 in
1075 3299 1334 3360 exsequiis
1359 3314 1580 3350 uxorum

504 3359 620 3412 vri,
651 3363 758 3406 167.

561 3419 738 3482 Capite
767 3419 908 3468 nudo
933 3434 1080 3469 sacra
1103 3435 1134 3469 a
1157 3422 1280 3470 viris
1299 3422 1431 3472 facta
1457 3438 1582 3473 con-

499 3486 577 3550 tra
607 3482 940 3550 profanorum
959 3496 1185 3550 _morem,
1216 3499 1438 3547 quorum
1465 3500 1581 3550 cap-

499 3546 607 3592 tiva
637 3547 812 3604 capita
844 3545 1164 3603 relabantur,
1195 3545 1273 3596 62.

559 3605 886 3670 Capitilavius
937 3607 1048 3657 dies
1106 3607 1246 3658 dicta
1313 3611 1579 3661 Dominica

497 3669 810 3726 Palmarum,
838 3673 945 3717 127.

559 3732 736 3794 Cappa
764 3733 1010 3791 Romana,
1037 3735 1146 3780 186.

559 3794 724 3858 Capsa
746 3805 868 3843 cum
899 3808 1001 3858 qua
1024 3799 1075 3843 et
1111 3795 1247 3844 calix
1276 3795 1574 3847 offerendas

497 3859 576 3905 est
598 3856 741 3917 quid.
768 3859 843 3904 47.

558 3919 722 3994 Capsa
743 3918 1096 3994 sacerdotalis,
1114 3934 1201 3991 seu
1224 3933 1406 3994 cappa,
1431 3925 1510 3994 62.

559 3981 941 4045 Capsumpars
985 3981 1219 4045 ecclesia
1261 3981 1466 4045 qia—alis?
1494 3989 1571 4032 69.

494 4042 660 4104 Capsa
686 4042 838 4106 navis
859 4057 977 4106 pars
1005 4044 1108 4093 ima
1134 4042 1299 4106 navis,
1331 4044 1458 4094 ibid.
1485 4047 1576 4095 Ca-

495 4118 650 4168 psum
693 4105 981 4168 aliquando,
1013 4105 1152 4154 idem
1191 4121 1311 4156 cum
1341 4109 1576 4158 ecclesia

497 4165 689 4276 hagitio
723 4165 814 4215 seu
849 4167 1193 4238 presbyterio,
1229 4169 1378 4226 ibid.,
1407 4173 1459 4219 et
1493 4175 1572 4221 70.

599 4242 833 4276 araxare.
868 4243 1105 4276 pingere.
1129 4233 1208 4276 75.

599 4242 833 4292 araxare,
854 4229 1105 4292 pingere,
1129 4233 1208 4278 75.

1320 2743 1580 2806 privatim,

557 4291 773 4358 Carinas
791 4291 1070 4354 imperator
1091 4306 1154 4342 ex
1175 4291 1474 4344 Aniciorum
1493 4310 1579 4358 ge-

499 4367 648 4413 nere,
677 4357 785 4402 468.

555 4417 687 4466 Caro
729 4419 780 4464 et
819 4415 1027 4477 sanguis
1064 4416 1251 4466 Christi
1285 4417 1338 4466 in
1375 4418 1574 4469 Eucha-

493 4479 657 4540 ristia,
687 4481 796 4526 229.
827 4479 1070 4540 Corporis
1094 4479 1299 4540 veritas,
1322 4485 1433 4530 256.

555 4543 782 4590 Carruca
800 4539 969 4589 bobus
988 4544 1152 4590 tracta
1177 4545 1228 4590 et
1251 4547 1408 4592 strata
1425 4544 1572 4593 nobi-

494 4604 630 4653 libus
657 4602 907 4652 matronis
932 4602 987 4650 in
1011 4616 1126 4662 usu,
1153 4606 1261 4652 463.

556 4666 773 4715 Castitas
801 4664 1123 4717 subdiacono
1148 4664 1271 4714 dum
1307 4667 1574 4718 ordinatur

494 4728 878 4787 commendata,
905 4731 1013 4775 303.

557 4791 740 4854 Casula
766 4789 1121 4852 sacerdotalis,
1149 4793 1227 4838 62.
1249 4791 1432 4840 Casula
1455 4805 1575 4854 pro-

495 4851 742 4911 cessoria,
770 4857 846 4901 63.

555 4913 812 4964 Cathedra
830 4913 993 4964 sancti
1015 4914 1149 4963 Petri
1168 4915 1340 4964 Roma
1362 4914 1414 4964 in
1431 4929 1574 4966 men-

492 4992 549 5028 se
595 4977 839 5027 Januario
871 4976 1028 5025 Gallis
1052 4977 1436 5040 antiquissima,
1464 4983 1573 5038 120,

493 5044 603 5090 121.
645 5040 741 5103 Per
784 5053 898 5103 eam
938 5039 1204 5103 confessio
1223 5045 1298 5103 et
1326 5041 1575 5103 primatus

493 5101 661 5152 sancti
689 5102 824 5151 Petri
848 5100 1166 5163 designatur,
1193 5101 1320 5150 ibid.

557 5164 812 5216 Cathedra
834 5163 1163 5227 episcopalis,
1193 5166 1300 5211 310.

555 5229 679 5292 Cato
722 5227 995 5292 presbyter
1021 5229 1301 5292 Arvernus,
1333 5229 1572 5288 164,170.

553 5291 783 5340 091100⁷111
807 5292 1134 5353 argenteum,
1158 5291 1264 5336 462.

554 5353 828 5416 Cautinus,
877 5352 1169 5415 ’episcOpus
1207 5353 1578 5412 Arvernorum,

552 5477 828 5527 Celebrare
866 5477 1096 5538 missam,
1132 5475 1333 5538 audire,
1375 5479 1455 5537 34,
1497 5479 1575 5525 58.

495 5540 611 5590 Alio
641 5553 816 5600 sensu,
847 5542 958 5588 182.

553 5602 807 5651 Ceraunia
834 5601 1026 5650 nobilis
1052 5603 1305 5661 matrona,
1335 5603 1443 5649 186.

552 5664 700 5736 Ceras
713 5678 805 5712 seu
831 5664 972 5736 cerei
992 5662 1250 5736 paschalis
1273 5662 1570 5736 benedictio

493 5725 776 5786 Augustino
803 5725 1017 5786 auctori
1046 5725 1256 5785 tributa,
1296 5729 1380 5773 241
1405 5761 1420 5786 ,
1459 5728 1569 5773 357.

494 5784 632 5838 Alias
659 5783 836 5850 Leoni,
864 5789 976 5836 241.

1682 281 1888 336 INDEX
1928 282 2163 336 RERUM
2202 281 2285 335 ΕΤ
2324 279 2687 335 VERBORUM

1712 385 1862 434 Cerei
1889 385 2185 435 benedictio
2206 385 2259 434 in
2279 385 2502 434 Sabbato
2527 389 2726 445 sancto,

1652 451 1902 506 140,441,
1932 451 2038 495 149.

1711 485 1872 558 ἇέίέὶ.
1884 485 2147 571 particula
2167 513 2348 558 contra
2364 509 2622 572 procellas
2637 508 2725 556 de-

1651 574 1842 633 cerpta
1866 573 2056 620 saculo
2088 582 2137 632 v,
2167 575 2275 619 142.

1710 634 1884 695 Cereis
1913 634 2165 695 impressa
2188 633 2418 693 nomina,
2448 636 2555 680 165.

1713 694 1971 743 Cherubin
1990 694 2159 755 ialosa,
2189 699 2298 742 316.

1711 756 1990 820 Chilperici
2028 754 2165 820 regis
2203 755 2382 820 hymni
2419 769 2510 804 seu
2539 754 2726 814 missa,

1703 879 1939 930 Chrisma
1969 881 2020 929 in
2049 879 2318 940 feminino,
2350 882 2462 938 248,
2487 882 2596 927 364.

1706 941 1929 990 Cliismal
1954 943 2149 991 dictum
2174 941 2514 990 ministerium
2538 950 2723 1003 corpo-

1648 1003 1716 1054 ris
1739 1004 1926 1067 Christi
1951 1007 2212 1067 gerulum,
2238 1007 2346 1067 316.

1701 1066 1900 1130 Christi
1916 1063 2368 1130 prasentia'realis
2401 1063 2723 1130 in_Euchari-

1641 1127 1738 1175 stia
1779 1127 1934 1178 certis
1970 1129 2283 1178 testimoniis
2317 1127 2580 1188 asseritur,
2609 1130 2640 1173 2
2673 1130 2721 1174 et

1643 1203 1776 1251 seqq.

1695 1204 1892 1300 quliristi
1927 1251 2162 1314 corporis
2202 1250 2392 1300 veritas
2429 1251 2485 1298 in
2525 1249 2723 1299 Eucha-

1643 1313 1804 1370 ristia,
1831 1317 1943 1374 256,
1973 1313 2079 1362 359.

1704 1375 1891 1423 Christi
1907 1373 2097 1438 corpus
2114 1387 2208 1438 pro
2229 1375 2382 1438 nobis
2394 1373 2720 1438 cruciﬁxum,

1642 1439 1692 1501 e_t
1733 1435 2039 1501 sanguinem
2084 1435 2179 1501 pro
2217 1437 2370 1486 nobis
2413 1435 2630 1485 eﬁ'usum
2669 1435 2721 1482 in

1642 1497 1961 1567 Eucharistia
1985 1497 2253 1559 sumimus,
2284 1504 2426 1567 300._
2554 1559 2565 1567 _
2671 1557 2680 1567 ,

1704 1561 1890 1625 Christi
1937 1576 2128 1625 corpus
2167 1574 2274 1625 non
2315 1561 2373 1625 in
2414 1559 2719 1625 imaginario

1642 1621 1823 1671 ordine
1868 1624 1958 1672 sed
2000 1621 2095 1672 sub
2137 1624 2307 1672 crucis
2342 1623 2490 1672 titulo
2520 1621 2719 1670 ciborio

1641 1683 1917 1796 gmpggittgl.
1945 1687 2289 1749 compositum
2334 1699 2423 1735 seu
2463 1684 2718 1747 pendens,

1707 1782 1720 1803 ,
1749 1751 1829 1808 93,
1859 1751 1937 1796 94.

1706 1806 1890 1873 Christi
1912 1822 2116 1873 corpus
2149 1809 2201 1857 in
2237 1809 2383 1858 altari
2411 1806 2718 1873 linteamini-

1644 1869 1741 1917 bus
1787 1869 2094 1931 involutuin,
2146 1875 2256 1920 315.
2307 1871 2610 1920 Confectum
2667 1870 2721 1917 in

1642 1932 1853 1993 Patena,
1885 1931 2013 1981 ibid.

1703 1994 1889 2058 Christi
1922 2009 2112 2058 corpus
2151 1998 2203 2043 et
2239 1994 2446 2058 sanguis
2475 1995 2722 2043 immacu-

1645 2055 1746 2104 lata
1781 2055 2146 2106 benedictione
2173 2055 2582 2117 transformatur,
2611 2059 2719 2103 307.

1707 2117 1894 2167 Christi
1915 2134 2103 2182 corpus
2128 2119 2181 2168 in
2199 2119 2518 2182 Eucharistia
2539 2120 2722 2166 immo-

1645 2179 1824 2238 latum,
1843 2186 1952 2229 225.
1971 2179 2078 2230 Hoc
2100 2187 2381 2230 vescuntur
2395 2181 2592 2241 ﬁdeles,
2608 2184 2714 2228 331.

1705 2241 1907 2306 Christi
1930 2244 2165 2306 corporis
2199 2244 2482 2292 contractio
2520 2249 2571 2291 et
2604 2255 2720 2290 san-

1645 2303 1813 2364 guinis
1842 2303 2098 2354 eﬁ‘usidin
2125 2306 2461 2366 Eucharistia,
2486 2310 2595 2353 297.

1647 2426 1678 2474 Γ
1707 2366 1893 2474 (11]τίεέιὲ
1921 2369 2130 2431 sanguis
2169 2368 2223 2416 in
2261 2369 2414 2432 vitro,
2451 2381 2642 2429 corpus
2670 2366 2723 2414 in

1667 2441 1808 2474 iano.
1902 2464 1913 2474 .

1667 2433 1808 2490 igno,
1834 2433 1913 2477 64.

1708 2491 1896 2540 Christi
1936 2506 2090 2542 cruor
2117 2495 2346 2554 gustatus
2370 2492 2424 2540 in
2451 2491 2723 2541 Eucharis-

1647 2551 1734 2610 tia,
1767 2557 1875 2614 347,
1903 2558 2010 2602 350.

1709 2614 1938 2665 Christus
1973 2617 2026 2665 in
2061 2615 2479 2666 cana'sacriﬁcii
2505 2615 2723 2664 oblatio-

1647 2689 1766 2724 nem
1797 2678 2034 2738 instituit,
2062 2683 2172 2727 297.

1708 2739 2111 2803 Chrodegangus
2140 2741 2417 2804 episcopus
2437 2739 2720 2801 Mettensis,

1649 2803 1756 2857 429,
1789 2806 1898 2862 430,
1930 2808 2037 2852 435.

1705 2864 2058 2927 Clirysostomi
2091 2865 2240 2914 locus
2271 2863 2484 2927 insignis
2511 2864 2576 2912 de
2621 2863 2720 2912 Eu-

1645 2924 1905 2985 charistia,
1930 2932 2007 2975 88.

1706 2987 1926 3037 Ciboriis
1949 3003 2040 3038 seu
2063 2988 2256 3038 turritis
2277 2987 2512 3038 adiculis
2533 2988 2720 3037 instru-

1646 3052 1729 3098 cta
1745 3051 1942 3110 altaria,
1965 3056 2041 3100 74.
2057 3052 2248 3100 Eorum
2265 3051 2452 3110 forma,
2475 3049 2623 3107 ibid.,
2640 3055 2716 3099 75.

1709 3112 2003 3177 Cicindelis,
2029 3115 2244 3177 lampas,
2267 3117 2344 3162 78.

1706 3173 2016 3224 Claudianus
2036 3173 2341 3234 monachus,
2361 3173 2595 3237 Mamerti
2614 3174 2720 3237 epi-

1643 3237 1790 3298 scopi
1808 3238 2117 3287 Viennensis
2131 3251 2410 3301 germanus
2420 3236 2717 3295 etvicarius,

1705 3360 1946 3410 Clausum
2007 3361 2234 3424 Pascha,
2285 3365 2396 3423 147,
2448 3366 2558 3423 148,
2611 3365 2721 3421 149,

1644 3425 1754 3479 259,
1786 3427 1896 3482 373,
1927 3428 2034 3472 374.

1707 3485 1983 3535 Clementis
2009 3486 2241 3550 episcopi
2275 3490 2327 3534 et
2360 3485 2598 3550 martyris
2631 3500 2720 3535 na-

1645 3546 1764 3612 tale,
1780 3551 1889 3612 217.
1905 3546 2152 3597 Actorum
2170 3546 2214 3612 ej
2223 3563 2281 3598 us
2300 3546 2596 3612 antiquitas,
2608 3551 2717 3597 218.

1703 3609 1887 3658 Clerici
1934 3609 2234 3660 itinerantés
2284 3609 2552 3659 recitando
2598 3613 2714 3659 Bre-

1641 3669 1801 3719 viario
1823 3673 2076 3732 obstricti,
2106 3677 2214 3721 530.

1637 3796 1658 3843 ι
1701 3733 1887 3843 (Σ.ιὲξοί
1915 3735 2190 3799 purpureis
2217 3733 2447 3784 vestibus
2480 3748 2546 3783 ne
2573 3739 2715 3784 utan-

1661 3809 1739 3843 ur.
1833 3832 1846 3843 .

1661 3809 1739 3854 ur,
1769 3801 1846 3845 62.

1701 3858 2019 3908 Clericorum
2080 3859 2334 3910 recitandi
2393 3872 2573 3907 cursus
2622 3871 2712 3905 seu

1639 3919 1884 3985 Breviarii
1923 3922 2168 3985 obligatio
2211 3935 2346 3984 qua,
2371 3927 2422 3969 et
2462 3934 2563 3984 qua
2601 3920 2712 3983 lege

1638 3984 1942 4046 prascripta
1963 3984 2423 4046 ab’Ecclesia,426
2448 3991 2648 4046 etiseqp

1701 4045 2008 4094 Cameteria
2024 4045 2332 4096 sacerdotali
2350 4045 2713 4094 benedictione

1639 4112 1854 4168 sacrata,
1886 4112 1994 4156 165.

1646 4168 1860 4277 12(83am
1900 4171 2124 4233 Domini,
2150 4170 2319 4220 natale
2359 4169 2536 4218 calicis
2561 4169 2719 4230 dicta,

1706 4293 1964 4353 Collecta,
1997 4294 2148 4343 dicta
2185 4293 2444 4344 orationes
2472 4294 2525 4342 in
2562 4293 2721 4342 missa

1641 4353 1848 4404 recitari
1874 4357 2058 4417 solita,
2088 4363 2134 4405 6.

1701 4417 1948 4468 Collectio
1983 4422 2100 4482 post
2133 4419 2366 4479 nomina,
2404 4421 2514 4477 181,
2552 4421 2640 4465 188
2668 4421 2718 4466 et

1634 4492 1751 4526 8800
1757 4515 1769 4526 .

1687 4493 1948 4607 iiqollectio
1972 4542 2037 4591 ad
2063 4555 2268 4607 pacem,
2297 4545 2458 4607 188a!
2485 4556 2620 4607 seqq.

1698 4604 1950 4668 Collectio
1979 4604 2096 4668 post
2120 4605 2519 4668 Eucharistiam,
2541 4604 2649 4653 196.

1699 4665 2062 4729 Collection‘es,
2102 4667 2254 4716 dicta
2292 4665 2553 4717 orationes
2595 4667 2716 4715 mis-

1637 4741 1726 4790 sa,
1752 4732 1832 4789 23,
1860 4733 1941 4789 25,
1972 4734 2050 4790 36,
2080 4732 2157 4777 43.

1675 4791 1882 4861 .Colum
1923 4806 2015 4861 seu
2051 4791 2374 4853 colatorium,
2411 4805 2500 4840 vas
2527 4791 2719 4840 sacriﬁ-

1640 4852 1726 4911 cii,
1753 4857 1863 4913 185,
1888 4857 1995 4913 186.

1701 4861 2150 4965 l(ltilsusihliigsﬁtribus
2174 4915 2228 4964 in
2254 4914 2490 4966 ecclesia
2507 4916 2637 4964 locis
2653 4917 2716 4965 ad

1638 4977 1762 5049 quid
1783 4983 2154 5050 appensa,.90,
2179 4982 2373 5050 91,112..
2388 4978 2652 5050 Columba
2667 4982 2717 5027 et

1639 5040 1969 5104 peristerium
1996 5041 2061 5089 ad
2101 5040 2587 5104 repositoriumrseu
2619 5041 2716 5088 Eu-

1639 5103 1934 5151 charistiam
1954 5103 2342 5163 reservandum,
2365 5107 2442 5150 89.
2464 5103 2716 5152 Columba

1638 5165 1892 5228 sepulcris
1931 5170 1981 5214 et
2018 5165 2227 5215 ciboriis
2265 5165 2610 5228 superposita,
2637 5169 2712 5214 74.

1701 5229 1965 5277 Columna
2003 5228 2068 5277 ad
2106 5228 2286 5290 altare,
2311 5232 2390 5288 69,
2421 5231 2500 5286 73,
2527 5230 2606 5288 74,
2638 5232 2716 5288 75,

1705 5353 2160 5403 Communicantes
2175 5351 2396 5402 hostiam
2416 5350 2470 5400 in
2486 5353 2723 5402 manibus

1643 5414 1924 5478 accipiunt,
1952 5421 2029 5464 52.

1704 5476 2011 5549 Communia
2041 5477 2112 5548 oin
2154 5476 2327 5527 triduo
2364 5480 2481 5526 ante
2511 5477 2721 5549 Pascha,

1643 5540 1750 5586 136.
1782 5539 2156 5604 Commuuione
2186 5553 2293 5588 non
2315 5542 2614 5604 exspectata
2630 5539 2721 5604 qui

1638 5602 2070 5652 communicaturi
2087 5615 2194 5651 non
2207 5606 2353 5651 erant
2364 5601 2585 5650 inmissa
2595 5601 2719 5651 olim

1635 5663 1994 5725 discedebant,
2011 5668 2089 5713 35.
2112 5664 2418 5716 Communio
2438 5664 2534 5713 sub
2555 5665 2719 5714 altera

1635 5739 1825 5789 nempe
1850 5725 1957 5790 vini
1979 5727 2177 5790 specie,
2199 5731 2275 5776 59.
2298 5726 2605 5790 Communia
2622 5727 2717 5777 sub

1636 5800 1740 5838 una
1787 5789 1962 5856 specie
2008 5789 2334 5842 sacramenta
2383 5789 2618 5853 corporis
2669 5795 2720 5841 et

3737 285 3872 338 1128

2790 383 3058 494 saggginis
3080 383 3266 456 Christi
3288 387 3564 450 appellata,
3587 391 3696 437 141.

2792 511 2802 517 _
2981 448 3275 517 petentibus
3319 449 3614 512 symbolum
3659 451 3877 513 quando

2788 507 3051 569 traditum,
3077 513 3185 557 127.

2848 570 3044 618 Concio
3089 586 3236 621 sacra
3269 586 3375 622 non
3413 573 3512 623 nisi
3555 589 3586 623 a
3613 575 3878 624 stantibus

2791 636 3032 694 excepta,
3061 637 3136 681 81.

2850 694 3180 744 Confessores

2789 755 2984 812 afﬂicti,
3011 761 3119 804 290.

2853 817 3283 884 Confractorium,
3303 821 3585 884 antiphona
3601 822 3668 871 ad
3687 823 3877 872 hostia

2788 879 3217 941 contractionem,
3255 885 3300 930 8.

2848 943 3181 992 Consecratio
3211 943 3401 1004 altaris,
3429 948 3537 994 314.

2847 1005 3262 1068 Consecrationis
3285 1006 3520 1068 corporis
3549 1007 3738 1057 Christi
3766 1007 3876 1056 for-

2787 1077 2872 1113 ma
2899 1066 3128 1129 antiqua,
3154 1071 3230 1124 46,
3259 1071 3336 1126 47,
3364 1066 3472 1116 192.

2849 1129 3234 1193 Consummatio
3250 1130 3437 1191 missa,
3457 1144 3548 1179 seu
3567 1131 3734 1180 oratio
3751 1133 3880 1193 post

2787 1191 3234 1250 communionem,
3258 1195 3366 1239 196.

2847 1252 3132 1315 Contestari
3163 1253 3414 1302 beneﬁcia
3436 1254 3549 1315 Dei,
3578 1258 3657 1302 28.

2847 1313 3180 1374 Contestatio,
3220 1315 3504 1364 immolatio
3533 1313 3738 1375 missa,
3783 1319 3870 1364 24.

2786 1374 3038 1436 Prafatio,
3066 1380 3146 1438 28,
3174 1381 3250 1424 45.

2847 1438 3130 1501 Conversio
3145 1438 3248 1501 vini
3269 1438 3322 1486 in
3338 1438 3641 1501 sanguinem
3657 1439 3873 1498 Christi,

2784 1501 2893 1546 208.
2918 1500 2975 1547 In
3002 1499 3334 1559 sacriﬁcium,
3353 1499 3464 1550 209—.
3484 1502 3872 1552 Transmutatio

2785 1563 2838 1608 et
2857 1563 3144 1623 translatio,
3168 1567 3280 1622 214,
3304 1566 3414 1611 228.

2844 1621 3173 1686 Cophanum,
3201 1621 3313 1672 210.

2782 1684 3069 1794 mlCoi-aulesiii
3097 1691 3150 1735 et
3182 1686 3425 1750 Cypriani
3463 1690 3747 1750 martyrum
3777 1701 3874 1736 na-

2857 1760 2906 1794 e.
3032 1784 3044 1794 .

2857 1760 2906 1806 e,
2933 1751 3044 1795 278.

2845 1809 3123 1917 gregale
3143 1808 3377 1872 pallium,
3402 1813 3477 1858 41.
3499 1809 3572 1859 Eo
3593 1814 3875 1861 contectus

2785 1875 2940 1931 calix,
2967 1875 3044 1920 42.

2849 1933 3156 1996 Corporales
3181 1933 3348 1996 palla,
3379 1935 3489 1983 303.

2847 1995 3150 2060 Corporatio
3173 1995 3311 2060 dicta
3334 2008 3438 2043 una
3461 2009 3489 2044 e
3521 2009 3713 2045 novem
3749 2011 3871 2060 par-

2784 2056 2964 2106 ticulis’
2980 2058 3160 2106 hostia
3187 2058 3381 2116 fracta,
3409 2060 3487 2105 13.

2849 2120 3092 2182 Corporis
3129 2119 3316 2170 Christi
3343 2119 3530 2168 veritas
3571 2120 3625 2168 in
3664 2120 3871 2170 Eucha-

2781 2180 3080 2241 risum—369.

2843 2244 3086 2306 corporis
3117 2242 3306 2292 Christi
3342 2256 3465 2292 vera
3491 2243 3782 2293 immolatio
3813 2245 3868 2294 in

2786 2305 3124 2366 Eucharistia,
3151 2310 3262 2353 256.
3309 2331 3320 2340 ο

2848 2369 3047 2430 Corpus
3091 2367 3278 2416 Christi
3320 2366 3641 2416 confractum
3687 2368 3743 2417 in
3785 2383 3869 2418 re-

2786 2429 3085 2493 missionem
3105 2433 3469 2493 ,peccator_um,
3493 2433 3602 2493 192.

2847 2493 3046 2554 Corpus
3059 2491 3246 2541 Christi
3271 2492 3323 2539 in
3344 2491 3664 2554 Eucharistia
3682 2492 3869 2541 immo-

2786 2553 2966 2613 latum,
2987 2558 3093 2602 325.
3117 2556 3227 2603 Hoc
3245 2557 3524 2603 vescuntur
3540 2553 3739 2613 ﬁdeles,
3754 2558 3840 2604 331
3854 2591 3866 2604 .

2848 2616 3048 2678 Corpus
3067 2616 3252 2665 Christi
3272 2629 3366 2679 pro
3386 2616 3534 2679 nobis
3555 2616 3867 2665 cruciﬁxum

2789 2682 2839 2740 et
2857 2679 3160 2740 sanguinem
3178 2678 3444 2740 pro’nobis
3464 2678 3681 2727 eﬁ‘usum
3698 2679 3750 2727 in
3771 2679 3868 2728 Eu-

2789 2739 3030 2788 charistia
3056 2739 3325 2800 sumimus,
3351 2745 3460 2788 300.

2846 2803 3046 2866 Corpus
3061 2808 3111 2851 et
3121 2817 3210 2851 san
3218 2803 3332 2866 guis
3341 2801 3524 2850 Christi
3536 2801 3871 2852 immaculata

2783 2863 3148 2914 benedictione
3175 2863 3622 2924 transformamur,
3658 2868 3767 2912 307.

2845 2928 3042 2990 Corpus
3068 2928 3252 2977 Christi
3288 2928 3341 2975 in
3369 2927 3517 2975 altari
3554 2927 3868 2976 linteamini-

2784 2987 2880 3037 bus
2908 2987 3215 3050 involutum,
3250 2993 3355 3038 315.
3390 2990 3446 3037 1n
3471 2993 3657 3051 patena
3686 2991 3868 3038 confe-

2785 3055 2945 3112 ctum,
2975 3052 3102 3100 ibid.

2846 3115 3045 3176 Corpus
3064 3113 3268 3162 Domini
3286 3113 3616 3176 superaltare
3634 3112 3696 3160 ad
3716 3112 3866 3162 viati—

2785 3189 2906 3223 cum
2949 3175 3165 3224 inﬁrmis
3204 3177 3258 3224 in
3300 3175 3494 3223 buxida
3522 3179 3868 3234 reservatum,

2785 3241 2842 3302 8_4
2869 3240 2919 3302 ei
2945 3251 3080 3302 seqq.
3109 3239 3230 3300 Ejus
3259 3251 3380 3286 usus
3413 3237 3466 3285 in
3507 3237 3744 3286 Ecclesia
3774 3252 3871 3286 an-

2786 3299 3121 3362 tiquissimus,
3147 3299 3212 3349 85
3237 3303 3286 3348 el
3311 3314 3442 3362 seqq.

2848 3360 3045 3426 Corpus
3078 3362 3284 3426 Domini
3319 3360 3427 3426 non
3467 3361 3520 3426 in
3560 3360 3870 3426 imaginario

2786 3424 2988 3486 ordine,
3013 3425 3104 3473 sed
3134 3425 3229 3473 sub
3259 3424 3430 3473 crucis
3461 3424 3612 3471 titulo
3650 3437 3871 3487 compo-

2785 3490 2954 3547 natur,
2984 3492 3063 3546 92,
3090 3491 3171 3546 93,
3197 3490 3274 3535 94.

2845 3549 3090 3597 Cruciﬁxi
3117 3549 3287 3611 imago
3319 3547 3504 3611 velata,
3529 3548 3608 3611 77.

2842 3612 3021 3660 Crucis
3060 3611 3151 3672 (8.)
3186 3609 3400 3659 basilica
3437 3609 3741 3658 Parisiensis
3778 3611 3868 3660 vel

2779 3670 2959 3721 domni
3011 3670 3285 3732 Vincentii,
3331 3684 3470 3720 nunc
3519 3672 3685 3720 sancti
3735 3673 3865 3720 Ger-

2785 3735 2943 3794 mani,
2973 3740 3081 3784 463.

2838 3797 2974 3860 Crux
2999 3803 3049 3846 et
3073 3797 3220 3860 signa
3245 3811 3335 3845 seu
3362 3796 3549 3847 vexilla
3586 3795 3640 3844 in
3669 3797 3867 3859 suppli-

2778 3859 3068 3923 cationibus
3111 3859 3393 3923 pramissa,
3425 3863 3533 3923 154.
3569 3860 3712 3923 Crux
3752 3861 3866 3923 ipsa

2778 3921 2955 3969 titulus
2992 3921 3180 3981 crucis,
3233 3926 3310 3970 93.
3341 3922 3520 3970 Crucis
3566 3921 3618 3969 in
3650 3921 3868 3968 modum

2779 3983 3042 4046 diSposita
3066 3985 3330 4047 particula
3344 3997 3534 4033 novem
3563 3983 3745 4031 hostia
3763 3983 3867 4047 ira-

2780 4049 2894 4108 cla,
2938 4051 3018 4106 13,
3053 4046 3159 4095 449.
3191 4048 3327 4096 Crux
3358 4051 3603 4108 argentea
3631 4058 3733 4108 ara
3768 4046 3867 4108 im-

2780 4111 2964 4171 posita,
2999 4113 3108 4156 186.
3141 4110 3277 4157 Crux
3321 4108 3375 4171 in
3406 4107 3608 4171 summo
3626 4107 3868 4171 Acihorio,

2785 4168 2863 4233 74,
2895 4168 2973 4218 93.
3004 4172 3137 4220 Crux
3167 4170 3423 4233 adpedes
3448 4169 3638 4219 inﬁrmi
3652 4168 3868 4233 agentis

2783 4231 2836 4280 in
2867 4233 3116 4296 extremis
3148 4231 3332 4296 posiia,
3362 4236 3439 4280 93.
3474 4235 3622 4296 Crux
3649 4231 3714 4296 in
3745 4244 3868 4293 pro-

2783 4295 3106 4344 cessionibus
3134 4294 3322 4353 delata,
3346 4299 3455 4342 265.
3475 4294 3656 4342 Crucis
3678 4295 3732 4342 in
3752 4306 3866 4342 mo-

2782 4356 2906 4405 dum
2936 4357 3157 4407 condita
3184 4357 3448 4417 Ecclesia,
3469 4360 3550 4415 68,
3579 4361 3659 4415 69,
3685 4357 3764 4404 70.

2844 4420 3089 4491 cucullus
3129 4433 3308 4483 cappa
3343 4422 3543 4468 assutus
3566 4417 3864 4467 amiciendo

2783 4487 2960 4530 caniti.
2990 4487 3067 4530 62.

2841 4495 3100 4593 83311³2άο
3135 4543 3401 4593 Gallicano
3438 4542 3745 4606 disquisitio,
3772 4544 3864 4606 379

2778 4609 2984 4716 ﬁgeqq.
3014 4608 3206 4656 Cursus
3242 4605 3549 4656 Gallicanus’
3573 4605 3864 4667 uniformis,

2841 4732 3031 4781 Cursus
3049 4732 3187 4782 dicta
3207 4730 3383 4780 divina
3401 4730 3591 4789 ofﬁcia,
3616 4733 3724 4778 379.
3740 4730 3867 4778 Cur-

2780 4805 2931 4842 suum
2973 4795 3445 4844 ecclesiasticorum
3478 4793 3619 4842 varia
3650 4805 3866 4853 genera,

2784 4858 2892 4904 380.
2924 4858 3003 4906 An
3027 4857 3166 4906 idem
3195 4870 3314 4906 cum
3344 4856 3567 4918 liturgia,
3597 4857 3708 4918 381.

2843 4919 3034 4967 Cursus
3068 4934 3159 4969 seu
3188 4918 3433 4968 breviarii
3469 4916 3724 4967 iecitandi
3747 4929 3865 5027 (ἓιω

2843 4980 2988 5027 ericis
3030 4981 3275 5027 obligatio
3310 4981 3614 5027 nrascrinta
3652 4979 3718 5027 ab
3813 4991 3865 5027 c-

2783 4980 2988 5044 clericis
3030 4981 3275 5044 obligatio
3310 4981 3614 5044 prascripta
3652 4979 3718 5028 ab
3769 4979 3866 5027 Ec-

2782 5042 2957 5105 clesia,
2987 5048 3076 5106 426
3101 5042 3294 5106 et'seqq

2841 5103 3082 5174 Cypriani
3099 5103 3333 5174 episcopi
3352 5109 3404 5154 et
3420 5104 3658 5174 martyris
3674 5103 3865 5174 natale,

2779 5166 2896 5214 278$
2916 5166 3003 5218 ‘Ab
3039 5182 3102 5217 eo
3131 5166 3223 5217 'die
3252 5166 3534 5216 numerata
3557 5166 3863 5224 Dominica,

2784 5227 2913 5294 ibid.
2941 5230 3064 5294 Ejus
3087 5231 3191 5281 loci
3218 5230 3446 5294 insignes
3468 5229 3545 5294 de
3585 5229 3781 5294 Yiatico
3814 5231 3865 5275 et

2781 5290 3120 5357 Eucharistia,
3143 5298 3220 5356 85,
3251 5290 3344 5340 86.“
3362 5291 3726 5362 Der-Trinitatis
3749 5303 3865 5362 per-

2787 5367 3031 5404 sonarum
3079 5354 3573 5405 commemoratione
3628 5354 3684 5402 in
3731 5354 3865 5414 epis-

2785 5417 2905 5467 tola
2929 5419 2949 5466 i
2977 5419 3194 5468 Joannis
3222 5431 3376 5468 versu
3398 5427 3490 5478 vn,
3519 5419 3627 5476 476,
3661 5417 3766 5464 477.

3287 5533 3360 5624 D

2849 5669 3052 5734 Damasi
3078 5669 3207 5734 falsa
3232 5670 3450 5734 epistola
3468 5669 3764 5732 decretalis,
3783 5674 3862 5722 25.

2785 5731 3072 5846 “Decima
3096 5731 3280 5798 quales
3299 5737 3348 5785 et
3373 5734 3562 5799 quibus
3581 5731 3863 5804 solvenda,

3213 697 3479 759 proposito
3519 697 3876 762 castigationis
