4044 6196
426 313 480 371 li
1759 311 1814 366 S.
1852 311 2124 368 JOANNIS
2161 309 2351 369 PAPAS
2391 313 2458 367 IIl
3228 301 3234 306 ’
3715 307 3776 370 i2

421 426 516 498 (a),
541 439 764 481 menses
792 421 1077 494 undecim,
1105 421 1224 480 dies
1251 419 1451 494 viginti
1477 435 1594 475 sex.
1628 418 1723 473 Hic
1758 417 2048 490 ampliavit
2067 436 2127 507 Α
2155 417 2303 493 [Cod.
2339 422 2490 483 Luc.,
2525 423 2622 474 aut
2659 421 2808 473 certe
2849 399 3241 491 etcivitatem]
3303 418 3639 489 Romanam,
3681 425 3782 476 aut

425 516 574 593 [Cod.
600 517 752 584 Lua,
783 516 1010 592 amavit]
1042 522 1099 574 et
1117 513 1448 572 restauravit
1481 511 1800 569 caemeteria
1823 519 2043 570 sancto-

418 629 550 670 rum
575 618 913 687 martyrum.
935 611 1038 670 Hic
1068 608 1355 667 constituit
1383 611 1447 664 ut
1471 607 1777 663 oblationes
1788 609 1860 663 ‘et
1881 624 2045 664 amu-

417 706 510 775 lte,
545 707 635 762 vel
674 705 977 762 luminaria
995 704 1075 758 ein
1119 701 1316 757 eadem
1351 700 1671 756 cmmeteria
1709 717 1814 772 per
1849 717 2048 756 omnes

419 799 728 856 dominicas
767 799 836 855 de
861 795 1147 854 Lateranis
1183 795 1661 850 ministrarentur.
1691 793 1786 848 llic
1813 795 2049 865 perfecit

417 892 709 950 ecclesiam
735 896 1057 947 sanctorum
1083 887 1331 960 Philippi
1371 892 1427 943 et
1449 886 1656 956 Jacobi,
1687 890 1743 941 et
1769 886 2048 942 dedicavit

419 1003 569 1044 eam.

487 1078 697 1136 Eodem
722 1081 977 1149 tempore
998 1075 1154 1132 Eruli
1188 1073 1429 1148 [FO-rsum
1462 1075 1655 1130 Ileruli
1683 1074 1743 1130 in
1767 1075 2040 1149 Tusciam]

415 1172 476 1228 in
499 1171 756 1227 Tursiam
788 1167 937 1242 [ϐοά.
973 1173 1124 1232 Luc.,
1168 1167 1434 1241 Tassiam]
1465 1167 1745 1237 exierunt,
1789 1173 1846 1224 et
1892 1169 2044 1224 leva-

415 1269 621 1322 verunt
658 1262 764 1319 sibi
818 1278 1015 1334 regem
1072 1261 1306 1317 Sindual
1358 1260 1506 1333 [Cod.
1554 1263 1704 1325 Luc.,
1747 1260 2042 1335 Sinduad],

417 1363 474 1416 et
497 1355 832 1431 premebant
869 1360 1129 1410 cunctam
1172 1353 1406 1410 Italiam.
1447 1358 1516 1409 At
1553 1370 1812 1426 egressus
1848 1355 2047 1410 Narses

416 1452 487 1508 ad
511 1467 664 1519 eum,
695 1447 978 1504 interfecit
1001 1465 1198 1520 regem
1230 1447 1378 1520 [ϐοά.
1407 1451 1556 1512 Luc.,
1597 1447 1926 1504 interfectus
1964 1453 2049 1504 est

415 1541 562 1618 rex],
605 1547 662 1599 et
696 1557 928 1598 omnem
971 1545 1201 1613 gentem
1237 1540 1538 1597 Erulorum
1566 1540 1670 1596 sibi
1705 1540 2044 1613 subjugavit.

415 1636 628 1693 Deinde
670 1635 826 1691 venit
865 1633 1144 1706 Amingus
1181 1633 1296 1688 dux
1331 1634 1697 1704 Francorum,
1742 1640 1799 1691 et
1849 1635 2045 1690 Bucel-

415 1728 566 1786 linus
585 1728 676 1800 (ὁ),
703 1731 760 1783 et
783 1726 957 1782 simili
973 1726 1144 1782 modo
1162 1725 1272 1798 ipsi
1292 1726 1626 1798 premebant
1652 1726 1889 1784 Italiam.
1913 1727 2043 1798 Sed,

2147 518 2296 570 certe
2350 511 2612 585 gentibus
2677 511 3072 566 deserviamus.
3137 511 3258 576 Quo
3307 509 3521 580 audito,
3580 511 3782 568 Narses

2147 607 2290 663 dixit
2319 624 2332 663 :
2367 607 2427 665 Si
2455 607 2602 662 mala
2627 605 2734 660 feci
2776 606 3048 672 Romanis
3064 623 3080 675 ;
3113 605 3260 660 male
3289 604 3596 661 inveniam.
3625 608 3782 663 Tunc

2147 717 2404 773 egressus
2433 701 2634 756 Narses
2658 700 2728 755 de
2767 701 2968 768 Roma,
2995 699 3149 754 venit
3189 698 3249 753 in
3299 699 3689 770 Campaniam,
3723 705 3783 755 et

2147 795 2369 866 scripsit
2444 793 2599 865 genti
2661 793 3166 864 Langobardorum
3231 795 3298 846 ut
3368 791 3658 860 venirent,
3724 798 3781 848 et

2144 887 2501 958 possiderent
2528 886 2762 941 Italiam.
2796 888 2863 942 Ut
2887 885 3156 956 cognovit
3178 885 3420 940 Joannes
3443 901 3606 957 papa,
3645 885 3780 957 quia

2147 981 2569 1051 suggestionem
2605 996 2762 1034 suam
2802 979 2874 1034 ad
2911 979 3318 1050 imperatorem
3347 983 3544 1033 contra
3586 979 3780 1034 Narse-

2144 1077 2262 1128 tem
2317 1073 2622 1141 misissent,
2665 1072 2904 1126 festinus
2941 1071 3096 1125 venit
3146 1070 3458 1142 Neapolim,
3499 1071 3778 1142 coepitque

2147 1183 2277 1220 eum
2301 1167 2546 1222 Joannes
2573 1182 2720 1238 papa
2750 1181 2975 1236 rogare,
3009 1169 3071 1219 ut
3095 1168 3472 1219 reverteretur
3513 1165 3776 1219 Romam.

2145 1261 2296 1316 Tunc
2330 1261 2530 1316 Narses
2569 1259 2710 1314 dixit
2764 1259 2814 1314 ei
2855 1275 2870 1314 :
2915 1257 3032 1328 Dic,
3079 1257 3392 1312 santissime
3434 1274 3600 1329 papa,
3638 1258 3780 1330 quid

2145 1355 2283 1410 mali
2309 1355 2417 1410 feci
2453 1351 2766 1410 Romanis?
2815 1351 3025 1406 Vadam
3070 1350 3142 1406 ad
3185 1351 3355 1422 pedes
3395 1351 3516 1422 ejus
3563 1350 3662 1422 qui
3688 1367 3778 1407 me

2144 1448 2320 1518 misit,
2371 1452 2436 1502 ut
2477 1449 2782 1518 cognoscat
2832 1443 3020 1503 omnis
3068 1443 3243 1512 Italia,
3303 1443 3592 1516 quomodo
3646 1443 3780 1500 totis

2145 1540 2357 1597 viribus
2385 1539 2634 1596 laboravi
2659 1555 2765 1612 pro
2791 1554 2878 1594 ea.

2219 1633 2784 1706 ResponditJoannes
2798 1647 2963 1704 papa,
2987 1629 3176 1685 dicens
3196 1645 3210 1682 :
3232 1629 3404 1685 Citius
3427 1645 3535 1702 ego
3553 1631 3775 1701 vadam,

2146 1743 2317 1800 quam
2342 1731 2404 1782 tu
2430 1727 2499 1782 de
2534 1725 2639 1780 hac
2677 1730 2828 1780 terra
2864 1739 3124 1795 egressus
3163 1723 3358 1778 fueris.
3391 1724 3668 1779 Reversus
3694 1729 3780 1780 est

415 1821 722 1880 auxiliante
746 1819 1008 1888 Domino,
1037 1823 1094 1874 et
1118 1819 1224 1890 ipsi
1249 1835 1282 1872 a
1311 1819 1537 1875 Narsete
1573 1819 1856 1876 interfecti
1893 1825 2044 1876 sunt.
2067 1809 2124 1880 B
2148 1837 2286 1892 ergo
2338 1821 2538 1874 Narses
2575 1835 2708 1874 cum
2754 1819 2968 1873 Joanne
3013 1815 3362 1872 sanctissimo
3405 1834 3572 1890 papa.
3624 1819 3777 1872 Tunc

413 1917 549 1973 Erat
574 1930 713 1986 ergo
740 1917 859 1970 tota
883 1911 1037 1968 Italia
1057 1911 1330 1983 gaudens.
1369 1913 1523 1968 Tunc
1562 1913 1804 1968 Romani
1834 1913 1917 1986 (ο),
1957 1914 2047 1969 in-

415 2008 566 2064 vidia
597 2005 752 2064 ducti
797 2009 1206 2078 suggesserunt
1246 2003 1466 2060 Justino
1517 2003 1665 2078 [Cod.
1698 2009 1849 2070 Luc.,
1889 2006 2051 2062 lusu-

414 2099 608 2176 niano]
634 2104 691 2157 et
705 2099 955 2172 Sophim,
969 2098 1105 2171 quia
1120 2097 1412 2170 expediret
1439 2097 1678 2171 [Forsan,
1695 2099 1828 2172 quia
1843 2100 2044 2175 magis]

417 2196 706 2254 Romanos
733 2191 930 2249 Gothis
976 2191 1206 2261 servire,
1235 2207 1409 2262 quam
1452 2191 1678 2263 Grecis,
1718 2192 1813 2248 ubi
1851 2193 2050 2250 Narses

417 2287 711 2346 eunuchus
735 2285 997 2358 imperat,
1029 2290 1086 2340 et
1109 2285 1336 2340 servitio
1363 2301 1468 2342 nos
1495 2285 1739 2357 subjicit,
1782 2290 1838 2341 et
1861 2287 2048 2359 piissi-

417 2397 546 2439 mus
568 2380 884 2452 imperator
901 2379 1023 2434 haec
1051 2375 1200 2451 [Cod.
1229 2380 1378 2442 Luc.,
1401 2379 1666 2450 princeps
1683 2384 1878 2435 noster
1906 2379 2043 2455 hinc]

416 2475 664 2548 ignorat.
709 2475 821 2528 Aut
860 2471 1038 2527 libera
1079 2487 1186 2527 nos
1225 2471 1296 2527 de
1332 2487 1508 2527 manu
1537 2473 1658 2544 ejus
1683 2477 1740 2528 et
1767 2472 2050 2530 civitatem

419 2579 674 2638 obscenis
717 2579 1022 2650 volutatus,
1080 2577 1275 2633 illicita
1332 2578 2050 2650 conjugiaiconstitutione

419 2669 520 2709 sua
535 2650 926 2724 approbasset,
943 2649 1730 2724 justumquematrimonium
1761 2653 2050 2707 communi

417 2720 734 2795 conjugum
776 2720 1357 2795 _consensu_dissolvi
1428 2736 1616 2795 posse,
1665 2721 1791 2795 lege
1841 2724 2052 2778 sancita

419 2790 714 2866 edixisset;
760 2791 1027 2866 denique,
1074 2790 1124 2866 si_
1158 2807 1272 2866 non
1305 2790 1558 2866 pecuniae
1583 2790 1849 2866 ardenter
1873 2811 2047 2866 appe-

418 2871 562 2932 tens,
593 2865 766 2936 etiam
791 2862 922 2936 ipsa
937 2862 1249 2936 sacerdotia
1262 2862 1502 2936 plebeiis
1527 2863 1852 2936 hominibus
1877 2862 2046 2924 vena-

417 2937 488 2993 lia
517 2933 867 3006 exposuissét
905 2935 1194 3006 (Euagrius
1230 2933 1323 2986 lib.
1363 2948 1416 2997 ν,
1458 2937 1695 3006 eap._l)_._
1727 2934 1802 2988 De
1829 2936 2048 3006 Justino

419 3002 608 3063 refert'
629 3005 932 3069 Cedrenus,
981 3002 1132 3073 quod
1177 3018 1307 3073 cum
1341 3003 1492 3072 apud
1527 3002 1764 3060 rebelles
1798 3005 2050 3060 subditos

420 3076 779 3155 scriptis‘non
803 3072 1119 3155 proficeret,
1149 3072 1219 3155 ad
1248 3074 1520 3155 populum
1548 3073 1724 3155 libere
1751 3075 1974 3155 dixerit,
1999 3076 2050 3155 si

418 3143 713 3232 praeceptis
737 3143 852 3199 suis
865 3160 1076 3270 (parere
1102 3143 1338 3209 nollent,
1354 3143 1538 3225 alium.
1557 3145 1662 3200 sibi
1690 3163 1790 3200 suo
1814 3147 2048 3201 arbitrio

419 3225 824 3270 imperatorem
905 3215 1200 3270 eligerent.
1240 3236 1267 3264 «
1297 3216 1414 3270 Ego
1451 3231 1603 3270 enim
1634 3217 1816 3270 (illum
1843 3218 2048 3270 dixisse

419 3215 1205 3291 imperatoremAdeliger‘ent:
1240 3236 1267 3264 «
1297 3215 1603 3291 Ego__enim
1634 3217 1816 3291 (illum
1843 3218 2049 3274 dixisse

421 3285 524 3360 ait]
538 3285 1238 3360 contttmacibus,:injustis
1274 3291 1330 3339 et
1358 3285 1552 3360 aliena
1589 3285 1906 3360 volentibus
1937 3291 2047 3344 im-

421 3356 622 3434 perare
668 3359 823 3414 nolo.
857 3376 886 3409 »
911 3357 1101 3434 __Addit
1120 3356 1312 3434 ﬂuuius
1351 3357 1659 3434 refractarii
1696 3361 1950 3434 graviore
1991 3365 2050 3434 et

422 3427 710 3488 acerbiore
765 3427 1037 3503 supplicio
1080 3427 1362 3503 effectunr
1390 3428 1588 3503 fuisse,
1627 3427 1944 3503 utfubique
1987 3431 2048 3486 in

423 3518 645 3559 summa
672 3516 808 3574 pace
825 3495 1132 3574 viveretur,
1149 3495 1330 3570 atque'
1347 3498 1492 3554 intra
1520 3495 1870 3574 trigesimani
1896 3503 2050 3558 diem

421 3590 610 3646 neque
634 3571 788 3628 actor
814 3571 960 3646 ullus
996 3577 1160 3646 esset,
1184 3586 1370 3646 neque
1397 3587 1526 3646 reus
1544 3571 1904 3646 injuriarum.

495 3642 656 3701 Snno
680 3647 712 3699 0
743 3642 1099 3714 pontificatus
1134 3642 1379 3714 Joannis,
1427 3642 1525 3714 qui
1565 3642 1650 3698 est
1680 3644 1884 3699 Christi
1923 3648 2047 3714 568,

424 3715 695 3787 Alboinus
720 3711 1337 3787 rex_Lan_gobardorum
1373 3728 1404 3766 e
1430 3711 1718 3770 Pannonia
1746 3716 1956 3787 (quam,
1980 3711 2052 3772 ex

425 3784 792 3863 Scaudinavia
820 3783 1005 3863 insula
1029 3798 1385 3863 progressus,
1413 3799 1530 3863 per
1563 3801 1694 3863 suos
1723 3783 2050 3863 occupatam

425 3855 798 3928 quadraginta
847 3852 1068 3928 duobus
1122 3852 1286 3907 annis
1334 3852 1671 3928 obtinuerat)
1719 3852 1936 3928 primus
1974 3857 2051 3928 in

425 3873 798 3928 quattragmta
849 3873 1068 3908 (11100115
1122 3873 1286 3907 8111118
1334 3873 1671 3926 eminuerat)
1760 3873 1936 3911 rimus
1989 3875 2051 3912 1n

423 3924 890 3999 ltaliamginagnis
913 3924 1123 3999 viribus
1141 3925 1701 3999 potensingreditur.
1719 3873 1832 3982 ger
1856 3927 2051 3999 conju-

428 3998 588 4071 gium
632 3993 1015 4071 Clotliosindaa_
1038 3993 1265 4050 Clotarii
1301 3993 1453 4063 filim,
1493 4013 1686 4067 quam,
1709 4003 1872 4071 _teste
1909 3993 2048 4055 Gre-

427 4067 609 4142 gorio,
636 4067 694 4142 in
722 4082 960 4142 uxorem
984 4067 1508 4142 duxerat,_quatuor
1529 4084 1692 4142 reges
1708 4069 2051 4142 Francorum

425 4136 532 4195 sibi
559 4137 973 4204 confcederavit,
1002 4137 1076 4191 ita
1106 4142 1168 4192 ut
1203 4136 1444 4192 aliorum
1473 4136 1643 4193 etiam
1678 4139 2050 4196 barbarorum

425 4211 632 4266 auxilia
656 4210 912 4280 adeptus,
932 4208 1198 4262 Romanis
1217 4208 1446 4263 effectus
1465 4208 1637 4265 fuerit
1653 4209 2046 4268 formidabilis.

425 4282 556 4338 Post
579 4279 851 4354 vastatam
877 4281 1144 4354 Venetam
1159 4279 1526 4354 provinciam,
1549 4287 1851 4354 captasque
1871 4300 2048 4354 prope

427 4355 727 4425 universas
758 4350 1000 4425 Liguriae
1040 4349 1289 4425 civitates
1327 4349 1683 4425 (iustoeni'm
1722 4349 1818 4408 Dei
1833 4349 2048 4425 judicio

425 4425 678 4496 primum
705 4421 847 4496 feris
859 4421 1112 4496 barbaris
1137 4421 1509 4496 consumendi
1531 4421 1852 4478 traduntur
1868 4426 2044 4480 schis-

425 4493 617 4566 inatici
653 4494 1025 4566 Aquileiensis
1048 4493 1355 4566 provinciae
1376 4493 1475 4566 illi,
1513 4509 1655 4566 quos
1695 4500 1810 4550 tam
1850 4497 2048 4552 multis

425 4564 629 4622 litteris
657 4552 908 4635 Pelagius
931 4552 1076 4635 papa
1111 4564 1182 4619 ad
1239 4552 1494 4620 Ecclesia:
1529 4552 1803 4621 unionem
1840 4567 2044 4622 invita-
2065 4552 2126 4626 Ῑ)

427 4636 612 4710 _ver_a_t_)_
638 4640 847 4710 praeter
889 4650 990 4710 eas
1014 4651 1140 4705 qua:
1185 4635 1256 4710 in_
1294 4636 1701 4710 littore_maris
1735 4639 1856 4693 sita:
1893 4644 2044 4710 sunt,

425 4704 658 4762 insidiis
684 4704 1044 4761 Rosimundaé
1097 4706 1290 4760 uxoris
1337 4707 1691 4776 interficitur,
1750 4726 1881 4764 cum
1934 4704 2048 4766 tres

427 4793 605 4833 annos
641 4781 698 4850 et
738 4791 834 4850 sex
871 4776 1186 4850 mensesin
1223 4776 1723 4850 Italia_regnasset.
1775 4780 2050 4836 Successit

427 4854 556 4921 post
605 4846 904 4902 Alboinum
961 4846 1206 4921 Clephis,
1249 4846 1543 4921 tenuitque
1586 4865 1829 4920 regnum
1879 4852 2048 4908 Italia

427 4917 578 4994 anno
624 4934 739 4994 uno
773 4924 851 4994 et
878 4917 1165 4994 mensibus
1200 4917 1474 4994 quinque:
1516 4921 1590 4974 Ita
1633 4917 1732 4975 Dei
1769 4923 2049 4994 permissu

427 4990 532 5064 feri
555 4988 788 5064 barbari
819 4989 1029 5064 Italiam
1053 4989 1314 5044 invadere
1335 4988 1645 5064 coeperunt,
1693 4988 1921 5064 ut'ejus
1955 4997 2050 5050 do-

427 5061 604 5118 minio
655 5060 959 5115 orientales
1009 5060 1749 5133 imperatoresfquibusvis
1799 5060 2050 5122 barbaris

425 5133 690 5206 adversus
717 5133 996 5206 Romanos
1011 5132 1461 5199 truculentiores,
1476 5132 1764 5206 paulatim
1785 5143 2046 5206 exueret;

427 5203 617 5279 sicque
643 5203 872 5279 tandem
897 5203 1186 5279 tieret,_ut
1231 5219 1464 5279 excussa
1507 5205 1828 5279 Grzecorum
1856 5203 2048 5279 tyran-

425 5274 579 5342 nide,
612 5279 668 5329 et
694 5275 984 5328 vendicata
1021 5291 1051 5327 a
1081 5275 1304 5328 Francis
1327 5291 1456 5330 cum
1483 5276 1625 5330 urbe
1655 5278 1822 5342 Italia,
1855 5274 2050 5333 eadem

427 5359 637 5417 magna
665 5362 734 5402 ex
773 5353 934 5417 parte
977 5345 1229 5400 Romano
1267 5347 1516 5417 pontiﬁci
1544 5348 1786 5403 cederet.
1825 5349 2051 5417 (Paulus

427 5416 688 5554 iigcopus
713 5416 790 5472 de
814 5416 988 5474 Gestt's
1019 5416 1503 5486 Langobardorum
1543 5419 1636 5473 lib.
1675 5436 1715 5475 ιι
1755 5416 1874 5490 cap.
1906 5423 1971 5477 10
2001 5426 2053 5476 et

517 5503 571 5554 q.

423 5501 552 5543 8600
558 5528 571 5542 .

481 5502 758 5634 igjknnis
781 5558 1050 5634 tredecim
1074 5562 1243 5634 atque
1262 5559 1458 5614 diebus
1473 5561 1896 5634 quatuordecim
1916 5579 2054 5634 pon-

423 5629 697 5687 tificatum
741 5631 989 5706 tenuisse
1025 5629 1278 5706 indicant
1297 5647 1376 5706 ea
1415 5629 1678 5706 tempore]
1693 5633 1898 5706 quibus
1917 5629 2053 5706 'hoc

423 5717 634 5778 munus
667 5701 1052 5778 apostolicum
1097 5700 1490 5778 administrare
1533 5700 1732 5778 cmpit'
1757 5704 2049 5778 et‘desiit,

425 5789 484 5834 tu
507 5774 638 5832 Idus
661 5771 792 5834 Julii
830 5771 1162 5836 deuinctum
1201 5788 1320 5830 esse
1353 5772 1564 5834 fatetur
1599 5771 1942 5836 Anastasius.
1995 5776 2053 5838 Si

421 5861 560 5922 ergo
575 5845 668 5905 die
681 5848 748 5906 27
773 5843 928 5906 Junii
943 5846 1070 5922 post
1082 5843 1475 5920 interregnum
1497 5845 1676 5904 trium
1697 5846 1980 5907 mensium
1996 5852 2052 5913 et

2068 3176 2123 3251 C

2151 1913 2532 1968 sanctissimus
2560 1928 2709 1984 papa
2733 1909 2966 1966 retinuit
3005 1925 3064 1964 se
3096 1909 3156 1964 in
3191 1911 3512 1966 cmmeterio
3550 1915 3776 1967 sancto-

2149 2024 2280 2063 rum
2307 2006 2544 2062 Tiburtii
2589 2009 2646 2060 et
2689 2002 2988 2072 Valeriani,
3029 2007 3086 2058 et
3119 2002 3394 2058 habitavit
3419 2003 3498 2058 ibi
3531 2005 3778 2060 multum

2147 2099 2442 2173 temporis,
2469 2103 2536 2154 ut
2559 2098 2731 2154 etiam
2758 2097 3050 2168 episcopos
3079 2095 3156 2151 ibi
3175 2102 3549 2153 consecraret.
3578 2099 3777 2154 Narses

2148 2211 2282 2250 vero
2308 2194 2596 2266 ingressus
2623 2193 2883 2261 Romam,
2911 2195 3040 2262 post
3063 2205 3183 2245 non
3218 2187 3298 2262 [In
3338 2191 3467 2248 Cod.
3503 2195 3630 2248 Luc.
3659 2209 3779 2249 non

2148 2286 2309 2361 deest]
2340 2287 2586 2342 multum
2610 2284 2882 2356 temporis
2905 2287 3181 2338 mortuus
3209 2287 3314 2338 est.
3357 2284 3527 2355 Cujus
3573 2299 3780 2358 corpus

2147 2381 2395 2454 positum
2417 2379 2573 2435 estin
2602 2377 2802 2433 locello
2829 2376 3117 2448 plumbeo,
3137 2380 3194 2431 et
3217 2375 3510 2431 reductum
3540 2361 3780 2434 est'cum

2151 2475 2413 2530 omnibus
2437 2472 2646 2528 divitiis
2665 2471 2786 2542 ejus
2805 2469 3380 2542 Constantinopolim.
3411 2471 3622 2526 Eodem
3641 2477 3782 2528 tem-

2149 2581 2348 2653 viginti
2385 2580 2638 2653 quinque
2675 2579 2918 2646 dierum,
2955 2578 3350 2653 pontificatum
3391 2578 3628 2653 adeptus
3669 2579 3778 2653 fuit

2148 2651 2300 2707 anno
2327 2651 2531 2708 Christi
2559 2654 2660 2706 559
2698 2656 2764 2704 ut
2801 2666 2974 2720 supra
3007 2651 3123 2704 dixi
3161 2651 3476 2703 necessario
3504 2651 3778 2705 afﬁrmari

2149 2724 2315 2796 debet
2342 2723 2494 2796 quod
2519 2722 2617 2792 qui
2645 2722 2714 2775 ad
2744 2737 2996 2796 mensem
3020 2721 3232 2796 Julium
3265 2721 3400 2796 anni
3441 2724 3542 2796 572
3583 2737 3776 2796 super-
3801 2761 3804 2764 .

2147 2795 2306 2866 vixit,
2328 2790 2444 2866 per
2484 2790 2660 2866 annos
2694 2793 2962 2866 tredecim
3009 2797 3066 2846 et
3099 2791 3217 2846 dies
3256 2790 3548 2845 duodecim
3582 2792 3773 2847 sedem

2147 2862 2498 2938 pontificiam
2523 2862 2851 2938 obtinuerit.

2223 2937 2290 3004 (ὁ)
2324 2937 2448 2990 Ilzec
2473 2939 2612 2988 teste
2645 2933 2883 3004 Agathia
2914 2931 3012 2986 lib.
3050 2949 3105 2988 ιν
3143 2931 3500 3003 contigerunt
3531 2949 3680 2988 anno
3703 2935 3773 2989 29

2146 3005 2445 3062 Iustiniani
2481 3004 2858 3075 imperatoris,
2903 3020 3052 3058 anno
3080 3004 3301 3058 Domini
3329 3007 3450 3072 555,
3481 3004 3585 3058 sub
3629 3021 3808 3074 βου-ε

2147 3078 2361 3132 tificatu
2415 3076 2622 3147 Vigilii,
2674 3081 2730 3129 et
2774 3075 3168 3130 Theodobaldo
3221 3076 3564 3147 Francorum
3597 3092 3772 3147 grege.

2150 3151 2310 3204 Errat
2338 3145 2529 3219 itaque
2555 3147 3025 3219 Anastasius,_qui
3046 3147 3195 3219 hanc
3220 3145 3513 3200 historiam
3543 3146 3610 3201 ad
3637 3145 3776 3200 tein-
3825 3169 3832 3175 ·

2149 3237 2287 3292 pora
2327 3217 2556 3274 Joannis
2597 3234 2756 3288 papae
2807 3218 2876 3292 III,
2913 3217 3004 3272 hic
3056 3217 3230 3272 refert
3279 3219 3440 3287 (Vide
3479 3219 3774 3273 Barom’um

2124 3289 2294 3345 'anno
2322 3293 2422 3344 555
2449 3305 2596 3344 num.
2629 3293 2694 3343 I2
2719 3294 2769 3343 et
2801 3289 2906 3358 15).

2223 3362 2286 3432 (c)
2315 3361 2395 3416 Ad
2425 3359 2718 3432 historiam
2744 3359 2909 3432 istam
2951 3358 3226 3432 Anastasii
3261 3359 3774 3432 Paulusdiaconus

2149 3429 2250 3487 lib.
2272 3429 2297 3487 ἰ
2325 3449 2448 3502 cap.
2481 3435 2512 3486 5
2542 3432 2611 3486 de
2637 3431 2819 3502 Gestis
2841 3429 3336 3502 Langobardorum
3367 3430 3541 3502 addit,
3575 3431 3773 3486 Narse-

2149 3508 2265 3558 tcm
2290 3501 2676 3558 Romanorum
2712 3501 2978 3556 invidiam
3005 3501 3330 3562 incurrisse.
3364 3501 3498 3572 quia
3530 3503 3776 3558 multum

2149 3575 2272 3630 auri
2297 3580 2354 3628 et
2377 3573 2620 3644 argenti,
2644 3573 3014 3644 aliarumque
3053 3588 3246 3644 rerum
3287 3573 3776 3644 divitiasracquisi-

2149 3645 2335 3700 visset.
2362 3646 2423 3700 In
2453 3643 2684 3716 reliquis
2708 3643 2824 3716 fere
2851 3643 3222 3716 conveniunt;
3255 3643 3363 3716 nisi
3390 3643 3539 3714 quod
3571 3643 3776 3700 Paulus

2150 3716 2418 3772 diaconus
2461 3713 2754 3770 historiam
2792 3714 2936 3768 hanc
2960 3713 3127 3785 paulo
3153 3713 3429 3783 prolixius
3467 3719 3785 3774 recenseat.

2149 3788 2448 3858 Utriusque
2502 3786 2796 3858 historiam
2839 3791 3107 3858 tanquam
3149 3785 3459 3839 fabulosam
3504 3791 3559 3839 et
3604 3785 3775 3857 plane

2149 3855 2591 3912 commentitiam
2617 3856 2821 3911 refellit
2856 3855 3130 3910 Bar’onius
3157 3872 3308 3910 anno
3353 3859 3474 3924 567,
3515 3855 3675 3911 nuin.
3709 3861 3768 3914 11

2150 3934 2207 3982 et
2229 3927 2554 4000 seqq.,iubi,
2583 3931 2810 3981 auctore
2835 3928 3076 3998 Corippo
3102 3927 3469 4000 grammatico
3491 3927 3770 4000 Africano,

2149 3998 2393 4054 ostendit
2419 3999 2700 4052 Narsetem
2733 4002 2864 4052 ante
2886 4015 3100 4052 annum
3129 4001 3250 4065 567,
3281 4013 3394 4068 quo
3423 3998 3776 4069 Langobardi

2149 4086 2218 4125 ex
2248 4070 2530 4123 Pannonia
2555 4069 2616 4124 in
2646 4069 2858 4124 Italiam
2885 4069 3104 4123 irruere
3139 4073 3451 4140 coeperunt,
3495 4070 3774 4124 Constan-

2147 4141 2451 4211 tinopolim
2475 4145 3234 4212 revocatum,magnumque
3265 4140 3544 4195 honorem
3569 4156 3770 4195 conse-

2149 4217 2340 4266 cutum
2369 4212 2558 4266 fuisse.
2586 4211 2794 4266 Deinde
2822 4211 2972 4266 idem
2998 4227 3064 4266 eo
3091 4211 3430 4282 argumento
3467 4211 3767 4282 convincit,

2147 4283 2305 4354 quod
2340 4283 2446 4354 ipsi
2473 4283 2680 4353 scripto
2723 4283 3257 4354 proprioifatentur
3286 4283 3497 4338 mortui
3538 4283 3774 4354 cadaver

2147 4353 2277 4410 cum
2297 4353 2512 4408 henore
2533 4353 3072 4423 Constantinopolim
3091 4353 3423 4408 translatum
3448 4370 3586 4408 esse.
3610 4353 3771 4418 Quod

2148 4425 2195 4480 si
2225 4441 2422 4480 verum
2445 4430 2548 4494 est,
2580 4425 2688 4496 ipsi
2717 4425 3003 4496 Narsetem
3031 4425 3101 4478 ab
3130 4424 3285 4496 Italia
3310 4424 3643 4496 proditionis
3669 4424 3771 4480 cri-

2147 4497 2300 4552 mine
2325 4495 2641 4551 immunem
2664 4495 2928 4562 reddunt,
2951 4511 3224 4566 suamque
3245 4495 3348 4551 hac
3366 4498 3434 4552 de
3457 4512 3516 4550 re
3536 4512 3766 4550 enarra-

2147 4567 2362 4622 tionem
2409 4567 2468 4622 in
2521 4567 2948 4622 mendaciorum
3008 4566 3256 4621 textrina
3318 4572 3577 4623 contexta
3627 4582 3767 4634 esse,

2145 4639 2375 4711 propria
2412 4637 3066 4711 confessionerevelant.
3107 4638 3244 4711 Eam
3283 4638 3330 4692 si
3369 4641 3586 4711 Narses,
3617 4637 3773 4710 quod

2146 4708 2401 4766 referunt
2435 4709 2536 4778 illi,
2581 4709 2976 4780 Langobardos
3007 4708 3067 4762 in
3115 4709 3326 4781 Italiam
3361 4708 3773 4781 evocavitfpro

2148 4781 2372 4836 sceleris
2426 4781 2838 4852 magnitudine,
2889 4795 3007 4836 non
3055 4780 3225 4852 modo
3268 4785 3435 4852 tanto
3465 4780 3684 4852 honore
3719 4785 3776 4834 et

2147 4851 2440 4923 triumpho
2458 4851 2779 4922 speliandus
2796 4851 2999 4919 fuerat,
3022 4851 3119 4906 sed
3145 4852 3332 4922 potius
3352 4851 3768 4923 exhumandus,

2149 4922 2564 4993 combustisque
2603 4923 2885 4977 cineribus
2913 4923 3078 4993 plane
3122 4923 3270 4976 foras
3296 4922 3604 4993 ejiciendus
3630 4927 3770 4993 erat.

2149 4994 2206 5050 Si
2231 4993 2381 5049 dicas
2420 4992 2607 5064 ipsum
2649 4992 2934 5048 Narsetetn
2972 4993 3042 5046 ab
3082 4992 3426 5064 imperatore
3462 4994 3668 5048 iterum
3711 4992 3772 5047 in

2150 5066 2360 5120 Italiam
2387 5081 2503 5119 esse
2523 5065 2756 5118 missum
2776 5081 2906 5118 cum
2923 5065 3119 5118 eodem
3138 5081 3372 5119 munere
3389 5066 3769 5136 prtefecturaa;

2149 5141 2470 5208 repugnant
2501 5153 2698 5208 omnes
2734 5136 3052 5208 scriptores,
3081 5136 3179 5206 qui
3216 5137 3479 5208 unanimi
3500 5151 3774 5191 consensu

2148 5206 2416 5280 fatentur.
2445 5207 2766 5280 Longinum
2814 5206 3095 5280 in_lo_cum
3135 5208 3376 5280 Narsetis
3402 5207 3774 5280 subrogatum

2147 5279 2337 5334 fuisse.
2361 5279 2597 5348 Explosa
2620 5277 2800 5348 igitur
2823 5277 3076 5331 fabulosa
3095 5279 3388 5348 utriusque
3419 5278 3523 5332 hac
3551 5277 3780 5333 enarra-

2149 5350 2306 5404 tione
2332 5349 2401 5405 de
2427 5349 2741 5420 proditione
2769 5349 3031 5416 Narsetis,
3059 5350 3292 5419 ejusque
3321 5349 3476 5404 obitu
3504 5357 3560 5406 et
3588 5356 3774 5405 trans-

2150 5419 2378 5492 latione,
2408 5419 2536 5476 eum
2567 5421 2772 5475 Grazcis
2813 5419 3176 5492 scriptoribus
3218 5437 3553 5490 asseramus,
3590 5421 3777 5492 ipsum

2151 5491 2460 5546 honorifice
2485 5491 3035 5564 Constantinopolim
3066 5508 3184 5546 esse
3211 5507 3519 5564 reversum,
3563 5491 3772 5564 substi-

2149 5566 2384 5635 tutoque
2433 5564 2517 5617 illi
2566 5563 2820 5635 Longino
2864 5563 3214 5635 successore,
3249 5563 3486 5620 mirifice
3533 5563 3771 5632 cultum,

2150 5631 2362 5706 ibidem
2388 5649 2572 5706 usque
2597 5635 2668 5691 ad
2691 5631 2910 5691 obitum
2936 5634 3332 5706 permansisse,
3363 5641 3420 5692 et
3444 5639 3776 5706 sumptuosa

2150 5703 2690 5782 aedilicia__erexi_sse.
2712 5708 2836 5782 Haec
2861 5703 3228 5782 ex'Cedreno,
3249 5703 3512 5782 corippo,
3535 5703 3776 5782 aliisque

2151 5774 2538 5853 scriptoribus,
2566 5777 2838 5837 Baronius
2864 5793 3000 5836 ann.
3045 5779 3147 5839 567
3188 5774 3248 5838 et
3286 5774 3610 5849 508','num.
3653 5774 3699 5835 3'
3714 5780 3772 5836 et

2151 5847 2536 5908 sequentibus.

2150 5863 2536 5926 sequentibus.
