4042 6184
279 321 343 374 13
1135 319 1450 376 EPISTOLA
1488 319 1574 374 AD
1612 317 1966 374 EPISCOPOS
2003 315 2366 373 GERMAleE
2403 319 2488 374 ΕΤ
2522 317 2800 374 GALLIE.
3578 319 3642 374 14

270 443 417 500 pore
447 428 690 483 Joannes
716 443 863 500 papa
891 431 950 482 et
972 427 1093 500 ipse
1135 431 1396 484 mortuus
1422 431 1526 495 est,
1565 431 1623 483 et
1661 425 1912 498 sepultus
1934 425 2116 512 Atim
2143 441 2276 480 eum
2311 425 2503 481 nullus
2542 442 2612 482 ex
2649 424 3008 498 septuaginta
3043 422 3352 497 discipulis,
3396 440 3644 498 quorum

267 521 331 577 in
355 521 593 576 basilica
611 520 762 576 beati
783 521 934 576 Petri
954 523 1217 594 apostoli,
1241 539 1302 577 ιιι
1330 523 1456 577 ldus
1474 520 1646 577 Iulias
1680 519 1760 594 [In
1781 521 1908 580 Cod.

267 617 403 672 Luc.
435 631 494 669 ιιι
538 614 617 670 id.
659 615 768 670 Jul.
808 614 996 688 deest}.
1038 615 1134 670 Hic
1183 615 1318 670 fecit
1357 614 1741 672 ordinationes
1777 613 1914 668 duas

265 724 378 780 per
404 724 667 762 mensem
696 708 1112 778 Decembrium,
1140 709 1498 781 presbyteros
1525 707 1760 780 triginta
1787 712 1914 762 octo

272 798 359 873 {In
397 802 532 859 Cod.
587 802 742 864 Luc.,
780 801 1019 873 triginta
1061 799 1286 875 novem]
1335 802 1596 857 diacones
1644 801 1915 856 tredecim

267 894 576 966 episcopos
598 909 704 966 per
731 893 950 950 diversa
975 895 1097 950 loca
1124 911 1367 950 numero
1396 893 1685 966 sexaginta
1716 910 1911 949 unum.

266 989 336 1044 Et
363 989 602 1044 cessavit
651 989 1008 1061 episcopatus
1054 1005 1296 1059 menses,
1339 989 1458 1045 dies
1499 993 1616 1044 tres
1661 987 1742 1062 [In
1783 987 1911 1047 Cod.

264 1084 431 1146 Luc.,
473 1099 696 1139 menses
739 1083 956 1154 decem,
1001 1083 1120 1138 dies
1165 1087 1280 1138 tres
1323 1081 1428 1138 sub
1471 1081 1560 1138 die
1603 1085 1664 1138 l3
1702 1081 1914 1138 mensis

266 1175 411 1250 ιρι]

532 1269 900 1327 EPISTOLA‘
931 1269 1003 1343 (α)
1041 1270 1322 1326 JOANNIS
1359 1272 1556 1327 ΡΑΡᾹΞ
1595 1271 1664 1325 lll

581 1383 652 1421 AD
679 1381 960 1420 EPISCOPOS
989 1381 1274 1420 GERMANIE
1300 1383 1364 1420 ET
1389 1381 1612 1420 GALLIE.

270 1459 314 1515 ι.
346 1462 596 1516 Primum
625 1461 1020 1530 chorepiscopos
1045 1459 1307 1530 quosdam
1333 1461 1642 1514 temerarios
1661 1458 1788 1513 olim
1793 1457 1916 1527 jam

345 1553 638 1609 damnatos
667 1553 874 1623 arguit,
909 1553 1054 1622 quod
1092 1555 1320 1608 nimium
1349 1553 1455 1609 sibi
1489 1556 1757 1609 sumerent
1780 1565 1913 1608 auc—

348 1643 595 1702 toritatis
616 1649 676 1700 in
703 1647 1042 1718 impositione
1066 1661 1347 1702 manuum.

272 1741 341 1794 ῐΙ.
378 1740 585 1796 Deinde
611 1743 878 1795 monstrat
907 1740 1221 1797 Clementem
1247 1743 1280 1796 Ι
1304 1744 1430 1811 post
1454 1739 1667 1794 beatum
1698 1741 1916 1795 Petrum

2012 519 2259 591 speciem
2283 518 2343 574 in
2369 519 2602 576 ecclesia
2629 524 2856 591 gerunt,
2887 520 3114 592 legatur
3151 518 3368 576 donum
3403 517 3646 592 Spiritus

2013 613 2189 668 sancti
2214 630 2316 685 per
2343 629 2547 669 manus
2571 611 2996 684 impositionem
3019 613 3332 670 tradidisse.
3362 616 3524 680 Quod
3551 630 3649 672 au-

2013 713 2130 764 tem
2161 707 2296 762 solis
2321 708 2610 778 apostolis,
2641 725 2955 780 eorumque
2982 709 3396 765 successoribus
3425 708 3647 782 proprii

2014 802 2088 857 sit
2115 801 2289 858 ofﬁcii
2315 800 2538 856 tradere
2582 801 2858 874 Spiritum
2901 807 3179 872 sanctum,
3217 801 3360 858 liber
3403 807 3647 860 Actuum

2013 897 2404 968 apostolorum
2433 894 2574 966 (Act.
2604 895 2718 967 vin)
2751 895 2934 952 docet.
2961 895 3024 951 In
3049 896 3288 953 concilio
3311 911 3448 954 vero
3473 896 3648 954 Cresa-

2014 990 2198 1046 reensi
2223 989 2300 1045 ita
2317 990 2386 1045 de
2406 989 2827 1061 chorepiscopis
2844 987 3086 1044 habetur
3097 990 3372 1062 scriptum
3391 992 3643 1062 (Neocas.

2015 1085 2227 1147 concil.,
2257 1098 2378 1140 can.
2413 1085 2498 1156 13)
2521 1100 2536 1138 :
2559 1081 2966 1154 ChorepiscOpi
2988 1098 3216 1156 quoque
3234 1083 3305 1140 ad
3321 1085 3648 1157 exemplum

2015 1183 2072 1234 et
2089 1179 2334 1233 formam
2354 1176 2713 1249 septuaginta
2737 1175 3004 1232 videntur
3021 1193 3139 1233 esse
3161 1182 3259 1232 :ut
3273 1177 3650 1235 comministri

2013 1277 2224 1342 autem,
2257 1275 2496 1344 prapter
2518 1269 2770 1326 studium
2800 1270 2957 1342 quod
2991 1285 3128 1342 erga
3161 1285 3438 1342 pauperes
3481 1270 3644 1328 exhi-

2013 1363 2168 1435 bent,
2198 1365 2576 1421 honorentur.
2622 1363 2681 1419 Si
2719 1363 2874 1418 enim
2916 1363 3181 1419 meliores
3227 1365 3648 1438 sanctioresque

2015 1457 2218 1514 sanctis
2261 1458 2530 1530 apostolis
2578 1455 2714 1530 [vos]
2763 1473 2881 1512 esse
2919 1457 3150 1529 putatis,
3190 1457 3356 1514 facite
3400 1474 3528 1530 qua;
3564 1458 3648 1514 illi

2014 1567 2128 1607 non
2174 1552 2450 1621 fecerunt,
2502 1555 2560 1607 et
2607 1551 3032 1623 superextollite
3071 1567 3172 1607 vos
3230 1550 3360 1608 illis.
3407 1551 3468 1608 Si
3514 1567 3648 1608 vero

2015 1645 2268 1717 ejusdem
2297 1644 2511 1700 ordinis
2541 1644 2689 1712 estis,
2718 1649 2774 1700 et
2800 1644 3153 1728 aequiparare
3187 1661 3287 1701 vos
3328 1645 3498 1700 vultis
3518 1643 3648 1716 illis,
3732 1687 3738 1700 .

2014 1739 2193 1795 nolite
2211 1755 2276 1794 ea
2295 1755 2484 1811 agere,
2508 1755 2636 1810 quae
2651 1737 2736 1792 illi
2758 1755 2876 1794 non
2897 1743 3172 1810 egerunt:
3195 1739 3295 1795 sed
3323 1737 3649 1807 imitamini,

345 1833 532 1890 sedem
556 1834 907 1906 apostolicam
934 1835 1152 1898 rea-isse,
1179 1833 1342 1904 idque
1375 1833 1620 1890 tradente
1657 1832 1764 1889 sibi
1799 1834 1915 1903 ipso
1934 1821 1992 1895 B
2013 1837 2187 1905 prout
2213 1832 2416 1888 melius
2434 1832 2690 1904 potestis,
2713 1830 2975 1904 exempla
2994 1838 3052 1887 et
3067 1831 3306 1904 vestigia
3321 1847 3544 1888 eorum.
3565 1830 3650 1888 Illi

347 1930 513 1983 Petro

2015 1932 2226 1998 autem,
2255 1927 2616 2000 praecipiente
2631 1925 2895 1996 Domino,
2923 1926 3146 1998 illisque
3176 1926 3565 1996 denuntiante,
3585 1929 3653 1982 ut

271 2022 368 2077 III.
407 2022 587 2076 Tertio
635 2020 810 2076 tradit
857 2025 1065 2092 quanta
1105 2035 1236 2076 cura
1287 2025 1452 2092 atque
1487 2019 1792 2076 sollicitudo
1831 2021 1922 2075 illi
2015 2020 2100 2076 illi
2141 2025 2198 2076 et
2235 2036 2582 2076 successores
2621 2035 2823 2075 eorum
2860 2019 3258 2076 tantummodo
3291 2036 3397 2092 per
3445 2035 3650 2076 manus

345 2114 632 2170 subeunda
654 2117 746 2177 sit,
776 2117 872 2184 qui
898 2130 1110 2184 gregem
1138 2115 1340 2172 Christi
1359 2119 1572 2185 pascat.
2015 2114 2440 2186 impositionem
2459 2114 2748 2170 traderent
2775 2113 3054 2185 Spiritum
3081 2119 3358 2185 sanctum,
3376 2113 3520 2170 nulli
3548 2129 3651 2170 nn-

347 2209 599 2263 Joannes
649 2206 944 2279 episcopus
995 2207 1276 2262 universis
1327 2223 1433 2278 per
1499 2207 1798 2263 Germania
1864 2213 1920 2264 et
2018 2225 2191 2280 quam
2211 2225 2280 2264 ex
2315 2207 2672 2280 septuaginta
2703 2207 2925 2263 traderc
2955 2207 3232 2280 Spiritum
3263 2213 3521 2264 sanctum
3545 2221 3648 2280 per

276 2301 478 2357 Gallia:
504 2300 826 2373 provincias
849 2301 1189 2367 constitutis,
1219 2301 1280 2356 in
1308 2301 1550 2356 Domino
1581 2302 1844 2357 salutem.
2017 2317 2220 2358 manus
2254 2301 2680 2374 impositionem
2716 2301 3116 2373 permiserunt,
3154 2301 3234 2358 eis
3277 2300 3545 2374 (quorum
3568 2305 3653 2373 tya

354 2396 698 2468 Optaveram
722 2395 1023 2466 siquidem,
1052 2394 1387 2464 charissimi,
1430 2412 1536 2467 pro
1577 2396 1758 2451 nostri
1782 2397 1915 2451 cha-
2016 2413 2177 2468 pum,
2204 2399 2270 2450 ut
2294 2395 2624 2468 praedictum
2645 2399 2748 2465 est,
2765 2394 3176 2467 chorepiscopi,
3194 2400 3500 2468 antequam
3521 2411 3652 2467 pro-

279 2489 449 2545 ritate
476 2489 718 2560 collegii,
761 2505 958 2544 omnes
985 2488 1212 2544 Domini
1236 2489 1552 2544 sacerdotes
1579 2489 1640 2544 in
1677 2507 1789 2544 una
1817 2490 1916 2546 de-
2017 2489 2186 2545 hibiti
2213 2489 2418 2559 essent,
2449 2489 2720 2560 gerebant
2743 2489 2805 2544 in
2832 2488 3082 2562 ecclesia)
3113 2487 3349 2546 scientes
3389 2490 3651 2546 illicitum

275 2584 514 2638 votione
539 2583 856 2654 persistere,
896 2599 1001 2637 nec
1041 2599 1382 2654 quemquam
1418 2582 1704 2654 prohibita
1739 2584 1922 2654 gratia
2017 2583 2160 2650 fore,
2213 2583 2409 2638 dantes
2457 2581 2869 2638 successoribus
2914 2598 3117 2638 eorum
3181 2583 3524 2655 exemplum,
3577 2600 3654 2641 ne

280 2682 390 2730 aut
415 2677 597 2731 favore
622 2677 981 2730 sacerdotum
1005 2676 1224 2743 sectari,
1256 2681 1355 2730 aut
1378 2694 1412 2730 a
1446 2677 1534 2731 via
1559 2680 1712 2731 recta
1736 2677 1917 2732 disce-
2017 2692 2273 2748 unquam
2299 2677 2427 2731 talia
2451 2681 2881 2747 praesumerent.
2909 2675 3066 2732 Unde
3085 2677 3146 2732 in
3173 2677 3403 2733 Actibus
3430 2683 3656 2750 aposto-

282 2770 444 2824 dere.
477 2771 540 2824 Et
563 2787 893 2842 quanquam
931 2769 1246 2840 credamus,
1277 2769 1641 2824 Dilectionem
1677 2775 1920 2826 vestram
2017 2770 2207 2824 lorum
2233 2769 2509 2850 scriptum
2542 2774 2626 2823 est
2665 2769 2804 2838 (Act.
2846 2769 2937 2839 vn)
2970 2785 2984 2823 :
3017 2772 3148 2826 Cum
3196 2772 3476 2826 audissent
3501 2787 3658 2844 apos-

281 2862 358 2918 ad
383 2879 554 2918 omne
579 2880 724 2934 opus
767 2863 986 2918 bonum
1024 2879 1143 2918 esse
1185 2868 1442 2934 paratam
1495 2860 1818 2936 [devotam],
1859 2869 1922 2920 ut
2021 2864 2120 2919 toli
2141 2865 2238 2933 qui
2263 2866 2420 2918 erant
2447 2863 2850 2931 Hierosolymis,
2884 2863 3016 2932 quia
3045 2865 3244 2934 recepit
3261 2865 3657 2935 'Saman'aver-

281 2961 482 3011 tamen
509 2956 791 3011 efﬁcacior
814 2957 913 3012 ﬁat
941 2973 1262 3028 congruum
1290 2955 1454 3028 nobis
1478 2955 1662 3010 visum
1690 2961 1792 3026 est,
1823 2956 1918 3012 lit-
2021 2958 2144 3012 bum
2175 2957 2288 3020 Dei,
2313 2958 2576 3011 miserunt
2593 2956 2671 3010 ad
2692 2971 2776 3011 eos
2793 2959 3014 3011 Petrum
3031 2960 3083 3011 et
3107 2957 3384 3013 Joannem.
3409 2959 3517 3026 Qui
3533 2975 3654 3016 cum

283 3049 424 3105 teris
453 3049 601 3104 sedis
627 3050 951 3120 apostolicae
980 3050 1064 3120 (ut
1090 3054 1516 3105 antecessorum
1555 3066 1784 3122 quoque
1810 3067 1918 3106 no-
2019 3053 2303 3114 uenissent,
2334 3055 2622 3106 orave-runt
2645 3065 2748 3120 pro
2771 3053 2923 3121 ipsis,
2962 3053 3025 3106 ut
3046 3053 3346 3122 acciperent
3383 3053 3652 3124 Spiritum

282 3148 540 3198 strorum
586 3142 822 3214 vestigia
861 3143 1154 3198 imitemur
1216 3158 1317 3198 vos
1354 3159 1610 3210 monere,
1641 3147 1922 3215 praecepta
1947 3195 1994 3215 η
2021 3149 2287 3201 sanctum.
2314 3147 2421 3202 Nec
2448 3145 2578 3200 dum
2597 3147 2738 3199 enim
2755 3147 2814 3198 in
2831 3160 3156 3215 quemquam
3180 3146 3398 3202 illorum
3413 3153 3654 3214 venerat,

285 3237 480 3292 divina
497 3242 554 3292 et
578 3236 900 3308 apostolicae
917 3236 1065 3292 sedis
1089 3235 1346 3292 instituta
1363 3236 1602 3292 viriliter
1625 3253 1918 3308 peragere,
1943 3195 1998 3270 Ο
2021 3240 2115 3294 sed
2156 3239 2426 3310 baptizati
2468 3242 2680 3293 tantum
2725 3243 2882 3292 erant
2921 3241 2978 3294 in
3015 3241 3226 3295 nomine
3270 3241 3480 3296 domini
3509 3244 3652 3298 Iesu.

283 3337 343 3387 et
368 3330 662 3402 prohibita
695 3347 812 3386 non
843 3336 1100 3402 tangere,
1132 3331 1229 3386 sed
1262 3347 1492 3400 cavere;
1522 3347 1626 3386 nec
1655 3331 1922 3403 cuiquam
2027 3335 2170 3390 Tunc
2212 3331 2556 3403 imponebant
2600 3347 2792 3387 manus
2838 3347 2999 3404 super
3036 3333 3180 3397 illos,
3225 3338 3278 3390 et
3321 3336 3660 3407 accipiebant

283 3423 453 3480 liceat
477 3440 730 3495 unquam
759 3424 1074 3479 doctrinam
1099 3425 1331 3480 Patrum
1355 3424 1636 3494 deserere,
1667 3429 1724 3480 et
1746 3441 1924 3481 sacer-

287 3518 466 3574 dotali
490 3518 712 3573 honore
740 3517 1005 3590 gaudere.

359 3613 402 3668 Ι.
435 3612 720 3666 Perlatum
757 3617 841 3668 est
880 3613 952 3668 ad
993 3612 1186 3668 sedem
1221 3611 1592 3684 apostolicam
1630 3612 1923 3668 emersisse

291 3709 347 3762 et
374 3707 566 3761 denuo
593 3704 925 3762 reviviscere
949 3705 1306 3778 prohibitum
1348 3711 1405 3762 et
1433 3707 1690 3762 funditus
1718 3705 1922 3762 exstir-

288 3803 489 3872 patum
513 3806 630 3856 tam
659 3817 692 3855 a
719 3804 914 3855 sancto
941 3801 1196 3870 Damaso,
1229 3789 1410 3872 quam.
1427 3814 1461 3855 a
1496 3807 1688 3856 sancto
1715 3801 1921 3872 Leone,

295 3892 432 3948 viris
457 3894 796 3965 apostolicis,
827 3898 994 3966 atque
1023 3893 1094 3947 ab
1121 3893 1398 3950 universis
1432 3895 1688 3966 synodali
1727 3899 1921 3950 aucto-

287 3985 463 4043 ritate
490 3987 787 4060 episcopis,
816 3987 1322 4058 reprehensibilem
1353 3993 1521 4060 atque
1553 3987 1763 4060 oppido
1793 3987 1921 4044 ino-

2020 3428 2288 3498 Spiritum
2308 3430 2574 3480 sanctum.
2607 3423 2732 3481 Non
2759 3441 2896 3497 ergo
2923 3425 3005 3496 (ut
3021 3425 3144 3497 jam
3173 3426 3388 3484 dictum
3414 3429 3517 3502 est)
3546 3429 3650 3486 ali-

2023 3535 2196 3592 quem
2252 3535 2320 3572 ex
2360 3517 2738 3590 septuaginta,
2777 3517 2909 3574 licet
2963 3518 3130 3589 pauci
3171 3525 3358 3576 essent
3389 3521 3654 3594 apostoli,

2023 3612 2094 3667 ad
2119 3611 2228 3666 hoc
2248 3626 2390 3682 opus
2409 3609 2822 3683 perﬁciendum
2846 3611 3196 3682 direxerant,
3218 3613 3315 3668 sed
3335 3614 3570 3670 Petrum
3597 3619 3656 3672 et

2021 3707 2300 3762 Joannem
2321 3703 2608 3776 apostolos
2632 3721 2736 3778 per
2759 3721 2960 3760 manus
2982 3705 3408 3778 impositionem
3435 3706 3662 3766 tradere

2027 3799 2304 3872 Spiritum
2316 3803 2571 3854 sanctum
2595 3799 2874 3856 miserunt
2897 3817 2910 3856 :
2931 3816 3180 3872 quorum
3199 3801 3380 3858 vicem
3405 3802 3658 3877 episcopi

2023 3893 2084 3948 in
2110 3893 2343 3948 ecclesia
2366 3896 2590 3965 gerunt,
2626 3897 2682 3950 et
2722 3910 2842 3950 non
2885 3893 3278 3968 chorepiscOpi
3304 3894 3497 3967 (Nicol.
3527 3899 3572 3963 Ι,
3599 3899 3660 3954 in

2025 3991 2180 4060 epist.
2207 3987 2283 4042 ad
2320 3988 2664 4058 Rudolphum
2704 3989 2882 4044 Bitur.
2927 3989 3124 4061 arch.),
3165 3989 3266 4061 qui
3301 3991 3659 4064 septuaginta

286 4077 462 4135 litum
484 4097 668 4148 usum,
701 4095 770 4136 eo
801 4080 956 4152 quod
981 4080 1216 4152 quidam
1241 4081 1637 4152 chorepiscoPi
1665 4080 1782 4153 (qui
1810 4085 1866 4136 et
1891 4098 1926 4136 a
2026 4080 2436 4153 discipulorum
2461 4079 2707 4136 formam
2725 4087 2854 4136 ante
2873 4081 3320 4154 prohibitionem
3341 4099 3544 4142 eorum
3565 4099 3659 4158 ge-

283 4173 694 4246 praedictorum
709 4179 1130 4229 antecessorum
1149 4178 1472 4229 sanctorum
1485 4175 1926 4246 apostolicorum
2023 4174 2244 4230 rebant.
2275 4174 2438 4239 Quod
2461 4173 2545 4228 illi
2567 4191 2685 4230 non
2707 4175 2983 4247 fecerunt,
3015 4191 3116 4233 vos
3143 4175 3328 4233 facere
3356 4178 3552 4250 nolite,
3582 4193 3658 4236 ne

280 4267 548 4340 patribus
582 4273 638 4322 et
659 4267 795 4322 viris
820 4267 1163 4340 apostolicis,
1192 4271 1248 4322 et
1271 4267 1340 4322 ab
1366 4267 1524 4340 ipsis,
1552 4267 1664 4323 sive
1701 4285 1733 4322 a
1761 4268 1926 4324 nobis

281 4364 428 4416 sunt
451 4361 743 4432 prohibiti,
773 4361 918 4416 sicut
953 4377 1153 4416 eorum
1204 4361 1475 4416 hactenus
1517 4365 1800 4420 testantur
1824 4363 1924 4418 dc-

281 4455 466 4526 creta)
492 4455 638 4510 ultra
665 4455 905 4510 modum
930 4471 1095 4510 suum
1114 4455 1544 4528 progredientes
1566 4456 1742 4526 (Cone.
1773 4459 1928 4513 Pari-

2026 4267 2325 4323 dissimiles
2353 4267 2452 4338 eis,
2483 4271 2540 4323 et
2563 4267 2786 4340 indigni
2812 4285 3016 4326 eorum
3035 4270 3386 4327 successione
3403 4276 3461 4326 et
3486 4271 3655 4328 mini-

2027 4361 2196 4417 sterio
2225 4377 2346 4418 esse
2369 4361 2674 4418 videamini
2693 4379 2706 4417 :
2723 4363 2858 4434 quia
2885 4363 2966 4436 (ut
2991 4363 3070 4419 ait
3094 4363 3368 4420 Dominus
3397 4363 3459 4420 in
3484 4365 3659 4428 Evan-

2029 4455 2196 4528 gelio)
2235 4457 2332 4526 qui
2374 4471 2481 4511 non
2527 4461 2603 4512 est
2631 4471 2854 4520 mecum,
2889 4456 3175 4513 adversum
3213 4473 3298 4513 me
3321 4461 3443 4514 est:
3474 4461 3527 4516 et
3562 4463 3662 4532 qui

279 4551 464 4605 siense
490 4563 568 4603 vr.
618 4549 711 4604 lib.
757 4566 774 4602 ι
817 4565 862 4603 c.
893 4549 1004 4620 27),
1051 4549 1268 4604 donum
1307 4550 1484 4605 sancti
1533 4548 1778 4622 Spiritus
1823 4567 2004 4649 perD
2025 4564 2131 4606 non
2160 4549 2365 4618 colligit
2387 4565 2610 4613 mecum,
2642 4549 2906 4622 dispergit
2928 4550 3074 4621 (Luc.
3105 4567 3184 4622 ιιι,
3215 4553 3326 4624 23).

281 4641 716 4714 impositionem
744 4657 1017 4697 manuum
1048 4642 1292 4712 tradant,
1320 4647 1376 4698 et
1399 4643 1526 4715 alia,
1555 4660 1702 4716 qua,
1743 4644 1927 4700 solum

279 4735 655 4809 pontiﬁcibus
682 4736 979 4807 debentur,
1010 4740 1209 4792 contra
1225 4737 1308 4792 fas
1331 4743 1612 4810 peragant
1643 4755 1658 4794 :
1690 4755 1926 4812 praeser-

2101 4643 2165 4698 ΙΙ.
2195 4641 2255 4697 Si
2292 4647 2484 4698 autem
2511 4643 2712 4698 Petrus
2758 4643 3024 4718 princeps
3059 4646 3454 4718 apostolorum
3489 4645 3654 4720 adju-

2025 4742 2178 4796 tores
2203 4737 2309 4794 sibi
2335 4737 2530 4794 ascivit
2569 4737 2775 4794 Linum
2822 4743 2880 4796 et
2914 4739 3159 4812 Cletum,
3193 4757 3314 4798 non
3337 4745 3532 4799 tamen
3558 4758 3658 4816 po.

354 4889 442 4962 (α)
469 4889 859 4946 Adulterinam
885 4907 1081 4948 omnes
1105 4891 1255 4948 docti
1281 4895 1532 4964 censent,
1560 4909 1665 4948 nec
1691 4892 1810 4966 ipse
1839 4891 2076 4948 Baronio
2104 4895 2397 4965 praeeunte
2421 4908 2590 4950 ausus
2615 4896 2700 4950 est
2729 4891 3006 4964 refragari
3033 4890 3245 4950 Binius.
3273 4893 3440 4952 Lm.

1597 5017 1774 5074 NOTA
1813 5017 2125 5075 SEVERINI
2164 5017 2342 5074 BINII.

355 5120 384 5148 "
420 5119 574 5200 Hanc
591 5121 883 5200 epistolam
916 5122 1000 5200 ab
1017 5123 1549 5200 aliquouimpostore
1575 5126 1677 5200 sub
1694 5126 1924 5200 nomine

276 5193 528 5270 Joannis
545 5208 706 5263 papa:
724 5195 791 5247 [ll
811 5199 937 5270 post
951 5193 1167 5270 obitum
1189 5193 1348 5251 illius
1361 5197 1711 5270 suppositam
1729 5199 1922 5266 fuisse,

277 5262 492 5340 multis
519 5262 874 5340 argumentis
891 5267 1119 5340 ostendi
1145 5273 1346 5340 potest.
1385 5262 1595 5337 Primo,
1627 5270 1780 5340 quod
1820 5262 1926 5324 sub

278 5333 593 5410 consulatu
649 5339 712 5390 l6
760 5337 999 5410 Justini_
1027 5353 1080 5410 1v
1137 5333 1416 5410 Kalendas
1459 5333 1721 5410 Augusti,
1775 5358 1926 5395 anno

278 5410 312 5484 ῖ
370 5404 608 5484 Justini,
673 5411 730 5461 et
791 5411 894 5484 57g
945 5407 1152 5462 Christi
1194 5411 1401 5484 scripta
1438 5404 1620 5484 fuisse
1672 5404 1922 5484 reperia-

278 5481 407 5552 tur,
436 5492 556 5552 quo
579 5482 834 5552 tempore
857 5479 1098 5552 Joannes
1123 5497 1266 5552 papa
1286 5479 1406 5552 jam
1431 5483 1492 5536 in
1516 5483 1655 5536 vivis
1679 5479 1796 5538 esse
1824 5485 1922 5538 de-

281 5548 502 5626 siera_t._
523 5547 991 5626 Secundohquod
1033 5547 1166 5626 nota
1197 5547 1499 5626 consulari
1522 5553 1793 5626 insignita
1829 5555 1922 5626 sit,

279 5635 405 5747 qua
440 5618 537 5674 his
583 5618 932 5704 temporibus
968 5622 1218 5704 epistolae
1254 5624 1564 5707 pontiﬁcin
1599 5618 1925 5698 consignari

320 5694 603 5746 emerant.
627 5691 833 5747 Tertio.
863 5693 1015 5747 quod
1033 5709 1093 5747 1n
1119 5711 1185 5747 ea
1208 5697 1484 5747 scribatur
1507 5697 1714 5747 Linum
1741 5705 1797 5747 et
1808 5699 1925 5747 (Ile-

320 5690 603 5765 esierant.
627 5690 833 5762 Tertio,
863 5690 1020 5765 quod
1033 5694 1093 5748 in
1119 5711 1185 5748 ea
1208 5690 1484 5750 sc'ribatur
1507 5695 1714 5752 Linum
1741 5690 1797 5754 et
1808 5699 1926 5754 Cle-

281 5778 424 5820 rum
441 5761 622 5851 fuisse
647 5761 871 5851 tantum
880 5761 1324 5851 chprepiscopos
1336 5785 1354 5838 ;
1384 5783 1498 5843 quo
1521 5773 1716 5851 tarnen
1739 5769 1926 5851 omnis

282 5850 441 5910 pene
466 5833 782 5914 antiquitas
815 5833 1156 5912 scriptorum
1190 5833 1558 5914 optimorum,
1585 5843 1650 5898 ut
1688 5841 1750 5900 in
1777 5841 1926 5900 notis

2024 5127 2094 5182 ad
2123 5127 2270 5182 Vitas
2304 5125 2635 5182 earumdem
2681 5123 3016 5199 pontiﬁcum
3060 5123 3329 5196 diximus,
3371 5142 3476 5199 pro
3505 5122 3654 5184 veris

2022 5199 2396 5271 pontiﬁcibus,
2419 5199 2669 5270 agnovit.
2713 5201 2886 5254 Taceo
2928 5199 3082 5270 quod
3132 5215 3345 5271 nomen
3389 5199 3653 5271 chorepi-

2023 5287 2342 5352 scoporum,
2365 5270 2712 5352 (ﬂle‘quoru’r‘n
2739 5287 2974 5352 munere
3002 5271 3226 5352 integra
3259 5270 3494 5352 epistola
3521 5270 3659 5352 scri-

2022 5347 2120 5414 pta
2147 5346 2248 5410 est,
2278 5342 2338 5395 in
2360 5341 2534 5414 Gallia
2559 5346 2616 5395 et
2641 5342 2938 5414 Germania
2966 5341 3432 5414 plane’abolitum
3459 5342 3652 5399 fuerit.

2022 5412 2134 5466 Hoc
2161 5429 2342 5485 unum
2363 5412 2647 5485 duntaxat
2672 5413 3011 5485 sanctissimi
3036 5413 3320 5484 pontiﬁcis
3345 5415 3656 5485 scriptum"

2023 5483 2501 5556 commentitium,
2527 5483 2814 5554 germanis
2839 5483 3094 5556 ejusdem
3121 5485 3374 5556 epistolis
3399 5483 3656 5556 deperdi-

2020 5555 2111 5624 tis,
2140 5559 2378 5624 exstare,
2420 5555 2785 5610 vehementer
2824 5561 2908 5611 est
2943 5555 3251 5612 dolendum
3281 5556 3443 5628 (Vide
3474 5555 3651 5611 Baro-

2020 5628 2175 5682 nium
2203 5643 2348 5682 anno
2379 5629 2503 5698 572,
2528 5643 2677 5682 num.
2707 5628 2780 5700 3).

2020 5800 2471 5904 l1.111;}?aliqua?!suae
2485 5788 3006 5854 imperitis—obtrudit
3036 5793 3088 5842 et
3113 5788 3390 5841 obcmcatis
3417 5788 3654 5852 scripto-
