4044 6196
407 312 469 364 ιδ
933 373 938 376 _
978 307 1033 362 s.
1073 301 1255 362 JOAN.
1295 297 1485 360 Papa:
1521 303 1591 358 Ill
1631 301 1836 357 EPIST.
1879 301 1966 356 AD
2004 289 2359 357 EPISCOPOS
2393 301 2757 359 censurae:
2794 301 2877 360 ET
2911 299 3189 362 GALLI/li.
3701 305 3762 360 ιθ

399 419 657 474 testatem
683 413 980 488 pontiﬁcii,
1007 419 1106 470 aut
1129 413 1364 486 ligandi,
1391 415 1490 468 aut
1514 410 1766 468 solvendi
1789 407 1870 468 eis
1897 427 2027 468 nor-
2048 423 2106 498 Α
2126 409 2354 466 difficile
2379 411 2552 468 fuerit
2589 417 2687 472 aut
2727 416 2966 486 propter
2999 412 3306 468 instantem
3346 411 3760 484 necessitatem,

397 526 553 567 mam
581 508 830 579 tradidit,
861 509 958 565 sed
1002 506 1309 565 successori
1344 522 1448 562 suo
1492 508 1686 562 sancto
1729 505 2021 574 Clementi,

396 603 497 677 qui
541 603 734 659 sedem
782 601 1150 675 apostolicam
1198 603 1328 672 post
1375 615 1529 670 eum,
1583 603 1640 656 et
1686 601 2026 672 potestatem

395 696 798 770 pontiﬁcalem,
829 696 1085 752 tradente
1108 691 1214 748 sibi
1241 693 1407 750 beato
1437 695 1624 762 Petro,
1657 697 1852 749 tenere
1883 710 2022 765 pro-

395 792 626 850 meruit.
652 792 822 848 Linus
843 805 977 846 vero
999 792 1056 844 et
1079 787 1267 844 Cletus
1294 786 1690 843 ministrabant
1716 787 2020 857 exteriora,

392 886 655 958 princeps
670 889 860 942 autem
874 882 1268 955 apostolorum
1287 883 1485 938 Petrus
1501 881 1674 937 verbo
1702 885 1759 936 et
1780 881 2024 936 orationi

391 979 684 1036 insistebat
714 995 728 1034 :
757 993 886 1050 quas
911 993 1029 1032 non
1053 976 1368 1048 incongrue
1399 975 1470 1030 ad
1495 974 1862 1030 traditionem
1891 973 2019 1047 Spi-

392 1073 534 1131 ritus
549 1072 722 1128 sancti
743 1087 848 1143 per
865 1086 1067 1125 manus
1083 1069 1510 1142 impositioncm
1535 1068 1843 1140 pertinent.
1862 1067 2020 1124 Unde

393 1171 450 1222 et
467 1165 528 1221 in
547 1157 774 1222 Actibus
788 1165 1174 1237 apostolorum
1194 1163 1473 1236 scriptum
1499 1163 1742 1219 habetur
1767 1162 1907 1233 (Act.
1924 1163 2016 1234 v1):

389 1261 510 1320 Non
552 1264 630 1316 est
674 1274 906 1330 tequum,
952 1274 1048 1314 nos
1087 1258 1389 1328 relinquere
1423 1257 1640 1312 verbum
1679 1258 1793 1319 Dei,
1847 1260 1898 1310 et
1921 1259 2021 1310 mi-

387 1355 626 1410 nistrare
662 1354 876 1408 mensis.
920 1351 1275 1423 QuaprOpter
1313 1349 1670 1422 septuaginta
1698 1348 1858 1404 electi
1887 1353 2020 1404 sunt

390 1447 668 1520 discipuli,
698 1445 797 1518 qui
821 1445 1101 1501 exteriora
1129 1449 1486 1518 peragerent,
1533 1443 1642 1516 ipsi
1684 1459 1820 1498 vero
1859 1460 2018 1516 apos-

387 1540 490 1598 toli
515 1539 688 1595 verbo
720 1522 783 1594 iet
828 1538 1072 1594 orationi
1109 1537 1464 1607 insisterent;
1494 1536 1626 1592 inde
1665 1541 1722 1592 et
1759 1536 1818 1592 in
1845 1537 2020 1592 Evan-

388 1633 536 1707 gelio
573 1633 884 1688 secundum
922 1632 1131 1688 Lucam
1170 1631 1444 1704 scriptum
1483 1634 1567 1686 est
1609 1629 1722 1686 ita:
1751 1632 1878 1686 Post
1907 1631 2017 1686 haec

2120 509 2222 560 aut
2249 509 2484 578 propter
2532 506 2761 583 itineris
2787 507 3226 581 longitudinem,
3268 523 3302 562 a
3336 505 3518 563 tribus
3569 510 3763 564 tamen

2126 598 2469 655 omnimodis
2489 599 2546 656 in
2571 600 2820 673 idipsum
2845 601 3332 672 convenientibus,
3355 603 3412 656 et
3436 600 3762 657 absentibus

2123 708 2352 764 quoque
2403 693 2528 764 pari
2576 693 2750 750 modo
2795 694 3247 764 decernentibus,
3291 697 3349 750 et
3405 710 3509 766 per
3554 693 3762 766 scripta

2123 787 2628 856 consentientibus,
2649 793 2787 844 tunc
2817 787 3099 844 ordinatio
3129 787 3466 844 celebratur.
3499 787 3760 844 Firmitas

2121 883 2311 934 autem
2331 897 2534 936 eorum
2561 897 2688 954 quae
2715 886 2989 954 gerentur
3012 897 3116 953 per
3137 897 3604 954 unamquamque
3629 899 3760 954 pro-
3787 909 3790 912 η

2122 973 2384 1046 vinciam,
2423 974 2862 1047 metropolitano
2911 976 3193 1031 tribuatur
3217 975 3504 1048 episcopo.
3555 975 3759 1032 Omnia

2123 1083 2348 1140 quoque
2382 1069 2632 1125 maxima
2672 1069 2908 1124 concilia
2945 1068 3252 1137 afﬁrmant,
3291 1085 3424 1124 eum
3476 1085 3593 1124 non
3637 1087 3756 1126 esse

2121 1160 2472 1234 episcopum,
2503 1162 2600 1235 qui
2625 1162 2815 1218 minus
2841 1179 3012 1235 quam
3037 1180 3069 1217 a
3092 1163 3274 1219 tribus
3303 1163 3600 1235 episcOpis,
3621 1180 3752 1219 auc-

2119 1253 2344 1310 toritate
2362 1256 2530 1310 etiam
2556 1256 3004 1328 metropolitani,
3034 1256 3205 1312 fuerit
3229 1256 3409 1311 factus
3434 1256 3750 1329 episcopus.

2120 1345 2362 1420 Ideoque
2412 1349 2541 1404 illos
2581 1366 2726 1422 quos
2771 1349 3208 1422 chorepiscopos
3247 1349 3479 1421 vocatis,
3523 1349 3658 1422 quia
3681 1351 3751 1405 ab

2119 1455 2233 1494 uno
2261 1441 2344 1512 (ut
2367 1442 2703 1515 audivimus)
2755 1443 2902 1498 fiunt
2947 1442 3234 1515 episcopo,
3287 1442 3586 1515 episc0pos
3631 1460 3748 1498 non

2118 1549 2260 1607 esse,
2296 1551 2400 1591 nec
2427 1535 2638 1610 aliquid
2665 1537 2735 1593 de
2762 1537 3074 1609 pontiﬁcali
3115 1536 3412 1609 privilegio
3449 1553 3618 1608 agere
3649 1537 3749 1593 de-

2080 1626 2090 1638 "
2114 1627 2268 1698 here,
2296 1630 2656 1702 perspicuum
2693 1635 2797 1686 est.
2837 1631 3118 1696 Quoniam
3156 1630 3203 1686 si
3246 1645 3458 1686 nomen
3500 1647 3617 1686 non
3643 1631 3747 1686 ha-

384 1732 566 1785 autem
589 1727 895 1798 designavit
914 1728 1169 1783 Dominus
1195 1730 1247 1782 et
1270 1727 1407 1782 alios
1423 1727 1768 1798 septuaginta
1793 1725 1947 1789 duos,
1966 1729 2018 1780 et
2110 1717 2269 1792 bent,
2309 1724 2600 1796 quomodo
2643 1723 2896 1780 ofﬁcium
2932 1729 3172 1797 possunt
3210 1725 3420 1780 habere
3465 1723 3689 1796 [facere]
3720 1726 3748 1780 Τ

383 1822 533 1878 misit
574 1823 697 1878 illos
738 1823 886 1876 binos
930 1824 1056 1875 ante
1087 1822 1286 1888 faciem
1333 1835 1490 1875 suam
1533 1821 1594 1874 in
1634 1834 1839 1874 omnem
1881 1820 2012 1873 civi-
2036 1803 2092 1874 Β
2117 1814 2178 1870 Si
2203 1831 2342 1888 ergo
2381 1817 2630 1892 episcopi
2671 1835 2790 1874 non
2828 1824 2980 1890 sunt,
3023 1824 3080 1874 et
3117 1817 3436 1891 presbyteri
3479 1819 3745 1891 (quorum

383 1919 550 1972 tatem
572 1919 623 1972 et
642 1915 833 1978 locum,
851 1929 955 1986 quo
972 1917 1091 1970 erat
1105 1915 1219 1984 ipse
1233 1917 1509 1969 venturus.
1530 1915 1602 1969 Et
1619 1911 1832 1968 dicebat
1859 1911 1974 1968 illis
1993 1931 2012 1966 :

382 2012 568 2068 Messis
585 2009 800 2081 quidem
811 2007 1005 2071 multa,
1021 2009 1261 2078 operarii
1269 2011 1446 2063 autem
1465 2008 1650 2078 pauci.
1669 2009 1873 2076 Rogate
1888 2021 2012 2077 ergo

379 2103 656 2160 dominum
680 2103 882 2165 messis,
913 2104 976 2158 ut
1002 2103 1188 2156 mittat
1214 2103 1486 2172 operarios
1503 2101 1561 2155 in
1588 2115 1805 2156 messem
1832 2115 2009 2155 suam.

377 2199 475 2254 Ite.
501 2199 634 2255 Ecce
679 2212 772 2267 ego
811 2197 965 2252 mitto
989 2210 1080 2251 vos
1107 2197 1248 2251 sicut
1273 2209 1439 2266 agnos
1468 2196 1610 2250 inter
1635 2195 1804 2265 lupos.
1833 2195 2012 2261 Nolite

371 2295 595 2362 portare
624 2290 916 2354 sacculum,
952 2305 1120 2360 neque
1153 2304 1366 2360 peram,
1405 2304 1574 2358 neque
1607 2289 2006 2356 calceamenta;

376 2388 428 2439 et
465 2385 726 2439 neminem
759 2399 860 2454 per
901 2385 1049 2438 viam
1099 2383 1492 2438 salutaveritis.
1535 2383 1599 2438 In
1635 2396 2008 2452 quamcunque

374 2477 590 2533 domum
614 2478 967 2540 intraveritis,
992 2478 1234 2548 primum
1257 2476 1420 2531 dicite
1447 2495 1463 2530 :
1496 2477 1618 2531 Pam
1642 2475 1768 2530 huic
1797 2475 2002 2530 domui.

373 2573 444 2629 Et
467 2573 519 2628 si
538 2573 619 2627 ibi
637 2573 810 2641 fuerit
832 2572 979 2642 ﬁlius
1001 2573 1176 2644 pacis,
1205 2571 1496 2642 requiescet
1519 2584 1681 2640 super
1708 2569 1867 2624 illum
1887 2585 2006 2640 pas:

369 2670 576 2734 uestra;
605 2668 690 2722 sin
717 2669 918 2729 autem,
946 2665 1022 2721 ad
1059 2680 1151 2720 vos
1174 2667 1489 2721 revertetur.
1514 2666 1578 2720 In
1609 2663 1795 2718 eadem
1824 2667 2004 2718 autem

369 2759 525 2816 domo
553 2764 782 2822 manete,
809 2760 1019 2816 edentes
1043 2763 1094 2815 et
1121 2760 1351 2814 bibentes
1378 2774 1499 2829 quae
1513 2757 1664 2829 apud
1697 2758 1820 2812 illos
1855 2761 2002 2812 sunt.

366 2855 572 2925 Dignus
605 2865 680 2911 est
703 2855 846 2909 enim
863 2853 1141 2924 operarius
1153 2850 1391 2908 mercede
1406 2867 1526 2907 sua.
1553 2851 1732 2910 Nolite
1770 2844 2005 2905 transire

369 2948 436 3003 de
449 2948 603 3003 domo
617 2949 677 3001 in
694 2947 932 3002 domum.
956 2948 1028 3002 Et
1042 2947 1102 3000 in
1120 2960 1490 3016 quamcunque
1511 2945 1784 2999 civitatem
1821 2946 2000 2998 intra-

363 3042 572 3104 veritis,
599 3045 652 3094 et
676 3041 1004 3110 susceperint
1021 3053 1132 3102 vos,
1163 3038 1488 3093 manducate
1509 3053 1631 3108 quae
1654 3041 2003 3108 apponuntur

247 3130 252 3135 ’
362 3133 530 3197 vobis,
561 3137 614 3188 et
653 3137 838 3188 curate
868 3134 1104 3202 inﬁrmos
1151 3133 1248 3202 qui
1286 3133 1346 3186 in
1387 3132 1488 3185 illa
1537 3135 1687 3194 sunt,
1735 3135 1787 3185 et
1835 3131 1999 3187 dicite
2017 3173 2073 3248 Ο

504 3246 514 3248 μ
842 3227 1024 3248 “-4...
1053 3228 1105 3248 _-_
1246 3241 1463 3248 “-___._
1491 3227 1584 3248 η-..
1629 3227 1681 3248 ,μ
1715 3240 1973 3248 sum--.“

362 3229 516 3284 illis:
547 3227 1024 3298 Appropinquabit
1051 3228 1110 3282 in
1126 3241 1216 3282 vos
1243 3241 1467 3295 regnum
1488 3227 1600 3281 Dei.
1621 3227 1686 3282 In
1707 3240 2000 3296 quamcun-

364 3337 466 3394 que
489 3325 670 3377 autem
694 3323 964 3376 civitatem
979 3321 1335 3383 intrare-ritis,
1365 3323 1416 3374 et
1437 3335 1544 3374 non
1567 3321 1861 3389 receperint
1884 3335 1994 3383 vos,

362 3418 610 3472 exeuntes
632 3416 691 3469 in
719 3414 936 3484 plateas
967 3413 1099 3484 ejus,
1138 3413 1302 3468 dicite
1332 3431 1348 3467 :
1379 3415 1566 3468 Etiam
1586 3413 1864 3483 pulverem
1903 3414 2000 3482 qui

359 3509 589 3565 adhaesit
615 3507 765 3564 nobis
788 3507 855 3563 de
870 3509 1090 3568 civitate
1106 3510 1307 3570 uestra,
1334 3508 1661 3576 ertergimus
1677 3507 1734 3560 in
1757 3521 1868 3561 vos.
1897 3508 1996 3562 Ta-

359 3619 481 3660 men
504 3604 600 3658 hoc
623 3605 828 3664 scitote,
855 3604 986 3672 quia
1007 3601 1469 3673 appropinquabit
1484 3615 1707 3670 regnum
1729 3601 1846 3655 Dei.
1867 3601 1994 3656 Dico

359 3697 527 3760 vobis,
558 3697 688 3766 quia
717 3695 960 3753 Sodomis
987 3696 1046 3750 in
1071 3695 1174 3750 illa
1203 3695 1290 3749 die
1316 3695 1586 3749 remissius
1605 3696 1708 3749 erit
1729 3710 1893 3764 quam
1907 3694 1997 3748 illi

361 3790 576 3845 civitati
603 3787 748 3858 (Luc.
780 3787 856 3860 x).
882 3788 950 3842 Et
967 3787 1026 3841 in
1049 3785 1309 3842 Matthaao
1336 3785 1682 3856 evangelista
1705 3789 1790 3840 est
1818 3802 1832 3840 :
1859 3789 1993 3843 Ecce

360 3896 454 3952 ego
481 3883 638 3937 mitto
659 3895 752 3936 vos
777 3882 916 3939 sicut
942 3895 1060 3936 oves
1090 3881 1148 3934 in
1173 3879 1347 3934 medio
1373 3880 1642 3950 luporum.
1669 3882 1849 3934 Estote
1867 3895 1990 3950 ergo

350 3974 644 4046 prudentes
665 3973 805 4029 sicut
829 3977 1115 4044 serpentes,
1151 3976 1204 4028 et
1235 3973 1506 4043 simplices
1544 3973 1684 4027 sicut
1711 3972 1986 4028 columbae.

359 4069 548 4126 Cavete
573 4071 754 4122 autem
781 4066 851 4121 ab
874 4065 1197 4121 hominibus.
1229 4065 1466 4120 Tradent
1493 4067 1634 4120 enim
1662 4079 1754 4121 vos
1777 4067 1836 4120 in
1861 4081 1986 4121 cen-

357 4159 518 4224 ciliis,
535 4165 586 4216 et
613 4162 672 4215 in
697 4161 986 4230 sgnagogis
1013 4161 1125 4214 suis
1151 4158 1504 4230 ﬂagellabant
1525 4173 1615 4214 vos
1629 4177 1648 4226 ;
1671 4163 1722 4214 et
1739 4159 1815 4214 ad
1842 4175 1988 4230 reges

354 4259 406 4310 et
421 4254 684 4327 praesides
706 4253 980 4310 ducemini
995 4256 1222 4324 propter
1249 4268 1350 4316 me,
1381 4254 1440 4306 in
1471 4255 1827 4308 testimonium
1875 4254 1988 4308 illis

354 4352 407 4404 et
433 4349 700 4420 gentibus.
747 4349 879 4410 Cum
917 4350 1100 4402 autem
1145 4345 1366 4402 tradent
1390 4361 1502 4410 vos,
1550 4346 1713 4402 nolite
1752 4348 1986 4416 cogitare

351 4443 612 4512 quomodo
639 4446 737 4498 aut
773 4441 906 4513 quid
964 4441 1282 4512 loquamini.
1322 4439 1554 4496 Dabitur
1575 4441 1714 4495 enim
1753 4440 1901 4496 vobis
1927 4441 1986 4496 in

2113 1909 2290 1965 vicem
2318 1917 2542 1982 gerunt,
2566 1913 2699 1985 quia
2725 1913 2796 1968 ad
2822 1913 3150 1986 exemplum
3171 1918 3227 1968 et
3251 1913 3498 1968 formam
3525 1917 3746 1985 septuao

2114 2003 2270 2075 ginta
2289 2005 2426 2061 olim
2453 2007 2679 2080 ﬁebant)
2707 2023 2828 2064 esse
2847 2007 3185 2080 despiciunt,
3215 2007 3352 2080 quid
3377 2008 3590 2063 erunt?
3610 2009 3744 2063 Pro-

2109 2096 2256 2153 fecto
2282 2099 2434 2172 quod
2461 2100 2681 2156 ratione
2705 2106 2876 2170 caret,
2905 2105 3007 2156 aut
3031 2101 3179 2156 nihil
3204 2105 3304 2156 aut
3341 2117 3546 2172 parum
3579 2117 3741 2172 pror-

2110 2207 2203 2245 sus
2229 2197 2331 2247 est.
2355 2192 2412 2248 Si
2439 2194 2564 2265 quis
2589 2195 2658 2250 de‘
2683 2195 2774 2250 his
2797 2195 3062 2267 amplius,
3086 2199 3140 2250 et
3167 2195 3322 2267 quod
3352 2195 3479 2250 ﬁeri
3504 2211 3621 2250 non
3648 2194 3741 2250 de-

2107 2283 2295 2354 beant,
2323 2286 2567 2343 voluerit
2589 2287 2748 2358 scire,
2777 2288 2931 2359 legat
2954 2287 3358 2360 praedictorum
3395 2287 3738 2360 apostolico—

2106 2394 2236 2434 rum
2265 2379 2502 2450 (Damasi
2527 2381 2737 2438 scilicet
2760 2387 2817 2438 et
2841 2381 3061 2454 Leonis)
3087 2382 3330 2451 decreta,
3363 2387 3420 2437 et
3452 2381 3531 2437 ibi
3569 2398 3731 2454 repe-

2105 2471 2231 2528 riet.
2247 2473 2321 2529 De
2333 2474 2537 2546 quibus
2546 2475 2728 2548 aliqua
2747 2480 2802 2532 et
2811 2476 2905 2531 hic
2915 2475 3163 2531 inserere
3169 2475 3246 2546 ,di
3251 2492 3428 2548 gnum
3442 2474 3711 2531 duximus
3721 2517 3733 2531 .

2179 2566 2264 2621 Ill.
2282 2566 2340 2622 Si
2366 2567 2591 2623 Domini
2606 2569 2990 2624 desideramus
3005 2586 3126 2624 esse
3153 2568 3410 2640 discipuli
3439 2570 3532 2641 (a),
3557 2567 3734 2639 ipsius

2104 2657 2394 2714 imitemur
2435 2661 2686 2732 vestigia,
2726 2666 2789 2717 ut
2827 2662 2896 2718 de
2931 2661 3096 2717 nobis
3135 2661 3354 2717 dicatur
3403 2678 3417 2716 :
3456 2664 3567 2730 Ego
3615 2677 3736 2716 sum

2097 2758 2290 2823 pastor
2321 2754 2510 2818 bonus,
2539 2760 2589 2810 et
2615 2771 2842 2824 agnosco
2879 2772 2999 2810 oves
3033 2771 3199 2818 meas,
3228 2761 3278 2810 et
3301 2771 3426 2810 voco
3453 2771 3542 2810 eas
3569 2757 3735 2809 nomi-

2103 2849 2296 2910 natim,
2338 2852 2388 2902 et
2424 2855 2750 2916 cognosc-unt
2788 2865 2871 2904 me
2906 2865 3050 2912 meae,
3099 2854 3157 2904 et
3193 2848 3407 2920 reliqua
3448 2848 3620 2920 (Joan.
3649 2849 3728 2918 x).

2102 2939 2168 2994 Et
2197 2940 2424 3009 iterum,
2465 2944 2734 2996 monente
2769 2941 3066 2998 dominicae
3111 2941 3265 2997 vocis
3307 2941 3570 3014 imperio,
3613 2957 3728 3013 quo

2100 3031 2451 3088 beatissimus
2473 3035 2764 3105 apostolus
2789 3037 2987 3091 Petrus
3017 3035 3170 3092 trina
3213 3035 3506 3108 repetione
3530 3034 3728 3106 mysti-

2100 3140 2179 3180 cae
2205 3127 2508 3182 sanctionis
2541 3127 2818 3184 imbuitur
2859 3129 3033 3199 (Joan.
3072 3129 3216 3201 ult.),
3246 3133 3313 3184 ut
3346 3129 3551 3184 Christi
3575 3145 3728 3199 oves,

2097 3218 2196 3290 qui
2224 3220 2510 3276 Christum
2534 3227 2706 3292 amat,
2743 3222 3046 3294 diligenter
3086 3228 3143 3278 et
3179 3239 3312 3278 cum
3357 3239 3568 3294 magna
3595 3240 3730 3278 cura

2095 3317 2302 3385 pascat,
2333 3316 2604 3387 quoniam
2629 3316 2803 3388 ipsius
2827 3321 3033 3372 sanctas
3069 3316 3213 3372 sedis
3260 3317 3370 3388 (cui
3414 3334 3518 3389 per
3541 3317 3728 3373 abun-

2095 3405 2342 3462 dantiam
2391 3408 2593 3464 divinae
2629 3410 2821 3482 gratia:
2861 3414 3196 3482 praesumus)
3234 3411 3412 3484 ipsius
3449 3427 3644 3466 amore
3671 3416 3728 3467 et

2093 3501 2404 3556 reverentia
2432 3507 2803 3574 coarctamur,
2841 3509 2906 3559 ut
2929 3509 3098 3560 tantae
3127 3504 3564 3576 superstitionis,
3595 3519 3720 3576 qua

2091 3592 2302 3648 nullius
2333 3594 2414 3665 (ut
2438 3611 2584 3667 saepe
2611 3595 2825 3656 dictum
2855 3599 2954 3669 est)
2986 3598 3220 3653 fulcitur
3245 3597 3602 3668 auctoritate,
3631 3614 3725 3670 pc-

2090 3686 2333 3742 ricuhun
2363 3688 2659 3760 (quantum
2695 3692 3014 3762 possumus)
3053 3691 3416 3761 declinemus,
3459 3708 3532 3747 ne
3574 3691 3724 3747 beati

2091 3781 2347 3852 magistri
2371 3784 2548 3838 nostri
2573 3783 2725 3839 Petri
2751 3784 2962 3840 summi
2987 3783 3226 3857 apostoli
3241 3784 3493 3854 dilectio;
3522 3800 3636 3856 qua
3661 3800 3721 3840 se

2089 3878 2402 3930 amatorem
2427 3876 2523 3931 Dei
2553 3893 2670 3933 esse
2698 3881 2932 3934 testatus
2975 3883 3078 3946 est,
3129 3895 3273 3934 vana
3316 3877 3639 3934 inveniatur
3661 3878 3723 3934 in

2087 3967 2252 4022 nobis
2281 3985 2294 4024 :
2322 3969 2597 4041 quoniam
2647 3971 2834 4026 omnis
2873 3971 3238 4043 negligenter
3277 3988 3510 4044 pascens
3553 3972 3720 4028 toties

2087 4063 2548 4118 commendatum
2565 4064 2671 4119 sibi
2697 4064 3048 4120 dominicum
3077 4081 3334 4137 gregem,
3363 4065 3720 4122 convincitur

2085 4171 2375 4212 summum
2416 4173 2534 4212 non
2576 4174 2767 4212 amare
2811 4162 3116 4230 pastorem,
3169 4175 3274 4214 nec
3313 4159 3436 4230 ejus
3473 4159 3617 4214 velle
3659 4173 3718 4215 se

2085 4247 2422 4320 discipulum
2443 4249 2587 4321 ﬁeri,
2609 4251 2770 4322 cujus
2786 4253 3046 4324 exempla
3067 4251 3308 4324 negligit
3320 4252 3558 4308 imitari.
3577 4253 3717 4308 Nam

2086 4341 2268 4413 gratia
2293 4360 2525 4415 prorsus
2549 4345 2734 4416 major
2753 4345 3084 4418 acquiritur,
3109 4347 3156 4400 si
3176 4346 3244 4401 de
3261 4347 3576 4402 commissis
3603 4346 3716 4402 ovi-

2082 4435 2188 4491 bus
2214 4438 2438 4493 lucrum
2469 4438 2668 4494 offerat
2691 4438 2925 4495 domino
2955 4439 3274 4495 sollicitudo
3297 4440 3558 4511 pastoris.
3576 4441 3715 4496 Nam

351 4533 454 4588 illa
472 4533 606 4588 hora
625 4533 762 4604 quid
790 4535 1108 4604 loquamini.
1130 4533 1253 4592 Non
1273 4533 1414 4588 enim
1438 4548 1530 4588 vos
1551 4535 1678 4589 estis
1689 4534 1786 4603 qui
1807 4534 1980 4604 loqui-
2002 4548 2062 4620 D
2084 4535 2140 4587 et
2177 4530 2407 4588 beatum
2448 4533 2638 4604 Jacob,
2679 4533 2778 4604 qui
2815 4551 2920 4606 pro
2963 4534 3237 4590 uxoribus
3277 4534 3377 4589 diu
3418 4534 3704 4602 servierat,

351 4627 509 4690 mini,
535 4626 632 4682 sed
655 4625 896 4696 Spiritus
919 4627 1100 4681 Patris
1124 4628 1292 4685 vestri
1318 4627 1416 4696 qui
1441 4627 1682 4697 loquitur
1713 4628 1772 4680 in
1809 4628 1978 4683 vobis.

357 4719 556 4778 Tradet
597 4723 776 4774 autem
823 4721 1004 4788 frater
1048 4721 1280 4787 fratrem
1327 4721 1387 4773 in
1429 4724 1669 4783 mortem,
1725 4725 1774 4776 et
1820 4726 1984 4792 pater

347 4813 542 4886 ﬁlium,
569 4819 621 4868 et
645 4814 928 4880 insurgent
953 4812 1060 4882 ﬁlii
1084 4814 1142 4866 in
1163 4815 1443 4882 parentes,
1472 4817 1523 4867 et
1547 4817 1714 4868 morte
1740 4829 1826 4869 eos
1852 4818 1978 4886 afﬁ-

351 4907 509 4962 cient.
550 4907 622 4961 Et
659 4906 810 4961 eritis
845 4905 968 4960 odio
1004 4905 1252 4960 omnibus
1288 4908 1516 4974 propter
1557 4920 1748 4960 nomen
1782 4923 1976 4963 meum.

348 4998 454 5067 Qui
495 5003 674 5055 autem
707 4999 1136 5070 perseveraverit
1159 5013 1331 5068 usque
1353 5000 1412 5052 in
1427 4995 1624 5068 ﬁnem,
1669 4999 1754 5054 hic
1795 5002 1978 5058 salvus

345 5093 450 5148 erit
473 5092 684 5170 (Matth.
712 5092 786 5164 x).
815 5091 1020 5147 Linum
1044 5107 1290 5164 namque
1318 5095 1376 5146 et
1409 5091 1629 5146 Cletum
1659 5091 1804 5148 nihil
1831 5094 1973 5165 legi-

344 5190 440 5242 tur
469 5201 724 5258 unquam
751 5200 820 5240 ex
837 5185 1147 5257 pontiﬁcali
1175 5184 1488 5240 ministerio
1520 5185 1700 5256 egisse
1727 5191 1975 5258 potesta-

343 5277 453 5335 tive
486 5295 500 5334 :
531 5277 626 5334 sed
654 5283 931 5352 quantum
953 5278 1034 5333 eis
1070 5295 1102 5333 a
1121 5277 1286 5334 beato
1317 5279 1486 5333 Petro
1520 5279 1970 5351 praecipiebatur,

340 5376 564 5428 tantum
589 5371 948 5428 solummodo
978 5371 1242 5444 agebant.
1268 5372 1408 5426 Nam
1431 5376 1488 5427 et
1512 5371 1570 5426 in
1597 5389 1813 5429 canone
1838 5375 1976 5446 legi-

335 5471 437 5523 tur
485 5465 710 5522 Nicaeno
765 5467 992 5537 (Nicami
1044 5467 1260 5521 concilii
1309 5481 1430 5521 can.
1469 5467 1522 5538 4)
1580 5483 1594 5521 :
1634 5467 1974 5542 Episcopum

336 5575 583 5634 namque
611 5560 876 5616 convenit
900 5559 1147 5616 maxime
1175 5559 1408 5632 quidem
1447 5559 1518 5615 ab
1563 5561 1827 5616 omnibus
1874 5563 1972 5635 qui

337 5661 472 5714 sunt
492 5655 554 5712 in
585 5653 880 5730 provincia
918 5653 1194 5728 episcopis
1229 5653 1500 5712 ordinari.
1537 5653 1597 5711 Si
1639 5659 1830 5712 autem
1860 5657 1970 5714 hoc

2082 4625 2287 4682 dixisse
2329 4626 2694 4682 meminimus
2729 4625 2936 4698 (Genes.
2966 4628 3114 4700 xxxx)
3149 4645 3164 4682 :
3203 4630 3414 4696 Viginti
3437 4631 3600 4684 annis
3623 4629 3714 4697 fui

2083 4725 2254 4774 tecum
2285 4736 2444 4775 :oves
2466 4725 2570 4775 tuae
2587 4726 2638 4776 et
2663 4737 2838 4792 capra
2862 4723 3071 4777 steriles
3095 4737 3202 4776 non
3219 4724 3449 4790 fuerunt
3476 4740 3493 4776 :
3516 4724 3710 4778 arietes

2079 4816 2258 4882 gregis
2279 4816 2360 4869 tui
2379 4830 2486 4869 non
2508 4815 2729 4878 comedi,
2752 4832 2848 4870 nec
2868 4822 3083 4887 captum
3099 4833 3133 4870 a
3155 4817 3324 4871 bestia
3343 4817 3556 4871 ostendi
3573 4817 3706 4872 tibi:

2081 4923 2173 4976 ego
2194 4909 2454 4964 damnum
2478 4923 2630 4964 omne
2652 4909 2962 4973 reddebam,
2996 4915 3048 4964 et
3085 4911 3321 4981 quiquid
3350 4913 3505 4978 furto
3533 4909 3709 4980 perie-

2078 5007 2186 5065 rat,
2219 5019 2254 5056 a
2277 5018 2358 5057 me
2383 5003 2652 5070 emigebas.
2684 5005 2782 5057 Die
2807 5009 3074 5073 noctuque
3097 5007 3229 5059 aestu
3257 5003 3456 5058 urebar
3487 5007 3539 5058 et
3559 5003 3702 5071 gelu,

2075 5097 2324 5164 fugiebat
2347 5111 2564 5152 somnus
2590 5097 2659 5150 ab
2705 5097 2874 5151 oculis
2908 5099 3060 5152 meis.
3090 5097 3148 5152 Si
3183 5096 3360 5168 igitur
3385 5097 3462 5152 sic
3488 5096 3706 5152 laborat

2077 5195 2134 5244 et
2174 5190 2387 5262 vigilat,
2431 5189 2528 5262 qui
2579 5190 2757 5260 pascit
2803 5206 2934 5245 oves
2975 5190 3184 5261 Laban,
3222 5183 3434 5262 quanto
3489 5189 3700 5259 labore,

2075 5283 2409 5355 quantisque
2443 5281 2650 5354 vigiliis
2674 5283 2840 5338 debet
2885 5283 3200 5353 intendere,
3245 5283 3344 5355 qui
3368 5283 3548 5355 pascit
3573 5299 3704 5341 oves

2074 5375 2216 5431 Dei?
2243 5377 2352 5432 Sed
2379 5376 2439 5430 in
2466 5376 2554 5430 his
2581 5376 2842 5431 omnibus
2870 5377 2990 5449 ipse
3024 5393 3130 5432 nos
3171 5376 3430 5444 instruat,
3473 5376 3572 5449 qui
3595 5393 3700 5449 pro

2073 5467 2190 5522 suis
2214 5469 2368 5525 dedit
2397 5470 2596 5526 ovibus
2622 5471 2894 5539 animam,
2923 5476 2979 5526 et
3001 5470 3227 5540 adjuvet
3252 5487 3378 5537 nos,
3407 5477 3470 5526 ut
3514 5470 3582 5526 de
3609 5470 3702 5524 his

2071 5562 2170 5635 qui
2198 5563 2362 5618 nobis
2385 5565 2668 5620 commissi
2696 5569 2848 5632 sunt,
2867 5565 3114 5620 fructum
3137 5563 3510 5637 multiplicem
3531 5563 3699 5636 [mul-

2069 5655 2326 5730 tiplicet],
2367 5672 2432 5714 ac
2467 5675 2794 5717 mensuram
2833 5657 3338 5732 superefﬂuentem
3376 5658 3449 5717 ad
3487 5662 3697 5717 aeterna

411 5833 483 5910 (a)
511 5833 733 5893 Damasi
763 5845 926 5912 papae
950 5832 1180 5910 epistola
1209 5837 1258 5908 ὅ,
1291 5818 1407 5896 imo
1433 5834 1754 5912 impostoris
1785 5833 2102 5894 Mercatoris
2127 5835 2354 5912 ineptus
2379 5841 2563 5899 cento.
2591 5838 2753 5902 LABB.
