4044 6196
265 363 330 424 t7
863 447 877 460 δ
1367 375 1421 429 S.
1463 372 1801 430 MARTINUS
1837 371 2208 430 DUMIENSIS.
2249 373 2534 430 ΝΟΤΙΤΙΑ.
3567 369 3638 428 18

255 475 474 549 gaudia
523 481 816 554 reportare
867 480 1138 568 concedat
1187 498 1201 538 :
1257 487 1559 558 tantusque
1602 499 1702 540 vos
1745 481 1898 540 beati
1918 491 2116 568 Anon
2140 480 2220 538 eis
2246 481 2452 550 favere,
2475 478 2935 554 decertaveritis;
2985 482 3042 539 et
3068 475 3147 539 ita
3175 475 3232 538 in
3262 477 3630 556 postmodum

250 571 413 627 Petri
445 574 844 646 apostolorum
883 563 1155 650 principis
1203 595 1366 635 amor
1403 579 1688 648 accendat,
1725 584 1790 635 ut
1836 579 1898 636 in

251 666 390 722 ovili
418 667 622 740 ipsius,
646 668 737 724 cui
767 686 965 726 omnes
985 677 1255 727 creaturae
1281 677 1413 727 sunt
1429 673 1667 743 traditae,
1701 689 1898 729 omnes

246 759 452 816 taliter
480 768 750 833 errantes,
779 769 835 819 et
851 765 1043 820 illicita
1063 771 1230 838 atque
1251 765 1536 838 prohibita
1554 784 1898 839 praesumen-

245 856 356 923 tes,
389 855 602 909 sanctis
630 856 826 911 vestris
856 858 1058 913 studi-is
1091 875 1314 915 summo
1350 859 1738 931 redintegrare
1765 877 1897 916 cum

247 945 543 1002 desiderio
569 948 862 1020 festinetis,
891 951 1132 1023 qualiter
1162 953 1366 1008 animae
1403 953 1654 1025 pretioso
1689 953 1896 1010 Christi

244 1041 539 1112 sanguine
583 1042 911 1116 redempta,
958 1061 1160 1101 eorum
1211 1063 1328 1102 non
1379 1046 1686 1119 depereant
1739 1047 1894 1104 dece-

242 1131 480 1204 ptione.
504 1135 697 1192 Restat
720 1137 912 1206 etiam,
930 1139 1081 1212 quod
1101 1155 1205 1212 per
1225 1140 1433 1196 ostium
1454 1139 1515 1196 hi
1531 1155 1891 1214 nequaquam

243 1225 674 1300 subintrarunt,
705 1230 839 1303 quia
873 1248 990 1288 non
1032 1233 1316 1292 habebant
1353 1228 1564 1316 ostium
1599 1253 1703 1308 per
1736 1237 1892 1308 quod

239 1319 699 1391 ingrederentur
744 1341 758 1379 :
797 1325 932 1398 quia
974 1326 1058 1398 (ut
1108 1327 1323 1384 dictum
1365 1329 1464 1402 est)
1511 1330 1558 1385 si
1619 1347 1725 1386 nec
1766 1331 1886 1402 epi-

239 1414 409 1486 scopi
439 1422 594 1484 sunt,
646 1422 704 1473 et
740 1419 1042 1492 plusquam
1081 1423 1397 1496 presbyteri
1440 1440 1560 1480 esse
1605 1424 1885 1494 ambiunt,

237 1523 350 1578 per
375 1509 537 1580 quod
566 1511 775 1567 ostium
810 1512 1140 1571 intrabunt!
1169 1533 1301 1572 cum
1327 1517 1387 1572 hi
1415 1521 1636 1574 tantum
1662 1519 1775 1574 duo
1799 1535 1889 1574 or-

236 1599 411 1656 dines
440 1602 500 1657 in
527 1604 760 1660 ecclesia
789 1606 1076 1680 legantur,
1106 1626 1210 1666 nec
1237 1611 1480 1684 amplius
1507 1612 1577 1668 ad
1605 1613 1885 1685 pastorale

239 1693 510 1751 ofﬁcium
522 1697 749 1770 aliquod
763 1705 918 1772 patet
937 1703 1162 1775 ostium,
1185 1721 1288 1776 per
1301 1705 1456 1778 quod
1477 1709 1671 1778 pastor
1687 1705 1880 1764 intret.

235 1789 470 1859 Audite,
499 1789 724 1861 fratres,
753 1809 873 1849 non
902 1811 1013 1866 me,
1043 1797 1139 1852 sed
1164 1797 1347 1870 ipsam
1365 1799 1672 1854 Veritatem
1698 1800 1882 1856 dicen-

234 1883 353 1936 tem
385 1881 568 1953 (Joan.
610 1887 666 1956 χ)
715 1904 730 1942 :
781 1888 886 1954 Qui
924 1906 1031 1945 non
1071 1892 1245 1947 intrat
1281 1909 1386 1962 per
1409 1896 1603 1949 ostium
1649 1896 1708 1949 in
1745 1871 1958 1952 ovileB

236 1977 443 2040 arium,
475 1979 578 2033 sed
609 1983 854 2036 ascendit
895 1983 1140 2048 aliunde,
1181 1986 1273 2040 ille
1312 1989 1411 2054 fur
1451 1991 1530 2042 est
1560 1992 1612 2042 et
1636 1988 1796 2053 latro,
1825 1993 1882 2045 et

234 2069 478 2141 reliqua.
504 2071 648 2127 Cum
674 2074 844 2130 etiam
865 2077 1130 2148 egregius
1154 2079 1492 2150 praedicator
1533 2081 1714 2136 dicat:
1736 2085 1880 2138 Fun-

238 2161 556 2220 damentum
590 2168 750 2222 aliud
781 2186 930 2225 nemo
959 2175 1138 2241 potest
1174 2189 1376 2243 ponere
1410 2179 1610 2244 preter
1637 2177 1696 2229 in
1733 2176 1881 2246 quod

231 2258 474 2324 positum
502 2265 584 2315 est
609 2279 627 2315 :
657 2260 705 2331 (Ι
732 2262 853 2318 Cor.
879 2265 959 2336 Ill)
995 2282 1008 2319 :
1039 2265 1308 2338 praedicta
1351 2267 1462 2322 duo
1505 2267 1879 2325 fundamenta

236 2348 296 2403 in
309 2351 557 2408 Ecclesia
581 2358 979 2414 tantummodo
991 2359 1175 2431 posita
1187 2360 1570 2432 inveniantur,
1598 2362 1876 2434 quidquid

237 2445 482 2515 amplius
527 2447 586 2502 in
625 2448 713 2503 his
747 2451 992 2522 positum
1025 2453 1331 2522 invenitur,
1369 2459 1516 2510 stare
1551 2456 1873 2512 nullatenus

236 2539 470 2606 poterit.
487 2541 553 2596 Et
567 2541 694 2598 ideo
716 2561 848 2600 cum
868 2547 1131 2603 omnibus
1145 2547 1262 2602 suis
1285 2548 1684 2620 fundamentis,
1702 2550 1872 2608 actio-

237 2629 412 2686 nibus
435 2637 598 2706 atque
623 2637 904 2695 radicibus
918 2645 982 2712 ut,
1006 2642 1293 2713 evellatur,
1325 2659 1552 2700 necesse
1575 2652 1679 2714 est,
1703 2645 1780 2701 ita
1808 2650 1872 2702 ut

233 2724 485 2795 amplius
495 2744 595 2784 nec
613 2732 890 2802 pullulare
898 2777 911 2803 ,
927 2750 1030 2790 nec
1041 2736 1364 2807 germinare
1380 2737 1575 2793 valeat.
1593 2739 1718 2793 Non
1729 2755 1865 2814 ergo

235 2825 490 2891 generet,
521 2827 577 2878 et
608 2841 726 2880 non
765 2826 934 2883 faciat
962 2828 1139 2900 vobis,
1171 2830 1392 2899 fratres,
1422 2831 1589 2887 toties
1628 2832 1867 2904 repetita

229 2908 439 2968 locutio
465 2914 756 2974 fastidium
786 2937 800 2974 :
828 2921 962 2992 quia
987 2939 1210 2979 summa
1236 2925 1536 2982 necessitas
1555 2929 1639 2982 est
1659 2926 1865 2998 saepius

228 3005 524 3073 prohiberi
551 3012 700 3082 quod
728 3014 894 3069 toties
916 3015 1108 3073 illicite
1133 3023 1478 3090 usurpatur:
1508 3023 1564 3074 et
1589 3019 1863 3092 quoniam

227 3099 432 3155 veritas
460 3103 670 3175 saepius
695 3108 994 3179 exagitata,
1015 3111 1198 3182 magis
1217 3113 1550 3183 splendescit
1573 3113 1634 3168 in
1651 3115 1858 3185 lucem;

227 3196 281 3246 et
308 3195 468 3264 quod
491 3197 658 3254 toties
687 3203 996 3272 repetendo
1023 3204 1380 3274 admonetur,
1403 3205 1592 3262 minus
1627 3225 1862 3282 usurpa-

226 3288 334 3341 tur.
370 3289 561 3361 Super
603 3291 692 3348 his
734 3295 886 3350 enim
927 3297 1103 3352 multa
1131 3298 1252 3369 jam
1300 3299 1371 3353 ab
1414 3301 1861 3357 antecessoribus

224 3383 434 3438 nostris
449 3383 601 3440 dicta
620 3391 783 3458 sunt;
813 3406 846 3444 a
873 3391 1080 3462 quibus
1105 3391 1232 3462 ipsi,
1261 3392 1406 3448 sicut
1431 3410 1582 3450 nunc
1610 3412 1644 3449 a
1669 3397 1856 3468 nobis,

223 3472 296 3526 ita
315 3475 460 3531 olim
474 3479 546 3532 ab
561 3479 696 3551 ipsis
712 3481 961 3539 damnati
973 3489 1028 3539 et
1043 3485 1318 3558 prohibiti
1333 3491 1482 3542 sunt.
1503 3488 1630 3543 Ideo
1651 3491 1858 3562 saepius

222 3575 564 3640 repetentes,
591 3590 786 3631 omnes
801 3589 1121 3649 monemus,
1148 3583 1213 3634 ut
1237 3579 1486 3635 vitentur
1505 3581 1852 3654 hujusmodi,

222 3667 274 3714 et
300 3680 335 3716 a
361 3664 571 3720 talibus
598 3684 655 3724 se
684 3669 1020 3741 abstineant,
1042 3672 1140 3744 qui
1166 3673 1454 3730 noluerint
1479 3691 1593 3730 una
1621 3690 1751 3732 cum
1776 3678 1856 3733 eis

219 3773 250 3809 a
271 3759 611 3816 sacerdotali
635 3762 1050 3832 ministerio,ut
1075 3768 1325 3837 rebelles,
1346 3767 1467 3824 ﬁeri
1493 3767 1681 3824 alieni.
1695 3771 1856 3836 Quod

219 3849 457 3906 demum
502 3855 742 3926 probare
789 3858 1124 3930 poterimus,
1161 3861 1207 3915 si
1241 3861 1380 3917 tales
1419 3861 1749 3935 exstirpare,
1798 3869 1855 3921 et

289 3962 738 4046 {aI-Hactenusex
761 3969 976 4025 laciniis
1006 3971 1202 4028 lsidori
1229 3973 1332 4028 sub
1365 3989 1602 4046 persona
1632 3975 1852 4032 Damasi

212 4034 619 4093 delitescentis.
653 4041 813 4096 Lana.
1365 4034 1382 4046 ⁵
1501 4091 1530 4108 .

1997 575 2066 631 de
2091 575 2189 630 tali
2216 592 2276 630 re
2302 575 2534 648 querela
2573 575 2808 632 cessabit
2839 593 2854 632 :
2886 576 3019 650 quia
3047 575 3408 633 contumeliae
3437 575 3626 632 studio

1996 669 2060 724 ﬁt
2097 669 2445 743 [appetitur],
2486 669 2726 742 quiquid
2763 670 3130 727 interdictum
3167 669 3336 727 toties
3377 685 3623 742 usurpa-

1994 767 2106 818 tur.
2141 763 2345 819 Omnia
2359 763 2479 819 heec
2497 763 2812 835 decretalia,
2833 768 2889 819 et
2907 769 3241 819 cunctorum
3263 764 3626 820 decessorum

1996 862 2254 914 nostrum
2282 856 2605 927 constituta,
2637 875 2765 930 quae
2801 858 2871 913 de
2909 857 3292 914 ecclesiasticis
3335 857 3626 914 ordinibus

1995 953 2050 1006 et
2073 967 2355 1007 canonum
2381 951 2744 1024 promulgata
2768 954 2899 1007 sunt
2919 949 3248 1023 disciplinis,
3277 950 3355 1007 ita
3380 949 3541 1008 vobis
3569 954 3627 1008 et

1994 1044 2256 1101 omnibus
2281 1045 2576 1118 episcopis,
2617 1062 2681 1101 ac
2707 1044 2923 1100 cunctis
2951 1044 3293 1116 generaliter
3315 1045 3620 1102 sacerdoti~

1989 1137 2095 1194 bus
2133 1139 2402 1196 custodiri
2439 1139 2644 1196 debere
2686 1138 3043 1209 mandamus,
3072 1142 3137 1193 ut
3171 1138 3217 1192 si
3251 1139 3378 1211 quis
3412 1138 3472 1193 in
3523 1138 3623 1194 illa

1990 1233 2354 1305 commiserit,
2385 1233 2608 1290 veniam
2638 1232 2743 1288 sibi
2769 1233 3033 1305 deinceps
3058 1231 3284 1288 noverit
3308 1232 3612 1303 denegari:

1989 1327 2260 1400 quoniam
2307 1331 2627 1384 occurreret
2666 1327 2886 1397 veritas,
2935 1327 2981 1382 si
3017 1324 3230 1381 falsitas
3277 1324 3614 1396 displiceret.

1988 1421 2054 1476 Et
2083 1422 2289 1478 merito
2328 1439 2452 1493 nos,
2482 1421 2582 1496 qui
2610 1438 2833 1478 summa
2861 1419 3107 1476 ecclesiae
3127 1423 3321 1474 tenere
3349 1417 3618 1474 debemus

1987 1514 2388 1587 gubernacula,
2445 1533 2609 1572 causa
2660 1515 2924 1588 respicit;
2968 1513 3014 1569 si
3059 1511 3280 1568 silentio
3331 1510 3618 1567 faveamus

1985 1609 2168 1664 errori
2195 1609 2288 1681 (α).
2328 1611 2460 1666 Data
2495 1627 2587 1666 xiv
2619 1609 2894 1666 Kalendas
2938 1607 3198 1680 Augusti,
3242 1605 3462 1662 Justino
3506 1605 3617 1678 [Ju-

1983 1701 2250 1775 stiniano]
2293 1708 2450 1760 sexto
2498 1709 2554 1761 et
2590 1705 2819 1760 Narsete
2863 1701 2995 1758 viris
3047 1698 3370 1756 clarissimis
3408 1714 3614 1756 consu-

1980 1795 2128 1852 libus
2155 1795 2244 1869 (b).

2267 1904 2595 1962 EPISTOLA
2646 1905 2926 1962 JOANNIS
2982 1906 3176 1961 ΡΑΡΑΞ
3233 1905 3320 1974 Ill,

2315 2016 2383 2054 AD
2410 2016 2660 2056 EDALDUH
2689 2015 2900 2055 VIENNE
2929 2013 3264 2055 ANTISTITEM.

2439 2106 2833 2157 OBSERVATIO
2880 2105 3145 2156 LABBEI.

2038 2185 2264 2235 Joannes
2288 2199 2318 2235 a
2340 2187 2502 2236 Boseo
2529 2185 2819 2236 monachus
2847 2185 2960 2236 0rd.
2995 2183 3409 2246 leestiuorum,
3439 2181 3608 2236 editor

1977 2247 2314 2310 Bibliotheca:
2343 2248 2685 2299 Floriacensis
2726 2248 2952 2298 casnobii
2993 2248 3052 2298 Ο.
3099 2249 3178 2310 Β.,
3221 2246 3607 2310 ναιειξνῇιίρθτ-

1974 2308 2189 2375 brevem
2237 2310 2452 2375 Joannis
2521 2313 2590 2361 lll
2659 2324 2808 2375 papae
2837 2308 3169 2375 -epistolam'
3209 2309 3274 2360 ad
3314 2308 3604 2360 ‘Edaldnm

1974 2371 2190 2423 Vienna:
2211 2372 2510 2434 antistitem,
2539 2371 2746 2438 qute'sic
2772 2371 2929 2424 habet
2955 2387 2970 2423 :

2041 2469 2285 2524 Joannes
2359 2467 2656 2540 episcopus
2713 2468 2922 2526 Edaldo
2973 2465 3304 2538 Viennensi,
3380 2465 3620 2564 archiez

1969 2577 2224 2634 piscopo.

2039 2656 2116 2710 De
2145 2655 2344 2712 ofﬁciis
2369 2656 2692 2725 missarum,
2721 2657 2790 2712 de
2832 2655 3040 2728 quibus
3079 2655 3140 2710 in
3177 2653 3378 2711 litteris
3402 2653 3598 2710 vestris

1969 2747 2302 2820 requisistis,
2335 2748 2469 2804 sciat
2496 2749 2752 2804 Charitas
2781 2752 2962 2804 vestra
2987 2749 3119 2821 quia
3147 2748 3298 2804 varie
3330 2747 3481 2820 apud
3509 2747 3596 2803 di-

1967 2852 2152 2896 versas
2181 2841 2452 2897 Ecclesias
2477 2842 2616 2897 ﬁant
2633 2859 2651 2911 ;
2684 2841 2848 2897 aliter
2892 2840 3046 2896 enim
3088 2841 3466 2896 Alexandrina
3500 2841 3597 2896 Ec-

1964 2933 2131 2990 clesia
2156 2977 2170 3005 ,
2235 2935 2396 2990 aliter
2459 2934 2963 3007 Hierosolymitana
2985 2976 3000 3006 ,
3049 2933 3214 2990 aliter
3275 2933 3554 3007 Ephesina
3575 2975 3590 3004 ,

1961 3028 2124 3084 aliter
2171 3029 2428 3084 Romana
2487 3028 2622 3084 facit
2675 3045 2690 3084 :
2741 3027 2903 3100 cujus
2956 3043 3177 3084 morem
3229 3031 3284 3083 et
3335 3027 3593 3083 instituta

1962 3121 2126 3178 debet
2152 3138 2372 3177 servare
2399 3121 2642 3178 Ecclesia
2658 3126 2774 3192 tua,
2796 3139 2924 3194 quas
2949 3121 3386 3178 fundamentum
3413 3121 3590 3176 sancti

1960 3215 2183 3270 habitus
2207 3215 2277 3270 ab
2301 3215 2395 3270 illa
2418 3215 2679 3290 sumpsit.
2711 3215 3057 3271 Venerabilis
3102 3215 3255 3287 pallii
3283 3231 3448 3270 usum
3485 3230 3589 3286 per

1959 3313 2217 3364 sanctum
2239 3309 2636 3382 presbyterum
2661 3294 2907 3364 vestrum
2935 3308 3177 3364 Felicem
3211 3307 3312 3363 tibi
3349 3307 3587 3363 destina-

1954 3402 2138 3458 vimus
2151 3403 2410 3458 nolentes
2429 3408 2483 3458 te
2496 3403 2703 3474 privari
2717 3402 2964 3476 antiquo
2973 3402 3123 3457 beati
3145 3400 3292 3456 Petri
3312 3417 3548 3456 munere
3567 3417 3582 3456 :

1953 3495 2124 3551 simul
2167 3497 2454 3552 mittentes
2507 3497 2576 3551 de
2617 3495 2831 3566 capillis
2869 3495 3045 3550 sancti
3093 3495 3268 3560 Pauli,
3323 3498 3388 3548 ut
3439 3499 3584 3549 esset

1952 3588 2210 3644 Ecclesiae
2252 3593 2450 3645 vestras
2517 3589 2650 3644 illus
2699 3587 3101 3644 intercessione
3146 3587 3430 3657 solatium,
3479 3603 3584 3658 per

1952 3681 2114 3753 cujus
2159 3681 2500 3754 discipulum
2543 3681 2787 3752 suscepit
2811 3681 3059 3753 primum
3087 3679 3378 3753 religionis
3402 3679 3582 3737 hono-

1950 3790 2094 3830 rem.
2130 3779 2199 3831 Et
2249 3776 2362 3830 alia
2397 3791 2565 3830 manu
2605 3793 2621 3829 :
2676 3774 2998 3830 Benedictio
3041 3774 3432 3846 apostolorum
3481 3789 3580 3830 vos

1949 3867 2020 3922 ab
2044 3867 2225 3925 imbre
2253 3867 2637 3941 malignorum
2675 3867 2957 3924 defendat.

2023 3979 2090 4053 (b)
2118 3981 2278 4036 Falsa
2305 3981 2598 4039 consulum
2628 3983 2783 4036 nota.
2817 3980 2978 4037 LABB.

213 4171 3574 4197 “MM
2015 4189 2077 4197 _
2094 4189 2181 4198 ._.__

1545 4239 1708 4323 ANh’O
1754 4275 1972 4324 DOMINI
2017 4278 2256 4324 DLXXII.

306 4383 503 4587 S.
629 4385 1592 4596 MARTIN
1619 4397 1930 4602 US
2091 4399 3480 4607 DUMIENSIS

1075 4649 1745 4758 EPISCOPUS
1820 4653 2708 4760 BBACARENSIS.

1380 4790 1691 4870 (Galland.
1724 4791 2022 4855 Biblioth.
2060 4797 2219 4853 tom.
2253 4791 2412 4875 XII.)

449 4967 1226 5093 NOTITIA
1315 4975 1556 5094 DE
1647 4978 2383 5102 SANGTO
2475 4979 3336 5102 MABTINO

1209 5134 1755 5219 EPISCOPO
1839 5138 2568 5224 BBACARENSI.

1674 5271 2086 5284 ———————-.-—-

263 5318 310 5373 1.
344 5318 505 5372 Inter
529 5332 622 5371 eos
649 5317 796 5374 viros
823 5321 1073 5378 eruditos
1100 5323 1200 5394 qui
1238 5324 1412 5380 sancti
1442 5325 1661 5382 Martini
1699 5327 1836 5381 Bra-
1859 5339 1918 5411 D
1940 5327 2186 5382 ciensem
2209 5345 2242 5382 a
2264 5328 2552 5400 provincia
2572 5330 2867 5404 Hispanica
2889 5332 2952 5388 in
2971 5348 3083 5406 qua
3107 5331 3285 5403 degit,
3310 5333 3574 5391 Dumien-

190 5410 456 5467 carensis
493 5410 740 5484 episc0pi
777 5419 932 5486 gesta
964 5415 1167 5472 litteris
1209 5418 1510 5488 tradidere,
1541 5421 1610 5473 cl.
1645 5419 1836 5476 Mabil-

189 5507 388 5562 Ionius
411 5503 666 5561 eminere
684 5507 843 5563 nobis
863 5507 1114 5580 videtur;
1139 5527 1210 5566 ex
1229 5494 1342 5584 quo
1360 5513 1595 5584 proinde
1621 5515 1839 5570 casteris

193 5598 542 5656 summatim
568 5617 670 5672 pro
695 5599 938 5658 instituti
967 5604 1146 5660 nostri
1186 5605 1401 5662 ratione
1439 5608 1713 5664 nonnulla
1746 5609 1839 5664 hic

189 5693 574 5750 describenda
625 5695 968 5752 censuimus.
1021 5699 1088 5754 Et
1136 5699 1391 5772 primum
1445 5701 1677 5774 quidem
1746 5703 1836 5758 in-

194 5789 411 5860 quit(a)
431 5803 446 5840 :
466 5809 493 5836 ‹‹
519 5787 824 5845 Martinum
833 5790 928 5846 alii
941 5791 1296 5848 Pannonium
1309 5809 1342 5848 a
1353 5795 1555 5865 Patria,
1571 5796 1664 5851 alii
1676 5797 1840 5852 Galli-

267 5903 339 5973 ζα)
371 5899 584 5957 Μεώίυ.
607 5903 727 5959 Act.
760 5901 850 5959 SS.
881 5903 1015 5961 0rd.
1049 5906 1185 5962 Ben.
1214 5922 1340 5963 stac.
1375 5907 1415 5962 l.
1445 5907 1568 5964 244.

1939 5437 2056 5476 sem
2083 5425 2140 5476 et
2165 5423 2563 5482 Bracarensem
2589 5424 2685 5481 alii
2712 5442 2746 5480 a
2773 5425 3002 5482 sedibus
3035 5425 3241 5499 quibus
3275 5427 3574 5502 episcopus

1937 5514 2182 5586 prefuit,
2227 5517 2722 5591 cognominarunt.
2756 5540 2784 5570 ››
2815 5521 2894 5576 Ex
2933 5519 3021 5576 his
3057 5536 3228 5594 porro
3271 5521 3380 5577 viri
3423 5522 3574 5578 docti

1940 5609 2121 5664 verbis
2145 5609 2307 5666 nobis
2339 5611 2635 5682 succurrit,
2661 5613 2815 5686 quod
2851 5614 2914 5670 in
2949 5615 3190 5671 Baronio
3231 5620 3424 5671 nostro
3463 5615 3566 5669 Ta-

1938 5719 2139 5776 mayus
2163 5705 2380 5762 notavit
2407 5706 2475 5778 (b)
2489 5723 2506 5778 ς
2535 5705 2724 5780 ipsum
2749 5724 2956 5780 nempe
2982 5725 3072 5766 res
3109 5709 3432 5783 Hispanicas
3456 5706 3574 5762 obi-

1937 5800 2028 5853 ter
2071 5802 2426 5869 tractantem,
2477 5800 2546 5856 de
2597 5800 2765 5857 unico
2815 5801 3054 5859 Martino
3108 5807 3222 5858 tres
3276 5799 3566 5871 conﬂasse,

2013 5910 2082 5980 (b)
2113 5910 2340 5984 Tamay.
2368 5911 2594 5985 Martyr.
2621 5911 2776 5984 Hisp.
2803 5914 3036 5986 tom._ll,
3065 5928 3196 5984 pag.
3227 5913 3352 5968 306.
