4044 6196
411 367 475 430 i9
1701 366 1754 420 S.
1798 367 2074 424 MARTINI
2112 366 2466 424 DUMIENSIS
3698 364 3766 418 20

405 476 798 555 Galliciensem
815 477 1046 550 scilicet,
1067 479 1470 536 Bracarensem
1485 477 1543 530 et
1556 473 1920 532 Dumiensem
1942 474 2034 548 (α).
2059 490 2120 566 Α
2138 474 2426 534 struxisse.
2457 495 2485 526 »
2515 473 2850 547 Hujusmodi
2870 476 3062 530 autem
3087 470 3497 530 monasterium
3533 485 3602 528 ex
3639 485 3769 527 con-

407 573 618 647 verum
643 572 692 629 si
717 589 920 630 censor
951 575 1056 630 iste
1090 573 1368 647 Hispanus
1393 586 1459 626 ea
1482 569 1727 625 novisset
1749 586 1878 642 quae
1911 587 2035 625 ma-

409 683 558 740 gnus
582 668 888 725 Annalium
916 665 1416 724 ecclesiasticorum
1443 680 1650 736 parens
1685 663 1754 720 de
1783 664 1899 719 suis
1929 663 2039 719 illis

407 761 792 818 notationibus
829 761 889 816 in
929 760 1165 816 Tabulas
1205 757 1602 814 ecclesiasticas
1638 757 2040 830 przemonitnm

409 854 678 912 lectorem
733 855 932 924 voluit,
986 855 1221 910 fortasse
1274 853 1442 925 paulo
1490 852 1685 908 mitius
1738 869 1870 907 cum
1920 851 2040 906 viro

409 949 659 1006 maximo
687 948 912 1020 egisset.
939 947 1027 1005 Sic
1051 947 1228 1020 igitur
1251 946 1345 1003 ille
1373 946 1442 1019 (ὁ)
1474 963 1488 1002 :
1524 969 1550 997 (ι
1578 946 1738 1012 Quod
1762 951 1954 1001 autem
1980 945 2041 1000 in

408 1043 615 1100 nostris
639 1042 788 1098 notis
813 1041 886 1098 ad
921 1044 1241 1098 Romanum
1271 1040 1734 1116 Martyrologium
1769 1044 2042 1112 negatum

410 1141 514 1206 est,
543 1135 781 1192 Lucium
815 1151 936 1192 esse
968 1152 1201 1208 passum
1233 1135 1338 1191 sub
1362 1135 1682 1204 Volusiano,
1711 1151 1781 1188 ex
1809 1133 2040 1188 Annali—

408 1229 516 1286 bus
531 1246 784 1286 errorem
803 1229 1022 1302 corrige
1045 1247 1059 1286 :
1083 1230 1274 1302 sicque
1291 1245 1536 1301 semper,
1559 1244 1689 1284 cum
1709 1227 1916 1282 videris
1935 1226 2044 1282 dis-

409 1339 643 1397 crepare
667 1325 748 1392 ab,
766 1323 968 1380 iisdem
991 1323 1138 1379 notis
1163 1323 1424 1393 Annales,
1446 1339 1540 1378 eas
1570 1337 1640 1377 ex
1665 1322 1756 1377 his
1780 1321 2038 1376 emenda.

409 1418 714 1490 Nunquam
759 1418 1032 1473 hactenus
1077 1433 1406 1472 concessum
1455 1416 1644 1485 doleo,
1712 1420 1774 1470 ut
1820 1415 2043 1470 easdem

412 1511 662 1584 singulas
679 1527 1162 1584 recognoscerem.
1193 1532 1221 1563 »
1244 1512 1354 1566 Hac
1373 1510 1552 1582 igitur
1572 1509 1822 1582 generali
1845 1509 2041 1579 regula

411 1604 684 1674 adhibita,
716 1622 888 1679 quam
916 1605 1159 1678 ipsemet
1181 1604 1546 1660 Notationum
1570 1607 1766 1658 auctor
1792 1602 2044 1674 praescri-

409 1697 542 1770 psit,
565 1715 624 1756 se
643 1699 831 1772 ipsum
842 1699 964 1772 jam
983 1699 1199 1756 dudum
1225 1698 1572 1767 emendasse,
1593 1713 1782 1769 neque
1801 1698 2042 1766 Tamayo

409 1800 638 1864 παιδευτῇ
683 1809 824 1866 opus
859 1793 1124 1848 habuisse
1166 1791 1560 1864 intelligimus.
1604 1790 1847 1862 Agnovit
1889 1789 2043 1844 enim

2137 570 2251 626 cilii
2271 569 2538 626 Lucencis
2556 587 2576 624 ι
2595 569 2816 626 decreto
2834 569 2896 627 in
2916 569 3108 628 sedem
3126 567 3499 642 episcopalem
3514 569 3767 622 erectum

2138 665 2518 737 comperimus
2548 665 2603 735 (ί)
2629 663 2792 736 eique
2825 665 3047 732 familia
3088 665 3260 734 regia,
3301 661 3412 716 sive
3445 665 3512 716 ut
3548 660 3610 716 in
3645 656 3768 714 aliis

2140 759 2575 831 exemplaribus,
2605 759 2827 826 familia
2867 774 3140 814 servorum
3181 773 3276 812 sca:
3313 755 3603 812 attributa.
3633 755 3768 818 Quae

2139 855 2332 908 tamen
2372 853 2646 925 posterior
2671 853 2840 910 lectio
2868 853 2948 908 sic
2988 850 3349 908 reformanda
3375 849 3596 905 videtur
3635 865 3768 904 cum

2139 946 2444 1016 Harduino,
2468 951 2534 1002 ut
2555 947 2780 1019 legatur
2803 949 3036 1004 Familia
3059 949 3350 1004 Succorum
3374 961 3478 1016 pro
3496 958 3768 999 servorum

2140 1040 2390 1112 vulgata.
2427 1042 2684 1098 Testatur
2723 1041 3008 1114 siquidem
3053 1039 3294 1095 Isidorus
3344 1038 3425 1108 (ﬁ,
3467 1036 3768 1094 Martinum

2141 1150 2271 1189 cum
2297 1134 2356 1190 in
2373 1135 2684 1190 Gallseciam
2707 1135 3072 1207 pervenisset,
3105 1156 3132 1184 «
3160 1131 3442 1188 conversis
3466 1131 3536 1186 ab
3564 1129 3771 1186 Ariana

2141 1227 2430 1300 impietate
2461 1229 2532 1284 ad
2565 1229 2737 1284 ﬁdem
2763 1229 3094 1284 catholicam
3134 1228 3446 1283 Suevorum
3473 1224 3699 1296 populis
3741 1245 3766 1272 ››

2142 1339 2273 1377 eum
2315 1323 2690 1378 Theodemiro
2744 1339 2945 1378 eorum
2987 1338 3140 1393 rege,
3181 1344 3207 1370 «
3251 1321 3508 1392 regulam
3546 1317 3680 1373 ﬁdei
3715 1321 3773 1374 et

2142 1422 2347 1471 sanctae
2376 1417 2670 1488 religionis
2695 1417 3066 1483 constituisse,
3099 1415 3354 1471 ecclesias
3388 1414 3768 1481 confirmasse,

2141 1511 2485 1565 monasteria
2513 1511 2848 1579 condidisse,
2876 1515 2983 1565 etc.
3013 1531 3040 1559 ››
3070 1511 3428 1580 Quapropter
3455 1505 3772 1561 Dumiensis

2142 1603 2382 1659 coenobii
2411 1605 2481 1662 ab
2509 1621 2576 1661 eo
2604 1603 2912 1660 constructi
2939 1603 3158 1675 primus
3183 1603 3354 1657 abbas
3381 1606 3436 1656 et
3472 1600 3766 1672 episcopus

2143 1697 2391 1768 effectus,
2423 1697 2529 1752 sibi
2565 1699 2861 1769 assignatas
2900 1699 3142 1752 Familia
3171 1699 3332 1765 regiw
3376 1695 3488 1750 sive
3528 1694 3771 1750 Familia:

2143 1793 2434 1848 Sacrorum
2460 1791 2720 1862 regimen
2755 1791 3058 1862 sumpsisse
3095 1790 3368 1846 dicendus
3391 1789 3634 1843 videtur.
3662 1788 3767 1840 Ve-

411 1886 587 1943 fuisse
618 1903 798 1943 unum
836 1887 1215 1958 eumdemque
1254 1885 1554 1942 Martinum
1590 1884 1954 1940 Dumiensem
1991 1866 2122 1938 etB
2145 1902 2276 1940 rum
2295 1885 2406 1940 alio
2427 1903 2600 1943 sensu
2627 1886 2827 1957 synodi
2847 1884 3117 1958 Lucensis
3140 1884 3331 1951 verba,
3351 1883 3584 1938 Familia
3601 1895 3776 1936 servo-

415 1980 830 2050 Bracarensem,
859 1984 924 2036 ut
951 1997 1022 2036 ex
1048 1979 1360 2036 Annalibus
1388 1983 1744 2050 compertum
1772 1977 2047 2032 habemus

417 2077 503 2149 (c);
525 2077 627 2150 qui
649 2075 925 2132 nimirum
951 2075 1206 2147 primum
1230 2073 1403 2129 fuerit
1427 2072 1757 2128 monasterii
1785 2071 2046 2126 Dumien-

416 2172 492 2229 sis
517 2171 831 2244 episcopus,
862 2169 1066 2226 deinde
1102 2173 1376 2240 tanquam
1411 2165 1877 2238 metropolitanus
1909 2181 2045 2219 con-

416 2265 543 2322 cilio
570 2263 894 2320 Bracarensi
919 2280 960 2318 ιι
983 2261 1334 2335 ρι’ωεθάρινὶῐ.
1369 2261 1530 2326 Quod
1563 2260 1610 2314 si
1644 2259 1848 2316 alicubi
1878 2257 2050 2314 etiam

415 2357 802 2415 Gallicienscm
821 2357 1148 2429 episcopum
1167 2359 1295 2427 post
1313 2355 1645 2426 Gregorium
1667 2355 2050 2409 Turonensem

419 2452 492 2526 (Id)
522 2451 786 2525 appellat,
819 2449 1228 2506 existimandus
1265 2452 1563 2522 propterea
1591 2465 1724 2504 eum
1761 2447 1839 2502 sic
1873 2446 2052 2502 nomi-

413 2563 598 2614 nasse,
627 2545 779 2618 quod
805 2546 1044 2600 Bracara
1087 2559 1201 2616 qua
1227 2543 1286 2598 in
1322 2542 1464 2599 urbe
1503 2543 1752 2612 sedebat,
1781 2539 2053 2597 Callaeciae

419 2639 750 2711 metropolis
775 2638 972 2694 ordine
999 2637 1352 2693 censebatur.

495 2735 558 2790 ll.
580 2735 790 2790 Verum
815 2731 904 2787 his
930 2731 1133 2799 missis,
1163 2735 1230 2786 ut
1255 2731 1327 2786 ad
1354 2747 1420 2788 ea
1445 2731 1678 2802 propius
1723 2731 2055 2787 accedamus

421 2843 552 2900 quae
601 2826 736 2883 sunt
773 2825 991 2898 reliqua
1023 2825 1092 2880 de
1140 2825 1384 2897 praesule
1422 2829 1615 2879 nostro
1661 2826 1993 2895 enarranda,
2024 2843 2054 2880 e

420 2922 706 2980 Pannonia
737 2920 1022 2992 digressus
1054 2919 1166 2987 ille,
1203 2919 1263 2972 in
1293 2917 1582 2972 Orientem
1608 2922 1732 2972 tum
1768 2918 2057 2990 religionis

422 3022 548 3073 tum
589 3015 910 3070 litterarum
954 3011 1352 3067 discendarum
1393 3010 1576 3082 gratia
1609 3010 1894 3082 profectus
1941 3017 2052 3080 est;

423 3109 574 3165 unde
599 3111 793 3180 postea
819 3105 1001 3161 redux
1026 3104 1086 3158 in
1112 3103 1430 3159 Gallaeciam
1454 3104 1730 3174 pervenit,
1751 3109 1816 3160 ut
1841 3122 1910 3160 ex
1929 3105 2056 3160 Gre«
2088 3135 2093 3140 -

2142 1995 2264 2034 rum
2307 1995 2421 2050 sem,
2456 1979 2862 2050 interpretatur
2905 1978 3124 2033 Garsias
3169 1979 3382 2047 Loaysa
3430 1974 3518 2046 (Ii),
3560 1974 3636 2028 sic
3681 1974 3770 2028 in-

2145 2071 2346 2144 quiens
2373 2091 2386 2128 :
2423 2095 2449 2121 «
2481 2073 2818 2128 Attribuitur
2849 2072 2901 2128 ei
2935 2076 3158 2127 tantum
3191 2071 3423 2126 Familia
3451 2071 3624 2138 regia,
3667 2067 3775 2121 hoc

2147 2171 2252 2236 est,
2272 2166 2531 2238 regimen
2549 2171 2880 2221 sanctorum
2897 2165 3339 2232 monachorum;
3358 2179 3494 2216 nam
3515 2161 3621 2233 ipsi
3645 2164 3778 2215 sunt

2148 2277 2217 2316 ex
2246 2261 2404 2333 regia
2437 2260 2676 2328 familia;
2709 2265 2766 2316 et
2802 2260 2937 2314 alibi
2973 2258 3176 2314 dicitur
3213 2258 3445 2312 Familia
3483 2270 3775 2316 servorum,

2149 2355 2249 2427 qui
2287 2355 2506 2410 Christo
2547 2354 2669 2426 regi
2709 2369 2934 2409 summo
2979 2351 3166 2430 dicati,
3213 2349 3464 2404 studium
3513 2364 3680 2404 omne
3718 2347 3779 2402 in

2150 2449 2307 2505 cultu
2351 2448 2643 2521 religionis
2684 2452 2741 2502 et
2780 2446 3001 2518 pietatis
3041 2445 3338 2500 collocant.
3381 2465 3408 2491 »
3452 2444 3565 2498 Cur
3603 2457 3776 2514 porro

2150 2560 2268 2599 non
2320 2542 2616 2598 edisseruit
2665 2542 2946 2612 interpres
2997 2554 3306 2594 numerum
3365 2537 3526 2590 illum
3578 2553 3671 2592 sca:
3719 2536 3778 2590 in

2151 2637 2355 2709 synodi
2393 2639 2660 2692 contextu
2701 2635 2960 2690 additum
2991 2631 3176 2688 verbis
3215 2630 3304 2698 iis,
3344 2632 3576 2686 Familia
3611 2644 3782 2685 serv-o-

2152 2733 2318 2787 rum?
2345 2729 2726 2786 Existimarim
2759 2727 3026 2799 equidem
3055 2715 3159 2798 pro
3195 2741 3290 2780 sca:
3327 2725 3442 2795 (VI)
3474 2723 3781 2778 rescriben.

2155 2825 2290 2880 dum
2316 2824 2680 2894 undecimthI)
2700 2826 2764 2876 ut
2782 2820 3139 2892 intelligatur
3164 2820 3361 2878 Christi
3383 2836 3398 2872 :
3422 2832 3532 2887 qua
3549 2815 3782 2887 quidem

2155 2917 2508 2972 restitutione
2539 2915 2800 2984 admissa,
2827 2913 3004 2985 proba
3030 2912 3207 2968 videri
3232 2915 3402 2983 queat
3423 2909 3628 2965 Garsiaa
3653 2925 3778 2963 sen-

2154 3010 2350 3077 tentia,
2374 3015 2438 3066 ut
2455 3009 2656 3082 synodi
2674 3009 2830 3063 locus
2849 3007 3156 3079 accipiatur
3175 3006 3244 3061 de
3265 3005 3499 3062 Familia
3516 3019 3785 3058 servorum

2157 3107 2375 3163 Christi.

424 3201 582 3276 gorio
607 3199 920 3256 Turonensi
951 3197 1011 3302 te)
1051 3196 1376 3310 ejtdsidorio'
1406 3197 1723 3310 Hispalensi
1757 3197 1821 3269 (f)
1863 3199 2054 3253 erudi-
2078 3236 2133 3310 Ο
2228 3199 2318 3253 Ill.
2351 3199 2645 3270 Utcunque
2674 3201 2866 3252 autem
2893 3213 2981 3252 res
3009 3212 3067 3250 se
3092 3195 3318 3262 habeat,
3360 3193 3628 3248 Martinus
3664 3191 3784 3264 epi-

425 3313 585 3365 mur;
609 3309 854 3367 quorum
883 3291 1040 3363 prior
1069 3289 1331 3346 disertius
1362 3291 1482 3354 haic
1507 3291 1712 3346 habet:
1738 3313 1764 3340 «
1792 3291 2059 3347 Martinus
2081 3286 2133 3310 υ
2158 3292 2372 3363 scopali
2395 3292 2716 3346 charactere
2741 3291 3070 3362 insignitus,
3096 3294 3406 3360 antequam
3433 3286 3625 3342 sedem
3651 3287 3784 3340 Bra-

426 3387 768 3446 Galliciensis
787 3385 1086 3458 episcopus
1111 3384 1415 3440 Pannoniae
1443 3389 1599 3439 ortus
1624 3384 1750 3454 fuit,
1780 3391 1836 3440 et
1859 3385 2058 3440 exinde

427 3483 499 3540 ad
533 3481 810 3538 visitanda
850 3481 972 3534 loca
1009 3483 1201 3534 sancta
1227 3478 1286 3533 in
1325 3469 1612 3533 Orientem
1641 3495 1970 3550 properans,
2001 3479 2062 3534 in

425 3582 649 3634 tantum
667 3593 725 3631 se
741 3574 943 3630 litteris
961 3572 1188 3642 imbuit,
1210 3577 1276 3627 ut
1294 3572 1440 3627 nulli
1456 3573 1768 3628 secundum
1789 3573 1904 3626 suis
1923 3577 2062 3628 tem-

427 3670 657 3744 poribus
682 3669 1008 3724 haberetur.
1037 3665 1250 3721 Exinde
1278 3665 1565 3720 Galliciam
1603 3666 1774 3734 venit,
1806 3666 1904 3721 ubi
1931 3684 2062 3722 cum

427 3762 578 3820 beati
613 3761 835 3817 Martini
874 3759 1132 3831 reliquiae
1157 3762 1538 3830 portarentur,
1567 3759 1864 3831 episcopus
1904 3761 2058 3814 ordi-

429 3861 618 3912 natur.
635 3877 662 3904 »
676 3853 958 3909 Posterior
971 3868 1101 3906 vero
1128 3868 1141 3906 :
1161 3871 1186 3902 «
1206 3851 1494 3921 Martinus,
1515 3852 1721 3924 inquit,
1745 3853 2061 3907 Dumiensis

429 3946 754 4005 monasterii
774 3945 1154 4000 sanctissimus
1171 3944 1418 4017 pontifex
1431 3987 1444 4014 ,
1463 3962 1532 4000 ex
1549 3945 1790 4000 Orientis
1807 3945 2060 4017 partibus

429 4041 723 4114 navigans,
752 4040 810 4095 in
836 4039 1152 4095 Gallaeciam
1191 4039 1362 4094 venit.
1393 4061 1420 4088 ››
1450 4040 1621 4093 Porro
1660 4043 1723 4094 ut
1747 4039 1923 4094 sancti
1955 4057 2060 4095 an-

430 4135 617 4191 tistitis
659 4132 1000 4207 Ilispalensis
1041 4133 1229 4203 verba,
1259 4132 1464 4204 quibus
1503 4137 1626 4188 tum
1679 4132 1790 4201 hic,
1836 4136 1961 4188 tum
2003 4133 2063 4188 in

431 4229 710 4286 Chronico
749 4227 1060 4284 Suevorum
1097 4227 1200 4281 sub
1236 4226 1410 4282 ﬁnem
1457 4225 1549 4296 (ο),
1591 4226 1893 4282 Martinum
1948 4228 2060 4282 Du-

433 4323 666 4380 miensis
704 4319 1036 4378 monasterii
1079 4319 1405 4392 pontiﬁcem
1433 4325 1487 4374 et
1515 4319 1840 4391 episcopum
1881 4325 2060 4390 vocat,

434 4417 539 4473 rite
573 4415 984 4490 percipiantur,
1025 4413 1591 4470 animadvertendum
1631 4414 1933 4484 praesulem
1967 4431 2064 4468 no-

433 4515 615 4566 strum
641 4510 710 4565 de
747 4522 862 4582 quo
888 4509 1200 4582 loquimur,
1223 4507 1528 4562 aedificasse
1553 4507 1612 4561 in
1636 4506 1859 4574 Dumio,
1887 4507 2064 4562 nobili

2159 3403 2449 3442 carensem
2473 3385 2826 3454 obtinuisset,
2847 3385 3084 3440 concilio
3117 3381 3438 3438 Bracarensi
3466 3397 3486 3435 1
3513 3381 3790 3452 subscrip-

2161 3485 2308 3535 serat
2333 3481 2411 3550 (l),
2445 3480 2597 3552 quod
2623 3479 2768 3534 male
2807 3478 2868 3533 in
2904 3478 3068 3533 editis
3109 3476 3306 3532 ordine
3349 3492 3390 3529 ιι
3424 3473 3786 3545 inscribitur;

2161 3575 2433 3646 adeoque,
2454 3578 2520 3628 ut
2548 3579 2697 3628 recte
2722 3572 2913 3645 arguit
2937 3571 3290 3627 Mabillonius
3318 3569 3407 3641 (m)
3439 3591 3465 3618 ‹‹
3495 3568 3541 3624 si
3565 3572 3687 3624 acta
3707 3587 3791 3640 sy~

2161 3668 2297 3724 nodi
2334 3667 2597 3724 Lucensis
2623 3685 2644 3722 1
2662 3667 3026 3722 conferantur
3043 3682 3174 3720 cum
3195 3663 3408 3736 synodo
3430 3663 3754 3718 Bracarensi
3772 3680 3791 3718 ι

2161 3779 2308 3818 anno
2332 3765 2361 3817 3
2393 3761 2544 3834 regis
2572 3760 2927 3817 Theodemiri
2953 3760 3067 3815 sive
3095 3757 3300 3814 Christi
3329 3761 3430 3812 563
3463 3757 3672 3828 habita,
3700 3757 3793 3812 cui

2161 3855 2429 3910 Martinus
2458 3856 2580 3926 jam
2623 3854 2917 3926 episcOpus
2958 3851 3276 3909 Dumiensis
3308 3850 3670 3922 subscripsit;
3704 3851 3790 3906 fa-

2161 3949 2264 4003 cile
2311 3947 2694 4020 intelligemus
2737 3947 3037 4002 concilium
3090 3949 3423 4000 Bracarense
3461 3963 3480 4000 1
3515 3943 3794 4016 posterius
3827 3941 3846 3950 “

2162 4059 2279 4096 esse
2296 4028 2530 4096 Lucensi
2548 4041 2745 4096 itidem
2762 4057 2800 4110 ι,
2824 4040 2881 4094 in
2905 4057 3016 4111 quo
3039 4039 3274 4094 Martino
3293 4037 3481 4093 abbati
3504 4037 3795 4093 Dumiensi

2162 4135 2494 4207 episcopalis
2518 4135 2762 4205 dignitas
2787 4138 2844 4189 et
2869 4133 3008 4189 ditio
3033 4151 3292 4188 concessa
3321 4138 3424 4187 est.
3456 4154 3482 4180 »
3525 4131 3794 4204 Deinceps

2162 4245 2294 4284 vero
2313 4229 2692 4301 metrOpoli'un
2727 4227 3056 4283 Bracarensi
3082 4227 3339 4282 Lucretio
3365 4225 3658 4281 decedenti
3684 4225 3795 4280 suf-

2162 4323 2338 4378 fectus
2361 4322 2691 4394 perhibetur
2709 4321 2940 4376 antistes
2958 4325 3148 4376 noster
3171 4319 3489 4374 Dumiensis
3519 4335 3533 4371 :
3561 4336 3673 4390 quo
3691 4336 3792 4373 au-

2163 4421 2280 4472 tem
2303 4433 2472 4484 anno,
2503 4415 2656 4470 haud
2692 4414 2827 4470 satis
2863 4415 3058 4487 liquet.
3101 4415 3251 4468 lianc
3292 4417 3441 4468 certe
3477 4429 3680 4469 novam
3715 4413 3798 4467 di.-

2165 4509 2439 4581 gnitatem
2491 4509 2706 4565 dudum
2757 4513 3091 4563 consecutus
3157 4507 3327 4562 fuisse
3391 4507 3796 4562 existimandus

431 4602 860 4658 Tarraconensis
897 4602 1178 4672 Hispaniae
1222 4601 1448 4674 oppido,
1487 4600 1579 4655 vix
1623 4617 1737 4656 uno
1780 4601 2008 4656 milliari
2033 4618 2066 4655 a
2083 4603 2143 4675 D
2165 4621 2314 4658 anno
2335 4607 2456 4674 5'72,
2477 4620 2588 4676 quo
2607 4600 2838 4674 prmfuit
2855 4601 3092 4656 concilio
3111 4601 3487 4656 Bracarensiu
3505 4601 3655 4673 quod
3673 4617 3796 4672 per-

431 4697 667 4751 Bracara
703 4694 965 4765 distante,
1001 4695 1222 4751 illustre
1251 4694 1571 4750 coenobium
1607 4694 1844 4750 instituti
1883 4696 2062 4750 Bene-

431 4788 648 4858 dictini,
670 4794 734 4844 ut
753 4788 1056 4844 concilium
1080 4788 1416 4843 Toletanum
1436 4804 1488 4855 x,
1518 4804 1668 4842 anno
1689 4791 1790 4842 656
1811 4788 2061 4842 celebra-

435 4888 578 4950 tum,
607 4881 872 4954 perhibet
899 4881 1052 4937 hisce
1079 4881 1264 4936 verbis
1283 4881 1354 4952 (Ιι)
1377 4897 1390 4933 :
1416 4901 1442 4930 ‹‹
1474 4880 1730 4934 Delatum
1758 4886 1842 4936 est
1861 4882 1931 4936 ad
1959 4898 2064 4937 nos

428 4977 488 5031 in
515 4979 797 5030 conventu
819 4975 997 5031 sancti
1023 4974 1340 5030 concilii....
1372 4977 1775 5028 testamentum
1805 4975 2064 5045 gloriosa:

430 5070 722 5124 memoriae
760 5069 936 5124 sancti
974 5055 1195 5124 Martini
1245 5067 1493 5123 ecclesia:
1544 5067 1897 5122 Bracarensis
1937 5069 2061 5142 epi-

435 5163 606 5236 scopi,
635 5162 733 5236 qui
759 5167 815 5218 et
843 5162 1146 5218 Dumiense
1179 5160 1586 5217 monasterium
1623 5161 1771 5215 visus
1809 5166 1893 5216 est
1925 5179 2060 5218 con-

506 5306 826 5442 LSalhlzlaron.
873 5318 1054 5373 Notat.
1103 5315 1162 5371 in
1202 5317 1427 5386 Martyr.
1477 5317 1642 5374 Rom.
1697 5317 1768 5372 ad
1809 5315 1959 5372 diem
2008 5334 2063 5373 xI

437 5389 555 5443 Kal.
586 5389 695 5444 Jul.

507 5459 576 5533 (ὁ)
607 5460 709 5533 ld.,
735 5461 806 5516 ad
829 5476 963 5515 ann.
990 5462 1116 5533 257,
1145 5457 1176 5529 §
1201 5461 1254 5533 3.

507 5529 574 5610 (c_)_
601 5531 701 5610 Id,
725 5531 1100 5610 δόρπα-ἥβᾳ,
1129 5532 1256 5610 ξξὲ
1281 5535 1336 5586 et
1360 5533 1484 5610 5J2,
1517 5529 1550 5602 §
1577 5533 1664 5585 10.

604 5601 934 5684 ἥιρεςίξιιικ
963 5601 1102 5656 Hist.
1137 5601 1327 5658 Franc.
1357 5601 1456 5663 lib.
1484 5618 1516 5655 v
1545 5617 1668 5673 cap.
1698 5605 1786 5659 38.

503 5675 574 5814 iii
602 5673 961 5817 lisi’dliniiisp.
1009 5743 1109 5798 lib.
1141 5743 1210 5800 de
1237 5743 1350 5800 Vir.
1389 5743 1592 5801 illustr.
1639 5761 1760 5817 cap.
1811 5749 1877 5802 35
1924 5746 2056 5803 edit.

437 5817 663 5874 Breul.:
692 5817 790 5874 al..
814 5819 904 5874 22.

509 5857 663 5959 (alid
929 5887 1091 5947 Suev.
1121 5903 1252 5962 pag.
1287 5887 1387 5945 404
1411 5886 1544 5946 edit.
1575 5887 1746 5945 Paris.
1781 5891 1934 5946 1601.

2164 4713 2358 4769 peram
2382 4696 2443 4751 in
2481 4697 2724 4752 editione
2750 4695 3042 4750 Labbeana
3083 4695 3288 4750 dicitur
3323 4711 3383 4749 ιιι
3423 4695 3515 4762 (n).
3547 4693 3796 4764 Denique

2161 4795 2291 4862 post
2309 4791 2553 4862 plurima
2571 4791 2846 4846 virtutum
2871 4789 3111 4860 insignia
3137 4788 3343 4859 quibus
3369 4787 3467 4842 Dei
3493 4786 3793 4842 Ecclesiam

2164 4884 2461 4940 illustravit
2487 4884 2549 4938 in
2573 4885 2736 4939 caelos
2761 4883 3045 4955 migravit.
3074 4882 3206 4953 Ejus
3231 4881 3450 4936 obitum
3489 4879 3796 4952 Gregorius

2164 4977 2506 5034 Turonensis
2540 4995 2690 5033 anno
2712 4982 2742 5033 5
2764 4975 3106 5034 Childeberti
3128 4977 3166 5030 ll
3187 4975 3485 5047 consignat
3513 4973 3607 5046 (o);
3636 4973 3798 5028 adeo-

2164 5089 2275 5144 que
2315 5087 2650 5144 suprcmum
2677 5071 2846 5126 diem
2886 5069 3150 5124 clauserit
3191 5067 3552 5124 beatissimus
3587 5067 3794 5138 praesul

2164 5183 2314 5222 anno
2343 5168 2465 5238 580,
2495 5167 2556 5220 in
2582 5182 2756 5238 quem
2775 5165 2942 5237 juxta
2969 5163 3424 5219 communiorem
3459 5160 3795 5218 sententiam

2164 5393 2205 5446 γ
2235 5322 2306 5394 (Ιι)
2333 5319 2549 5448 ξοῇιὲίι.
2577 5325 2719 5375 tom.
2747 5319 2854 5385 νη,
2885 5335 3019 5390 pag.
3050 5317 3174 5388 482,
3205 5335 3254 5386 ο,
3297 5315 3561 5373 editionis
3597 5313 3796 5387 prima:

2193 5409 2302 5448 'en.
2373 5410 2404 5448 a
2491 5434 2502 5447 .

2193 5395 2302 5448 ’en.
2333 5395 2502 5448 Labb.

2237 5466 2292 5530 (ἰ)
2318 5463 2526 5520 Concil.
2554 5464 2836 5529 tom.,VlI,
2867 5476 2997 5532 pag.
3023 5463 3148 5528 557,
3177 5478 3230 5516 a.

2233 5535 2296 5606 (j)
2325 5535 2474 5604 lsid.,
2502 5535 2610 5590 loc.
2631 5535 2727 5590 cit.

2236 5609 2301 5674 (k)
2327 5606 2536 5678 Concil.
2566 5611 2708 5662 tom.
2733 5607 2820 5673 Vl,
2847 5623 2960 5678 pag

2236 5677 2290 5747 (1)
2317 5677 2478 5743 lbid.,
2511 5693 2644 5748 pag.
2673 5679 2796 5744 523,
2827 5677 2898 5744 c._

2236 5694 2290 5747 (ι)
2317 5694 2478 5743 ιυια.,
2551 5694 2644 5748 ag.
2673 5694 2796 5744 523,
2827 5695 2898 5744 c._

2234 5749 2322 5829 (ne)
2341 5694 2574 5829 Mabili;
2605 5749 2886 5829 pag‘2246,
2917 5749 2948 5820 §
2976 5751 3058 5803 tl.

2234 5817 2314 5888 (η)
2335 5819 2511 5892 Greg.
2532 5817 2664 5875 Tur.
2688 5817 2792 5874 lib.
2823 5835 2856 5873 v
2884 5817 3048 5892 capp.
3079 5817 3145 5874 34
3173 5821 3232 5892 et_
3256 5820 3343 5873 38.

2236 5892 2302 5963 (ο)
2327 5889 2539 5946 (ἒοιιόἱι.
2569 5895 2609 5946 t.
2645 5907 2717 5962 vi,
2748 5907 2807 5963 p.
2839 5889 3027 5946 575'ét
3051 5892 3174 5960 58t,
3202 5889 3256 5944 d.

2987 5606 3109 5670 570,
3143 5617 3195 5657 e.
