4044 6196
283 297 354 354 21
1160 295 1556 351 OPUSCULUM
1594 292 1874 352 PRIMUM.
1914 289 2230 350 FORMULA
2268 293 2592 352 HONESTE
2628 295 2818 352 Vsz’E.
3597 299 3664 358 22

278 401 1466 476 ineiditannus5Childebertijunioris.Sic
1479 402 1929 475 Mabillonius(a).
1953 412 2013 488 Α
2033 415 2206 474 opera
2227 401 2460 460 Gilberti
2495 405 2737 478 Cognati
2770 420 2922 463 anno
2953 407 3107 475 1562,
3143 401 3397 475 Basiliam,
3437 407 3564 466 tum
3603 406 3664 479 in

269 501 412 564 Qua
444 499 518 555 de
565 515 632 554 re
675 497 879 554 videsis
918 498 1157 571 Pagium
1203 500 1272 571 (b)
1311 502 1369 555 et
1403 498 1798 555 Bollandianos
1841 497 1928 570 (c).

278 592 426 664 Ejus
450 591 574 648 dies
594 593 769 648 festus
787 593 1105 649 celebratur
1131 593 1220 648 die
1239 596 1309 649 2O
1335 593 1535 648 Martii.
1565 595 1756 649 Exstat
1777 592 1930 664 apud

277 687 675 742 Fortunatam
705 685 779 757 (ά)
808 687 1159 743 luculentum
1188 703 1416 742 carmen
1443 687 1534 742 cui
1569 686 1934 758 praemittitur

278 781 539 853 epistola
563 781 751 836 eidem
788 781 1021 838 Martin
1050 781 1338 852 inscripta,
1371 781 1471 836 ubi
1507 779 1774 852 praeclare
1809 780 1932 851 ejus

278 880 454 946 gesta
484 875 648 930 miris
683 874 944 929 laudibus
977 879 1341 930 exornantur.
1375 875 1448 928 De
1484 889 1550 929 eo
1585 873 1725 929 item
1761 873 1936 930 refert

277 968 400 1022 alia
423 969 724 1038 nonnulla,
755 973 964 1041 praeter
985 969 1244 1041 superius
1269 967 1457 1038 allata,
1489 967 1792 1040 Gregorius
1819 969 1930 1024 Tu-

278 1064 555 1119 ronensis
581 1063 667 1135 (e).

361 1158 454 1212 IV.
490 1157 660 1212 Plura
681 1160 900 1212 exstant
918 1157 1092 1228 ipsius
1117 1155 1336 1228 ingenii
1360 1157 1731 1211 monumenta
1762 1174 1776 1211 :
1811 1178 1839 1207 «
1872 1157 1934 1212 In

279 1249 406 1317 his,
431 1251 628 1322 inquit
655 1251 898 1306 Mariana
925 1250 1015 1322 (Γ),
1033 1250 1304 1323 quoniam
1330 1249 1539 1304 crebris
1565 1249 1856 1304 sententiis
1877 1254 1935 1306 et

278 1344 424 1416 styli
449 1343 714 1402 acumine
734 1344 804 1398 ad
833 1345 1056 1399 Seneca:
1095 1342 1526 1398 similitudinem
1561 1343 1823 1415 proxime
1847 1360 1935 1398 ac-

278 1437 468 1504 cedit,
497 1437 614 1492 duo
641 1437 772 1492 libri
797 1440 872 1492 De
900 1439 1160 1502 moribus,
1183 1441 1238 1492 et
1255 1441 1330 1493 De
1359 1438 1671 1508 differentia
1701 1442 1935 1507 quatuor

279 1533 563 1586 virtutum
591 1531 975 1593 cardinalium,
1007 1531 1130 1602 ejus
1169 1531 1489 1602 philosophi
1513 1531 1745 1586 nomine
1785 1531 1935 1586 inter

280 1625 520 1696 reliqua
545 1625 668 1694 ejus
694 1641 865 1696 opera
891 1623 1388 1680 circumferuntur.
1419 1645 1448 1675 ››
1491 1625 1716 1696 Septem
1744 1624 1934 1697 itaque

279 1718 447 1774 beati
473 1718 647 1788 hujus
665 1718 920 1790 praesulis
938 1718 1086 1790 typis
1105 1717 1430 1773 excudenda
1450 1719 1784 1774 tradidimus
1799 1735 1936 1790 opu-

2032 495 2274 553 beroicis
2307 502 2364 554 et
2399 499 2786 556 ecclesiasticis
2821 500 3236 566 Quaestionibus
3264 499 3486 558 Boethii
3511 502 3662 574 Epo-

2031 591 2120 646 nis
2143 592 2334 662 Duaci,
2365 609 2514 648 anno
2548 597 2705 651 1581.

2101 685 2450 758 Opusculum
2474 687 2626 743 istud
2649 689 2856 760 excipit
2881 690 3126 746 alterum
3152 687 3225 747 De
3246 691 3503 758 moribus,
3531 703 3666 747 cura

2031 779 2359 851 Leodegarii
2396 797 2430 834 a
2467 781 2688 846 Quercu
2722 799 2872 838 anno
2916 786 3071 852 1556,
3099 783 3340 854 Parisiis,
3373 784 3433 840 in
3476 785 3694 840 lucem‘

2032 873 2322 928 emissum.
2343 875 2654 947 Utrumque
2672 892 2846 946 porro
2873 893 3144 932 excusum
3170 881 3352 933 exstat
3374 877 3434 934 in
3457 877 3662 934 biblio-

2031 967 2192 1022 theca
2218 969 2320 1023 l’P.
2348 968 2716 1039 Lugdunensi
2741 969 2819 1039 (ι),
2847 973 2912 1024 ut
2947 969 3082 1025 alias
3122 969 3397 1026 editiones
3434 971 3664 1028 omitta-

2033 1077 2179 1116 mus.
2206 1062 2341 1126 Quas
2367 1077 2500 1117 vero
2535 1067 2852 1134 sequuntur
2889 1062 3108 1134 reliqua
3142 1063 3414 1135 quinque,
3441 1066 3548 1120 Pro
3587 1079 3670 1120 re-

2023 1155 2285 1225 pellenda
2307 1155 2606 1224 jactantia,
2634 1159 2711 1212 De
2739 1148 3018 1227 superbia,
3040 1157 3358 1212 Emhortatio
3383 1157 3662 1214 humilita-

2034 1251 2123 1311 tis,
2149 1251 2225 1304 De
2249 1251 2334 1302 ira
2360 1253 2417 1303 et
2440 1253 2514 1306 De
2540 1251 2771 1313 Pascha,
2807 1265 2876 1304 ex
2902 1248 3190 1305 codicibus
3219 1265 3394 1304 manu
3421 1249 3667 1306 exaratis

2033 1341 2330 1414 descripsit
2355 1343 2642 1415 ediditque
2659 1344 2904 1398 Joannes
2931 1344 3208 1414 Tamayus
3233 1342 3455 1398 Salazar
3479 1343 3540 1398 in
3564 1359 3666 1398 suo

2033 1435 2430 1508 Martyrologio
2474 1437 2719 1508 Hispano
2754 1436 2864 1508 (γη),
2902 1436 3056 1491 unde
3091 1435 3188 1490 illa
3225 1435 3664 1507 desumpsimus.

2033 1529 2297 1600 subjectis
2323 1531 2610 1585 nonnullis
2636 1529 2998 1601 conjecturis,
3028 1529 3234 1602 quibus
3261 1529 3466 1584 melior
3499 1529 3666 1586 lectio

2032 1621 2266 1678 fortasse
2282 1623 2486 1678 alicubi
2505 1623 2792 1679 reddatur.
2824 1623 3072 1694 Denique
3099 1628 3315 1694 septem
3344 1622 3500 1678 hisee
3531 1637 3672 1695 opu-

2035 1715 2202 1771 sculis
2236 1716 2591 1772 subdidimus
2632 1717 2889 1788 ejusdem
2935 1716 3110 1772 sancti
3153 1717 3377 1772 Martini
3417 1715 3672 1772 carmina

281 1811 474 1881 scula,
502 1786 632 1886 quas
667 1786 731 1866 in
767 1816 934 1866 antea
963 1786 1140 1866 editis
1175 1811 1394 1866 divulsa
1420 1811 1793 1868 habebantur.
1826 1786 1932 1866 ἑο-
1953 1786 2012 1860 Β
2035 1809 2160 1878 tria,
2189 1825 2318 1882 quas
2346 1809 2644 1866 Sirmondo
2663 1786 2900 1882 accepta
2939 1809 3239 1866 referimus
3280 1810 3380 1882 (η),
3419 1826 3670 1883 quorum

281 1921 424 1960 rum
453 1906 709 1976 primum
729 1905 1058 1960 inscribitur
1073 1907 1332 1961 Formula
1351 1907 1580 1960 honestae
1599 1907 1742 1968 nitar,
1763 1909 1938 1978 prout

280 1999 437 2054 illud
465 2015 538 2054 ex
564 1998 813 2054 auctoris
838 1997 1117 2054 sententia
1139 1998 1372 2054 laudant
1405 1998 1747 2054 Trithemius
1773 1998 1842 2069 (g)
1881 2003 1940 2054 et

287 2093 342 2148 Si
351 2092 628 2165 gebertus
645 2094 738 2165 (ἢ).
765 2093 916 2148 ldem
941 2097 1132 2147 tamen
1153 2109 1211 2147 se
1230 2092 1439 2164 legisse
1455 2095 1692 2147 testatur
1713 2097 1938 2148 sanctus

289 2187 547 2242 Isidorus
564 2187 672 2241 sub
689 2187 852 2242 titulo
872 2189 948 2242 De
972 2187 1298 2256 diﬁcrentiis
1319 2191 1554 2256 quatuor
1573 2187 1835 2242 virtu-tum
1856 2185 1933 2258 (2');

291 2279 388 2336 cui
454 2280 718 2352 proxime
787 2280 1002 2336 accedit
1065 2296 1384 2351 anonymus
1460 2278 1784 2335 Mellicensis
1848 2279 1935 2351 (j).

292 2374 636 2445 Hujusmodi
660 2373 918 2429 libellum
945 2373 1148 2430 dicavit
1180 2380 1381 2428 auctor
1395 2375 1600 2428 Μὶν*οηί
1622 2376 1738 2442 regi
1763 2373 1936 2430 Galli-

296 2471 393 2524 cis
413 2487 430 2522 :
449 2485 623 2540 quam
641 2467 1116 2540 nuncupat'oriam
1137 2468 1433 2540 epistolam
1452 2467 1606 2522 velut
1622 2467 1807 2523 adhuc
1823 2467 1940 2524 ine-

302 2561 484 2616 ditam
510 2561 814 2617 Dacherius
832 2562 892 2616 in
911 2579 1014 2616 suo
1035 2560 1332 2633 Spicilegio
1359 2561 1642 2632 evulgavit
1667 2563 1736 2632 (k)
1760 2579 1776 2631 ;
1806 2578 1939 2616 cum

296 2656 427 2726 jam
453 2655 668 2727 pridem
694 2672 825 2711 eam
859 2655 1122 2711 edidisset
1160 2655 1395 2710 Pictavis
1429 2671 1580 2711 anno
1619 2656 1753 2712 1544
1791 2655 1938 2710 Elias

299 2749 557 2815 Vinetus,
587 2754 645 2804 et
668 2749 901 2822 quidem
927 2749 1133 2804 alicubi
1159 2749 1634 2817 emandationem,
1658 2754 1722 2804 ut
1743 2765 1813 2804 ex
1832 2749 1940 2804 col-

295 2843 516 2898 latione
539 2843 612 2898 ab
640 2843 853 2898 editore
879 2843 1224 2898 Dacheriano
1250 2842 1505 2899 instituta
1530 2847 1769 2899 constat.
1799 2844 1936 2898 Pro-

239 2981 264 3000 \
297 2935 406 2991 diit
427 2953 568 2994 vero
591 2937 816 2992 libellus
839 2937 991 2992 idem
1015 2937 1226 3010 absque
1250 2936 1586 3008 praefatione
1632 2942 1757 2993 tum
1789 2937 1940 2992 inter

374 3095 449 3162 (α)
483 3093 692 3149 Mabill.
722 3094 828 3148 loc.
856 3092 950 3156 cit,
979 3109 1110 3164 pag.
1139 3092 1265 3159 247,
1292 3107 1454 3146 num.
1491 3095 1572 3146 15.

372 3165 450 3307 Eb)
483 3165 642 3236 Pagi.
671 3165 740 3219 ad
765 3181 904 3219 ann.
933 3167 1057 3231 583,
1086 3163 1119 3236 §
1143 3167 1194 3218 8.

395 3243 440 3306 ο]
475 3236 727 3292 Bolland.
768 3239 896 3294 Act.
931 3240 1108 3290 sanet.
1139 3239 1194 3288 to

395 3235 440 3306 ej
475 3235 727 3292 Bolland.
768 3239 896 3294 Act.
931 3235 1108 3290 sanet.
1139 3239 1278 3288 tom.
1315 3235 1406 3290 III.
1446 3235 1630 3301 Marb,
1661 3251 1796 3308 pag.
1843 3237 1934 3306 86,

296 3307 579 3380 §1,nom
605 3311 661 3362 2.
1676 3307 1679 3308 ⁷
1752 3307 1759 3308 “

374 3381 453 3450 (al)
515 3380 750 3434 Fortun.
801 3377 900 3432 lib.
954 3394 1006 3448 ν,
1063 3393 1238 3432 carm.
1295 3381 1344 3445 1,
1403 3373 1542 3431 Bibl.
1595 3377 1698 3432 PP.
1751 3377 1934 3450 Ludg.

296 3460 441 3510 tom.
476 3452 538 3517 Χ,
567 3466 701 3522 pag.
731 3453 833 3504 552
861 3465 978 3574 seq.

373 3523 438 3574 {ei
465 3522 636 3574 Grec.
675 3521 883 3574 Turon.
951 3518 1030 3574 ib.
1075 3535 1093 3574 ι
1145 3519 1214 3574 de
1262 3519 1448 3574 Mirac.
1495 3518 1672 3574 sancti
1713 3519 1866 3574 Marti

373 3523 438 3594 (e)
465 3518 883 3593 Gre'nguron.
927 3518 1030 3575 lib.
1075 3535 1093 3574 ι
1145 3519 1214 3575 de
1262 3519 1448 3575 Mirac.
1495 3518 1672 3574 sancti
1713 3519 1932 3575 Martin.

299 3611 441 3738 calt?)
461 3597 804 3738 1-}iziri_an._de
829 3662 968 3738 Reb.
1013 3661 1242 3738 Hispali.
1270 3661 1368 3716 lib.
1396 3677 1450 3716 ν.
1488 3677 1608 3732 cap.
1641 3631 1694 3730 9’,
1722 3665 1863 3717 tom.
1892 3663 1934 3731 Ι,

298 3734 518 3806 p.177,
548 3734 686 3790 edit.
713 3735 849 3806 Hag.
879 3735 1036 3806 Com.
1070 3736 1222 3788 1733.

377 3807 451 3875 (g)
478 3806 755 3860 Trithem.
787 3803 856 3860 de
883 3805 1156 3877 Scciptor.
1185 3803 1320 3858 eccl.
1349 3820 1473 3876 cap.
1503 3805 1628 3858 221.

1960 3154 2014 3228 C

2035 1903 2193 1976 prius
2217 1903 2492 1976 Gregorio
2517 1904 2833 1960 Turonensi
2851 1908 3206 1960 memoratur
3231 1904 3321 1960 his
3347 1903 3532 1960 verbis
3557 1903 3622 1978 (ο)
3651 1920 3666 1958 :

2040 2019 2068 2047 «
2104 1998 2436 2066 Versiculos,
2464 1998 2670 2070 inquit,
2698 1997 2799 2070 qui
2833 2014 3006 2070 super
3043 1998 3252 2054 ostium
3283 2002 3417 2064 sunt
3452 2013 3487 2052 a
3511 2001 3672 2070 parte

2036 2091 2347 2146 meridiana
2387 2091 2447 2146 in
2485 2091 2717 2146 basilica
2745 2091 2922 2146 sancti
2949 2090 3188 2162 Martini,
3224 2091 3344 2164 ipse
3384 2091 3674 2162 (Martinus
3707 2085 3712 2090 ’

2039 2183 2383 2240 Galliciensis
2409 2185 2725 2257 episcopus)
2747 2184 3083 2257 composuit.
3109 2207 3137 2234 »
3157 2185 3264 2250 Qui
3288 2185 3518 2257 quidem
3541 2185 3674 2242 Gre-

2039 2278 2186 2350 gorii
2209 2280 2366 2334 locus
2389 2278 2458 2333 cl.
2491 2277 2698 2350 edituri
2735 2279 2890 2335 haud
2915 2278 3212 2335 succurrit.
3245 2281 3420 2336 Porro
3441 2295 3562 2336 non
3587 2282 3672 2335 est

2038 2389 2139 2428 cur
2162 2373 2255 2427 hic
2282 2372 2622 2428 disseramus
2643 2389 2831 2446 neque
2857 2373 2923 2430 de
2947 2374 3235 2432 Sententiis
3254 2377 3481 2445 patrum
3509 2375 3673 2444 Egy-

2029 2467 2272 2537 ptiorum
2298 2465 2370 2520 ab
2393 2470 2621 2522 auctore
2647 2473 2842 2522 nostro
2868 2483 2936 2523 ex
2963 2467 3154 2523 Graeco
3182 2466 3376 2523 Latine
3411 2465 3670 2534 redditis,
3749 2469 3752 2473 '

2037 2575 2177 2632 quas
2215 2559 2276 2615 in
2311 2559 2449 2616 Vitis
2491 2561 2723 2616 Patrum
2764 2560 2941 2616 edidit
2973 2561 3343 2633 Rosweydus;
3385 2573 3571 2632 neque
3604 2559 3672 2615 de

2038 2653 2354 2709 Collectione
2395 2670 2662 2710 canonum
2702 2655 3050 2711 orientalium
3089 2671 3158 2710 ea:
3193 2654 3392 2710 Graecis
3423 2651 3669 2723 synodis,

2037 2763 2285 2822 quorum
2309 2747 2444 2802 item
2472 2747 2727 2802 Latinam
2751 2747 3068 2803 versionem
3093 2748 3244 2803 idem
3277 2745 3628 2803 elucubravit
3649 2786 3665 2814 ,

2038 2841 2108 2896 de
2149 2857 2264 2913 qua
2286 2857 2418 2896 vero
2457 2839 2800 2897 Collectione
2845 2841 3012 2912 plura
3058 2840 3251 2897 videas
3285 2839 3437 2912 apud
3483 2837 3671 2894 Fabri-

2037 2935 2190 2990 cium
2215 2935 2312 3007 (Ρ).

2133 3089 2186 3159 Ιι)
2215 3087 2489 3160 Sigebert.
2521 3088 2591 3144 de
2618 3087 2886 3160 Scriptor.
2919 3087 3055 3143 eccl.
3088 3103 3210 3160 cap.
3247 3090 3332 3144 19.

2134 3158 2176 3232 ἱ)
2203 3158 2332 3214 Isid.
2362 3159 2614 3232 Hisp._gde
2640 3158 2757 3232 Vir:
2779 3159 2984 3232 illustr.
3013 3175 3136 3232 cap.
3155 3158 3232 3216 '35
3254 3175 3272 3228 ;
3300 3158 3397 3232 aL,
3431 3159 3519 3214 32.

2133 3229 2173 3302 j)
2200 3235 2381 3302 Anon.
2406 3229 2607 3302 Mellic.
2635 3230 2706 3284 de
2733 3229 2934 3302 Script.
2963 3229 3098 3284 eccll
3127 3246 3251 3301 cap.
3282 3231 3371 3285 68.

2110 3299 2180 3372 (lt)
2207 3301 2440 3372 Dacher.
2469 3300 2656 3372 Spicil.
2687 3305 2828 3357 tom.
2852 3299 2960 3367 ἸΙΙ,
2987 3317 3047 3372 p.
3075 3303 3178 3357 312
3195 3299 3332 3355 nov.
3363 3299 3500 3355 edit.

2133 3371 2170 3445 ι)
2190 3373 2340 3445 Bibl.
2366 3371 2468 3425 PP.
2499 3371 2678 3445 Lugd.
2708 3373 2940 3445 tom.__X,
2965 3371 3137 3443 pagg.
3166 3373 3268 3445 382
3294 3386 3451 3444 seqq.

2109 3441 2204 3572 (8m)
2234 3444 2461 3514 Tamay.
2499 3441 2784 3514 Martyrol.
2829 3441 2984 3514 Hispi
3027 3441 3168 3498 tom.
3211 3443 3277 3510 ll,
3319 3441 3493 3514 pagg.
3531 3443 3667 3498 317-

2130 3586 2184 3655 n)
2211 3583 2491 3640 Sirmond.
2521 3599 2654 3655 opp.
2683 3585 2921 3655 tolel,
2947 3599 3006 3654 p.
3039 3584 3154 3655 A997
3179 3599 3296 3654 seq.
3325 3582 3460 3639 edit.
3490 3582 3662 3638 Paris.

2131 3653 2180 3726 0)
2206 3655 2373 3726 Greg.
2400 3653 2614 3726 Turoni
2644 3655 2780 3710 Hist.
2811 3653 3007 3708 Franc.
3038 3653 3136 3709 lib.
3164 3670 3197 3708 v
3221 3653 3343 3726 cap.
3375 3655 3463 3711 38.

2170 3727 2186 3799 )
2217 3725 2433 3781 Fabric.
2463 3725 2604 3780 Bibl.
2635 3726 2728 3781 Gr.
2761 3729 2904 3781 tom.
2931 3726 3014 3796 XI,
3043 3741 3102 3796 p.
3131 3727 3197 3780 65
3229 3725 3346 3798 seq.

691 4115 1328 4246 SANCTI
1437 4112 2195 4242 MARTINI
2306 4107 3296 4240 DUMIENSIS

1320 4321 1830 4415 ,EPISCOPI
1904 4319 2636 4403 BRACARENSIS

963 4487 2040 4656 OPUSCULA
2171 4509 3021 4649 SEPTEM

1294 4753 2664 4807 ψ·-

669 5025 675 5028 .
1181 4933 1861 5042 OPUSCUL
1895 4933 2105 5038 ΠΜ
2186 4883 2828 5038 panum".

700 5114 1585 5241 ronmuna
1711 5112 2625 5303 nonas-rm
2749 5107 3292 5230 vrrm.

1335 5407 1438 5472 AD
1483 5403 1853 5470 MIRONEM
1895 5403 2168 5468 REGEM
2211 5402 2597 5468 GALLICle
2625 5415 2670 5464 ³.

367 5529 798 5586 Gloriosissimo
824 5547 887 5586 ac
906 5527 1394 5601 tranquillissimo,
1425 5529 1480 5580 et
1505 5524 1717 5597 insigni
1746 5525 1942 5579 catho-
1964 5537 2024 5609 D
2045 5522 2196 5578 milis
2221 5521 2538 5596 episcopus.
2564 5521 2688 5576 Non
2716 5520 2945 5593 ignoro,
2975 5511 3408 5576 clementissime
3434 5535 3556 5584 rex,
3582 5516 3678 5572 ﬂa-

291 5627 430 5681 licm
455 5624 592 5680 fidei
622 5624 860 5697 praedito
887 5623 1116 5696 pietate,
1147 5621 1346 5678 Mironi
1374 5618 1498 5692 regi
1531 5619 1802 5675 Martinus
1835 5619 1944 5672 hu-

2049 5616 2470 5690 grantissimam
2498 5614 2676 5671 animi
2697 5614 2782 5670 tui
2807 5613 2958 5670 sitim
2983 5612 3271 5687 sapientius
3289 5609 3680 5668 insatiabiliter

371 5751 400 5779 ³
441 5749 595 5803 Hanc
634 5747 1024 5818 praefationem
1062 5745 1480 5818 desumpsimus
1519 5759 1588 5801 ex
1630 5741 1886 5800 Dacherii
1926 5741 2247 5816 Spicilegio,
2272 5745 2413 5798 tom.
2445 5741 2536 5808 Ill,
2585 5755 2718 5813 pag.
2761 5742 2885 5797 312.
2923 5740 3060 5794 Eam
3105 5734 3300 5793 laudat
3335 5731 3679 5791 Trithemius

293 5823 408 5880 lib.
442 5819 513 5876 de
540 5819 808 5892 Scriptor.
837 5819 972 5876 eccl.
1005 5835 1128 5892 cap.
1159 5820 1283 5874 221.
