4042 6184
275 263 286 278 ’
365 274 430 337 23
1117 349 1134 362 _
1667 275 1720 329 s.
1762 269 2038 330 suarm
2076 267 2429 327 DUMIENSIS
2864 226 2874 234 κ
3650 269 3720 329 24

361 385 582 462 poculis
617 386 859 457 inhiare,
889 401 1066 462 eaque
1101 391 1156 444 te
1187 385 1450 443 ardenter
1482 383 1690 458 quibus
1725 379 1990 438 moralisa
2012 390 2071 464 Α
2091 379 2331 452 videtur,
2360 395 2476 436 non
2517 377 2784 436 continuo
2823 376 3030 456 falsum
3062 381 3166 436 est.
3196 375 3402 437 Crebro
3439 377 3721 453 siquidem

361 483 608 540 scientia
629 483 792 540 rivuli
820 487 1072 548 manant,
1107 483 1318 537 ﬂuenta
1341 479 1652 552 requirere.
1681 480 1748 534 Et
1777 476 1850 532 ob
1879 477 1989 531 hoc

361 577 745 634 humilitatem
768 594 956 633 meam
978 575 1091 632 tuis
1128 575 1334 646 saepius
1370 574 1568 628 litteris
1603 574 1894 642 admones,
1923 576 1989 627 ut

361 671 692 743 Dignationi
711 676 824 727 tuas.
843 671 1041 727 crebro
1067 668 1276 740 aliquid
1303 685 1406 740 per
1429 667 1724 740 epistolam
1745 666 1992 722 scribens

357 769 458 820 aut
478 765 878 821 consolationis
905 767 1003 818 aut
1027 761 1438 818 exhortationis
1467 761 1724 833 alicujus,
1755 765 1810 816 et
1847 777 1988 832 qua-

355 857 656 930 liacunque
675 857 787 912 sint
804 857 948 912 dicta
969 857 1203 913 offeram
1233 855 1410 924 b.-Sed
1435 855 1692 928 quamvis
1711 855 1822 910 hoc
1845 871 1878 908 a
1897 869 1990 908 me

359 952 549 1024 exigat
586 950 864 1006 laudabile
900 955 1012 1012 tute
1047 951 1269 1022 pietatis
1306 950 1580 1020 studium,
1617 948 1754 1004 scito
1799 953 1992 1003 tamen

356 1045 646 1102 tenuitatis
670 1060 814 1100 meae
838 1043 1177 1100 insolentem
1197 1045 1470 1100 continuo
1497 1061 1530 1098 a
1555 1042 1731 1098 cautis
1747 1041 1990 1114 impingi

353 1137 762 1210 prepterviam,
810 1138 856 1192 si
896 1139 1102 1210 regalis
1138 1137 1469 1195 reverentiae
1521 1137 1855 1210 gravitatem
1891 1139 1991 1190 aut

354 1232 592 1288 assiduis
633 1236 732 1286 aut
767 1231 992 1300 vilibus,
1035 1237 1101 1288 ut
1134 1233 1289 1300 libet,
1339 1232 1503 1288 dictis
1548 1231 1877 1302 adjungam.
1922 1231 1990 1284 Et

351 1325 484 1381 ideo
515 1339 586 1380 ne
613 1329 710 1380 aut
735 1341 844 1396 ego
871 1325 1098 1380 licentia
1117 1325 1225 1398 piae
1249 1323 1598 1382 invitationis
1620 1323 1885 1378 abuterer
1907 1323 1990 1377 lo-

351 1418 599 1492 quendo,
626 1423 725 1474 aut
749 1424 934 1475 vestro
963 1419 1145 1491 magis
1171 1419 1448 1474 desiderio
1477 1416 1805 1473 obsisterem
1849 1415 1984 1470 reti-

353 1513 553 1581 cendo,
569 1511 826 1567 libellum
842 1514 996 1568 hunc
1012 1513 1170 1568 nulla
1183 1513 1596 1584 sophismatum
1611 1509 1987 1566 ostentatione

352 1605 618 1678 politum,
650 1606 748 1662 sed
774 1606 1004 1678 planitie
1043 1623 1202 1678 purae
1229 1605 1600 1678 simplicitatis
1634 1607 1982 1675 excerptum,

352 1699 648 1774 capacibus
675 1700 918 1756 ﬁdenter
944 1701 1176 1756 auribus
1197 1700 1377 1756 obtuli
1403 1698 1778 1755 recitandum.
1805 1698 1985 1762 Quem

2090 471 2290 526 faciem
2317 469 2594 526 mendacii
2618 471 2822 526 veritas
2862 453 3086 526 retinet.
3116 471 3322 526 Crebro
3361 471 3722 528 mendacium

2091 569 2276 642 specie
2295 569 2542 625 veritatis
2557 571 2850 626 occulitur.
2870 571 3008 624 Nam
3026 568 3169 624 sicut
3183 569 3483 642 aliquando
3502 569 3724 626 tristem

2090 659 2335 715 frontem
2373 659 2606 729 amicus,
2637 665 2692 714 et
2728 659 2996 714 blandam
3032 659 3288 714 adulator
3320 659 3604 730 ostendit;
3645 660 3722 716 sic

2092 749 2578 806 verisimilitudine
2607 751 2888 804 coloratur
2914 750 3117 806 veritas
3147 755 3203 805 et
3232 755 3291 806 ut
3326 750 3482 804 fallat
3505 751 3593 806 vel
3621 767 3719 805 su-

2090 841 2308 914 brepat,
2351 843 2648 898 coloratur.
2697 843 2753 899 Si
2793 843 3042 915 prudens
3082 859 3200 898 esse
3247 843 3425 914 cupis,
3473 843 3532 898 in
3570 844 3722 900 futu-

2091 953 2240 1008 rum,
2271 941 2630 1010 prospectum
2667 937 2894 992 intende
2918 955 2933 1007 ;
2977 943 3033 993 et
3059 954 3193 1010 quae
3225 941 3460 1008 possunt
3491 937 3718 993 contin-

2091 1047 2245 1102 gere,
2275 1032 2464 1086 animo
2492 1036 2590 1087 tuo
2617 1035 2818 1086 cuncta
2841 1048 3110 1104 propone.
3152 1030 3300 1086 Nihil
3327 1030 3430 1087 tibi
3465 1031 3719 1088 subitum

2089 1124 2178 1194 sit,
2209 1125 2304 1180 sed
2329 1142 2430 1197 per
2453 1125 2634 1181 otium
2659 1129 2790 1180 ante
2819 1124 3146 1196 conspicies.
3174 1125 3314 1178 Nam
3339 1123 3438 1196 qui
3465 1124 3717 1196 prudens

2089 1222 2190 1285 est,
2222 1235 2338 1273 non
2367 1219 2542 1274 dicit:
2573 1221 2694 1274 Non
2733 1219 2927 1290 putavi
2963 1217 3194 1290 quidem
3235 1218 3340 1272 hoc
3381 1218 3536 1287 ﬁeri;
3577 1218 3716 1292 quia

2087 1327 2202 1366 non
2241 1312 2488 1382 dubitat,
2541 1313 2636 1368 sed
2685 1316 3000 1383 exspectat;
3057 1327 3160 1366 nec
3223 1311 3565 1383 suspicatur,
3618 1312 3716 1368 sed

2087 1409 2261 1460 cavet.
2293 1406 2688 1478 Cujuscunque
2713 1405 2843 1460 facti
2867 1421 3093 1460 causam
3123 1405 3346 1476 require
3367 1423 3380 1459 :
3401 1421 3531 1459 cum
3557 1405 3717 1460 initia

2088 1499 2386 1569 inveneris,
2425 1499 2608 1554 exitus
2646 1499 2939 1572 cogitabis.
2982 1499 3129 1554 Scito
3168 1503 3222 1552 te
3269 1497 3330 1552 in
3376 1497 3716 1570 quibusdam

2087 1593 2289 1647 debere
2313 1609 2692 1665 perseverare,
2723 1593 2857 1665 quia
2886 1593 3101 1664 coepisti
3126 1592 3420 1666 :qutedam
3443 1609 3576 1647 vero
3609 1609 3715 1649 nec

2085 1686 2329 1758 incipere
2358 1686 2416 1742 in
2443 1686 2649 1758 quibus
2673 1703 3031 1758 perseverare
3070 1687 3140 1741 sit
3175 1685 3428 1740 noxium.
3463 1686 3716 1741 Prudens

348 1765 678 1850 nobvestra:
693 1793 1009 1866 specialiter
1033 1794 1266 1850 instituo
1293 1791 1559 1866 potestati
1591 1791 1681 1847 cui
1709 1790 1984 1846 naturalis
2005 1765 2062 1836 B
2087 1779 2276 1834 fallere
2305 1797 2418 1835 non
2445 1780 2584 1849 vult,
2606 1780 2722 1835 falli
2744 1797 2859 1834 non
2877 1784 3078 1852 potest.
3111 1779 3250 1834 Boni
3274 1784 3357 1834 est
3382 1779 3506 1850 viri,
3540 1779 3713 1834 etiam

349 1887 639 1959 sapientiae
677 1888 947 1960 sagacitas
986 1893 1194 1960 praesto
1237 1892 1340 1956 est,
1373 1887 1469 1941 sed
1511 1885 1852 1959 generaliter
1893 1885 1985 1939 his

351 1981 675 2054 conscripsi,
707 1999 852 2054 quos
885 1981 1212 2036 ministeriis
1250 1981 1363 2036 tuis
1406 1985 1652 2036 astantes
1694 1980 1814 2034 haec
1853 1996 1984 2034 con-

349 2075 504 2130 venit
521 2067 731 2148 legere,
759 2075 1080 2147 intelligere
1106 2079 1162 2131 et
1186 2080 1400 2132 tenere.
1433 2075 1652 2130 Titulus
1693 2078 1883 2128 autem
1920 2074 1985 2128 lio

349 2167 485 2224 belli
511 2173 595 2224 est
624 2186 638 2223 :
664 2171 916 2225 Fo-rmula
945 2173 1072 2225 vita:
1111 2171 1375 2237 honestae;
1420 2185 1590 2240 quem
1635 2167 1842 2223 idcirco
1885 2166 1983 2222 tali

349 2262 505 2318 volui
541 2263 816 2318 vocabulo
861 2264 1218 2336 superscribi,
1249 2264 1382 2335 quia
1418 2279 1537 2318 non
1575 2263 1673 2316 illa
1711 2261 1886 2316 ardua
1929 2265 1986 2316 et

347 2355 615 2428 perfecta,
643 2373 772 2436 quae
809 2373 843 2411 a
883 2356 1077 2429 paucis
1115 2361 1172 2413 et
1212 2356 1566 2430 peregregiis
1604 2355 1838 2410 Deicolis
1881 2371 1981 2426 pa-

349 2453 593 2519 trantur,
625 2449 900 2521 instituit;
932 2451 1028 2506 sed
1063 2467 1128 2506 ea
1161 2451 1346 2522 magis
1379 2452 1720 2516 commonet,
1759 2465 1886 2520 quae
1929 2453 1986 2503 et

351 2543 473 2599 sine
515 2543 837 2599 divinarum
895 2545 1315 2616 Scripturarum
1369 2543 1686 2616 praeceptis,
1741 2541 1985 2597 naturali

347 2639 573 2692 tantum
623 2638 888 2692 humanae
923 2637 1314 2709 intelligentiae
1357 2639 1482 2710 lege
1531 2636 1700 2692 etiam
1750 2653 1783 2690 a
1832 2629 1986 2690 laicis

349 2734 500 2786 recte
523 2729 872 2802 honesteque
898 2731 1213 2786 viventibus
1238 2732 1458 2785 valeant
1491 2728 1808 2801 adimpleri.

422 2822 674 2887 Quatuor
715 2823 990 2878 virtutum
1039 2824 1254 2896 species
1293 2824 1603 2878 multorum
1649 2821 1986 2894 sapientium

351 2915 643 2970 sententiis
693 2915 938 2970 deﬁnitae
975 2921 1126 2982 sunt,
1172 2917 1379 2988 quibus
1430 2915 1654 2970 animus
1700 2915 1986 2968 humanus

355 3007 619 3079 componi
655 3008 726 3062 ad
767 3008 1120 3064 honestatem
1157 3009 1284 3063 vitae
1323 3008 1516 3080 possit.
1555 3009 1766 3062 llarum
1799 3006 1987 3078 prima

355 3104 438 3155 est
465 3100 792 3172 prudentia;
821 3102 1065 3156 secunda
1091 3100 1558 3173 magnanimitas;
1589 3100 1772 3170 tertia,
1801 3099 1983 3154 conti-
2008 3131 2062 3205 Ο

351 3193 576 3262 nentia;
609 3197 829 3266 quarta,
853 3194 1093 3266 justitia.
1124 3195 1374 3267 Singulae
1405 3195 1504 3250 tibi
1541 3194 1600 3248 in
1636 3193 1832 3249 ofﬁciis
1859 3211 1986 3266 quae

352 3286 609 3353 subsunt,
640 3303 875 3342 annexee
902 3285 1054 3355 sunt,
1083 3304 1144 3342 ac
1171 3288 1314 3343 bene
1342 3292 1624 3342 moratum
1650 3287 1836 3342 virum
1871 3287 1987 3342 efﬁ-

353 3379 527 3436 ciunt.

893 3461 1109 3516 CAPUT
1157 3463 1437 3518 PRIMUM.

971 3559 1046 3610 De
1065 3555 1383 3626 prudentia.

421 3659 682 3732 Quisquis
731 3661 1094 3734 prudentiam
1148 3661 1306 3734 sequi
1349 3661 1650 3728 desideras,
1702 3665 1836 3716 tunc
1887 3677 1991 3732 per

353 3753 635 3810 rationem
672 3759 824 3809 recte
862 3754 1031 3824 vives,
1076 3755 1124 3809 si
1163 3755 1355 3810 omnia
1407 3755 1566 3826 prius
1610 3753 1896 3808 existimes
1935 3757 1992 3808 et

352 3862 676 3920 perpensas,
702 3850 757 3902 et
783 3847 1115 3919 dignitatem
1136 3849 1304 3903 rebus
1325 3865 1438 3903 non
1465 3864 1534 3902 cx
1562 3845 1826 3918 opinione
1846 3846 1992 3900 mul-

353 3945 562 4010 torum,
591 3942 696 3997 sed-
720 3939 1024 3997 ex'earum
1063 3946 1266 3998 natura
1306 3941 1629 3997 constituas.
1669 3941 1809 3994 Nam
1849 3939 1989 3995 scire

354 4033 524 4090 debes
561 4035 696 4106 quia
732 4039 864 4091 sunt
905 4052 1032 4108 qua:
1073 4035 1370 4092 videantur
1409 4053 1529 4090 esse
1569 4035 1716 4090 bona
1770 4041 1826 4091 et
1876 4052 1992 4092 non

357 4132 508 4196 sunt,
541 4131 598 4182 et
625 4133 758 4184 sunt
783 4145 909 4201 quae
937 4129 1234 4184 videantur
1274 4145 1388 4184 non
1419 4129 1564 4184 bona
1602 4145 1721 4185 esse
1749 4134 1804 4184 et
1836 4135 1988 4185 sunt.

354 4222 715 4294 Quaecunque
757 4228 948 4278 autem
991 4239 1059 4278 ex
1113 4223 1282 4278 rebus
1331 4223 1668 4278 transitoriis
1719 4224 1986 4295 possides,

357 4331 470 4370 non
496 4315 738 4386 mireris,
775 4333 878 4372 nec
908 4333 1180 4388 magnum
1209 4317 1492 4372 existimes
1527 4317 1678 4388 quod
1716 4317 1990 4372 caducum

360 4412 445 4464 est
460 4427 475 4478 ;
495 4425 600 4465 nec
623 4410 774 4482 apud
801 4415 856 4466 te
882 4428 1009 4483 quae
1029 4411 1202 4466 habes
1221 4415 1490 4484 tanquam
1518 4410 1698 4465 aliena
1724 4411 1987 4481 servabis,

2083 1873 2144 1928 in
2191 1878 2372 1928 morte
2407 1873 2694 1928 neminem
2735 1874 2950 1928 fallere.
3007 1873 3310 1945 Opiniones
3355 1877 3464 1928 tuae
3497 1872 3714 1944 judicia

2085 1967 2216 2022 sint.
2245 1967 2623 2039 Cogitationes
2651 1983 2821 2042 vagas
2847 1971 2902 2021 et
2937 1966 3186 2033 inutiles,
3220 1971 3276 2021 et
3303 1967 3454 2021 velut
3497 1965 3716 2020 somnio

2083 2059 2293 2114 similes
2319 2077 2433 2115 non
2461 2060 2730 2131 recipies;
2776 2059 2982 2132 quibus
3007 2059 3053 2113 si
3077 2059 3300 2113 animus
3339 2064 3470 2114 tuus
3509 2076 3566 2114 se
3608 2059 3709 2113 ob-

2081 2153 2386 2222 lectaverit,
2429 2169 2559 2208 cum
2597 2153 2782 2208 omnia
2823 2151 3185 2224 disposueris,
3233 2152 3408 2207 tristis
3449 2169 3709 2208 remane-

2081 2247 2166 2301 bis
2196 2264 2209 2301 :
2240 2247 2336 2302 sed
2371 2247 2633 2318 cogitatio
2671 2251 2764 2302 tua
2803 2246 3040 2316 stabilis,
3071 2251 3126 2300 et
3151 2250 3301 2300 certa
3328 2245 3436 2315 sit;
3467 2245 3582 2300 sive
3609 2247 3708 2301 de-

2081 2339 2298 2421 liberet,
2345 2339 2458 2394 sive
2499 2344 2734 2412 qumrat,
2781 2339 2894 2394 sive
2933 2340 3364 2410 contempletur,
3413 2356 3529 2394 non
3565 2355 3716 2394 recc-

2085 2433 2237 2488 data
2261 2451 2414 2490 vero.
2441 2434 2638 2490 Sermo
2674 2450 2900 2506 quoque
2950 2437 3080 2488 tuus
3115 2449 3229 2488 non
3269 2433 3341 2488 sit
3382 2433 3584 2502 inanis,
3615 2433 3712 2488 sed

2083 2532 2181 2582 aut
2211 2527 2458 2597 suadeat,
2489 2533 2588 2582 aut
2619 2531 2865 2595 moneat,
2895 2531 2993 2581 aut
3021 2526 3358 2594 consoletur,
3387 2531 3485 2582 aut
3509 2527 3709 2598 prccci-

2083 2620 2219 2692 piat.
2251 2621 2437 2676 Lauda
2471 2638 2658 2692 parce,
2703 2621 2958 2692 vitupera
2996 2619 3238 2692 parcius.
3274 2621 3415 2675 Nam
3454 2619 3714 2675 similiter

2083 2713 2544 2784 reprehensibilis
2587 2718 2670 2769 est
2706 2713 2882 2768 nimia
2924 2712 3190 2780 laudatio,
3238 2717 3301 2767 ut
3342 2712 3711 2768 immoderata

2084 2807 2438 2878 vituperatio.
2479 2807 2579 2862 Illa
2615 2807 2896 2878 siquidem
2925 2805 3265 2876 adulatione,
3300 2805 3400 2860 ista
3441 2805 3706 2877 maligni-

2084 2903 2195 2955 tate
2230 2905 2481 2972 suspecta
2524 2905 2626 2955 est.
2653 2900 3056 2955 Testimonium
3086 2898 3327 2969 veritati,
3367 2916 3482 2954 non
3523 2897 3712 2954 amici-

2084 2993 2176 3047 tiae
2227 2993 2444 3048 reddes.
2499 2995 2640 3048 Cum
2689 2994 3132 3048 consideratione
3181 2993 3446 3066 promitte
3489 2993 3711 3065 plenius

2086 3104 2212 3159 qua:
2238 3087 2562 3158 promiseris
2590 3092 2814 3159 praesta.
2843 3087 2900 3144 Si
2925 3088 3173 3159 prudens
3199 3091 3282 3142 est
3306 3087 3529 3142 animus
3557 3091 3710 3157 tuus,

2086 3181 2268 3236 tribus
2317 3181 2666 3252 temporibus
2707 3181 3083 3253 dispensetur.
3138 3181 3440 3236 Praesentia
3493 3180 3710 3248 ordina,

2088 3274 2279 3330 futura
2305 3276 2571 3347 praevide,
2600 3275 2886 3348 praeterita
2913 3275 3226 3330 recordare.
3249 3275 3386 3329 Nam
3415 3274 3515 3346 qui
3538 3275 3619 3328 nil
3644 3274 3714 3329 de

2088 3369 2374 3440 praeterito
2415 3370 2642 3442 cogitat,
2675 3369 2862 3442 perdit
2906 3369 3097 3436 vitam,
3147 3367 3244 3440 qui
3289 3367 3368 3422 nil
3412 3367 3482 3422 de
3523 3367 3714 3422 futuro

2085 3463 2530 3536 praemeditatur,
2563 3463 2622 3518 in
2664 3463 2851 3517 omnia
2889 3461 3148 3516 incautus
3182 3461 3400 3516 incidit.
3430 3463 3715 3534 Proponas

2089 3557 2147 3611 in
2177 3557 2366 3612 animo
2395 3561 2492 3612 tuo
2521 3557 2710 3612 futura
2748 3557 2895 3611 mala
2933 3561 2990 3612 et
3026 3556 3170 3610 bona
3204 3559 3270 3609 ut
3307 3555 3406 3609 illa
3439 3556 3715 3612 sustinere

2089 3650 2266 3723 possis
2294 3655 2350 3706 et
2373 3650 2476 3706 ista
2502 3651 2802 3706 moderari.
2843 3652 2964 3705 Non
2993 3664 3218 3720 semper
3242 3648 3302 3702 in
3340 3651 3469 3703 actu
3497 3649 3591 3718 sis,
3619 3651 3714 3704 sed

2089 3745 2376 3800 interdum
2407 3745 2598 3800 animo
2635 3750 2734 3799 tuo
2771 3746 3026 3817 requiem
3057 3746 3183 3802 dato
3214 3761 3227 3798 :
3259 3746 3316 3797 et
3343 3743 3566 3814 requies
3593 3745 3714 3818 ipsa

2091 3841 2254 3911 plena
2279 3839 2351 3893 sit
2377 3837 2660 3910 sapientiae
2691 3838 2907 3908 studiis,
2949 3845 3005 3894 et
3042 3843 3472 3912 cogitationibus
3506 3843 3669 3898 bonis
3697 3864 3710 3900 :

2088 3951 2222 3988 nam
2258 3932 2508 4005 prudens
2548 3948 2840 4003 nunquam
2881 3933 2994 3988 otio
3035 3942 3264 3991 marcet.
3308 3937 3484 3992 Habet
3523 3943 3716 3995 autem

2089 4025 2388 4098 aliquando
2440 4024 2739 4080 remissum
2791 4025 3046 4081 animum
3099 4045 3390 4102 nunquam
3446 4031 3712 4088 solutum.

2089 4121 2372 4176 Accelerat
2399 4119 2576 4189 tarda,
2607 4120 2873 4192 perplexa
2899 4123 3143 4194 expedit,
3176 4123 3316 4178 dura
3345 4124 3546 4193 mollit,
3576 4143 3718 4182 exae-

2090 4220 2225 4286 quat
2249 4214 2444 4268 ardua.
2475 4212 2587 4268 Scit
2614 4213 2766 4268 enim
2794 4215 2927 4286 quid
2958 4233 3069 4287 qua
3096 4216 3181 4271 via
3207 4218 3441 4289 aggredi
3471 4219 3669 4275 debeat
3698 4241 3710 4276 :

2091 4313 2147 4364 et
2191 4307 2451 4363 distincte
2485 4312 2686 4362 cuncta
2721 4308 2890 4364 videt.
2937 4310 3244 4365 Consilium
3283 4313 3615 4384 peritorum,
3648 4332 3717 4370 ex

2089 4402 2297 4474 apertis
2351 4401 2586 4456 obscura
2637 4402 2879 4458 mstimat
2927 4419 2991 4457 ex
3042 4404 3290 4475 parvulis
3339 4423 3582 4478 magna,
3647 4425 3716 4464 ex

357 4501 454 4558 sed
485 4518 588 4574 pro
613 4507 668 4558 te
695 4507 967 4576 tamquam
992 4509 1089 4560 tua
1117 4505 1407 4578 dispenses
1437 4509 1494 4560 et
1530 4503 1726 4560 utaris,
1758 4505 1814 4560 Si
1848 4521 1986 4576 pm-
2012 4505 2068 4578 D
2093 4495 2362 4569 proximis
2399 4501 2634 4566 remota,
2674 4513 2740 4552 ex
2781 4497 3035 4569 partibus
3073 4501 3206 4552 tota.
3241 4500 3360 4554 Non
3401 4505 3454 4555 te
3495 4508 3719 4558 moveat

357 4593 604 4651 dentiam
633 4596 1010 4668 amplecteris,
1040 4599 1249 4670 ubique
1275 4598 1426 4654 idem
1453 4598 1592 4667 eris;
1621 4601 1678 4654 et
1712 4603 1878 4669 prout
1907 4615 1991 4654 re—

359 4704 489 4744 rum
515 4703 578 4743 ac
604 4692 927 4762 temporum
953 4691 1188 4745 varietas
1213 4691 1410 4763 exigit,
1430 4691 1508 4746 ita
1527 4695 1580 4746 te
1605 4693 1990 4748 accommodes

357 4781 650 4852 tempori;
690 4798 795 4838 nec
844 4787 898 4838 te
947 4783 1006 4838 in
1057 4783 1338 4855 aliquibus
1389 4787 1594 4850 mutes,
1644 4785 1741 4838 sed
1805 4786 1990 4856 potius

358 4879 516 4949 aptes
549 4891 562 4930 :
592 4875 734 4930 sicut
756 4893 959 4932 manus
987 4893 1113 4948 quae
1149 4876 1345 4932 eadem
1385 4881 1487 4947 est,
1517 4881 1572 4932 et
1607 4895 1735 4933 cum
1778 4878 1839 4934 in
1875 4879 1992 4951 pal-

359 4986 514 5024 mam
535 4970 877 5040 extenditur,
895 4975 1095 5026 etcum
1117 4971 1175 5025 in
1195 4987 1454 5043 pugnum
1483 4972 1656 5026 astrin
1665 4972 1836 5043 gitur.
1855 4974 1990 5027 Prn-

359 5063 543 5119 dentis
569 5063 863 5136 proprium
893 5068 979 5120 est
1004 5065 1326 5120 examinare
1357 5065 1608 5134 consilia,
1640 5071 1696 5122 et
1728 5083 1844 5122 non
1879 5067 1989 5122 cito

358 5156 509 5212 facili
533 5157 862 5213 credulitate
893 5158 962 5213 ad
989 5158 1122 5214 falsa
1151 5159 1390 5231 prolabi.
1424 5161 1500 5215 De
1530 5159 1714 5215 dubiis
1745 5177 1859 5215 non
1887 5161 1986 5215 de-

356 5249 536 5319 ﬁnias,
568 5251 664 5306 sed
695 5268 1026 5324 suspensam
1053 5256 1246 5308 teneas
1275 5254 1632 5310 sententiam.
1661 5253 1811 5308 Nihil
1835 5254 1988 5309 inex-

351 5346 574 5414 pertum
619 5344 869 5401 afﬁrmes
897 5345 1030 5417 quia
1075 5361 1192 5402 non
1244 5363 1412 5402 omne
1452 5345 1752 5402 verisimile
1797 5347 1988 5402 statim

356 5452 555 5492 verum
583 5442 696 5507 est;
721 5437 868 5497 sicut
893 5444 948 5494 et
974 5439 1178 5512 saepius
1203 5440 1354 5514 quod
1380 5440 1630 5513 primum
1657 5439 1986 5496 incredibile

429 5644 568 5720 ιδῃ
600 5661 706 5720 ‘ex_
734 5645 979 5703 editione
1045 5647 1229 5720 Vineti
1278 5647 1516 5720 Pictavis
1555 5649 1782 5720 vulgata
1833 5666 1984 5708 anno

359 5715 495 5789 15ft
522 5712 818 5789 Baluzius;
841 5723 1004 5773 antea
1023 5719 1292 5776 mendose
1313 5718 1608 5789 legebatur
1630 5712 1896 5778 mvorlalis.
1916 5752 1984 5764 —

353 5785 544 5842 Editor
569 5785 964 5855 Bacherianus,
985 5789 1082 5860 qui
1103 5805 1170 5844 ex
1199 5785 1399 5844 eadem
1420 5789 1691 5861 editione,
1714 5808 1849 5847 mox
1878 5794 1984 5848 tuis

2090 4591 2324 4646 dicentis
2355 4591 2672 4658 auctoritas,
2713 4609 2816 4647 nec
2856 4592 3000 4665 quis,
3036 4593 3132 4649 sed
3164 4594 3301 4666 quid
3328 4595 3494 4662 dicat,
3527 4596 3714 4654 inten-

2089 4686 2224 4741 dito.
2254 4687 2362 4739 Nec
2393 4701 2563 4758 quam
2591 4686 2806 4752 multis,
2839 4687 2934 4741 sed
2962 4687 3220 4760 qualibus
3247 4691 3479 4762 placeat,
3509 4692 3712 4764 cogita.

2092 4781 2150 4834 ld
2174 4796 2365 4852 quaere
2394 4780 2545 4851 quod
2575 4779 2827 4835 invenire
2854 4781 3052 4852 possis.
3092 4781 3149 4836 Id
3177 4782 3344 4852 disce,
3374 4784 3524 4855 quod
3557 4791 3715 4856 potes

2091 4875 2251 4930 scire.
2282 4874 2342 4928 Id
2369 4878 2520 4947 opta,
2549 4874 2700 4944 quod
2731 4875 2912 4945 optari
2938 4891 3128 4930 coram
3169 4876 3334 4930 bonis
3371 4881 3572 4948 potest.
3605 4879 3715 4934 Nec

2089 4968 2274 5023 altiori
2301 4973 2354 5023 te
2383 4967 2467 5022 rei
2493 4966 2773 5039 imponas,
2795 4967 2854 5021 in
2881 4972 2992 5040 qua
3017 4968 3118 5023 tibi
3144 4969 3313 5024 stanti
3332 4971 3711 5040 tremendum,

2089 5061 2405 5117 ascendenti
2442 5060 2758 5116 cadendum
2788 5061 2878 5116 sit.
2909 5061 3148 5117 Consilia
3175 5062 3277 5118 tibi
3305 5064 3590 5120 salutifera
3613 5065 3712 5120 ad-

2088 5173 2241 5212 voca.
2262 5157 2401 5211 Cum
2429 5154 2531 5211 tibi
2555 5153 2756 5210 alludit
2771 5154 2899 5210 vitae
2928 5157 3290 5228 prOSperitas,
3319 5161 3456 5214 tunc
3482 5163 3539 5213 te
3563 5159 3719 5216 velut

2087 5251 2146 5304 in
2177 5250 2390 5304 lubrico
2418 5248 2686 5305 retinebis
2713 5266 2777 5304 ac
2807 5249 2985 5320 sistes,
3016 5267 3120 5306 nec
3147 5251 3248 5306 tibi
3275 5251 3434 5306 dabis
3473 5253 3720 5325 impetus

2087 5344 2312 5415 liberos,
2365 5343 2462 5400 sed
2514 5341 2930 5414 circumspicies
2994 5361 3106 5418 quo
3168 5345 3424 5402 eundum
3483 5346 3572 5417 sit,
3630 5349 3717 5403 vel

2086 5453 2398 5510 quousque.

2085 5645 2299 5728 addidit
2324 5649 2451 5728 ante
2475 5645 2570 5700 illa
2591 5649 2786 5728 smptus
2810 5647 3022 5728 litteris.

2155 5719 2183 5758 δ
2212 5717 2296 5775 Sic
2327 5716 2479 5773 idem
2506 5716 2780 5786 rescribit,
2811 5716 2908 5771 ubi
2938 5722 3104 5774 antea
3143 5723 3261 5775 erat
3288 5721 3511 5790 afferam
3543 5719 3708 5773 dictu.
