4044 6196
249 305 310 363 25
1116 310 1514 368 OPUSCULL’M
1553 310 1832 369 pannum.
1875 309 2191 369 mnuum
2229 311 2554 370 HONESTAS
2592 310 2784 370 me
3543 295 3609 370 πό

901 417 1118 476 CAPUT
1159 421 1222 476 ll.

771 533 844 588 De
880 535 1352 603 magnanimitate.

304 660 744 736 Magnanimitas
790 679 943 733 vero,
983 679 1112 735 quas
1157 667 1214 718 et
1254 663 1524 720 fortitudo
1570 665 1793 738 dicitur,
1827 666 1875 722 si

241 757 370 812 insit
394 756 590 812 animo
625 761 746 826 tuo,
775 773 906 811 cum
939 773 1150 828 magna
1177 756 1381 812 fiducia
1407 759 1557 814 vives
1590 759 1752 831 liber,
1780 761 1870 816 in-

239 850 512 923 trepidus,
553 850 758 906 alacer.
794 849 980 922 Magni
1022 850 1202 905 animi
1244 851 1492 907 hominis
1531 853 1748 909 bonum
1792 859 1875 910 est

237 961 348 1001 non
375 943 657 1010 vacillare,
680 948 935 998 constare
963 943 1090 1014 sibi,
1114 948 1172 1000 et
1198 944 1371 1000 ﬁnem
1399 945 1531 1001 vita:
1559 947 1874 1019 intrepidus

237 1043 578 1110 exspectare.
603 1037 689 1092 Nil
715 1037 868 1092 aliud
889 1054 1164 1112 magnum
1187 1039 1246 1094 in
1268 1039 1436 1094 rebus
1457 1040 1743 1112 humanis,
1761 1042 1870 1098 nisi

235 1131 458 1187 animus
497 1148 706 1204 magna
749 1131 1080 1204 despiciens.
1123 1132 1180 1188 Si
1227 1133 1628 1206 magnanimus
1667 1135 1867 1208 fueris,

235 1242 527 1298 nunquam
537 1225 818 1297 judicabis
835 1225 936 1280 tibi
957 1226 1356 1282 contumeliam
1376 1227 1520 1283 fieri.
1548 1230 1620 1284 De
1641 1229 1869 1285 inimico

237 1319 412 1376 dices:
439 1321 559 1374 Non
577 1318 769 1374 nocuit
787 1319 950 1386 mihi,
973 1319 1070 1374 sed
1089 1320 1347 1376 animum
1374 1322 1614 1377 nocendi
1637 1323 1864 1393 habuit;

237 1417 288 1469 et
313 1429 450 1468 cum
476 1413 641 1468 illum
669 1412 728 1466 in
757 1417 1030 1485 potestate
1060 1417 1159 1467 tua
1183 1414 1407 1482 videris,
1434 1415 1740 1470 vindictam
1768 1433 1869 1488 pu-

236 1506 396 1577 tabis,
443 1506 723 1561 vindicare
764 1505 1030 1578 potuisse.
1073 1507 1218 1563 Scito
1270 1507 1425 1562 enim
1465 1509 1768 1564 honestum
1813 1515 1871 1565 et

237 1617 514 1672 magnum
550 1616 728 1672 genus
766 1599 1024 1655 vindicta:
1062 1616 1181 1655 esse
1223 1601 1534 1673 ignoscere.
1573 1603 1868 1658 Neminem

235 1710 462 1750 susurro
499 1698 751 1767 appetas,
783 1693 1074 1749 neminem
1113 1695 1395 1765 sutfodias,
1428 1695 1619 1768 palam
1659 1714 1864 1769 aggre-

234 1787 378 1843 dere.
429 1789 554 1842 Non
602 1805 783 1860 geres,
839 1788 1163 1843 conﬂictum
1213 1789 1320 1843 nisi
1370 1789 1676 1859 indixeris;

231 1881 452 1936 fraudes
473 1886 530 1937 et
549 1881 664 1937 doli
684 1881 1030 1938 imbecillum
1052 1882 1272 1938 decent.
1295 1882 1418 1938 Eris
1439 1883 1863 1956 magnanimus,

235 1974 274 2028 si
295 1975 549 2047 pericula
577 1992 681 2030 nec
703 1979 952 2048 appetas,
975 1981 1041 2030 ut
1064 1977 1424 2047 temerarius,
1447 1994 1551 2032 nec
1569 1977 1862 2049 formides,

233 2073 292 2122 ut
332 2068 606 2138 timidus;
651 2086 786 2123 nam
826 2069 910 2124 nil
951 2069 1217 2124 timidum
1262 2071 1393 2125 facit
1431 2071 1706 2138 animum,
1760 2072 1866 2126 nisi

236 2162 688 2232 reprehensibilis
715 2162 841 2218 vitae
881 2163 1240 2219 conscientia.
1272 2166 1531 2220 Mensura
1567 2181 1703 2238 ergo
1742 2183 1862 2220 ma-

237 2255 616 2326 gnanimitatis
655 2261 759 2322 est,
802 2273 905 2311 nec
943 2255 1208 2312 timidum
1248 2275 1367 2314 esse
1411 2258 1721 2327 hominem,
1759 2276 1864 2314 nec

239 2363 298 2402 an
304 2348 498 2404 dacem
507 2391 520 2404 .

871 2445 1088 2500 CAPUT
1131 2447 1215 2500 ΙΙΙ.

809 2560 884 2612 De
936 2559 1282 2612 continentia.

306 2669 713 2728 Continentiam
737 2689 868 2728 vero
895 2673 943 2728 si
973 2673 1183 2745 diligis,
1212 2673 1550 2729 circumcide
1578 2673 1864 2745 superﬂua

236 2767 288 2818 et
327 2763 387 2819 in
428 2769 644 2821 erctum
696 2766 973 2822 desideria
1021 2772 1118 2822 tua
1173 2767 1519 2839 constringe.
1561 2767 1864 2822 Considera

237 2863 434 2926 tecum,
482 2864 762 2931 quantum
809 2863 1012 2915 natura
1054 2866 1260 2931 poscat,
1315 2865 1370 2915 et
1417 2877 1534 2915 non
1586 2865 1864 2932 quantum

239 2951 506 3023 cupiditas
565 2959 812 3026 expetat.
865 2954 922 3009 Si
970 2954 1265 3009 continens
1317 2954 1509 3022 fueris,
1563 2971 1630 3010 eo
1683 2971 1862 3026 usque

237 3047 542 3118 pervenies,
593 3053 654 3102 ut
700 3052 753 3102 te
796 3047 918 3119 ipso
966 3052 1262 3102 contentus
1303 3049 1398 3102 sis.
1442 3049 1581 3104 Nam
1619 3048 1718 3120 qui
1758 3048 1862 3102 sibi

235 3139 336 3210 ipsi
369 3140 504 3194 satis
539 3145 641 3208 est,
671 3158 801 3196 cum
837 3141 1044 3196 divitiis
1072 3145 1236 3196 natus
1263 3147 1366 3196 est.
1395 3143 1626 3215 Impune
1653 3159 1858 3196 concu-

237 3233 518 3316 piscentiae
541 3239 654 3288 tua;
689 3235 914 3289 frenum
944 3239 999 3290 et
1024 3235 1278 3303 modum,
1309 3236 1611 3306 omniaque
1636 3235 1860 3296 blandi-

234 3332 416 3380 menta
469 3343 600 3398 quae
646 3328 920 3382 occultam
972 3328 1322 3399 voluptatem
1376 3330 1628 3399 trahunt,
1669 3329 1860 3400 rejice.

235 3420 338 3474 Ede
367 3421 509 3474 citra
529 3421 883 3491 cruditatem,
913 3421 1044 3476 bibe
1073 3422 1210 3475 citra
1241 3421 1591 3477 ebrietatem.
1620 3423 1864 3478 Observa

233 3528 298 3567 ne
337 3513 396 3568 in
445 3514 701 3569 convivio
735 3519 835 3569 aut
871 3512 959 3569 in.
973 3515 1226 3587 qualibet
1261 3516 1389 3570 vitae
1434 3516 1859 3585 communitate,

235 3623 366 3678 quos
410 3625 528 3662 non
575 3607 904 3678 imitaberis,
953 3609 1221 3663 damnare
1266 3609 1525 3665 videaris.
1564 3611 1672 3664 Nec
1713 3626 1860 3680 pra:-

237 3701 480 3755 scntibus
513 3701 726 3756 deliciis
761 3701 1084 3771 inhaarebis,
1130 3718 1234 3757 nec
1274 3702 1614 3758 desiderabis
1657 3702 1859 3758 absen-

237 3797 336 3848 tes.
359 3795 546 3849 Victus
585 3794 686 3850 tibi
719 3812 788 3849 ex
823 3794 971 3850 facili
1007 3795 1098 3862 sit,
1130 3813 1232 3851 nec
1269 3796 1342 3850 ad
1367 3796 1733 3868 voluptatem,
1765 3796 1862 3852 sed

234 3885 304 3941 ad
342 3888 528 3943 cibum
566 3889 787 3944 accede.
816 3889 1070 3945 Palatum
1097 3893 1264 3949 tuum
1289 3890 1468 3944 fames
1493 3888 1716 3959 excitet,
1747 3907 1862 3944 non

236 3998 477 4053 sapores.
507 3981 788 4038 Desideria
820 3987 918 4037 tua
951 3999 1121 4054 parvo
1156 3983 1392 4052 redime,
1425 3983 1558 4056 quia
1593 3984 1699 4038 hoc
1735 3989 1859 4038 tan-

237 4080 354 4130 tum
405 4092 604 4130 curare
653 4075 841 4145 debes,
896 4081 962 4131 ut
1003 4077 1264 4132 desinant
1312 4093 1326 4132 :
1367 4081 1537 4149 atque
1581 4077 1743 4150 quasi
1791 4077 1866 4132 ad

234 4167 526 4241 exemplar
562 4169 902 4240 compositus
943 4169 1218 4240 divinum,
1247 4187 1280 4224 a
1315 4187 1551 4242 corpore
1580 4171 1652 4225 ad
1694 4169 1860 4242 spiri-

233 4268 374 4332 tum,
401 4267 684 4334 quantum
723 4269 901 4334 potes,
930 4268 986 4319 te
1019 4263 1222 4318 festina
1257 4263 1547 4320 reducere.
1579 4263 1635 4319 Si
1680 4262 1862 4318 conti-

227 4357 437 4412 nentiae
479 4355 690 4424 studes,
731 4356 922 4412 habita
960 4375 1074 4412 non
1113 4373 1354 4424 amoene,
1383 4358 1482 4413 sed
1519 4357 1859 4412 salubriter:

226 4466 327 4505 nec
359 4450 660 4505 duminum
690 4466 810 4506 esse
835 4451 970 4505 velis
997 4457 1194 4506 notum
1223 4469 1256 4506 a
1280 4451 1469 4520 domo,
1500 4451 1598 4506 sed
1629 4451 1864 4506 domum

1881 3192 1936 3267 C

1898 443 1957 516 Α
1977 423 2157 478 riliter
2228 420 2456 492 effusus,
2510 422 2558 477 si
2623 420 2979 479 muliebriter
3044 421 3273 478 fractus.
3327 418 3609 480 Odibilem

1975 533 2201 590 quoque
2229 515 2520 572 hominem
2558 516 2690 572 facit
2714 517 2880 586 risus,
2909 521 3009 573 aut
3045 517 3342 590 superbus,
3369 519 3468 573 aut
3494 517 3608 572 cla-

1973 628 2071 666 rus
2106 609 2210 684 [An
2229 609 2406 665 elatus
2421 610 2464 683 ?]
2498 615 2596 666 aut
2619 611 2905 683 malignus
2931 618 2986 668 et
3011 612 3272 680 furtivus,
3292 614 3390 667 aut
3411 610 3609 666 alienis

1971 704 2136 761 malis
2173 709 2452 760 evocatus.
2483 705 2539 760 Si
2577 722 2714 777 ergo
2741 706 2891 778 ipsos
2912 707 3070 778 jocos
3099 706 3298 778 exigis,
3331 705 3436 760 hoc
3463 720 3606 778 quo-

1973 815 2082 871 que
2110 799 2384 871 dignitate
2411 799 2702 871 sapientiae
2733 816 2886 871 gere,
2916 805 2980 855 ut
3005 805 3058 855 te
3086 817 3188 854 nec
3218 803 3453 871 gravent
3478 803 3606 855 tan-

1973 910 2145 966 quam
2190 910 2476 965 asperum,
2524 909 2628 948 nec
2681 899 3048 949 contemnant
3095 899 3366 965 tanquam
3413 893 3605 950 vilem.

1971 988 2092 1042 Non
2131 987 2240 1043 erit
2279 988 2383 1042 tibi
2424 987 2751 1057 scurrilitas,
2781 988 2877 1042 sed
2919 992 3079 1058 grata
3112 987 3422 1042 urbanitas.
3454 985 3607 1042 Sales

1974 1081 2055 1135 tui
2093 1082 2209 1136 sint
2243 1081 2361 1136 sine
2399 1081 2586 1149 dente,
2611 1081 2726 1152 joci
2769 1080 2889 1136 sine
2926 1081 3158 1148 vilitate,
3189 1081 3334 1135 risus
3362 1079 3482 1135 sine
3510 1097 3604 1134 ca-

1971 1174 2198 1242 chinno,
2237 1191 2346 1230 vox
2387 1174 2506 1230 sine
2555 1175 2821 1243 clamore,
2860 1175 3114 1230 incessus
3149 1174 3269 1228 sine
3304 1173 3554 1229 tumultu
3581 1190 3602 1229 τ

1969 1269 2129 1341 quies
2169 1267 2294 1336 tibi,
2320 1285 2437 1323 non
2476 1267 2688 1323 desidia
2725 1268 2862 1338 erit;
2890 1271 2946 1324 et
2971 1284 3102 1323 cum
3126 1267 3198 1322 ab
3222 1267 3345 1322 aliis
3369 1267 3603 1334 luditur,

1969 1368 2033 1417 tu
2077 1362 2254 1416 sancti
2285 1361 2499 1434 aliquid
2534 1361 2869 1434 honestique
2909 1361 3194 1417 tractabis.
3227 1361 3284 1416 Si
3313 1362 3606 1416 continens

1970 1472 2048 1523 es,
2081 1455 2426 1511 adulationes
2463 1456 2611 1511 evita
2641 1473 2654 1510 :
2686 1456 2868 1528 sitque
2907 1455 3010 1510 tibi
3043 1461 3162 1511 tam
3188 1454 3347 1509 triste
3385 1454 3606 1510 laudari

1967 1566 2001 1604 a
2025 1550 2305 1620 turpibus,
2333 1567 2507 1622 quam
2537 1550 2582 1604 si
2608 1549 2855 1604 lauderis
2893 1549 2964 1604 ob
2990 1549 3202 1621 turpia.
3231 1547 3437 1603 Laetior
3462 1551 3601 1613 esto,

1969 1644 2187 1716 quoties
2227 1644 2488 1716 displices
2523 1643 2706 1714 malis,
2737 1648 2792 1698 et
2815 1635 3099 1698 malorum
3129 1643 3200 1698 de
3230 1647 3286 1697 te
3312 1640 3604 1697 existima-

1968 1737 2149 1793 tiones
2186 1739 2380 1805 malas,
2409 1754 2604 1792 veram
2639 1738 2727 1792 tui
2771 1736 3155 1792 laudationem
3185 1736 3420 1791 ascribe.
3453 1734 3607 1790 Diffl-

1889 1822 1944 1894 B
1968 1831 2240 1888 cillimum
2277 1832 2637 1886 continentiae
2673 1847 2814 1903 opus
2850 1835 2952 1898 est,
2983 1829 3385 1886 assentationes
3416 1828 3607 1884 adula‘

1964 1925 2116 1982 tione
2137 1927 2428 1998 repellere,
2457 1941 2700 1996 quarum
2727 1939 3016 1979 sermones
3035 1923 3292 1978 animum
3318 1923 3604 1994 voluptate

1965 2019 2272 2074 resolvunt.
2336 2019 2557 2076 Nullius
2620 2035 2725 2090 per
2792 2017 3228 2072 assentationem
3297 2015 3603 2072 amicitiam

1965 2113 2252 2182 merearis,
2284 2129 2388 2167 nec
2414 2113 2484 2167 ad
2511 2118 2668 2167 tuam
2695 2111 3135 2184 promerendam
3167 2127 3270 2182 per
3303 2110 3450 2165 hanc
3477 2109 3601 2164 adi-

1964 2213 2089 2262 tum
2131 2206 2365 2278 pandas.
2409 2208 2531 2262 Non
2574 2207 2685 2263 eris
2729 2207 2933 2271 audax,
2979 2221 3082 2259 nec
3121 2220 3434 2276 arrogans:
3465 2203 3600 2259 sub-

1964 2301 2153 2356 mittes
2177 2305 2252 2368 te,
2285 2317 2402 2355 non
2435 2299 2726 2372 projicies;
2762 2299 3036 2371 gravitate
3061 2303 3298 2365 servata,
3327 2298 3600 2352 admone-

1963 2393 2113 2449 beris
2149 2393 2412 2462 libenter,
2440 2399 2496 2450 et
2519 2392 2956 2466 reprehenderis
2984 2393 3286 2464 patienter.
3309 2391 3366 2448 Si
3395 2391 3600 2446 merito

1963 2487 2288 2559 objurgabit
2323 2487 2550 2560 aliquis,
2577 2487 2715 2542 scito
2754 2486 2890 2559 quia
2922 2486 3167 2558 profuit;
3209 2486 3258 2541 si
3292 2485 3597 2553 immerito,

1964 2581 2101 2636 scito
2141 2581 2277 2652 quia
2318 2582 2580 2652 prodesse
2619 2581 2817 2636 voluit.
2858 2582 2981 2635 Non
3017 2580 3235 2647 acerba,
3269 2578 3367 2634 sed
3399 2578 3604 2634 blanda

1963 2674 2188 2729 timebis
2231 2675 2416 2730 verba.
2462 2677 2590 2730 Esto
2637 2675 2908 2729 vitiorum
2947 2673 3123 2745 fugax
3165 2673 3316 2744 ipse;
3361 2671 3604 2727 aliorum

1963 2784 2094 2822 vero
2119 2783 2303 2839 neque
2332 2768 2586 2822 curiosus
2611 2772 2908 2834 scrutator,
2934 2783 3120 2838 neque
3145 2766 3378 2820 acerbus
3406 2781 3600 2835 repre-

1963 2861 2190 2927 hensor,
2242 2861 2340 2915 sed
2393 2861 2512 2915 sine
2563 2859 2997 2931 exprobratione
3051 2861 3360 2930 correptor,
3412 2858 3492 2912 ita
3539 2862 3604 2913 ut

1961 2954 2410 3009 admonitionem
2451 2953 2734 3008 hilaritate
2769 2953 3102 3024 praevenias,
3133 2957 3190 3008 et
3229 2951 3408 3006 errori
3440 2951 3601 3006 facile

1961 3048 2186 3103 veniam
2223 3048 2374 3103 dato.
2413 3049 2523 3103 Nec
2562 3047 2797 3103 extollas
2835 3062 3203 3120 quemquam,
3233 3062 3418 3116 neque
3456 3047 3598 3118 deji-

1961 3141 2094 3197 cias.
2149 3141 2465 3196 Dicentium
2516 3145 2634 3196 esto
2693 3141 2896 3197 tacitus
2943 3140 3188 3208 auditor,
3244 3138 3599 3194 audientium

1964 3240 2259 3306 promptus
2282 3241 2559 3306 receptor.
2593 3234 2925 3306 Requirenti
2947 3233 3108 3288 facile
3133 3232 3432 3304 responde,
3462 3249 3599 3288 con-

1964 3328 2240 3384 temnenti
2273 3329 2434 3383 facile
2464 3327 2598 3383 cede
2627 3347 2640 3383 :
2671 3345 2743 3384 ne
2769 3329 2828 3382 in
2847 3327 3046 3399 jurgia
3074 3327 3598 3400 exsecrationesque

1963 3421 2232 3477 discedas.
2273 3422 2330 3478 Si
2379 3421 2674 3476 continens
2714 3438 2810 3490 es,
2852 3421 3026 3475 animi
3065 3420 3149 3476 tui
3185 3424 3373 3474 motus
3407 3437 3603 3492 corpo-

1963 3516 2152 3588 risque
2183 3516 2434 3582 observa,
2470 3531 2542 3570 ne
2577 3514 2830 3569 indecori
2865 3514 2994 3568 sint.
3026 3515 3136 3568 Nec
3162 3513 3289 3567 illos
3313 3512 3439 3566 ideo
3474 3529 3604 3568 con-

1962 3615 2180 3664 temnas
2207 3608 2341 3680 quia
2377 3609 2582 3676 latent;
2613 3624 2748 3661 nam
2783 3607 2864 3662 nil
2891 3606 3094 3673 differt,
3128 3605 3174 3660 si
3199 3621 3367 3660 nemo
3395 3605 3596 3673 videat,

1962 3718 2094 3756 cum
2143 3705 2208 3756 tu
2249 3701 2367 3773 ipse
2415 3701 2536 3756 illos
2581 3700 2788 3756 videas.
2836 3700 3050 3756 Mobilis
3091 3703 3230 3766 esto,
3275 3715 3390 3753 non
3434 3698 3597 3768 levis;

1963 3800 2241 3864 constans,
2264 3812 2381 3850 non
2400 3795 2682 3867 pertinax.
2705 3795 2954 3866 Alicujus
2975 3793 3055 3849 rei
3080 3793 3374 3848 scientiam
3393 3793 3601 3850 habere

1962 3895 2016 3945 te
2046 3906 2150 3944 nec
2187 3889 2450 3961 ignotum
2475 3889 2564 3957 sit,
2594 3905 2698 3944 nec
2724 3889 3044 3944 molestum.
3073 3887 3284 3942 Omnes
3310 3887 3414 3942 tibi
3435 3903 3600 3960 pares

1961 3983 2129 4038 facies
2162 3999 2176 4037 :
2217 3984 2314 4037 sed
2346 3982 2642 4038 inferiores
2681 3981 3059 4054 superbiendo
3101 3998 3215 4036 non
3249 3985 3596 4037 contemnes.

1963 4075 2288 4147 Superiores
2321 4081 2470 4132 recte
2505 4077 2762 4144 vivendo,
2792 4093 2909 4130 non
2949 4079 3185 4131 metuas.
3220 4076 3281 4130 In
3312 4075 3600 4130 reddenda

1963 4169 2328 4240 ofticiositate,
2360 4185 2546 4242 neque
2589 4170 2906 4242 negligens,
2936 4186 3122 4241 neque
3160 4174 3386 4225 exactor
3422 4186 3596 4240 appa-

1962 4280 2106 4319 reas.
2137 4255 2366 4319 Cunctis
2395 4247 2512 4319 esto
2541 4263 2846 4336 benignus,
2877 4262 3091 4318 nemini
3117 4263 3376 4329 blandus,
3406 4262 3601 4334 paucis

1962 4356 2276 4427 familiaris,
2307 4358 2570 4413 omnibus
2605 4375 2822 4430 mquus.
2851 4356 3106 4412 Severior
3143 4360 3259 4410 esto
3295 4356 3354 4409 in
3385 4354 3600 4426 judicio

1963 4468 2136 4522 quam
2164 4468 2443 4519 sermone,
2475 4451 2588 4506 vita
2621 4467 2797 4522 quam
2820 4450 2978 4505 vultu
3008 4466 3022 4503 :
3055 4449 3235 4503 cultor
3258 4448 3595 4518 clementiae,

225 4561 256 4596 ει
284 4543 543 4599 domino.
565 4545 687 4598 Non
714 4544 816 4598 tibi
841 4543 1083 4599 ascribas
1111 4545 1262 4616 quod
1287 4562 1401 4600 non
1431 4545 1560 4614 eris,
1583 4562 1686 4600 nec
1713 4545 1864 4617 quod
1883 4567 1943 4638 D
1966 4545 2268 4600 detestator
2295 4544 2543 4611 saevitiae,
2570 4544 2732 4598 bonae
2757 4543 2950 4611 famae,
2981 4558 3166 4614 neque
3195 4547 3308 4598 tuas
3349 4537 3596 4598 semina-

225 4655 314 4706 es;
362 4653 470 4692 nec
510 4637 692 4708 majus
719 4654 892 4708 quam
931 4654 991 4693 es
1020 4638 1194 4694 videri
1224 4639 1381 4694 velis.
1414 4639 1525 4694 Hoc
1550 4638 1735 4710 majus
1761 4639 1862 4694 ob-

224 4747 407 4796 serva,
438 4747 507 4786 ne
546 4735 850 4804 paupertas
885 4731 986 4786 tibi
1019 4731 1317 4787 immunda
1343 4732 1433 4801 sit,
1461 4748 1566 4787 nec
1591 4732 1866 4804 parcitno-

223 4825 317 4878 nia
369 4823 614 4894 sordida,
661 4841 768 4880 nec
813 4824 1144 4896 simplicitas
1191 4826 1470 4897 neglecta,
1519 4841 1624 4881 nec
1664 4825 1865 4881 lenitas

223 4917 530 4990 languida;
573 4923 633 4973 et
673 4917 720 4972 si
763 4918 864 4973 tibi
907 4936 997 4974 res
1039 4919 1264 4992 exiguae
1312 4925 1464 4988 sunt,
1509 4936 1624 4974 non
1674 4924 1867 4974 tamen

223 5012 336 5066 sint
366 5016 650 5083 angustae:
672 5013 784 5066 Nec
810 5017 908 5067 tua
933 5013 1158 5082 deﬂeas,
1191 5031 1295 5068 nec
1325 5014 1511 5068 aliena
1537 5011 1780 5068 mireris.
1811 5011 1867 5069 Si

221 5104 636 5161 continentiam
678 5105 886 5177 diligis,
916 5108 1107 5179 turpia
1147 5107 1328 5179 fugito
1352 5112 1481 5162 ante
1509 5100 1681 5178 quam
1707 5123 1864 5162 acce-

221 5200 395 5269 dant;
429 5216 532 5255 nec
557 5216 906 5272 quemquam
935 5201 1112 5256 alium
1139 5201 1417 5256 verebaris
1434 5201 1560 5273 plus
1588 5216 1763 5273 quam
1789 5205 1863 5256 te.

219 5293 427 5350 Omnia
450 5293 762 5350 tolerabilia
779 5297 986 5366 praeter
1013 5294 1429 5366 turpitudinem
1457 5294 1642 5350 crede.
1666 5297 1711 5349 A
1738 5311 1864 5350 ver-

219 5388 302 5443 bis
329 5404 567 5460 quoque
593 5387 858 5460 turpibus
876 5387 1174 5458 abstineto,
1197 5388 1334 5461 quia
1358 5405 1554 5444 eorum
1580 5387 1867 5444 licentiam

219 5480 672 5554 imprudentiam
706 5482 905 5538 nutrit.
947 5482 1244 5538 Sermones
1285 5481 1448 5538 utiles
1480 5482 1662 5554 magis
1693 5499 1866 5554 quam

219 5576 430 5632 facetos
476 5579 534 5630 et
570 5573 840 5630 amabiles
879 5592 1028 5643 ama,
1058 5581 1239 5631 rectos
1277 5575 1463 5649 potius
1500 5592 1676 5649 quam
1702 5577 1864 5632 obse-

221 5669 558 5726 cundantes.
589 5668 838 5724 Miscebis
864 5669 1156 5726 interdum
1192 5670 1352 5726 seriis
1371 5671 1550 5742 jocos,
1583 5671 1681 5726 sed
1716 5675 1863 5727 tem-

221 5767 468 5834 peratos,
490 5766 546 5818 et
573 5761 699 5817 sine
723 5761 1065 5819 detrimento
1091 5763 1384 5836 dignitatis
1407 5779 1472 5818 ac
1491 5763 1863 5820 verecundiae.

225 5856 364 5913 Nam
401 5855 864 5931 reprehensibilis
891 5858 1036 5914 risus
1067 5863 1169 5928 est,
1195 5858 1246 5926 ,si
1269 5857 1624 5929 immodicus,
1657 5858 1703 5913 si
1734 5874 1869 5931 pue-

1965 4643 2072 4707 tor,
2109 4653 2294 4710 neque
2330 4637 2526 4692 aliena:
2569 4637 2814 4692 invidus.
2847 4637 3211 4704 Rumoribus,
3242 4636 3597 4704 criminibus,

1965 4731 2378 4803 suspicionibus
2425 4731 2659 4787 minime
2711 4731 2975 4786 credulus
3015 4731 3102 4786 vel
3151 4730 3455 4802 malignus,
3503 4731 3602 4785 sed

1967 4825 2152 4896 potius
2175 4825 2266 4880 his
2285 4825 2385 4898 qui
2409 4842 2510 4898 per
2529 4825 2773 4898 speciem
2791 4824 3162 4896 simplicitatis
3180 4823 3250 4878 ad
3277 4824 3599 4879 nocendum

1965 4918 2248 4990 aliquibus
2273 4920 2606 4992 subrepunt,
2625 4918 3092 4991 oppositissimus.
3112 4917 3194 4972 Ad
3216 4917 3361 4972 iram
3383 4918 3597 4984 tardus,

1965 5012 2037 5067 ad
2084 5011 2528 5068 misericordiam
2585 5029 2818 5084 pronus,
2866 5013 2925 5066 in
2971 5011 3219 5066 adversis
3268 5011 3487 5080 ﬁrmus,
3541 5011 3601 5066 in

1966 5107 2250 5178 prosperis
2285 5111 2480 5161 cautus
2529 5111 2585 5161 et
2626 5105 2859 5161 humilis
2898 5121 2912 5160 :
2951 5105 3258 5160 occultator
3301 5104 3597 5172 virtutum,

1967 5195 2111 5256 sicut
2143 5200 2240 5255 alii
2264 5200 2552 5256 vitiorum.
2582 5201 2750 5254 Vana:
2793 5198 2985 5272 gloria:
3012 5203 3387 5270 contemptor,
3415 5203 3471 5254 et
3497 5198 3598 5254 bo-

1966 5311 2174 5349 norum
2220 5293 2424 5365 quibus
2469 5293 2736 5365 praeditus
2785 5311 2864 5360 es,
2914 5309 3029 5347 non
3075 5293 3310 5348 acerbus
3353 5296 3598 5348 exactor.

1966 5388 2183 5450 Nullius
2207 5386 2652 5459 imprudentiam
2677 5386 2972 5459 despicias.
2998 5387 3130 5442 Rari
3156 5386 3431 5442 sermonis
3459 5387 3598 5459 ipse,

1967 5482 2066 5536 sed
2104 5481 2462 5554 loquentium
2506 5481 2745 5553 patiens.
2789 5481 3046 5550 Severus,
3086 5497 3202 5536 non
3243 5497 3457 5550 saevus;
3505 5479 3602 5536 sed

1965 5575 2205 5630 hilarem
2223 5591 2339 5630 non
2358 5591 2684 5646 aspernens.
2707 5574 3005 5646 Sapientiae
3027 5575 3268 5648 cupidus
3288 5580 3346 5631 et
3361 5573 3558 5630 docilis
3582 5589 3596 5625 :

1967 5686 2096 5742 quae
2126 5669 2292 5737 nosti,
2314 5669 2433 5724 sine
2453 5668 2770 5740 arrogantia
2797 5667 3410 5740 postulantiimparties
3427 5684 3444 5734 ;
3473 5681 3600 5736 quae

1967 5763 2166 5830 nescis,
2197 5763 2318 5818 sine
2347 5763 2717 5818 occultatione
2751 5762 3085 5832 ignorantiae
3113 5762 3210 5817 tibi
3242 5759 3460 5832 postula
3487 5760 3596 5814 im-

1968 5858 2187 5928 pertiri.
2218 5858 2338 5912 Non
2358 5855 2714 5913 conturbabit
2739 5856 2960 5926 sapiens
2988 5872 3173 5910 mores
3199 5851 3471 5924 publicos,
3496 5871 3598 5908 nec
