4042 6184
419 325 487 382 27
1072 329 1125 384 S.
1165 329 1443 388 MARTINI
1482 325 1837 384 DUMlENSlS
1873 324 2102 382 OPUSC.
2143 323 2184 379 Ι.
2227 325 2542 380 FORMULA
2583 325 2907 382 HONESTIE
2947 325 3133 382 νιτίε.
3703 327 3776 382 28

410 434 688 508 populum
713 433 776 492 in
801 449 860 492 se
883 433 1014 493 vitae
1048 436 1292 492 novitate
1326 437 1632 491 convertet.
1657 433 1894 490 Justitiae
1920 437 2048 506 post
2067 444 2127 518 Α
2147 447 2283 503 ergo
2303 433 2548 488 maculas
2572 433 2874 505 prudentia
2903 432 3310 490 immensumta
3332 430 3622 505 perducet.
3645 431 3777 498 Qui-

412 530 534 588 hmc
555 530 734 587 virtus
760 535 863 590 est.

1019 643 1286 699 CAPUT
1336 643 1437 701 IV.

1061 757 1134 811 De
1150 755 1392 824 justitia.

479 887 624 954 Quid
651 888 734 943 est
759 885 1001 958 justitia,
1034 885 1148 942 nisi
1185 888 1404 941 naturae
1432 884 1602 941 tacita
1637 886 1952 956 conventio,
1981 886 2045 942 in

408 981 754 1053 adjutorium
790 980 1106 1035 multorum
1139 979 1408 1035 inventa?
1447 980 1671 1036 Justitia
1702 998 1818 1036 non
1850 985 2044 1036 nostra

408 1074 752 1141 constitutio,
786 1073 884 1129 sed
928 1073 1117 1129 divina
1151 1075 1242 1128 lex
1282 1079 1382 1142 est,
1421 1074 1715 1130 vinculum
1761 1075 2044 1130 societatis

407 1169 694 1224 humanm.
721 1169 779 1222 In
797 1167 902 1222 hac
919 1184 1036 1222 non
1056 1168 1304 1240 estquod
1331 1169 1678 1223 aestimemus
1699 1170 1838 1240 quid
1867 1185 2039 1240 expe-

408 1262 524 1317 diat
551 1280 565 1317 :
596 1261 826 1334 expedit
851 1261 976 1330 tibi,
1006 1261 1285 1333 quidquid
1314 1262 1410 1317 illa
1436 1245 1747 1317 dictaverit.
1776 1263 2042 1334 Quisquis

406 1372 542 1427 ergo
586 1355 732 1410 hanc
773 1355 973 1410 sectari
1019 1355 1322 1423 desideras,
1373 1357 1552 1410 Deum
1601 1355 1739 1411 time
1787 1357 1946 1427 prius
1986 1361 2044 1411 et

407 1465 554 1519 ama,
584 1453 647 1504 ut
688 1449 896 1504 ameris
934 1465 967 1502 a
1005 1449 1136 1502 Deo.
1161 1449 1433 1504 Amabilis
1473 1449 1583 1504 eris
1613 1451 1745 1517 Deo,
1775 1450 1822 1504 si
1848 1450 1908 1504 in
1935 1451 2042 1505 hoc

403 1543 568 1598 illum
594 1542 924 1612 imitaberis,
954 1546 1018 1596 ut
1051 1542 1188 1596 velis
1216 1543 1480 1598 omnibus
1504 1543 1791 1615 prodesse,
1819 1548 1876 1599 et
1901 1543 2042 1599 nulli

403 1652 625 1690 nocere.
647 1637 714 1690 Et
738 1639 872 1690 tunc
902 1639 955 1690 te
975 1636 1197 1706 justum
1216 1637 1402 1690 virum
1430 1637 1796 1708 appellabunt
1821 1654 2038 1708 omnes,

405 1733 733 1802 sequentur,
755 1729 1178 1784 venerabuntur
1205 1734 1260 1784 et
1287 1730 1550 1800 diligent.
1579 1731 1768 1785 Justus
1798 1731 1952 1786 enim
1980 1735 2044 1786 ut

2145 543 2368 599 cunque
2392 527 2452 581 in
2480 527 2574 582 illa
2599 529 2871 584 mediocri
2897 528 3054 583 lance
3082 528 3349 600 persistit,
3377 543 3482 584 nec
3510 527 3776 583 obtusum

2143 621 2205 678 in
2230 637 2288 677 se
2317 621 2531 696 aliquid
2560 622 2780 691 habeat,
2811 639 2915 677 nec
2941 627 3251 678 versutum.

2781 775 2998 831 CAPUT
3046 777 3130 830 VI.

2560 881 2633 936 De
2661 878 2994 933 moderanda
3017 879 3360 946 fortitudine.

2209 1004 2641 1076 Magnanimitas
2689 1009 2881 1060 autem
2929 1004 2975 1057 si
3025 1019 3083 1059 se
3127 1008 3287 1058 extra
3327 1004 3562 1060 modum
3603 1020 3773 1060 suum

2139 1099 2384 1168 extollat,
2414 1099 2581 1154 faciet
2605 1099 2794 1154 virum
2823 1094 3125 1164 minacem,
3148 1097 3430 1166 inﬂatum,
3453 1099 3770 1168 turbidum,

2136 1191 2492 1264 inquietum:
2523 1194 2677 1248 et.in
2713 1174 3086 1264 quascunque.
3108 1193 3464 1248 extollentias
3492 1192 3774 1247 dictorum

2137 1290 2538 1358 actorumque,
2592 1286 2852 1356 neglecta
2923 1286 3247 1353 honestate,
3309 1285 3611 1354 festiuum;
3672 1285 3775 1357 qui

2139 1381 2445 1435 momentis
2462 1380 2724 1435 omnibus
2745 1380 3047 1451 supercilia
3064 1379 3382 1450 subrigens,
3401 1385 3459 1434 et
3476 1379 3773 1434 bestiarius

2139 1473 2312 1528 etiam
2347 1474 2539 1546 quieta
2576 1474 2800 1543 excitat,
2837 1473 3014 1528 alium
3051 1472 3200 1542 ferit,
3229 1473 3405 1527 alium
3447 1473 3628 1544 fugat.
3666 1471 3774 1528 Sed

2138 1567 2394 1639 quamvis
2433 1567 2614 1622 audax
2651 1568 2722 1622 sit
2761 1567 3147 1639 impugnator,
3181 1571 3372 1621 tamen
3408 1566 3589 1620 multa
3614 1571 3774 1621 extra

2139 1677 2196 1716 se
2215 1661 2456 1716 valentia
2483 1661 2631 1716 ferre
2657 1677 2771 1716 non
2799 1661 3029 1732 poterit.
3053 1660 3160 1716 Sed
3185 1664 3284 1715 aut
3308 1661 3582 1715 miserum
3606 1675 3776 1731 appe-

2138 1754 2206 1810 tit
2227 1756 2417 1823 linem,
2436 1759 2534 1809 aut
2549 1771 2927 1809 aerumnosam
2947 1755 3035 1810 sui
3054 1754 3389 1809 memoriam
3405 1753 3770 1826 derelinquit.

403 1823 499 1892 sis,
527 1839 642 1877 non
668 1822 855 1877 solum
879 1839 993 1877 non
1017 1823 1264 1894 nocebis,
1293 1823 1390 1878 sed
1417 1824 1588 1878 etiam
1611 1829 1876 1880 nocentes
1901 1841 2033 1896 pro-
2056 1821 2112 1893 B
2135 1821 2556 1920 Mensum'emo
2584 1848 3065 1920 magnanimitatis
3096 1852 3200 1918 est,
3233 1863 3338 1904 nec
3363 1821 3773 1904 thumum—esse

402 1915 621 1971 hibebis
652 1935 666 1972 :
694 1933 826 1972 nam
855 1917 936 1971 nil
957 1933 1179 1984 nocere,
1211 1933 1326 1971 non
1353 1921 1438 1971 est
1459 1917 1697 1988 justitia,
1731 1917 1828 1973 sed
1859 1918 2032 1973 absti-

400 2011 596 2064 nentia
621 2010 789 2064 alieni
817 2015 919 2066 est.
942 2011 1023 2065 Ab
1054 2011 1141 2065 his
1173 2027 1310 2081 ergo
1337 2011 1544 2082 incipe,
1567 2015 1632 2066 ut
1656 2027 1772 2065 non
1791 2011 2032 2082 auferas,

399 2107 465 2158 ut
489 2103 560 2158 ad
587 2103 801 2174 majora
827 2104 1172 2175 proveharis,
1196 2109 1251 2159 et
1270 2105 1396 2159 aliis
1422 2105 1609 2160 ablata
1627 2105 1910 2160 restituas.
1934 2107 2036 2160 Ra-

401 2201 590 2268 ptores
627 2214 855 2269 quoque
890 2198 1038 2269 ipsos
1067 2215 1140 2252 ne
1166 2198 1290 2252 aliis
1315 2198 1554 2253 timendi
1579 2199 1712 2268 sint,
1743 2199 1954 2270 castiga
1982 2203 2038 2253 et

400 2290 618 2346 cohibe.
659 2292 738 2345 Ex
776 2291 933 2345 nulla
981 2291 1128 2346 vocis
1171 2291 1544 2364 ambiguitate
1591 2293 2038 2347 controversiam

398 2388 609 2450 nectes,
633 2384 934 2439 sed’animi
953 2386 1283 2456 qualitatem
1311 2386 1624 2458 speculare.
1646 2385 1796 2441 Nihil
1817 2386 1920 2440 tibi
1944 2385 2034 2440 iu-

401 2478 580 2546 tersit,
613 2494 687 2532 au
714 2477 924 2547 ﬁrmes,
947 2495 1020 2533 an
1039 2479 1255 2550 jures‘.
1279 2481 1355 2534 De
1378 2479 1488 2534 ﬁde
1516 2483 1571 2535 et
1599 2479 1873 2550 religione
1898 2480 2038 2534 scias

403 2571 518 2642 agi,
540 2571 749 2625 ubicun
771 2588 865 2642 [ue
894 2572 961 2626 de
989 2573 1220 2627 veritate
1251 2578 1521 2628 tractatur
1551 2591 1564 2629 :
1596 2591 1730 2628 nam
1756 2574 1802 2628 si
1823 2573 2040 2644 jureju-

401 2665 578 2719 rando
621 2665 766 2719 Deus
808 2665 1120 2733 invocetur,
1165 2671 1221 2721 et
1255 2684 1370 2722 non
1405 2667 1693 2722 invocanti
1732 2667 1888 2722 testis
1932 2671 2033 2734 est,

405 2761 597 2813 tamen
631 2775 746 2813 nou
793 2759 1029 2813 transies
1069 2761 1383 2828 veritatem,
1415 2778 1486 2815 ne
1528 2761 1764 2831 justitiae
1792 2765 2040 2815 transeas

401 2851 606 2924 legem.
635 2852 798 2917 Quod
838 2853 886 2906 si
918 2853 1223 2925 aliquando
1263 2855 1562 2910 coarcteris
1602 2854 1685 2910 uti
1721 2854 2034 2920 mendacio,

402 2949 564 2999 utere
608 2962 724 3000 non
766 2946 838 3000 ad
885 2946 1033 3012 falsi,
1085 2947 1181 3000 sed
1232 2947 1305 3000 ad
1344 2947 1464 3001 veri
1509 2948 1822 3002 custodiam
1851 2947 1925 3016 1’;
1985 2951 2041 3000 et

402 3036 449 3090 si
477 3038 776 3109 contigerit
802 3038 1133 3093 ﬁdelitatem
1157 3039 1450 3094 mendacio
1480 3041 1704 3108 redimi,
1732 3057 1847 3094 non
1873 3056 2036 3095 men-

402 3130 580 3200 tieris,
641 3131 739 3186 sed
787 3131 974 3202 potius
1025 3132 1379 3187 excusaberis
1423 3149 1436 3188 :
1475 3133 1609 3205 quia
1660 3133 1759 3188 ubi
1807 3134 2041 3189 honesta

403 3239 569 3278 causa
601 3228 703 3292 est,
735 3225 924 3295 justus
960 3229 1174 3280 secreta
1215 3242 1332 3281 non
1364 3227 1572 3298 prodit,
1609 3227 1842 3282 tacenda
1883 3227 2038 3282 enim

403 3321 566 3386 tacet,
593 3319 875 3390 loquenda
903 3319 1155 3392 loquitur
1177 3335 1189 3374 :
1211 3325 1380 3392 atque
1407 3321 1488 3375 illi
1517 3325 1729 3392 aperta,
1761 3325 1816 3376 et
1843 3338 2037 3376 secura

401 3411 797 3483 tranquillitas,
829 3418 894 3468 ut
925 3413 1065 3468 dum
1101 3413 1196 3467 alii
1222 3413 1518 3470 vincantur
1543 3432 1577 3469 a
1603 3415 1784 3482 malis,
1814 3415 2039 3470 vincan-

402 3506 499 3558 tur
513 3505 584 3559 ab
612 3505 712 3560 illo
731 3506 899 3562 mala.
921 3507 1047 3563 Haec
1070 3524 1206 3579 ergo
1225 3508 1271 3562 si
1297 3508 1524 3564 studere
1550 3508 1849 3577 curaveris,
1876 3509 2037 3564 laetus

401 3601 456 3652 et
475 3597 794 3670 intrepidus
816 3617 1013 3656 cursus
1033 3601 1119 3656 tui
1139 3602 1312 3657 tinem
1335 3602 1704 3674 exspectabis,
1730 3603 2038 3676 prospicies

402 3691 524 3747 haec
548 3693 732 3747 tristia
757 3694 930 3764 hujus
959 3695 1158 3750 mundi
1185 3696 1402 3765 hilaris,
1421 3697 1769 3752 tumultuosa
1793 3697 2033 3770 quietus,

404 3789 659 3842 extrema
688 3803 939 3843 securus.

1063 3901 1281 3956 CAPUT
1319 3903 1382 3958 V.

636 4015 710 4068 De
733 4027 983 4068 mensura
1012 4017 1064 4068 et
1095 4013 1456 4069 moderatione
1476 4014 1802 4084 prudentia.

472 4142 568 4197 His
594 4156 731 4214 ergo
759 4141 1212 4198 institutionibus
1237 4143 1562 4214 observatis,
1585 4148 1828 4217 quatuor
1857 4143 2034 4200 virtu-

399 4239 521 4292 tum
544 4237 756 4309 species
778 4236 1093 4308 perfectum
1113 4242 1166 4292 te
1187 4237 1395 4292 facient
1412 4238 1620 4306 virum,
1644 4239 1691 4292 si
1711 4255 2036 4294 mensuram

401 4331 754 4386 rectitudinis
797 4347 994 4386 earum
1041 4348 1224 4404 inquo,
1272 4331 1494 4387 vivendi
1543 4331 1658 4388 line
1707 4334 2032 4389 servaveris.

402 4425 541 4478 Nam
575 4425 622 4479 si
664 4425 966 4497 prudentia
999 4425 1272 4506 terminos
1308 4442 1437 4480 suos
1476 4427 1726 4494 excedat,
1757 4427 1956 4482 callida
1981 4432 2038 4482 et

399 4517 602 4587 pavida
639 4519 1014 4588 commiseris,
1041 4520 1410 4592 investigator
1436 4519 1756 4589 latentium,
1786 4525 1843 4576 et
1876 4538 2033 4576 scru-

400 4614 548 4664 tator
577 4612 1058 4684 qualiumcunque
1083 4631 1364 4669 noxarum
1392 4615 1724 4686 ostenderis,
1753 4615 2038 4671 notabcris

401 4701 654 4773 timidus,
677 4705 962 4776 speciosus
995 4706 1170 4776 Vorte,
1204 4709 1590 4782 suspiciosus],
1621 4714 1868 4764 attentus
1888 4725 2035 4764 sem-

401 4813 506 4868 per
530 4795 744 4879 aliquid
771 4815 1050 4870 quaerens,
1076 4817 1301 4872 semper
1325 4802 1539 4873 aliquid
1565 4802 1792 4870 timens,
1816 4819 2040 4875 semper

402 4890 620 4962 aliquid
646 4891 928 4958 dubitans,
953 4897 1009 4947 et
1035 4893 1428 4948 subtilissimas
1454 4894 1801 4967 suspiciones
1823 4913 1948 4951 suas
1969 4897 2038 4951 ad

401 4987 581 5041 animi
617 4986 702 5041 tui
746 4986 1262 5058 apprehensionem
1301 4987 1606 5060 impingas.
1649 4989 2039 5046 Monstraberis

402 5081 582 5151 digito
601 5081 806 5136 astutia
834 5081 1034 5152 plenus
1065 5081 1415 5152 ,“ersipellis,
1449 5098 1480 5136 e
1508 5083 1906 5154 simplicitatis
1935 5084 2042 5138 ini-

403 5174 603 5243 micus,
632 5175 1152 5247 contemplatorqae
1181 5176 1477 5247 culparum
1523 5181 1578 5231 et
1605 5182 1894 5249 postremo
1923 5195 2037 5232 uno

403 5267 633 5322 nomine
686 5269 968 5324 vocaberis
1014 5286 1047 5324 a
1086 5269 1322 5338 cunctis,
1367 5270 1549 5324 malus
1596 5270 1788 5326 homo.
1832 5271 1899 5326 1n
1937 5271 2038 5326 has

474 5429 500 5460 ι
527 5422 696 5476 Caute
732 5421 858 5498 lege
887 5439 900 5478 :
933 5440 1070 5498 nam
1105 5423 1351 5478 multum
1381 5423 1615 5498 interest
1640 5424 1788 5479 inter
1815 5425 2033 5498 simpli-

403 5509 527 5548 cem
563 5494 934 5569 assertionem
963 5499 1020 5569 et
1049 5495 1469 5569 jurameutumi
1496 5496 1560 5550 Et
1597 5496 1870 5569 hocsane
1897 5494 2039 5569 opus

405 5569 491 5618 est
522 5564 806 5636 religionis
833 5581 847 5620 :
870 5566 1018 5638 illud
1049 5564 1181 5620 non.
1214 5567 1419 5621 Forsan
1457 5567 1815 5638 hyperbolice
1845 5564 2035 5623 ita'lo-

405 5641 568 5718 cutus
602 5641 705 5703 est,
737 5636 888 5718 quod
915 5637 1002 5718 vir
1030 5638 1240 5718 probus
1275 5636 1778 5718 atque__pe1‘fcctus.
1809 5641 1904 5718 Est
1931 5646 2032 5707 est,

405 5709 526 5762 Non
553 5723 689 5776 non,
717 5707 830 5763 nisi
865 5707 1047 5778 major
1071 5707 1216 5762 adsit
1242 5707 1560 5775 necessitas,
1597 5715 1893 5766 contentus
1917 5727 2037 5767 esse

407 5779 592 5852 debet,
621 5784 684 5834 ut
708 5780 966 5852 Christus
990 5784 1188 5835 monet
1215 5779 1274 5835 in
1303 5780 1627 5852 Evangelio.

476 5849 503 5890 ι)
551 5851 720 5923 Caute
763 5851 874 5928 ista
903 5851 1029 5924 lege
1059 5867 1073 5908 :
1105 5867 1239 5908 nam
1275 5849 1494 5910 certum
1529 5857 1631 5921 est,
1676 5852 2038 5910 mendacium

2057 4565 2115 4637 D

2134 1942 2447 2011 hominem,
2473 1959 2576 1997 nec
2603 1942 2896 1998 audacem.

2765 2101 2982 2156 CAPUT
3019 2102 3133 2154 νη.

2616 2215 2691 2267 De
2719 2211 2873 2267 modo
2901 2212 3286 2282 temperantia.

2203 2340 2562 2396 Continentia
2601 2341 2804 2396 deinde
2841 2340 2932 2395 his
2974 2340 3234 2394 terminis
3279 2339 3558 2412 astringat
3589 2357 3604 2397 :
3642 2357 3773 2396 cave

2135 2449 2208 2489 ne
2234 2451 2436 2506 parcus
2464 2436 2558 2505 sis,
2587 2451 2659 2490 ne
2686 2435 2934 2506 speciose
2963 2439 3020 2489 et
3047 2433 3246 2489 timide
3272 2451 3510 2489 manum
3546 2439 3770 2490 contra-

2136 2528 2258 2583 has.
2290 2529 2368 2583 Ne
2406 2529 2466 2583 in
2505 2529 2754 2591 minimis
2794 2545 3018 2601 quoque
3054 2528 3347 2600 speculum
3388 2544 3586 2600 ponas.
3631 2529 3773 2584 Nam

2136 2622 2264 2676 talis
2284 2627 2340 2676 et
2359 2627 2475 2677 tam
2499 2623 2830 2691 circumcisa
2851 2623 2975 2676 vilis
3002 2622 3296 2693 putabitur
3322 2623 3638 2693 integritas.
3663 2623 3772 2678 Hac

2138 2731 2275 2786 ergo
2301 2715 2700 2772 mediocritatis
2725 2717 2875 2771 linea
2904 2716 3312 2771 continentiam
3339 2716 3677 2784 observabis,
3709 2721 3775 2770 ut

2138 2825 2241 2864 nec
2269 2809 2540 2881 voluptati
2583 2809 2820 2878 deditus,
2853 2809 3124 2880 prodigus
3163 2813 3218 2863 et
3250 2809 3570 2863 luxuriosus
3603 2824 3772 2879 appa-

2138 2919 2262 2956 reas
2311 2918 2413 2956 nec
2469 2919 2634 2975 avara
2693 2902 2994 2958 tenacitate
3047 2902 3304 2958 sordidus
3359 2907 3458 2957 aut
3503 2901 3772 2956 obscurus

2139 2995 2391 3051 exsistas.
2907 3027 2914 3044 ι

2762 3090 2981 3145 CAPUT
3019 3091 3150 3146 VIII.

2463 3202 2706 3269 Qualiter
2741 3203 2812 3256 sit
2853 3203 3183 3258 moderanda
3211 3201 3453 3272 justitia.

2205 3332 2426 3387 Justitia
2460 3335 2743 3403 postremo
2783 3347 2848 3385 eo
2884 3332 3290 3388 mediocritatis
3326 3333 3430 3388 tibi
3459 3333 3664 3388 itinere
3691 3350 3776 3388 re—

2140 3426 2323 3498 genda
2341 3431 2442 3492 est,
2465 3429 2530 3480 ut
2554 3441 2656 3479 nec
2682 3425 2854 3479 ductu
2865 3425 3085 3496 jugiter
3111 3425 3221 3498 [AL
3245 3425 3504 3501 turpiter]
3531 3427 3638 3483 levi
3662 3427 3774 3482 im-

2139 3525 2351 3574 motam
2388 3535 2612 3589 semper
2656 3517 2834 3573 animi
2878 3519 3157 3574 rationem
3200 3521 3550 3592 negligentia
3593 3519 3780 3576 subse-

2138 3618 2364 3685 quatur.
2395 3614 2540 3668 Dum
2569 3628 2753 3683 neque
2793 3613 2862 3666 de
2903 3613 3146 3684 magnis,
3187 3630 3374 3685 neque
3413 3614 3483 3670 de
3526 3613 3778 3668 minimis

2138 3707 2452 3762 errantium
2477 3705 2626 3760 vitiis
2665 3705 2986 3776 corrigendi
3021 3723 3215 3760 curam
3259 3707 3428 3777 geris,
3457 3707 3553 3762 sed
3585 3723 3776 3779 neque

2139 3801 2424 3856 licentiam
2450 3800 2738 3871 peccandi,
2766 3805 2865 3854 aut
2889 3800 3256 3854 illudentibus
3281 3801 3383 3856 tibi
3422 3801 3644 3868 blande,
3677 3806 3778 3857 aut

2137 3895 2500 3949 illudentibus
2529 3899 2785 3964 proterve
2811 3893 3114 3962 permittis,
3154 3910 3339 3966 neque
3374 3911 3569 3950 rursus
3597 3895 3777 3950 nimia

2137 3987 2424 4058 rigiditate
2453 3991 2509 4042 et
2533 3985 2849 4056 asperitate,
2877 3986 2959 4039 nil
2990 3986 3168 4042 veniae
3193 3992 3292 4042 aut
3313 3987 3653 4059 benignitati
3683 4006 3774 4044 re-

2137 4098 2383 4152 servans,
2415 4081 2680 4135 humanae
2707 4079 2959 4135 societati
2984 4080 3160 4136 durus
3197 4097 3488 4154 appareas.
3524 4083 3603 4137 lta
3637 4099 3778 4156 ergo

2129 4175 2364 4248 justitim
2394 4174 2589 4246 regula
2617 4174 2862 4228 tenenda
2885 4177 2986 4243 est,
3015 4178 3079 4230 ut
3111 4175 3425 4230 reverentia
3461 4175 3776 4248 disciplinae

2139 4271 2258 4342 ejus
2288 4285 2476 4342 neque
2499 4267 2679 4323 nimia
2705 4267 3072 4339 negligentim
3092 4269 3496 4324 communitate
3515 4269 3775 4342 despecta

2137 4365 2384 4433 vilescat,
2411 4379 2597 4434 neque
2621 4361 2885 4418 severiori
2918 4362 3206 4418 atrocitate
3235 4363 3506 4418 diuturna
3531 4363 3775 4436 gratiam

2136 4460 2400 4516 humana:
2425 4457 2790 4513 amabilitatis
2815 4456 3059 4512 amittat.

2591 4593 2871 4648 Conclusio
2891 4593 3316 4662 pra’missorum.

2209 4708 2265 4764 Si
2293 4707 2418 4780 quis
2440 4722 2576 4778 ergo
2595 4705 2766 4760 vitam
2789 4721 2949 4759 suam
2977 4704 3046 4759 ad
3077 4703 3383 4759 utilitatem
3412 4721 3528 4760 non
3553 4710 3777 4763 tantum

2137 4801 2337 4874 pariat,
2361 4800 2458 4856 sed
2483 4801 2794 4854 multorum
2821 4797 3240 4870 inculpabiliter
3264 4815 3602 4870 componere
3623 4800 3774 4856 desi-

2139 4896 2316 4964 derat,
2332 4895 2477 4950 hanc
2494 4894 2894 4966 praedictarum
2904 4891 3180 4947 virtutum
3199 4891 3507 4947 formulam
3523 4911 3627 4965 pro
3643 4911 3778 4967 qua-

2139 4989 2390 5046 litatibus
2409 4994 2751 5062 temporum,
2770 4988 3046 5053 locorum,
3069 5002 3438 5057 personarum
3460 4991 3629 5060 atque
3650 5005 3778 5043 cau-

2141 5101 2329 5140 sarum
2357 5088 2663 5155 sequatur:
2698 5099 2763 5136 eo
2791 5079 3194 5135 mediocritatis
3219 5079 3505 5150 insistens,
3533 5097 3644 5152 quo
3675 5098 3779 5152 per

2138 5179 2378 5251 abrupta
2402 5177 2732 5232 altrinsecus
2757 5173 3085 5247 praecipitia,
3109 5178 3208 5228 aut
3232 5178 3495 5229 ruentem
3523 5175 3776 5246 corporis

2140 5272 2346 5328 devitet
2371 5270 2668 5338 insaniam,
2690 5273 2788 5324 aut
2817 5267 3153 5324 efﬁcientem
3178 5268 3382 5340 puniat
3412 5268 3700 5341 ignaviam
3733 5283 3775 5325 ο.

2140 5426 2502 5500 quantumvis
2537 5424 2874 5490 oﬂiciosum,
2906 5439 3201 5500 nunquam
3228 5438 3354 5500 esse
3378 5422 3617 5500 li_c_itum.
3640 5423 3779 5500 Vide

2222 5499 2492 5553 Thomam
2534 5502 2586 5552 2.
2615 5500 2668 5551 2.
2700 5501 2899 5563 quaest.
2935 5494 3064 5561 11οξ
3084 5498 3192 5550 art.
3224 5496 3276 5563 3,
3306 5498 3364 5549 et
3405 5494 3627 5550 Sixtum
3677 5495 3775 5550 Se-

2138 5585 2374 5626 nensem
2407 5569 2505 5624 lib.
2536 5585 2589 5638 v,
2615 5567 2755 5622 Bibl.
2787 5573 2980 5622 aunot.
3009 5569 3127 5621 l07.

2207 5653 2229 5680 ο
2271 5640 2328 5694 In
2355 5656 2460 5693 ms.
2489 5636 2689 5694 Codice
2717 5639 2804 5694 his
2833 5638 3013 5693 verbis
3037 5636 3240 5692 desinit
3267 5637 3372 5692 hoc
3399 5636 3732 5708 opusculum
3759 5652 3773 5690 :

2138 5713 2254 5766 Aut
2279 5712 2608 5781 deﬁcientem
2635 5715 2938 5766 contemnat
2961 5709 3248 5774 invidiam,
3276 5714 3342 5766 ut
3368 5706 3624 5765 observat
3647 5706 3774 5762 lau-

2139 5783 2302 5840 datus
2327 5781 2511 5840 editor
2536 5781 2941 5838 Bucherianus.
