4042 6184
339 353 2539 376 m

1541 522 1721 626 ορ
1735 520 2146 627 USCUL
2163 458 2613 629 ΠΜὲῖἲίςδ
2645 467 2738 584 ῖῖ”
2878 465 2901 564 ἶ

951 713 1830 834 LIBELLUS
1927 713 1968 832 1

2070 712 2170 832 Ε
2277 713 3128 838 MOBIBUS.

417 923 472 978 ῐ.
505 923 688 1010 Omne
725 929 1020 997 peccatum
1059 928 1202 983 actio
1245 931 1350 984 est.
1376 928 1534 984 Actio
1569 931 1760 983 autem
1798 927 1983 982 omnis
2005 925 2153 1010 Alis
2196 926 2509 999 displicere,
2543 935 2628 985 est
2655 928 2894 984 laudari.
2922 931 3061 986 Male
3087 930 3155 986 de
3188 935 3243 986 te
3267 931 3584 1004 loquuntur
3605 933 3714 990 ho-

320 1007 674 1072 voluntaria'
693 1023 776 1076 est
801 1025 916 1075 tam
942 1019 1177 1076 honesta
1196 1038 1368 1094 quam
1396 1021 1608 1094 turpis;
1633 1037 1770 1093 ergo
1791 1023 1985 1076 volun-

320 1111 560 1166 tarium
617 1117 698 1167 est
738 1129 906 1168 omne
953 1119 1266 1186 peccatum.
1317 1117 1465 1171 Tolle
1523 1115 1980 1186 excusationem;

321 1218 520 1259 nemo
556 1211 746 1277 peccat
786 1207 1015 1264 invitus.
1058 1209 1326 1264 Educatio
1370 1215 1426 1265 et
1465 1209 1758 1282 disciplina
1796 1226 1982 1264 mores

321 1298 590 1368 faciunt;
614 1304 669 1355 et
688 1301 746 1356 id
776 1303 1163 1376 unusquisque
1185 1304 1349 1375 sapit,
1373 1305 1526 1376 quod
1545 1304 1761 1359 didicit.
1791 1305 1980 1376 Itaque

319 1392 498 1450 bona
518 1396 858 1452 consuetudo
879 1402 1142 1452 excutere
1162 1398 1330 1454 debet
1348 1399 1496 1470 quod
1517 1399 1667 1454 mala
1689 1397 1976 1456 instruxit.

322 1491 496 1547 nihil
517 1491 748 1546 interest
777 1509 890 1564 quo
914 1493 1107 1548 animo
1133 1492 1304 1548 facias
1324 1491 1475 1564 quod
1495 1491 1688 1547 fecisse
1713 1492 1978 1548 vitiosum

322 1590 454 1652 est,
480 1585 614 1656 quia
641 1585 784 1641 facta
818 1591 1150 1654 cernuntur,
1180 1587 1404 1641 animus
1430 1603 1560 1642 vero
1585 1602 1704 1643 non
1733 1587 1974 1643 videtur.

321 1678 511 1734 Nulla
535 1683 722 1734 autem
748 1681 870 1734 laus
887 1685 972 1736 est
989 1697 1105 1736 non
1123 1681 1304 1736 facere
1329 1682 1483 1753 quod
1507 1683 1690 1736 facere
1711 1697 1826 1736 non
1853 1697 1978 1753 pos-

322 1774 441 1829 sis.
473 1773 617 1838 Quid
642 1775 863 1830 homini
890 1777 972 1830 est
1009 1775 1500 1832 inimicissimum?
1541 1777 1742 1832 Homo.
1771 1776 1974 1830 Liben-

325 1873 435 1922 ter
459 1868 608 1923 feras
643 1869 794 1941 quod
831 1885 1056 1924 necesse
1090 1874 1198 1940 est;
1233 1870 1394 1924 dolor
1416 1869 1686 1942 patientia
1710 1869 1973 1926 vincitur.

325 1963 615 2034 Exspecta
645 1980 759 2034 quo
791 1979 1086 2035 nunquam
1111 1964 1407 2035 pmniteas.
1437 1965 1558 2019 Non
1584 1981 1756 2036 quam
1784 1963 1976 2020 multis

326 2055 580 2127 placeas,
607 2057 704 2112 sed
731 2056 989 2128 qualibus
1017 2058 1197 2113 stude.
1220 2060 1280 2112 In
1298 2059 1408 2113 hoc
1437 2061 1658 2113 tantum
1688 2057 1972 2125 incumbe,

327 2154 406 2204 ut
430 2149 694 2206 libentius
722 2150 916 2206 audias
945 2169 1116 2223 quam
1141 2151 1412 2222 loquaris.
1446 2152 1640 2206 Multos
1661 2153 1833 2207 vitam
1865 2153 1973 2207 dif-

325 2243 584 2300 ferentes
619 2261 773 2299 mors
803 2245 1002 2316 juncta
1044 2245 1336 2317 praevenit.
1379 2249 1568 2317 Itaque
1621 2247 1807 2300 omnis
1855 2246 1976 2301 dies

2082 1021 2283 1090 mines,
2307 1022 2450 1077 bene
2473 1027 2664 1078 autem
2682 1024 2843 1095 loqui
2868 1025 3158 1094 nesciunt;
3184 1041 3299 1080 non
3324 1025 3478 1096 quod
3503 1043 3718 1083 merea-

2081 1115 2180 1182 ris,
2199 1116 2296 1170 sed
2321 1116 2473 1187 quod
2498 1117 2678 1173 solent
2705 1117 2834 1190 ipsi.
2858 1119 3124 1174 Homines
3149 1119 3216 1174 de
3237 1124 3292 1174 te
3311 1119 3457 1174 mala
3477 1119 3718 1191 loquun-

2080 1210 2214 1264 tur?
2242 1209 2298 1264 Si
2337 1211 2560 1278 merito,
2592 1228 2708 1266 non
2746 1211 2898 1284 quod
2926 1212 3242 1284 loquuntur
3275 1213 3580 1269 molestum
3608 1218 3713 1282 est,

2080 1303 2178 1357 sed
2207 1303 2361 1375 quod
2393 1321 2509 1360 non
2543 1305 2918 1362 mentiuntur.
2948 1306 3004 1362 Si
3035 1306 3357 1361 immerito?
3395 1306 3716 1362 Innocentis.

2080 1411 2208 1450 mea
2241 1413 2394 1452 nunc
2433 1399 2678 1453 maxime
2704 1399 2922 1470 gaudeo
2945 1417 2962 1469 ;
2991 1403 3226 1472 apparet
3255 1398 3407 1454 enim
3435 1399 3558 1453 illos
3583 1415 3715 1456 vera

2080 1488 2398 1561 objecturos
2433 1492 2480 1547 si
2509 1497 2756 1565 possent.
2788 1494 2908 1548 Non
2949 1509 3006 1549 es
3038 1494 3096 1548 in
3135 1495 3322 1565 patria
3359 1495 3492 1549 tua?
3531 1493 3716 1548 Patria

2077 1592 2175 1642 tua
2213 1591 2316 1655 est,
2354 1587 2678 1658 ubicunque
2720 1587 2864 1642 bene
2904 1604 2996 1657 es;
3045 1587 3189 1643 illud
3229 1589 3384 1643 enim
3422 1604 3524 1660 per
3561 1587 3715 1659 quod

2076 1680 2221 1735 bene
2255 1686 2356 1748 est,
2389 1697 2504 1736 non
2532 1686 2616 1736 est
2643 1682 2703 1736 in
2729 1681 2873 1750 loco,
2909 1682 3007 1736 sed
3043 1681 3102 1736 in
3131 1681 3380 1737 homine.
3409 1680 3562 1737 Nihil
3589 1697 3713 1736 ma-

2079 1791 2278 1844 gnum,
2307 1773 2416 1829 nisi
2441 1791 2651 1846 magno
2679 1775 2870 1830 animo
2898 1775 3191 1846 despicias.
3220 1776 3354 1840 Quae
3381 1779 3514 1830 sunt
3539 1775 3717 1830 maxi-

2077 1884 2185 1922 me:
2221 1868 2468 1924 divitiae?
2497 1870 2618 1923 Non
2639 1867 2954 1924 desiderare
2979 1868 3222 1923 divitias.
3244 1869 3377 1934 Quis
3400 1869 3714 1940 plurimum

2077 1961 2281 2016 habet?
2316 1963 2365 2016 Is
2393 1963 2494 2034 qui
2517 1962 2824 2016 minimum
2849 1962 3023 2034 cupit.
3055 1961 3200 2028 Quid
3225 1966 3312 2017 est
3337 1963 3469 2018 dare
3495 1962 3711 2017 beneﬁ-

2077 2055 2270 2110 cium?
2314 2056 2492 2110 Deum
2527 2055 2758 2111 imitari.
2793 2056 3090 2112 Honestius
3115 2061 3199 2112 est
3225 2073 3354 2111 cum
3374 2056 3715 2127 judicaveris

2075 2165 2288 2216 amare,
2324 2166 2497 2220 quam
2531 2166 2662 2204 cum
2700 2150 2977 2204 amaveris
3007 2150 3283 2221 judicare.
3321 2150 3600 2204 Dissensio
3641 2151 3712 2205 ab

2073 2243 2181 2297 alio
2209 2243 2462 2315 incipiat,
2495 2248 2602 2298 ate
2629 2248 2819 2298 autem
2846 2244 3248 2299 reconciliatio.
3277 2243 3550 2298 Succurre
3579 2261 3716 2316 pau-

329 2339 494 2392 velut
545 2338 776 2393 ultimus
817 2339 1126 2409 judicetur.
1167 2339 1504 2406 Tristitiam,
1559 2341 1606 2394 si
1659 2344 1848 2410 potes,
1901 2357 1973 2396 ne
1994 2317 2050 2388 B
2074 2337 2298 2409 pertati,
2321 2337 2656 2408 amicorum,
2679 2337 2795 2392 imo
2817 2354 3068 2394 occurre.
3089 2339 3312 2393 Amicos
3338 2337 3597 2393 secundae
3623 2355 3715 2394 res

329 2431 666 2502 admiseris;
706 2433 794 2486 sin
831 2432 1038 2501 minus,
1068 2449 1140 2488 ne
1177 2433 1508 2489 ostenderis.
1537 2434 1729 2490 Amico
1756 2437 1970 2490 secreto

327 2525 602 2595 admone,
632 2525 818 2596 palam
842 2531 1034 2581 autem
1060 2527 1245 2582 lauda.
1279 2527 1458 2582 Verba
1481 2527 1669 2597 rebus,
1698 2544 1812 2582 non
1837 2543 1969 2599 per-

328 2619 501 2674 sonis
523 2619 841 2676 azstimauda
865 2624 1016 2675 sunt.
1049 2621 1340 2676 Oratorem
1378 2625 1432 2674 te
1459 2625 1612 2692 puta,
1644 2622 1687 2675 si
1714 2621 1816 2675 tibi
1841 2625 1971 2676 ante

329 2729 539 2768 omnes
569 2714 720 2784 quod
750 2717 972 2786 oportet
1002 2714 1366 2786 persuaseris.
1398 2717 1467 2770 Ut
1494 2715 1781 2770 licentiosa
1806 2731 1968 2770 man-

328 2806 485 2878 cipia
532 2807 728 2877 animi,
770 2808 1012 2879 imperio
1050 2824 1243 2864 coerce
1296 2807 1574 2880 linguam,
1619 2814 1871 2864 ventrem
1915 2814 1971 2864 et

327 2900 652 2964 libidinem.
683 2902 841 2966 Quod
877 2903 1112 2957 tacitum
1145 2917 1264 2956 esse
1298 2902 1456 2970 velis,
1489 2903 1706 2956 nemini
1738 2903 1966 2958 dixeris.

327 2993 385 3049 Si
428 2994 538 3048 tibi
578 3011 694 3049 non
735 2995 1045 3066 imperasti,
1085 2995 1371 3066 quomodo
1413 2996 1484 3049 ab
1523 2996 1632 3050 alio
1680 2996 1970 3051 silentium

327 3089 566 3160 speras?
605 3088 921 3144 Ridiculum
961 3092 1043 3144 est
1076 3089 1325 3161 aliquem
1365 3090 1494 3144 odio
1523 3091 1778 3145 nocentis
1811 3090 1971 3145 inno-

325 3181 579 3236 centiam
601 3182 851 3253 perdere.

400 3276 470 3330 II.
499 3276 743 3330 Monstro
779 3276 976 3332 similis
1015 3281 1099 3332 est
1132 3277 1368 3332 avaritia
1403 3276 1612 3332 senilis.
1645 3277 1788 3342 Quid
1815 3279 1970 3333 enim

328 3369 699 3439 stultiuaest,
727 3370 878 3442 quod
909 3370 1020 3426 dici
1047 3371 1206 3437 solet,
1227 3387 1398 3441 quam
1424 3371 1512 3424 via
1544 3371 1840 3426 deﬁciente
1858 3373 1970 3426 via-

327 3463 510 3519 ticum
549 3465 798 3535 augere?
827 3465 1034 3520 Omnes
1070 3463 1312 3519 infantes
1347 3469 1496 3518 terra
1526 3466 1708 3520 nudos
1737 3465 1964 3536 excipit.

329 3557 454 3610 Non
476 3557 657 3628 pudet
676 3561 729 3611 te
750 3557 950 3612 fortius
970 3557 1122 3612 nasci
1141 3573 1313 3628 quam
1337 3557 1558 3614 vivere?
1578 3559 1722 3624 Quid
1747 3559 1968 3614 dulcius

327 3667 503 3722 quam
553 3651 764 3706 habere
813 3651 1059 3707 amicum
1103 3671 1232 3708 cum
1275 3669 1387 3726 quo
1430 3652 1637 3706 audeas
1675 3657 1740 3708 ut
1779 3657 1968 3707 tecum

329 3744 524 3798 omnia
543 3745 736 3816 loqui?
762 3745 1092 3816 Magnarum
1117 3747 1324 3802 virium
1351 3750 1434 3800 est
1455 3745 1746 3816 negligere
1765 3745 1970 3800 laden-

329 3843 466 3892 tem.
494 3838 640 3903 Quid
664 3839 740 3893 sis
768 3838 1018 3907 interest,
1049 3857 1168 3894 non
1195 3839 1331 3911 quid
1356 3839 1583 3894 habeas.
1613 3839 1878 3895 Nondum
1905 3825 1967 3896 es

323 3931 463 3986 felix
500 3931 551 3986 si
596 3937 653 3987 te
687 3932 856 3988 turba
887 3949 1004 3988 non
1049 3933 1330 3988 deriserit.
1369 3933 1426 3988 Si
1463 3932 1544 3986 vis
1583 3933 1780 3988 beatus
1821 3950 1962 4004 esse,

324 4025 516 4097 cogita
553 4026 659 4081 hoc
685 4026 960 4098 primum,
999 4031 1358 4082 contemnere
1396 4029 1452 4082 et
1479 4027 1784 4082 contemni.
1808 4027 1968 4082 Prius

322 4137 504 4192 quam
542 4119 840 4190 promittas
881 4120 1183 4190 deliberes;
1223 4124 1278 4175 et
1319 4136 1450 4174 cum
1492 4119 1843 4192 promiseris,
1880 4121 1965 4175 fa-

322 4214 462 4268 cias.
495 4213 554 4268 Id
586 4229 741 4284 agas,
770 4229 845 4268 ne
883 4215 1010 4285 quis
1051 4214 1255 4269 merito
1291 4218 1346 4268 te
1382 4213 1594 4284 oderit;
1627 4217 1684 4268 et
1707 4215 1752 4268 si
1781 4215 1966 4269 nullos

321 4307 592 4362 inimicos
619 4306 722 4361 tibi
749 4306 916 4361 faciet
947 4307 1176 4378 injuria,
1207 4307 1416 4361 multos
1445 4306 1578 4361 facit
1602 4305 1834 4362 invidia.
1861 4307 1964 4362 So-

317 4401 634 4456 litudinem
659 4403 892 4472 quaeret,
915 4401 1012 4472 qui
1038 4402 1156 4456 vult
1181 4417 1312 4455 cum
1336 4400 1732 4456 innocentibus
1755 4401 1962 4471 vivere,

321 4495 584 4566 optimus
603 4511 740 4565 ergo
765 4494 989 4548 animus
1010 4501 1066 4548 et
1089 4494 1510 4566 pulcherrimus
1535 4494 1717 4548 cultor
1736 4493 1834 4549 Dei
1860 4498 1962 4549 est.

317 4587 649 4642 Abstinebis
671 4587 742 4642 ab
763 4587 950 4644 alieno
977 4587 1367 4642 matrimonio.
1395 4587 1691 4642 Praestabis
1721 4587 1967 4659 parenti-

316 4683 433 4736 bus
455 4681 746 4752 pietatem,
769 4681 1020 4752 cognatis
1049 4681 1484 4752 indulgentiam,
1508 4681 1769 4736 omnibus
1793 4680 1967 4752 aequi-

317 4781 526 4830 tatem.
553 4773 831 4829 Devitabis
855 4773 1264 4841 crudelitatem,
1298 4778 1352 4828 et
1378 4774 1696 4828 ministram
1726 4775 1965 4832 crudeli-

315 4868 454 4922 tatis
499 4867 661 4922 iram.
703 4868 827 4922 Non
865 4867 1029 4922 aliter
1061 4867 1212 4920 vivas
1246 4866 1305 4921 in
1341 4867 1660 4936 solitudine,
1701 4869 1866 4923 aliter
1903 4871 1962 4924 in

311 4963 474 5017 foro.
507 4961 654 5015 Nihil
677 4965 854 5032 petas,
875 4961 1028 5032 quod
1054 4967 1364 5032 negaturus
1392 4960 1549 5015 fuisti
1580 4977 1592 5015 :
1620 4961 1767 5016 nihil
1794 4979 1964 5034 nega-

1988 3683 2043 3757 C

2072 2436 2293 2502 parant,
2349 2431 2594 2487 adversas
2643 2426 2955 2487 certissime
3013 2433 3278 2504 probant.
3328 2432 3525 2502 Pejora
3583 2437 3715 2488 sunt

2071 2529 2216 2580 tecta
2243 2525 2371 2580 odia
2404 2542 2578 2597 quam
2615 2531 2828 2597 aperta.
2862 2529 3052 2598 Itaque
3078 2532 3133 2582 te
3158 2527 3349 2581 minus
3371 2526 3580 2598 loquax
3607 2510 3712 2580 ini-

2071 2619 2250 2674 micus
2276 2619 2511 2674 offendit
2536 2637 2707 2692 quam
2735 2621 2956 2676 tacitus.
2984 2621 3120 2676 Mira
3140 2621 3285 2676 ratio
3313 2623 3415 2688 est,
3445 2636 3574 2693 quas
3597 2637 3714 2676 non

2071 2712 2191 2767 vult
2221 2713 2516 2783 praedicari
2551 2713 2702 2784 quod
2733 2714 2942 2784 gaudet
2977 2714 3258 2785 intellegi.
3287 2714 3504 2785 Ignosci
3533 2718 3706 2785 amat,

2071 2806 2171 2877 qui
2209 2805 2363 2877 quod
2401 2806 2521 2860 odit
2553 2807 2820 2862 ostendit.
2850 2807 3218 2877 Eleemosyna
3255 2823 3371 2861 non
3408 2812 3526 2862 tam
3561 2807 3709 2862 acci-

2069 2899 2353 2970 pientibus
2397 2916 2567 2970 quam
2611 2899 2872 2956 dantibus
2909 2901 3160 2972 prodest.
3206 2903 3273 2956 Et
3317 2917 3444 2972 spes
3489 2901 3711 2973 praemii

2070 2993 2334 3047 solatium
2369 2993 2442 3048 sit
2475 2993 2704 3048 laboris.
2736 2994 2872 3058 Quae
2907 2997 2992 3049 est
3015 2993 3265 3049 maxima
3290 2997 3547 3066 egestas?
3573 2998 3712 3051 Ava-

2069 3086 2218 3142 ritia.
2249 3087 2509 3142 Pecunias
2553 3087 2836 3160 imperare
2885 3092 3132 3160 oportet,
3161 3104 3280 3143 non
3317 3089 3544 3145 servire.
3581 3089 3712 3145 Nul-

2070 3179 2190 3235 lum
2229 3180 2520 3236 conscium
2559 3187 2920 3252 peccatorum
2962 3188 3194 3239 tuorum
3233 3184 3414 3254 magis
3450 3184 3708 3239 timueris

2068 3290 2239 3346 quam
2279 3275 2664 3346 temetipsum.
2692 3276 2881 3332 Alium
2919 3281 3078 3348 potes
3119 3278 3388 3349 effugere,
3418 3281 3474 3334 te
3514 3282 3706 3333 autem

2068 3384 2384 3440 nunquam.
2412 3369 2552 3433 Quis
2589 3374 2674 3424 est
2701 3372 2958 3442 pauper?
2995 3371 3100 3435 Qui
3133 3371 3239 3425 sibi
3265 3371 3507 3426 videtur.
3536 3371 3642 3437 Qui
3671 3387 3706 3424 a

2067 3461 2262 3516 multis
2300 3461 2549 3532 timetur,
2587 3463 2796 3518 multos
2829 3463 3012 3518 timet.
3047 3465 3329 3518 Infelicem
3371 3464 3545 3536 erige,
3575 3463 3702 3518 sub-

2068 3555 2228 3609 mitte
2271 3554 2616 3610 felicitatem.
2647 3557 2789 3610 Vera
2825 3555 3060 3612 felicitas
3096 3556 3422 3612 innocentia
3454 3561 3556 3613 est.
3593 3558 3702 3612 Ne-

2067 3647 2244 3719 quitia
2278 3647 2400 3719 ipsa
2426 3647 2514 3702 sui
2545 3665 2712 3720 poena
2737 3654 2822 3704 est
2869 3651 3006 3705 Mala
3035 3651 3381 3706 conscientia
3409 3667 3555 3722 saepe
3583 3653 3704 3706 tuta

2067 3745 2168 3811 est,
2213 3757 2408 3795 secura
2449 3742 2549 3812 qui
2593 3743 2809 3798 exitum
2851 3745 3144 3816 cogitabit.
3185 3745 3450 3800 Beneﬁcii
3493 3744 3704 3818 accepti

2066 3851 2361 3907 nunquam
2391 3839 2614 3906 oportet
2638 3836 2922 3906 oblivisci;
2956 3839 3093 3908 dati,
3120 3839 3400 3910 protinus.

2139 3929 2222 3983 IV.
2257 3927 2560 3983 Inhonesta
2596 3929 2829 3985 victoria
2869 3935 2970 4000 est,
3001 3949 3134 3987 suos
3161 3933 3409 3990 vincere.
3441 3931 3581 3988 Satis
3619 3936 3703 3994 est

2067 4037 2384 4092 poenarum,
2406 4023 2655 4094 potuisse
2681 4023 2908 4096 punire.
2935 4026 3256 4082 Inimicitias
3282 4027 3440 4082 tarde
3459 4026 3700 4100 suscipe,

2067 4113 2338 4170 amicitias
2423 4132 2622 4171 exerce
2699 4119 3005 4175 moderate.
3069 4120 3390 4177 Simultates
3461 4121 3698 4193 depone.

2065 4209 2257 4280 Imago
2301 4209 2479 4264 animi
2522 4226 2712 4266 sermo
2767 4217 2870 4268 est.
2923 4214 3114 4278 Qualis
3160 4215 3264 4284 vir,
3313 4214 3442 4270 talis
3496 4214 3698 4269 oratio.

2067 4301 2264 4372 Magna
2305 4319 2394 4358 res
2430 4308 2514 4359 est
2537 4305 2692 4359 vocis
2717 4310 2774 4360 et
2799 4306 3007 4361 silentii
3033 4311 3566 4378 temperamentum.
3594 4308 3699 4373 Qui

2067 4411 2231 4466 aequo
2255 4395 2447 4452 animo
2473 4399 2637 4452 malis
2663 4398 3030 4468 immiscetur,
3060 4400 3242 4454 malus
3269 4404 3372 4456 est.
3403 4401 3698 4456 Neminem

2066 4489 2398 4559 laudaveris,
2431 4491 2721 4545 neminem
2747 4491 2858 4546 cito
2885 4493 3161 4548 accusaris
3195 4510 3208 4548 :
3236 4511 3462 4566 semper
3483 4500 3620 4567 puta
3645 4501 3700 4552 te

2067 4599 2198 4636 cum
2224 4582 2330 4637 diis
2355 4583 2745 4638 testimonium
2773 4584 2980 4642 dicere.
3008 4587 3220 4642 Vitium
3245 4593 3330 4644 est
3355 4589 3548 4644 omnia
3573 4607 3696 4646 cre-

2066 4675 2216 4738 dere,
2245 4675 2450 4730 vitium
2476 4675 2618 4731 nihil
2644 4678 2891 4734 credere.
2915 4681 3194 4736 Utendum
3221 4687 3304 4738 est
3333 4683 3559 4750 divitiis,
3579 4700 3698 4738 non

2063 4769 2431 4825 abutendum.
2459 4769 2691 4826 Nullum
2717 4774 3002 4844 putaveris
3031 4776 3221 4830 locum
3249 4777 3368 4832 sine
3393 4782 3555 4834 teste.
3586 4779 3696 4833 Ex-

2064 4861 2412 4918 cusationem
2442 4880 2716 4935 quaerere,
2745 4866 2965 4922 vitium.
3001 4869 3222 4924 Fortior
3248 4876 3333 4926 est
3361 4871 3459 4943 qui
3485 4871 3699 4943 cupidi-

2061 4959 2237 5010 tatem
2263 4957 2434 5013 vincit
2458 4975 2628 5029 quam
2657 4959 2756 5030 qui
2783 4961 3006 5017 hostem
3032 4963 3276 5034 subjicit.
3307 4966 3401 5019 Est
3427 4963 3694 5021 difficilli-

307 5056 405 5110 bis
433 5055 591 5127 quod
619 5055 899 5126 petiturus
925 5055 1103 5109 fuisti.
1133 5056 1332 5109 Pacem
1362 5072 1491 5109 cum
1520 5055 1847 5110 hominibus
1865 5057 1960 5111 ha-
1979 5055 2038 5128 D
2062 5065 2242 5119 mum,
2287 5067 2344 5105 se
2385 5051 2573 5122 ipsum
2605 5051 2848 5108 vincere.
2894 5055 3088 5127 Inique
3125 5055 3404 5126 irascitur,
3443 5059 3543 5129 qui
3581 5061 3698 5116 suis

307 5149 503 5216 bebis,
529 5165 658 5204 cum
682 5147 830 5202 vitiis
857 5147 1092 5203 bellum.
1125 5149 1236 5204 Hoc
1277 5149 1448 5204 habet
1486 5149 1668 5204 omnis
1705 5147 1958 5219 affectus,

304 5248 380 5298 ut
419 5243 486 5298 in
520 5241 671 5314 quod
711 5242 832 5314 ipse
878 5241 1104 5310 insanit,
1136 5243 1194 5296 in
1232 5243 1289 5298 id
1318 5246 1481 5315 putet
1523 5243 1695 5298 etiam
1730 5247 1962 5299 caeteros

302 5337 532 5392 furere.
561 5336 867 5390 Maximum
899 5335 955 5390 ii)
987 5351 1052 5390 eo
1082 5336 1284 5392 vitium
1313 5340 1416 5403 est,
1445 5336 1544 5408 qui
1573 5353 1688 5391 non
1709 5337 1956 5392 meliori-

301 5431 418 5486 bus
450 5429 572 5484 vult
605 5429 844 5500 placere,
874 5428 969 5484 scd
994 5428 1272 5498 pluribus.
1305 5429 1396 5484 Vis
1423 5429 1684 5484 omnibus
1714 5446 1833 5486 esse
1861 5447 1958 5486 no-

303 5529 400 5578 tus
415 5525 448 5579 ?
476 5521 634 5594 prius
659 5523 815 5578 effice
836 5528 900 5578 ut
926 5521 1216 5578 neminem
1237 5523 1475 5578 noveris.
1499 5523 1719 5578 Bonum
1738 5528 1822 5578 est
1841 5541 1955 5580 non

299 5616 555 5686 laudari,
580 5620 635 5671 et
655 5633 774 5672 esse
798 5619 1159 5675 laudabilem.
1189 5618 1437 5674 Stultum
1467 5623 1550 5674 est
1579 5617 1778 5674 timere
1802 5619 1952 5690 quod

302 5713 492 5766 vitare
513 5727 628 5766 non
656 5715 834 5782 potes.
1110 5717 1133 5730 ’

377 5805 475 5861 III.
504 5805 642 5862 Male
673 5805 981 5878 opinentur
1012 5807 1081 5864 de
1122 5811 1176 5864 te
1217 5805 1494 5875 homines,
1525 5806 1617 5862 sed
1651 5807 1800 5865 mali.
1837 5809 1948 5863 Ma~

2061 5142 2338 5199 irascitur.
2396 5147 2600 5200 Amare
2656 5146 2735 5200 sic
2783 5147 2988 5218 incipe,
3042 5154 3312 5222 tanquam
3367 5170 3485 5209 non
3535 5153 3698 5212 liceat

2061 5237 2337 5293 desinere.
2366 5239 2694 5310 Magnarum
2735 5256 2930 5296 rerum
2969 5243 3142 5305 etiam
3180 5247 3226 5301 si
3261 5265 3548 5306 successus
3583 5269 3698 5309 non

2059 5331 2230 5386 fuerit
2267 5325 2538 5388 hohestus
2570 5337 2656 5388 est
2681 5321 2804 5406 ipse
2831 5340 3081 5393 conatus.
3110 5340 3380 5399 Nobilitas
3407 5345 3586 5401 animi
3615 5353 3700 5403 est

2059 5426 2400 5498 generositas
2464 5443 2690 5498 sensus;
2746 5430 3004 5487 nobilitas
3055 5437 3334 5506 corporis,
3391 5456 3695 5512 generosus

2064 5521 2308 5576 animus.
2337 5521 2634 5577 Honestior
2656 5528 2741 5579 est
2764 5541 2934 5596 quem
2964 5533 3219 5584 senectus
3243 5531 3311 5586 ad
3342 5533 3520 5588 otium
3546 5539 3697 5588 retu-

2054 5614 2147 5683 rit,
2177 5630 2350 5686 quam
2377 5630 2545 5686 quem
2577 5615 2636 5670 in
2663 5617 2780 5673 otio
2811 5619 3045 5690 invenit,
3081 5628 3136 5678 et
3161 5629 3297 5680 tunc
3323 5625 3521 5697 incipit
3545 5626 3692 5680 labo-

2053 5725 2197 5764 rare.
2220 5709 2404 5780 Turpe
2429 5711 2810 5780 spectaculum
2841 5715 3057 5784 praebet
3082 5717 3500 5788 animusfaeger.
3531 5719 3687 5773 Nun-

2051 5819 2225 5878 quam
2275 5801 2343 5856 sit
2386 5800 2559 5857 tristis
2607 5803 2775 5860 facies
2831 5807 2933 5863 tibi
2987 5809 3047 5864 in
3090 5810 3388 5865 commodo
3439 5812 3686 5868 alterius.
