4042 6184
362 266 475 360 ar
557 345 562 351 ,
650 353 718 360 _
1483 250 1501 292 ³
1562 225 1603 300 θέ
1717 273 1980 332 uanum

2083 273 2386 335 UMIENSIS

3661 285 3732 344 32

549 353 746 472 sumi:
762 365 1084 460 "commodet
1099 381 1766 472 devitem.,sgqundarutn
1794 401 1980 440 rerum

2087 386 2238 443 facit.
2262 387 2455 444 Merito
2483 387 2758 458 damnari,
2780 405 2946 462 poena
2963 393 3047 448 est
3070 405 3084 448 :
3108 389 3399 450 damnatio
3418 390 3726 468 immerita,

357 466 668 535 invidiam?
693 478 1096 535 Si'felicitatem
1115 466 1440 551 jactaiva‘rfsf
1455 466 1802 564 ctamémjdtis
1831 479 1985 534 dives
2010 466 2068 468 ﬂ
2088 481 2407 537 damnantis
2434 487 2517 538 est
2541 484 2844 540 calamitas.

358 573 488 629 eris.
515 574 804 639 Quomodo
827 575 1054 655 _optime
1092 575 1405 646 potentiam
1429 559 1679 629 tuebor"?
1697 559 1984 645 impoten-

357 668 434 722 tia
475 669 798 723 occasionis.
839 669 1046 722 Locum
1089 671 1244 722 tenet
1286 667 1620 723 innocentiae
1662 668 1987 740 proximum

356 763 647 818 confessio.
685 762 788 818 Ubi
828 761 1120 832 confessio,
1151 762 1231 816 ibi
1268 761 1542 818 remissio.
1575 763 1676 817 Irae
1723 761 1986 816 severitas

355 855 415 912 in
440 855 576 912 vitio
605 860 706 910 est.
738 855 874 909 Boni
896 855 1102 926 judicis
1133 860 1218 910 est
1244 856 1588 926 dispensare,
1618 873 1736 910 non
1763 859 1987 910 tantum

355 948 493 1024 quid
517 947 900 1004 damnandum
929 949 1018 1019 sit,
1050 949 1147 1004 sed
1174 953 1473 1026 quatenus.
1497 949 1792 1005 Proximus
1813 948 1983 1022 justi-

355 1042 446 1098 tite
477 1042 697 1112 modus,
728 1041 1010 1099 severitas.

428 1233 488 1288 V.
517 1231 931 1296 Quietissimam
962 1235 1135 1290 vitam
1165 1239 1400 1306 agerent
1428 1235 1684 1292 homines
1710 1236 1770 1291 in
1801 1235 1982 1305 terris,

355 1325 401 1380 si
427 1325 547 1382 haec
576 1327 688 1380 duo
716 1328 882 1382 verba
909 1345 942 1382 a
967 1334 1169 1383 natura
1197 1329 1453 1385 omnium
1478 1344 1672 1385 rerum
1697 1331 1982 1398 tollerent,

353 1436 547 1475 meum
583 1424 639 1474 et
679 1424 864 1477 tuum.
905 1422 1011 1487 Qui
1052 1428 1441 1494 paupertatem
1484 1424 1664 1493 timet,
1700 1423 1985 1479 timendus

353 1517 456 1572 est.
485 1517 638 1572 Vires
667 1520 792 1570 tuas
820 1515 986 1570 amici
1015 1517 1198 1587 magis
1227 1517 1472 1572 sentiant
1500 1517 1786 1572 beneficiis
1811 1534 1986 1590 quam

351 1610 593 1681 injuriis.
639 1610 882 1666 Pecunia
926 1627 1041 1664 non
1087 1610 1253 1665 satiat
1295 1611 1606 1678 avaritiam,
1638 1612 1735 1666 sed
1777 1611 1982 1666 irritat.

351 1705 528 1759 Homo
568 1721 790 1775 semper
827 1704 1092 1775 indigens
1127 1705 1385 1775 pecunia,
1413 1705 1515 1760 scit
1543 1722 1673 1760 cum
1699 1705 1820 1775 ejus
1856 1721 1980 1759 mo-

350 1798 507 1852 ribus
542 1797 860 1852 convenire.
896 1798 1029 1853 Mihi
1075 1798 1262 1866 crede,
1305 1814 1422 1852 non
1462 1802 1625 1870 potes
1671 1799 1825 1854 dives
1865 1771 2060 1852 csseB

349 1896 406 1946 et
456 1891 608 1946 felix.
663 1891 906 1946 Auribus
946 1891 1304 1964 frequentius
1341 1908 1515 1963 quam
1556 1892 1755 1964 lingua
1799 1898 1981 1948 utere.

347 1983 632 2056 Quidquid
671 1984 923 2039 dicturus
961 2003 1040 2055 es,
1067 1992 1198 2041 ante
1239 2002 1413 2058 quam
1451 1985 1593 2053 aliis,
1623 1985 1829 2041 dixeris
1857 1985 1980 2041 tibi.

347 2077 495 2132 Nihil
535 2077 767 2134 interest
807 2079 960 2133 inter
999 2079 1208 2134 iratum
1251 2084 1308 2136 et
1355 2079 1638 2149 insanum,
1685 2079 1791 2133 nisi
1833 2096 1983 2134 unus

349 2169 467 2225 dies
500 2187 514 2225 :
552 2171 696 2226 alter
723 2189 838 2226 non
875 2189 1101 2244 semper
1137 2173 1417 2238 irascitur,
1457 2172 1601 2228 alter
1635 2189 1858 2244 semper
1891 2172 1980 2226 in-

348 2263 516 2318 sanit.
564 2264 850 2320 Facillime
889 2265 1072 2319 bonus
1111 2267 1306 2335 fueris,
1356 2267 1402 2320 si
1447 2283 1511 2320 ea
1557 2265 1816 2320 vitaveris
1855 2283 1981 2336 quae

345 2357 766 2428 vituperaveris.
805 2359 946 2414 Cum
981 2359 1189 2413 alienos
1228 2359 1508 2428 timueris,
1557 2363 1612 2414 te
1648 2359 1834 2429 ipsum
1884 2375 1978 2414 ve-

347 2465 512 2505 rere:
539 2467 672 2505 nam
711 2469 861 2524 saepe
902 2453 1024 2506 sine
1061 2451 1186 2506 aliis
1223 2469 1342 2506 esse
1381 2457 1560 2524 potes,
1593 2451 1712 2506 sine
1747 2455 1801 2506 te
1828 2468 1978 2510 nun-

345 2560 537 2614 quam.
595 2545 652 2600 Si
703 2545 846 2600 bene
908 2551 962 2600 te
1013 2546 1380 2615 instruxeris,
1439 2545 1650 2616 pudeat
1701 2545 1982 2600 deteriora

344 2635 546 2692 facere.
573 2638 734 2702 Quod
770 2639 1113 2710 persuaseris
1149 2639 1256 2693 erit
1292 2637 1650 2706 diuturnum,
1683 2638 1833 2709 quod
1861 2655 1982 2692 coe-

347 2729 496 2802 geris
549 2731 657 2786 erit
701 2732 761 2786 in
815 2733 1122 2787 occasione.
1179 2731 1356 2786 Alteri
1408 2749 1634 2802 semper
1679 2731 1976 2802 ignoscito,

345 2823 449 2878 tibi
489 2823 597 2895 ipsi
640 2841 956 2896 nunquam.
1005 2827 1249 2880 Tantum
1292 2825 1362 2879 ad
1415 2825 1682 2879 virtutem
1731 2823 1976 2894 adjicies,

345 2921 623 2988 quantum
643 2935 713 2972 ex
730 2919 1014 2988 voluptate
1033 2918 1390 2972 abstraxeris.
1413 2918 1661 2972 Stultum
1681 2921 1764 2972 est
1783 2933 1980 2971 somno

345 3010 629 3080 dejeetari,
667 3015 722 3064 et
759 3011 918 3081 quasi
955 3016 1200 3066 mortem
1229 3011 1437 3066 moliri.
1470 3012 1636 3064 Bonis
1669 3015 1852 3080 nocet,
1881 3010 1982 3082 qui

344 3102 508 3158 malis
544 3103 742 3174 parcit.
781 3103 944 3158 Multi
977 3121 1108 3158 cum
1143 3104 1268 3159 aliis
1302 3103 1666 3173 maledicunt,
1702 3103 1807 3158 sibi
1846 3103 1980 3174 ipsis

345 3193 656 3250 convitium
696 3195 932 3251 faciunt.
963 3197 1112 3251 Nihil
1157 3197 1380 3268 turpius
1423 3214 1596 3269 quam
1640 3197 1739 3268 qui
1789 3196 1982 3268 objicit

344 3288 542 3358 alteri;
607 3288 711 3343 sibi
771 3289 1172 3360 objiciendum.
1231 3293 1301 3345 Ut
1357 3289 1650 3346 licentiosa
1699 3289 1982 3361 mancipia

343 3381 540 3450 animi,
570 3381 812 3454 imperio
849 3400 984 3454 rege
1021 3383 1310 3456 linguam,
1341 3383 1656 3451 libidinem,
1687 3389 1975 3452 ventrem;

345 3475 821 3548 cupiditatemque
855 3477 1164 3548 comprime
1191 3495 1207 3545 ;
1251 3477 1297 3532 si
1334 3494 1450 3532 non
1479 3481 1656 3548 potes,
1686 3477 1983 3548 paululum

347 3569 591 3624 remitte.
621 3571 778 3641 Saepe
819 3587 885 3625 ea
917 3589 1044 3642 quae
1074 3571 1260 3626 sanari
1296 3571 1516 3626 ratione
1554 3587 1670 3625 non
1696 3575 1976 3642 poterant,

345 3665 537 3717 sanati
575 3666 707 3716 sunt
735 3667 1014 3734 tempore.
1044 3664 1151 3728 Qui
1189 3669 1422 3734 propter
1445 3663 1702 3734 pecuniae
1728 3680 1980 3718 amorem

346 3761 402 3811 et
427 3755 732 3810 libidinum
758 3750 1021 3825 moritur,
1041 3755 1283 3811 ostendit
1302 3773 1359 3812 se
1377 3773 1676 3828 nunquam
1702 3757 1791 3811 sui
1816 3773 1980 3810 causa

347 3847 572 3902 vixisse.
599 3849 808 3920 Turpia
836 3865 908 3904 ne
938 3849 1168 3918 dixeris,
1191 3849 1464 3920 paulatim
1491 3849 1645 3904 enim
1670 3849 1854 3921 pudor
1880 3865 1982 3920 per

348 3940 521 3995 verba
561 3935 880 3997 discutitur.
909 3942 995 3999 Sic
1023 3941 1237 4010 habita,
1265 3947 1329 3996 ut
1364 3943 1551 4014 potius
1587 3941 1851 3997 laudetur
1877 3943 1977 3996 do-

349 4035 539 4089 minus
563 4051 736 4106 quam
769 4035 970 4090 domus
997 4053 1011 4090 :
1042 4035 1539 4091 consuetudinaria
1568 4053 1657 4090 res
1691 4041 1775 4091 est
1810 4037 1977 4092 inno-

351 4128 555 4184 centia.
587 4129 708 4183 Non
749 4129 1054 4198 damnatio,
1088 4129 1186 4184 sed
1220 4145 1386 4184 causa
1421 4130 1714 4186 hominem
1752 4134 1980 4202 turpem

2155 576 2240 630 V’l.
2275 576 2331 631 Si
2360 577 2574 649 aliquid
2614 579 2968 650 cogitaveris,
3006 581 3116 635 cito
3157 581 3454 653 apparebit
3491 599 3726 639 conver-

2087 669 2362 724 santibus.
2403 671 2594 726 Vidcri
2635 673 2719 726 vis
2764 673 2834 728 ab
2877 675 3182 730 omnibus?
3223 691 3520 748 nunquam
3564 677 3728 734 bona:

2087 763 2397 818 honestatis
2425 764 2708 820 simulatio
2737 767 2906 837 longa
2935 771 3039 822 est.
3069 768 3226 832 Quod
3253 769 3323 824 de
3350 770 3551 825 alienis
3578 775 3726 827 trae-

2085 861 2189 926 tas,
2237 873 2306 912 ex
2359 859 2471 913 tuis
2511 859 2754 929 judiees.
2806 861 2963 915 Multi
3017 867 3150 916 sunt
3201 863 3511 935 obligandi,
3559 867 3729 936 pauci

2087 951 2442 1022 offendendi;
2483 969 2618 1006 nam
2655 955 2932 1009 memoria
2967 955 3373 1011 beneﬁciorum
3415 957 3594 1012 facilis
3621 965 3724 1028 est,

2087 1045 2429 1117 injuriarum
2500 1049 2688 1102 tenax.
2753 1047 3145 1119 Objurgationi
3219 1066 3444 1122 semper
3507 1051 3728 1124 aliquid

2084 1137 2290 1194 blande
2323 1138 2598 1209 admisce;
2637 1139 2858 1196 facilius
2884 1141 3039 1196 enim
3075 1147 3376 1213 penetrant
3399 1145 3570 1200 verba
3596 1161 3724 1218 quae

2085 1233 2242 1287 molli
2262 1233 2476 1288 vadunt
2490 1234 2600 1300 via,
2618 1251 2792 1305 quam
2821 1251 3048 1307 aspera;
3073 1251 3240 1292 nemo
3263 1238 3417 1292 enim
3437 1254 3495 1293 se
3521 1244 3722 1309 mutat,

2087 1327 2224 1398 quia
2267 1327 2478 1381 mutari
2512 1343 2570 1382 se
2610 1327 2889 1400 desperet.
2946 1329 3174 1394 Quoties
3217 1331 3468 1386 scribens
3509 1332 3726 1404 aliquid

2085 1420 2339 1475 dicturus
2370 1437 2448 1490 es,
2478 1421 2616 1476 scito
2647 1438 2872 1481 morum
2900 1427 3132 1478 tuorum
3161 1428 3216 1478 te
3244 1423 3570 1480 hominibus
3597 1423 3722 1481 chi-

2086 1515 2435 1585 rographum
2461 1514 2614 1570 dare.
2643 1515 2750 1580 Qui
2783 1516 2843 1570 in
2869 1532 3056 1571 servos
3097 1517 3360 1573 irascitur
3393 1523 3449 1573 et
3479 1519 3724 1574 crudelis

2087 1613 2189 1676 est,
2229 1608 2362 1662 satis
2403 1608 2650 1663 ostendit
2686 1613 3020 1680 potestatem
3056 1609 3322 1666 adversus
3360 1612 3572 1667 alienos
3615 1612 3724 1669 sibi

2087 1699 2352 1756 defuisse.
2379 1701 2486 1765 Qui
2521 1701 2700 1756 nescit
2734 1705 2938 1771 tacere,
2969 1703 3148 1760 nescit
3169 1703 3347 1775 loqui.
3375 1705 3614 1760 Facilius
3639 1709 3726 1761 est

2084 1793 2320 1864 pauperi
2347 1797 2738 1866 contemptum
2765 1794 3014 1867 effugere
3037 1813 3209 1868 quam
3235 1797 3398 1852 diviti
3425 1797 3718 1854 invidiam.

2085 1888 2270 1942 Bonus
2293 1887 2506 1941 fruitur
2528 1888 2674 1942 bona
2702 1889 3062 1944 conscientia.
3091 1890 3247 1944 Malis
3272 1891 3601 1946 hominibus
3627 1899 3722 1948 tu-

2083 1979 2368 2035 tissimum
2399 1985 2484 2036 est
2524 1982 2634 2036 cito
2667 1982 2886 2054 fugere.
2917 1983 3079 2037 Nulla
3108 1983 3314 2055 pusilla
3340 1984 3560 2054 domus,
3592 2002 3721 2058 quae

2083 2074 2292 2128 multos
2333 2075 2542 2129 amicos
2581 2076 2750 2146 capit.
2781 2075 2933 2131 Scire
2965 2077 3052 2130 uti
3086 2081 3440 2148 paupertate,
3471 2079 3722 2134 maxima

2081 2167 2336 2223 felicitas.
2381 2168 2546 2222 Acuit
2586 2169 2847 2238 intentio,
2890 2169 3103 2241 frangit
3137 2171 3394 2225 animum
3441 2173 3717 2227 remissio.

2082 2261 2382 2332 Nunquam
2420 2262 2600 2316 scelus
2639 2263 2847 2318 scelere
2887 2263 3232 2318 vincendum
3268 2269 3371 2320 est.
3411 2267 3598 2320 Bonus
3633 2267 3722 2322 vir

2083 2359 2166 2408 est
2194 2355 2292 2426 qui
2323 2371 2390 2410 eo
2419 2355 2686 2426 perduxit
2713 2355 2917 2411 affectu
2945 2357 3222 2424 animum,
3251 2361 3316 2412 ut
3347 2374 3462 2413 non
3497 2364 3719 2415 tantum

2081 2463 2311 2518 peccare
2335 2464 2450 2502 non
2477 2449 2628 2515 velit,
2652 2449 2750 2504 sed
2780 2450 2952 2503 etiam
2971 2466 3086 2504 non
3105 2451 3300 2521 possit.
3330 2452 3719 2523 Regnantibus

2082 2539 2240 2611 pejus
2268 2541 2446 2595 multo
2474 2541 2794 2612 periculum
2821 2559 2994 2614 quam
3019 2543 3110 2597 his
3137 2543 3239 2615 qui
3257 2543 3590 2615 judicantur
3604 2564 3621 2616 ;
3657 2546 3722 2601 hi

2081 2635 2234 2688 enim
2274 2635 2528 2706 singulos
2562 2635 2787 2706 timent,
2817 2635 2898 2690 illi
2927 2636 3239 2692 universos.
3264 2639 3530 2710 Nunquid
3559 2639 3719 2694 fortis

2079 2727 2285 2782 fortem
2309 2745 2366 2783 se
2396 2727 2748 2800 gloriabitur,
2771 2745 2942 2800 quem
2969 2731 3218 2802 corporis
3238 2732 3514 2803 aegritudo
3543 2731 3653 2786 efli<
3672 2733 3718 2787 it

2079 2820 2370 2874 inﬁrmum
2387 2823 2414 2875 ?
2438 2821 2702 2892 Nunquid
2725 2821 2878 2876 dives
2908 2822 2968 2876 in
2990 2823 3189 2894 Opibus
3216 2824 3333 2878 suis
3358 2823 3712 2896 gloriabitur,

2079 2913 2240 2983 cujus
2270 2930 2426 2985 spem
2452 2913 2546 2968 fur
2564 2915 2651 2969 vel
2675 2918 2948 2985 tyrannus
2973 2917 3239 2988 abrupit?
3265 2917 3532 2990 Nunquid
3558 2917 3720 2974 nobi-

2077 3007 2206 3061 litas
2251 3007 2586 3078 gloriabitur
2636 3007 2854 3076 affecta,
2902 3026 3316 3082 nonnunquam
3364 3011 3619 3084 indignis
3661 3016 3718 3068 et

2079 3101 2498 3155 miserabilibus
2533 3102 2824 3157 serviens?
2859 3103 3120 3158 Diabolus
3157 3104 3461 3175 aliquando
3496 3121 3553 3160 se
3593 3105 3714 3178 glo-

2080 3194 2332 3248 riabatur
2367 3195 2788 3250 interfectorem
2822 3201 2936 3252 tute
2969 3196 3400 3268 misericordiae,
3431 3215 3582 3254 nunc
3623 3199 3713 3254 in-

2081 3287 2432 3359 tergemiscit
2471 3289 2648 3344 socios
2681 3294 2794 3344 tuas
2828 3289 3212 3345 beatitudinis.
3252 3292 3540 3362 Fugienda
3585 3298 3716 3349 sunt

2081 3380 2344 3436 omnibus
2366 3381 2548 3437 modis
2570 3387 2625 3437 et
2650 3381 3026 3437 abscindenda
3054 3382 3176 3454 igni
3203 3399 3266 3437 ac
3294 3384 3465 3452 ferro,
3489 3389 3716 3457 totoque

2080 3476 2318 3532 artiﬁcio
2355 3477 2695 3548 separanda,
2723 3476 2966 3547 languor
2994 3492 3024 3528 a
3051 3492 3304 3547 corpore,
3335 3477 3620 3548 imperitia
3644 3479 3714 3533 ab

2079 3571 2291 3640 animo,
2323 3569 2550 3625 luxuria
2585 3586 2619 3623 a
2658 3572 2868 3636 mente,
2901 3585 2934 3622 a
2969 3567 3193 3623 civitate
3230 3569 3452 3639 seditio,
3480 3587 3512 3624 a
3547 3571 3714 3627 domo

2081 3664 2374 3732 discordia,
2405 3680 2436 3717 a
2463 3663 2680 3717 cunctis
2720 3663 2889 3716 rebus
2925 3661 3378 3732 intemperantia.
3407 3663 3559 3718 Dixit
3595 3664 3716 3736 qui-

2079 3757 2231 3824 dam,
2261 3757 2575 3809 amicorum
2616 3755 2807 3808 omnia
2843 3771 2962 3810 esse
2999 3754 3342 3824 communia,
3374 3760 3430 3811 et
3465 3756 3716 3811 amicum

2081 3865 2137 3902 se
2169 3849 2355 3919 ipsum
2383 3862 2502 3900 esse
2537 3847 2802 3900 alterum.
2827 3847 3078 3902 Duorum
3109 3852 3430 3918 temporum
3466 3849 3713 3904 maxime

2080 3941 2398 3996 habendam
2442 3956 2668 4008 curam,
2700 3943 2756 3994 et
2793 3955 2992 3994 eorum
3034 3957 3161 4011 quae
3197 3941 3378 3997 acturi
3414 3959 3628 4012 sumus,
3661 3947 3718 3998 et

2081 4051 2280 4090 eorum
2315 4051 2442 4106 quae
2483 4032 2781 4104 gessimus.
2822 4034 2952 4088 Post
2996 4033 3174 4088 Deum
3200 4035 3493 4091 veritatem
3535 4036 3717 4092 colen-

2081 4128 2232 4200 dam,
2261 4144 2388 4200 quae
2413 4127 2528 4182 sola
2549 4126 2812 4182 homines
2839 4126 2947 4181 diis
2974 4127 3262 4198 proximos
3288 4128 3439 4184 facit.

1503 4402 1934 4508 OPUSC
1947 4403 2106 4507 UL
2123 4402 2314 4506 ΙΜῙ
2381 4402 2576 4504 ΙΙΙ.

599 4580 948 4702 PRO
1022 4583 2230 4702 BEPELLENDA
2304 4579 3477 4726 JAGTANTIA“.

419 4791 460 4845 l.
502 4791 672 4846 Multa
721 4796 854 4846 sunt
892 4792 1160 4846 vitiorum
1202 4809 1438 4864 genera,
1483 4795 1690 4865 quibus
1733 4791 2429 4880 humanaDsordidatur,
2483 4792 2874 4864 turpiloquiis,
2929 4790 3208 4860 ludibriis,
3268 4790 3718 4858 seurrilitatibus,

345 4883 618 4955 fragilitas
637 4885 956 4955 infestatur,
989 4890 1044 4940 et
1073 4901 1315 4956 quorum
1343 4887 1670 4941 vulneribus
1689 4903 1832 4958 pene
1862 4904 1977 4942 om-

2079 4885 2371 4942 adulteriis
2423 4889 2480 4938 et
2525 4883 2993 4939 fornicationibus
3039 4883 3375 4939 succumbit.
3421 4883 3578 4938 Alius
3621 4885 3722 4956 qui

347 4993 446 5030 nes
489 4977 746 5032 homines
793 4979 1098 5032 sociantur.
1152 4981 1288 5033 Nam
1343 4984 1406 5034 ut
1457 4980 1638 5034 dicam
1679 4996 1860 5051 pauca
1908 4982 1992 5036 de.
2081 4981 2226 5052 gula:
2265 4978 2518 5050 ingluvie
2553 4982 2874 5049 superatur,
2904 4976 3420 5047 comessationibus,
3448 4977 3715 5048 crapulae,

344 5071 538 5124 multis
583 5071 709 5125 aliis
753 5089 766 5126 :
811 5072 912 5144 qui
952 5073 1022 5127 ab
1073 5073 1365 5128 iracundia
1407 5073 1682 5143 vincitur,
1733 5074 1978 5128 caedibus

347 5162 685 5232 homicidiis,
722 5165 953 5220 clamori
987 5184 1049 5221 ac
1085 5167 1348 5220 seditioni
1393 5167 1654 5222 deservit.
1691 5159 1844 5222 Alius
1879 5167 1976 5238 qui

345 5255 580 5312 avaritia
624 5258 965 5330 impellitur,
1018 5259 1526 5330 inhumanitatem,
1582 5260 1974 5333 rapacitatem,

346 5349 482 5404 falsa
523 5351 861 5423 testimonia,
890 5353 1200 5422 violentias,
1229 5353 1498 5425 perjuria,
1530 5355 1709 5423 furta,
1741 5353 1975 5408 menda-

348 5443 498 5499 cium
545 5449 602 5500 et
636 5444 1016 5502 fraudationes
1059 5452 1301 5502 exercet.
1336 5447 1489 5501 Alius
1531 5446 1630 5518 qui
1675 5464 1708 5500 a
1742 5446 1977 5502 libidine

417 5591 592 5662 Silane
613 5592 670 5644 et
691 5605 820 5661 qua:
849 5594 1165 5660 sequuntur
1183 5591 1457 5662 ,opuscula
1482 5589 1736 5662 quinque
1763 5589 1980 5662 primus

349 5660 524 5715 edidit
566 5660 804 5718 Joannes
847 5662 1122 5731 'l‘amayus
1172 5661 1390 5716 Salazar
1447 5660 1519 5714 in‘
1559 5677 1660 5716 suo
1708 5660 1976 5716 martirol.

349 5731 678 5804 tlisprtom.
733 5734 798 5788 ll.
839 5749 972 5804 pag.
1021 5735 1281 5804 317:328.
1337 5733 1589 5798 Quorum
1639 5732 1746 5804 tria
1791 5732 1980 5803 priora

351 5801 642 5874 descripsit
683 5819 713 5860 e
754 5801 1078 5877 pefvetusto
1119 5803 1318 5861 Codice
1369 5820 1474 5861 ms.
1520 5801 1872 5860 bibliotheca:
1913 5805 1976 5861 D.

2079 5072 2336 5129 ebrietati
2360 5071 2620 5127 deservit.
2657 5073 2723 5126 Et
2759 5075 2826 5125 ut
2855 5087 2970 5124 non
2997 5071 3177 5125 multa
3210 5086 3538 5142 prosequar,
3566 5086 3720 5141 qua:-

2078 5182 2302 5238 cunque
2332 5181 2647 5220 memorare
2665 5179 2768 5235 per
2791 5163 3030 5234 longum
3050 5167 3155 5232 est,
3177 5180 3307 5218 cum
3332 5163 3586 5234 singulos
3610 5163 3717 5219 ho-

2078 5261 2262 5316 mines
2297 5262 2515 5314 constet
2544 5273 2556 5310 :
2587 5273 2736 5312 unus
2771 5257 2921 5312 inter
2958 5257 3081 5312 hanc
3121 5255 3311 5310 omnia
3353 5257 3585 5312 morbus
3612 5263 3716 5328 est,

2077 5353 2176 5426 qui
2219 5351 2556 5408 conditionis
2599 5367 2713 5406 suae
2753 5367 2869 5406 non
2907 5350 3241 5424 singillatim
3285 5351 3582 5422 quosdam,
3623 5351 3721 5406 sed

2078 5445 2466 5518 congregatim
2510 5449 2740 5500 cunctos
2788 5445 3024 5512 addicit;
3071 5448 3131 5498 et
3171 5459 3300 5498 cum
3346 5448 3546 5500 caetera
3585 5443 3720 5498 vitia

2078 5590 2289 5670 Garc‘ias
2334 5591 2403 5646 de
2447 5591 2675 5662 Loaysa.
2719 5589 2956 5670 Reliqua
2992 5604 3123 5643 vero
3165 5588 3278 5670 duo
3311 5589 3462 5644 unde
3499 5589 3718 5670 desum-

2079 5662 2276 5738 pserit,
2301 5659 2713 5738 capresse'_non
2749 5659 2984 5738 indicat,
3013 5676 3140 5732 qua:
3179 5665 3373 5717 tamen
3411 5676 3480 5716 ex
3516 5659 3715 5716 eodem

2079 5730 2280 5791 Codice
2307 5730 2402 5790 ille
2429 5732 2680 5790 hausisse
2710 5730 2950 5787 videtur.
