4044 6196
266 267 339 318 33
1173 263 1568 320 OPUSCULUM
1606 263 1694 319 ll].
1737 263 1870 320 PRO

2006 265 2348 323 PELLENDA
2383 263 2739 323 JACTANTIA
2997 315 3005 328 ,
3573 275 3639 330 34

261 368 658 443 particulatim
683 369 790 426 sibi
814 370 1099 428 vindicent
1135 388 1276 444 quos
1301 354 1558 445 vicerint,
1589 373 1696 430 hoc
1730 389 1912 430 unum
1935 385 1994 458 Α
2015 373 2084 429 de
2119 391 2176 429 se
2214 374 2320 430 sibi
2354 375 2462 431 hoc
2495 376 2651 449 quod
2685 391 2882 431 verum
2919 380 3003 432 est
3038 375 3358 448 confitetur,
3401 379 3643 452 gloriam
3754 411 3762 417 -

260 481 388 521 non
413 464 529 520 nisi
557 464 820 521 omnibus
844 466 1126 524 dominari
1151 471 1480 524 contentum
1503 473 1607 526 est.
1639 470 1699 525 Id
1720 473 1912 525 autem

260 564 354 614 est
380 559 555 614 inane
580 558 766 615 laudis
793 561 1066 632 studium,
1095 563 1247 634 quod
1287 563 1446 620 Greci
1482 573 1740 634 κενοδοξία,
1770 564 1913 620 Lati-

257 653 324 710 ni
352 669 560 709 vanam
587 655 819 726 gloriam
842 671 940 711 seu
957 656 1287 726 jactantz'am
1312 663 1532 715 vocant.
1562 661 1721 726 Quod
1745 661 1911 734 quale

260 748 338 803 sit
358 749 584 804 malum
604 752 661 804 et
684 750 968 821 quomodo
994 751 1288 807 universos
1306 753 1583 823 vulneret,
1617 753 1820 810 dicam.

339 843 412 896 Il.
464 842 608 897 Cum
650 843 711 897 in
757 843 1022 899 omnibus
1063 844 1236 916 hujus
1272 845 1401 902 vita:
1449 847 1668 917 studiis,
1721 847 1910 920 aliqua

255 935 422 1008 plus,
461 935 650 1008 aliqua
686 937 879 992 minus
919 937 1172 992 humano
1221 940 1418 1012 generi
1453 941 1728 1012 placeant,
1766 941 1910 996 nihil

257 1029 460 1101 magis
489 1029 872 1086 delectabilius
903 1031 974 1086 ab
999 1032 1156 1087 omni
1191 1033 1422 1090 homine
1451 1051 1621 1107 quam
1657 1035 1910 1090 studium

257 1123 540 1179 humanae
583 1123 769 1180 laudis
806 1125 1112 1197 appetitur.
1150 1129 1218 1183 Et
1241 1128 1353 1183 alia
1384 1129 1615 1200 quidem
1651 1131 1908 1202 quamvis

259 1218 668 1274 ardentissima
710 1219 1032 1292 cupiditatis
1079 1221 1384 1278 ambitione
1430 1228 1563 1278 sunt
1603 1225 1904 1296 acquisita;

259 1315 466 1367 tamen
507 1317 802 1384 postquam
858 1313 1056 1369 haberi
1097 1314 1367 1386 eruperint
1406 1316 1531 1388 ipso
1580 1318 1908 1388 quotidiano

259 1405 360 1459 sui
383 1421 491 1460 usu
525 1407 785 1478 quamvis
817 1423 1025 1480 magna
1053 1408 1185 1478 sint,
1217 1409 1485 1465 continuo
1518 1411 1903 1468 fastidiuntur.

260 1501 340 1554 At
365 1515 500 1554 vero
527 1499 698 1556 inane
717 1501 827 1556 hoc
851 1518 1005 1557 canae
1029 1503 1218 1572 glor‘ice
1246 1503 1588 1559 desiderium
1617 1508 1772 1561 tanto
1791 1523 1906 1561 am-

257 1592 422 1664 plius
443 1593 742 1664 quaeritur,
765 1601 978 1667 quanto
1005 1597 1251 1668 amplius
1277 1597 1572 1653 inventum
1599 1604 1717 1655 est:
1741 1601 1818 1656 ita
1840 1604 1907 1656 ut

256 1685 411 1740 nihil
439 1703 510 1742 ex
535 1687 694 1742 omni
711 1705 882 1760 opere
909 1689 1036 1762 plus
1055 1691 1229 1746 homo
1253 1693 1446 1764 cupiat
1467 1711 1640 1766 quam
1658 1695 1906 1764 laudari;

2013 484 2176 523 suam
2201 485 2273 523 ex
2296 469 2481 524 aliena
2507 469 2779 542 opinione
2807 469 3134 542 suspendit;
3175 476 3233 527 et
3266 489 3399 528 cum
3435 473 3646 531 dicitur

2012 561 2227 632 beatus,
2260 563 2616 635 magniﬁcus,
2649 568 2870 637 potens,
2899 581 3018 620 non
3049 565 3184 636 quia
3229 567 3308 622 ita
3344 573 3429 624 est
3467 568 3536 624 de
3560 585 3640 641 se,

2013 657 2109 712 sed
2135 657 2268 728 quia
2295 656 2374 711 ita
2398 657 2604 714 dicitur
2628 659 2824 714 credit.
2857 660 2971 713 Hoc
2998 658 3151 714 enim
3171 665 3256 716 est
3281 662 3644 719 mortiferum

2013 750 2156 806 illud
2182 751 2380 806 vitium
2399 751 2468 806 de
2499 768 2614 823 quo
2641 753 2914 808 Dominus
2945 753 3005 808 in
3040 753 3338 826 Evangelio
3366 756 3443 812 ita
3465 757 3645 829 loqui-

2010 847 2106 899 tur
2141 845 2211 900 ad
2254 845 2475 900 Judteos
2515 865 2529 900 :
2576 847 2864 913 Quomodo,
2891 847 3101 919 inquit,
3140 864 3232 904 vos
3268 853 3490 920 potestis
3527 868 3640 908 ενοι
3685 916 3694 932 Ι

2010 938 2155 1000 dere,
2183 941 2281 1008 qui
2302 939 2532 1006 gloriam
2555 940 2624 993 ab
2645 941 2871 994 invicem
2895 943 3160 1010 accipitis,
3189 947 3241 998 et
3261 944 3493 1010 gloriam
3521 961 3642 1016 quia

2010 1033 2178 1087 asolo
2209 1037 2314 1088 Deo
2353 1037 2430 1089 est
2467 1049 2573 1088 non
2614 1035 2858 1104 quamtis
2897 1033 3067 1103 (Joan.
3111 1052 3165 1104 v,
3211 1037 3340 1107 44)?
3383 1037 3641 1096 Ostendit

2009 1125 2162 1180 enim
2188 1126 2478 1194 Dominus,
2507 1126 2640 1198 quia
2669 1126 2926 1198 quisquis
2949 1127 3019 1180 ab
3044 1127 3370 1184 hominibus
3400 1131 3641 1202 gloriam

2009 1219 2213 1290 quaerit
2235 1237 2269 1274 a
2297 1221 2406 1275 Deo
2429 1236 2546 1275 non
2579 1220 2748 1275 habet
2772 1221 2923 1292 quod
2951 1225 3252 1292 exspectet.
3279 1223 3434 1278 Unde
3467 1225 3641 1280 etiam

2008 1311 2152 1367 illud
2188 1313 2256 1368 de
2293 1313 2603 1385 hypocritis
2639 1315 3056 1386 eleemosynam
3094 1315 3425 1371 facientibus
3459 1318 3592 1374 dicit
3623 1336 3638 1374 :

2005 1406 2132 1460 Ideo
2161 1407 2257 1461 hoc
2279 1409 2514 1475 faciunt,
2542 1413 2603 1462 ut
2625 1409 2994 1478 gloriﬁcentur
3022 1409 3091 1462 ab
3117 1409 3435 1465 hominibus.
3463 1411 3638 1467 Amen

2006 1499 2124 1553 dico
2157 1501 2304 1554 vobis
2349 1503 2479 1570 quia
2532 1507 2846 1572 receperunt
2896 1502 3188 1556 mercedem
3236 1518 3392 1558 suam
3429 1503 3639 1574 (Matth.

2004 1607 2077 1662 vr,
2129 1595 2215 1664 2);
2269 1593 2326 1648 id
2382 1599 2487 1664 est,
2538 1595 2764 1650 laudem
2817 1595 3130 1649 humanam
3179 1595 3532 1653 solummodo
3583 1598 3643 1653 in

2005 1686 2286 1755 praesenti.
2320 1689 2524 1743 Paulus
2551 1705 2775 1760 quoque
2804 1689 3099 1760 Apostolus
3126 1705 3228 1744 nos
3265 1695 3460 1746 monet
3486 1709 3500 1746 :
3529 1695 3642 1751 No-

259 1794 368 1834 nec
396 1779 556 1835 aliud
583 1781 798 1852 aliquid
836 1782 1051 1854 gratius
1079 1784 1184 1840 sibi
1217 1763 1505 1842 existimet
1527 1787 1706 1858 reddi,
1735 1763 1982 1860 quamB
2009 1779 2120 1841 lite,
2166 1779 2372 1851 inquit,
2415 1783 2536 1851 ﬁeri
2571 1783 2755 1836 inanis
2793 1783 2980 1848 gloria:
3019 1783 3208 1850 cupidi
3251 1781 3394 1855 (Gal.
3435 1801 3486 1840 v.
3528 1787 3639 1858 26).

261 1871 311 1928 si
335 1873 468 1946 quis
505 1873 675 1930 illum
701 1875 861 1947 quasi
887 1876 1196 1948 gloriosum
1232 1879 1405 1936 fuerit
1429 1881 1761 1936 admiratus.
1793 1883 1905 1937 Hoc

261 1983 405 2039 ergo
433 1983 619 2039 reges,
649 1969 756 2024 hoc
773 1969 1014 2042 judices,
1035 1971 1141 2027 hoc
1173 1973 1397 2044 urbani,
1427 1974 1536 2029 hoc
1561 1974 1774 2045 rustici,
1798 1975 1907 2030 hoc

259 2061 388 2131 viri,
432 2061 544 2116 hoc
585 2062 832 2132 feminae,
869 2065 1071 2136 pueri,
1125 2066 1524 2133 adolescentes,
1571 2067 1809 2139 juvenes
1849 2073 1907 2126 et

263 2170 428 2210 senes
454 2155 569 2210 hoc
596 2156 874 2212 ambiunt.
907 2158 1114 2214 Omnes
1153 2159 1373 2216 laudari
1397 2161 1613 2231 volunt,
1652 2163 1906 2233 quamvis

261 2247 401 2304 false
439 2248 766 2305 laudentur.
794 2251 934 2306 Nam
959 2253 1118 2324 pueri
1145 2253 1570 2310 adolescentum
1602 2255 1710 2310 sibi
1739 2255 1901 2328 inge-

261 2341 428 2398 nium
451 2342 761 2412 vindicant,
788 2343 1168 2402 adolescentes
1199 2347 1478 2418 juvenum
1508 2349 1566 2403 in
1592 2365 1650 2403 se
1676 2349 1899 2405 fortitu-

263 2435 459 2491 dinem
492 2437 870 2508 mentiuntur,
894 2439 1132 2509 juvenes
1158 2456 1360 2496 senum
1397 2441 1503 2496 sibi
1543 2443 1904 2514 prudentiam

262 2529 556 2584 ascribunt
595 2547 610 2584 :
649 2546 831 2601 senes,
871 2533 1004 2604 quia
1052 2533 1290 2589 ulterius
1341 2533 1424 2590 ire
1477 2552 1593 2590 non
1642 2541 1900 2607 possunt,

263 2622 570 2678 redeuntes
596 2628 769 2696 retro,
801 2626 1040 2697 gloriam
1065 2627 1173 2682 sibi
1201 2627 1440 2700 exigunt
1463 2629 1532 2684 de
1570 2631 1899 2698 transactis;

259 2716 501 2771 feminea
522 2718 779 2788 quamvis
803 2735 944 2775 sexu
970 2736 1088 2776 non
1117 2727 1374 2792 possunt,
1403 2723 1596 2777 animo
1627 2739 1685 2778 se
1711 2728 1902 2802 tamen

258 2810 549 2865 virilitatis
583 2811 898 2882 extollunt;
948 2815 1142 2870 rustici
1177 2815 1423 2870 urbanos
1461 2817 1643 2871 videri
1679 2833 1736 2871 se
1783 2833 1905 2888 ges-

261 2903 441 2972 tiunt;
464 2905 691 2976 judices
731 2907 836 2960 hoc
861 2907 969 2962 sibi
1007 2913 1271 2980 quaerunt
1291 2909 1521 2976 deferri,
1555 2911 1706 2982 quod
1745 2911 1900 2982 regi-

259 2995 398 3066 bus;
427 3014 596 3070 reges
620 2999 725 3054 hoc
745 3016 803 3055 se
829 3001 1111 3058 somniant
1127 3019 1310 3074 posse,
1339 3004 1490 3074 quod
1527 3005 1694 3059 Deus.
1719 3006 1901 3076 Atque

257 3090 334 3146 ita
368 3091 514 3146 dum
549 3093 763 3166 singuli
797 3112 856 3151 se
901 3095 1030 3168 plus
1069 3097 1270 3151 volunt
1308 3097 1490 3152 videri
1535 3113 1708 3168 quam
1745 3101 1897 3166 sunt,

262 3185 514 3256 gloriam
540 3186 722 3243 laudis
751 3206 878 3260 qua:
905 3189 1010 3244 soli
1037 3191 1149 3245 Deo
1176 3190 1452 3246 veraciter
1475 3191 1713 3246 debetur
1731 3191 1903 3247 hosti-

258 3277 395 3334 liter
417 3279 732 3352 deprzedati
751 3287 902 3338 sunt.
925 3285 995 3338 Et
1020 3285 1175 3355 quod
1193 3285 1262 3340 ad
1290 3301 1579 3340 summum
1603 3285 1760 3340 nefas
1778 3301 1905 3358 per-

259 3372 424 3442 tinet,
457 3374 596 3428 hinc
623 3375 764 3431 illud
789 3377 1150 3449 sacrilegium
1187 3379 1445 3434 exoritur
1481 3378 1900 3450 blasphemum,

259 3471 324 3521 ut
361 3467 504 3538 quia
543 3471 733 3524 totum
766 3471 921 3542 quod
958 3471 1140 3526 laudis
1173 3476 1258 3527 est
1292 3473 1468 3527 homo
1503 3473 1718 3544 diripit,
1758 3473 1903 3528 nihil

260 3560 414 3615 aliud
455 3561 572 3616 Deo
595 3561 708 3616 nisi
744 3564 865 3618 sola
888 3565 1232 3636 vituperatio
1271 3565 1633 3638 relinquitur.
1662 3567 1906 3622 Excessit

259 3669 562 3710 mensuras
585 3672 715 3711 suas
744 3673 925 3730 genus
953 3659 1293 3728 humanum,
1323 3661 1461 3715 dum
1486 3660 1776 3716 neminem
1809 3661 1901 3714 in-

260 3747 454 3802 venias
480 3748 582 3820 qui
609 3765 725 3804 non
748 3750 828 3806 ita
849 3752 1048 3806 mirari
1077 3769 1134 3808 se
1161 3753 1295 3808 velit
1319 3757 1382 3808 ut
1409 3754 1573 3808 Deus.
1604 3753 1737 3818 Quis
1765 3769 1902 3825 ergo

261 3839 474 3895 modus
509 3845 698 3912 potest
739 3859 858 3899 esse
901 3845 1128 3913 talibus,
1157 3863 1191 3900 a
1232 3845 1439 3918 quibus
1477 3849 1535 3901 et
1571 3847 1776 3902 coelum
1821 3852 1905 3902 est

259 3934 639 4006 pignoratum
677 3937 750 3992 ad
788 3938 954 4009 cujus
999 3939 1357 3995 altitudinem
1406 3939 1512 3994 nisi
1561 3941 1688 4012 quis
1732 3941 1905 3996 fuerit

260 4026 526 4098 humilis,
551 4045 670 4084 non
696 4030 967 4104 attingit?

338 4122 432 4177 ΙΙΙ.
461 4122 557 4177 His
575 4128 767 4180 autem
787 4141 821 4179 a
844 4125 1052 4197 quibus
1071 4125 1129 4182 id
1146 4127 1297 4198 quod
1317 4143 1628 4198 supernum
1645 4132 1728 4184 est
1747 4144 1906 4184 usur-

252 4219 453 4288 patur,
487 4218 549 4270 ut
573 4217 719 4272 mihi
735 4217 975 4288 videtur,
999 4219 1146 4274 nihil
1165 4219 1318 4275 aliud
1344 4225 1600 4276 remanet
1623 4237 1798 4292 quam
1822 4221 1906 4276 in-

252 4308 516 4365 fernum.
569 4309 690 4366 Non
741 4310 895 4366 enim
960 4312 1170 4369 habent
1217 4330 1330 4385 quo
1379 4315 1719 4384 ascendant;
1771 4314 1906 4386 quia

254 4418 498 4475 semper
518 4404 891 4475 ascendendo,
923 4406 1031 4460 hoc
1059 4406 1171 4460 illis
1196 4411 1420 4463 tantum
1451 4412 1725 4479 superest,
1753 4408 1905 4480 quod

2004 1872 2238 1928 Inanem
2279 1874 2568 1946 appellans
2613 1873 2854 1946 gloriam
2907 1891 3080 1946 quam
3121 1875 3339 1932 fenerat
3385 1878 3642 1935 mendice

2004 1966 2318 2022 mendicus.
2365 1969 2597 2023 lnanem
2640 1969 2832 2023 dicens
2878 1973 2934 2023 et
2979 1985 3213 2024 vacuam
3258 1987 3370 2040 qua
3417 1971 3462 2026 si
3503 1972 3641 2044 quid

2003 2058 2138 2113 boni
2170 2061 2380 2131 agitur,
2409 2061 2546 2116 dum
2585 2061 2690 2116 sibi
2734 2061 2906 2116 homo
2943 2062 3162 2132 tribuit,
3201 2063 3458 2120 omnium
3480 2065 3638 2121 labo-

2004 2168 2132 2206 rum
2160 2153 2376 2210 fructus
2402 2158 2652 2210 evacuat.

2073 2247 2158 2301 IV.
2217 2248 2326 2303 Nec
2381 2249 2563 2304 solum
2613 2249 2817 2304 merita
2873 2249 3150 2306 virtutum
3219 2251 3486 2323 excludit,
3537 2252 3635 2308 sed

2005 2339 2173 2394 etiam
2217 2358 2347 2396 reus
2381 2343 2625 2400 efﬁcitur
2649 2344 2847 2398 aeterni
2877 2344 3133 2416 supplicii
3163 2361 3177 2398 :
3205 2345 3336 2416 quia
3363 2363 3506 2418 opus
3532 2338 3649 2402 bo-'

2003 2450 2144 2488 num
2185 2437 2336 2506 quod
2365 2437 2602 2492 obtentu
2621 2437 2876 2508 jubentis
2911 2438 3006 2492 Dei
3031 2437 3228 2494 debuit
3249 2439 3516 2508 exerceri,
3544 2458 3638 2496 ac-

2003 2528 2294 2599 quirendae
2313 2529 2496 2585 laudis
2518 2531 2699 2602 gratia
2719 2535 3066 2587 exerceatur.
3086 2533 3236 2587 Tolle
3251 2532 3487 2601 favores,
3503 2535 3639 2590 tolle

2001 2621 2399 2679 admirationes
2441 2625 2740 2696 humanas,
2774 2642 2982 2696 paucos
3011 2626 3266 2680 invenies
3291 2627 3392 2698 qui
3424 2627 3639 2700 aliquid

2001 2714 2134 2768 boni
2169 2720 2267 2770 aut
2304 2734 2497 2772 amore
2541 2719 2658 2787 Dei,
2699 2722 2798 2772 aut
2847 2718 2912 2788 (si
2939 2719 3030 2772 hic
3071 2735 3187 2772 non
3225 2719 3413 2790 fuerit)
3439 2720 3641 2776 timore

2001 2808 2314 2878 perficiant.
2354 2811 2509 2865 Unde
2547 2827 2663 2864 non
2693 2811 2868 2864 levior
2896 2827 3000 2864 nos
3027 2810 3209 2882 Iculpa
3245 2814 3636 2882 commaculet,

2001 2901 2134 2972 quia
2161 2903 2420 2958 homines
2444 2905 2578 2976 Deo,
2601 2908 2657 2959 et
2698 2903 2936 2976 gloriam
2966 2904 3280 2960 humanam
3315 2906 3508 2976 gloriae
3533 2925 3640 2964 eteo

2001 2996 2128 3051 lesti
2180 2997 2585 3068 prmponimus.
2628 3000 2836 3053 Acutus
2881 2997 3050 3052 nimis
3101 2998 3194 3052 hic
3244 2998 3502 3055 elationis
3555 3006 3642 3057 est

2002 3091 2233 3145 morbus
2265 3110 2278 3146 :
2310 3107 2379 3146 ex
2411 3095 2654 3164 utraque
2699 3095 2860 3164 parte
2905 3091 3214 3162 pestiferat,
3271 3109 3336 3146 ac
3385 3093 3640 3150 incautos

2003 3185 2307 3240 exulcerat.
2352 3187 2491 3239 Nam
2518 3185 2614 3240 alii
2649 3184 2776 3255 sibi,
2805 3185 2938 3257 quia
2974 3185 3109 3240 boni
3146 3191 3319 3241 sunt:
3351 3187 3472 3258 alii,
3507 3189 3640 3260 quia

2003 3279 2139 3334 mali
2177 3283 2328 3347 sunt,
2364 3279 2698 3350 gloriantur.
2740 3279 2846 3334 Sed
2890 3279 2958 3334 de
2991 3279 3154 3334 bonis
3192 3279 3351 3335 elatis
3387 3281 3636 3338 dicitur:

2004 3373 2268 3438 Quoniam
2304 3376 2446 3428 Deus
2483 3375 2774 3443 dissipavit
2805 3388 2929 3428 ossa
2963 3373 3238 3428 hominum
3273 3375 3381 3429 sibi
3409 3376 3634 3444 placen-

2003 3468 2139 3521 tium
2191 3465 2296 3536 (Ps.
2345 3483 2440 3534 ιιι,
2482 3467 2555 3536 6).
2602 3467 2678 3520 De
2731 3466 2898 3520 malis
2941 3482 3074 3521 vero
3125 3466 3333 3521 inﬂatis
3385 3469 3632 3524 dicitur:

2005 3561 2268 3626 Quoniam
2296 3559 2561 3614 laudatur
2579 3564 2826 3629 peccator
2845 3561 2902 3613 in
2921 3559 3201 3615 desideriis
3217 3563 3416 3616 anima:
3433 3576 3564 3625 suae,
3588 3566 3640 3618 et

2003 3655 2100 3723 qui
2135 3654 2330 3722 iniqua
2366 3655 2506 3720 gerit
2543 3652 2872 3708 benedicitur
2896 3653 3002 3724 (Ps.
3032 3669 3102 3722 x;
3138 3668 3237 3708 sec.
3269 3655 3401 3710 Heb.
3440 3654 3541 3726 In).
3573 3656 3641 3711 Et

2002 3745 2142 3800 illud
2169 3745 2538 3818 apostolicum
2583 3762 2598 3801 :
2641 3747 2876 3814 Quorum
2914 3747 3044 3802 deus
3075 3751 3277 3812 venter,
3305 3752 3357 3804 et
3381 3750 3556 3819 gloria
3581 3752 3639 3805 in

2003 3841 2361 3906 confusionem
2390 3841 2650 3911 (Philipp.
2677 3856 2760 3910 ιιι,
2796 3841 2901 3911 19).

2073 3933 2137 3988 V.
2170 3933 2384 4004 Ubique
2425 3933 2579 3988 enim
2623 3933 2731 3988 hoc
2760 3932 3044 4002 jactantiaz
3086 3933 3290 3990 vitium
3340 3935 3534 4007 serpit,
3583 3940 3641 3992 et

2003 4042 2132 4082 suas
2167 4025 2470 4098 utrobique
2515 4031 2705 4098 partes
2749 4031 2993 4082 exercet.
3043 4027 3152 4084 Sed
3186 4029 3234 4082 si
3268 4027 3394 4083 illos
3437 4029 3537 4100 qui
3574 4029 3637 4086 in

2001 4119 2163 4174 bonis
2187 4120 2452 4191 operibus
2475 4119 2727 4175 viventes
2755 4119 3067 4175 humanam
3097 4122 3335 4193 gloriam
3357 4137 3640 4194 aucupan-

2004 4217 2118 4283 tur,
2144 4213 2446 4269 auctoritas
2471 4214 2660 4270 divina
2685 4215 3043 4282 condemnat,
3073 4231 3140 4270 eo
3166 4217 3316 4288 quod
3344 4233 3400 4271 se
3427 4216 3488 4270 in
3521 4217 3636 4270 illis

2003 4307 2188 4380 magis
2216 4308 2516 4364 voluerunt
2544 4309 2763 4364 laudari
2798 4325 2974 4380 quam
2995 4310 3206 4378 Deum;
3239 4309 3376 4381 quid
3419 4309 3488 4364 de
3525 4309 3636 4364 illis

2003 4401 2100 4457 ﬁet
2124 4401 2223 4473 qui
2250 4405 2306 4457 et
2334 4404 2482 4458 male
2509 4403 2703 4458 vivunt
2731 4406 2788 4457 et
2806 4406 2996 4456 tamen
3021 4402 3244 4456 laudari
3264 4403 3504 4458 volunt?
3525 4403 3638 4475 Ipsi

254 4495 633 4552 descendant.
660 4497 869 4554 Omnes
895 4499 1050 4554 enim
1071 4501 1143 4556 ad
1163 4500 1423 4572 gloriam,
1443 4517 1548 4557 nec
1573 4505 1764 4556 tamen
1791 4519 1904 4557 una
1921 4513 1981 4586 D
2004 4495 2377 4551 considerent.
2402 4495 2598 4551 Nullus
2622 4495 2804 4566 igitur
2829 4511 2987 4550 vanae
3015 4495 3210 4566 gloriae
3234 4496 3362 4552 ﬁnis
3388 4500 3472 4552 est
3493 4513 3506 4552 :
3529 4513 3636 4553 nec

254 4589 356 4645 via
377 4595 756 4661 concurrunt;
785 4592 884 4647 alii
901 4593 1057 4648 enim
1084 4593 1154 4649 de
1178 4595 1422 4666 acceptis
1447 4595 1763 4651 honoribus
1789 4596 1905 4653 lau-

254 4684 398 4740 dem
445 4684 704 4755 cupiunt,
757 4685 856 4741 alii
901 4687 972 4742 de
1015 4687 1258 4758 relictis;
1302 4689 1534 4760 quidam
1569 4706 1709 4744 auro
1747 4691 1902 4758 elati,

251 4777 505 4851 quidam
528 4794 719 4848 panno
746 4779 1017 4835 vilissimo
1051 4781 1400 4852 gloriantur;
1433 4783 1574 4839 alius
1599 4783 1732 4855 quia
1759 4784 1901 4839 deli~

254 4873 411 4926 ciose
439 4869 580 4925 vivit
615 4872 838 4943 placere
865 4873 1003 4942 vult,
1029 4874 1172 4930 alius
1209 4875 1345 4948 quia
1378 4891 1574 4947 parce;
1612 4880 1902 4948 postremo

250 4967 406 5023 alter
443 4963 620 5036 vitiis,
647 4967 791 5022 alter
833 4967 1153 5025 virtutibus.
1195 4970 1404 5024 Omnes
1443 4969 1658 5042 ubique
1693 4970 1902 5026 famam

252 5075 426 5115 suam
458 5075 775 5132 prorogare
803 5061 1153 5118 contendunt
1185 5079 1198 5117 :
1227 5066 1284 5118 et
1299 5062 1429 5118 ideo
1461 5061 1792 5118 difﬁcillima
1820 5068 1904 5119 est

252 5152 437 5224 hujus
455 5153 748 5222 jac-tentia:
776 5156 1014 5222 curatio,
1047 5156 1180 5226 quia
1206 5173 1326 5212 non
1349 5157 1497 5212 vitiis
1521 5161 1763 5226 tantum,
1806 5157 1904 5212 sed

251 5247 437 5302 etiam
485 5247 792 5303 virtutibus
835 5265 893 5303 se
919 5249 1218 5306 immiscet.
1267 5251 1377 5306 Nec
1421 5250 1574 5306 enim
1625 5249 1904 5321 permittit

252 5341 564 5397 hominem
600 5342 780 5413 qualis
804 5343 877 5398 sit
900 5359 934 5396 a
961 5344 1258 5415 semetipso
1282 5344 1574 5416 dignosci;
1605 5343 1738 5416 quia
1765 5343 1904 5399 dum

251 5435 529 5491 laudibus
562 5436 762 5490 alienis
807 5437 1110 5509 adgaudet,
1159 5439 1280 5509 ejus
1329 5438 1592 5493 exultatio
1645 5437 1904 5510 sequitur

257 5528 565 5600 gaudium,
601 5530 1001 5586 exultationem
1039 5547 1174 5586 vero
1212 5536 1406 5588 tumor
1442 5537 1500 5587 et
1536 5531 1713 5586 nimia
1751 5532 1900 5587 msti-

255 5623 438 5680 matio
475 5623 586 5691 sui,
615 5623 745 5696 plus
770 5625 1050 5697 siquidem
1079 5625 1142 5682 in
1168 5643 1227 5682 se
1261 5627 1504 5682 aestimat
1541 5643 1712 5699 quam
1748 5626 1903 5699 quod

253 5717 437 5776 videt.
463 5720 652 5792 Atque
675 5717 753 5776 ita
785 5719 852 5778 fit
875 5724 943 5777 ut
974 5735 1092 5778 non
1126 5724 1351 5779 tantum
1375 5721 1556 5779 aliena
1577 5721 1901 5779 adulatione

258 5813 444 5874 vitans
491 5812 712 5892 miseri,
757 5814 856 5876 sed
893 5815 1065 5879 etiam
1094 5819 1326 5876 nostra:
1356 5833 1490 5882 nam
1530 5815 1670 5882 dum
1707 5815 1902 5877 nullus

2003 4590 2186 4646 solum
2213 4606 2278 4644 ea
2307 4604 2433 4660 quae
2461 4593 2618 4661 gesta
2643 4592 2776 4643 sunt
2799 4589 3060 4661 requirit,
3088 4591 3184 4646 sed
3210 4591 3382 4646 etiam
3407 4608 3475 4646 ea
3507 4607 3636 4664 qum

2006 4683 2253 4756 gerenda
2279 4687 2413 4739 sunt
2438 4682 2738 4739 antecedit.
2770 4684 2910 4738 Nam
2938 4682 2986 4737 si
3019 4683 3155 4755 quid
3188 4683 3324 4740 boni
3353 4685 3537 4757 operis
3563 4685 3634 4741 ab

2002 4777 2192 4849 aliquo
2219 4776 2562 4833 destinatum
2585 4781 2689 4848 est,
2713 4777 2984 4833 continuo
3003 4779 3123 4833 haec
3143 4779 3366 4849 alludit;
3389 4783 3446 4834 et
3463 4792 3638 4851 quan-

2001 4875 2127 4927 tum
2153 4888 2223 4926 ex
2259 4887 2325 4926 eo
2353 4870 2702 4926 admirabilis
2736 4871 2834 4926 ﬁat
2867 4871 3104 4942 caeteris,
3125 4871 3246 4942 jam
3274 4873 3550 4944 depingit.
3579 4873 3636 4930 Si

2002 4965 2218 5036 aliquid
2255 4969 2407 5020 recte
2441 4965 2716 5036 quosdam
2751 4965 2950 5021 docere
2979 4964 3241 5036 voluerit,
3277 4965 3433 5036 prius
3461 4982 3636 5038 quam
3739 4978 3747 4988 ‘

2002 5059 2072 5114 ab
2093 5057 2217 5113 aliis
2236 5058 2489 5114 eruditus
2515 5064 2614 5115 aut
2639 5058 3129 5130 eloquentissimus
3153 5059 3490 5132 appelletur,
3512 5060 3636 5132 jam

2003 5153 2110 5208 hoc
2137 5152 2443 5224 praemissae
2469 5152 2800 5224 suspicionis
2828 5152 3196 5209 delectatione
3222 5170 3386 5208 aures
3423 5154 3633 5226 depru-

2001 5247 2158 5302 riunt
2190 5245 2407 5302 audire.
2437 5246 2494 5302 Si
2531 5245 2750 5318 quoties
2779 5247 3088 5318 aliquando
3125 5247 3407 5320 dirigatur
3437 5249 3638 5305 littera

2002 5340 2072 5395 ad
2097 5340 2362 5410 amicum,
2391 5339 2550 5411 prius
2585 5357 2758 5412 quam
2797 5341 3272 5411 transmittantur,
3301 5346 3399 5398 aut
3422 5342 3484 5398 in
3511 5359 3636 5398 mae

2001 5450 2110 5489 nus
2137 5434 2184 5505 ej
2195 5451 2258 5488 us
2284 5433 2377 5488 cui
2405 5438 2540 5489 sunt
2559 5434 2781 5506 scriptm
2800 5435 3152 5506 perveniant,
3176 5441 3458 5506 quantum
3477 5435 3536 5492 in
3557 5438 3640 5492 eis

2001 5529 2153 5600 apud
2194 5528 2359 5583 illum
2395 5528 2750 5584 doctissimus
2786 5529 3062 5600 videatur,
3109 5535 3502 5603 quantumque
3551 5529 3636 5584 illi

2001 5622 2388 5678 admirationis
2407 5639 2512 5696 per
2535 5623 2797 5696 quaedam
2824 5623 3064 5680 dictatus
3092 5623 3181 5679 sui
3205 5624 3328 5680 loca
3352 5626 3634 5690 nascatur,

2001 5717 2189 5790 sagaci
2203 5717 2450 5792 quodam
2469 5717 2976 5777 commendationis
2991 5735 3107 5775 suae
3126 5717 3466 5792 cogitamine
3482 5731 3634 5790 prta-

2002 5811 2232 5872 divinat.
2289 5813 2346 5872 Si
2395 5812 2564 5872 alicui
2616 5812 2674 5872 in
2725 5813 2847 5874 loco
2895 5811 3238 5872 necessitatis
3295 5809 3640 5890 beneﬁcium
