4044 6196
405 277 472 332 35
1753 262 2028 323 MARTINI
2068 265 2428 323 DUMIEMSIS
3699 271 3774 324 36

403 484 682 553 quantum
698 495 768 533 ex
790 494 856 534 eo
873 476 1156 548 benignus
1173 471 1434 528 omnibus
1449 473 1548 524 aut
1566 469 2036 541 largientissimus

403 575 682 642 videatur,
715 571 808 628 hic
835 571 934 644 qui
963 571 1194 625 daturus
1223 569 1308 620 est
1332 563 1584 620 metitur.
1613 563 1768 619 Miles
1795 564 2036 634 denique

403 667 526 741 ipse
556 665 796 738 sumptis
821 663 993 719 armis
1017 659 1206 732 pergit
1231 659 1302 714 ad
1327 657 1591 730 praelium
1605 675 1620 727 ;
1653 657 1791 712 dum
1825 658 2030 728 adhuc,

406 763 499 818 cui
541 761 702 817 cedat
738 756 987 825 victoria,
1018 754 1286 823 nescitur,
1333 756 1682 824 praesumpta
1727 751 1832 806 sibi
1869 751 2032 806 forti-

403 855 616 911 tudinis
651 849 1006 922 arrogantia,
1039 848 1118 903 ita
1152 845 1464 918 typhosus,
1507 845 1667 917 quasi
1699 845 1820 916 jam
1858 845 2036 900 victor

403 949 739 1021 ingreditur.
791 941 1060 999 Praeludit
1099 958 1236 1013 ergo
1273 939 1436 995 elatio
1481 939 1542 994 in
1579 939 1939 1010 quibusdam,
1978 942 2036 994 et

405 1043 558 1098 velut
571 1041 686 1094 dux
701 1037 962 1110 quaedam
979 1035 1174 1090 suadet
1187 1034 1470 1090 omnibus.
1490 1034 1599 1087 Nec
1617 1033 1798 1087 solum
1811 1032 2035 1104 magnis

405 1136 500 1190 dat
539 1133 816 1200 animum,
854 1131 952 1186 sed
991 1134 1047 1184 et
1084 1129 1290 1202 parvis.
1329 1129 1470 1182 Nam
1502 1124 1574 1181 'in
1613 1127 1810 1198 quovis
1850 1114 2043 1199 operis

404 1233 610 1284 conatu
649 1227 736 1282 vel
777 1225 1063 1297 ponderis,
1097 1221 1352 1294 quamvis
1385 1221 1697 1275 invalidum
1737 1237 1871 1276 mox
1910 1221 2037 1274 Ian.-

403 1321 640 1392 daveris,
670 1320 801 1392 plus
825 1318 1052 1373 valebit.
1083 1316 1137 1372 Si
1173 1333 1379 1388 parum
1413 1313 1677 1386 ponderis
1715 1317 2036 1386 portantem

402 1415 563 1488 quasi
597 1414 906 1470 admiratus
941 1411 1134 1481 fueris,
1166 1410 1368 1482 majori
1407 1409 1741 1464 succumbit.
1773 1408 1830 1464 Si
1869 1409 2036 1480 pigro

405 1509 614 1566 dixeris
649 1509 782 1581 quia
808 1508 970 1563 velox
1017 1509 1120 1574 est,
1147 1504 1417 1560 continuo
1460 1501 1719 1558 evolabit.
1749 1503 2037 1556 Postremo

405 1608 461 1662 et
485 1603 577 1659 cui
596 1603 741 1658 vires
757 1618 901 1657 vana
929 1599 1106 1672 gloria
1129 1599 1262 1654 dare
1281 1615 1398 1653 non
1421 1597 1625 1669 potuit,
1645 1596 1732 1650 vel
1757 1595 2035 1668 impetum

405 1695 800 1754 commodavit.
823 1697 1015 1766 Itaque
1033 1709 1170 1765 ergo
1191 1691 1452 1764 quaedam
1467 1689 1753 1763 praecedit,
1773 1689 2035 1761 quaedam

287 410 293 415 ι
403 389 668 459 prompte
695 385 1020 456 praestetur,
1045 383 1346 452 antequam
1372 375 1628 446 accipiat,
1657 375 1756 446 qui
1797 375 2030 446 praebet,
2056 387 2116 460 Α
2135 375 2392 446 sequitur
2422 392 2435 428 :
2468 377 2529 429 ut
2557 373 2666 428 nisi
2700 373 2826 446 quis
2849 373 3005 428 illam
3038 373 3098 428 in
3134 372 3292 429 omni
3325 389 3495 445 opere
3523 365 3632 430 suo.
3653 376 3774 431 cir-

2137 473 2454 540 cumspecte
2495 467 2804 539 provideat,
2840 467 2988 522 nihil
3023 468 3132 523 Deo
3163 483 3232 524 ex
3267 469 3424 524 omni
3449 485 3618 540 opere
3645 471 3776 542 ejus

2135 561 2279 617 nihil
2313 561 2592 634 proximo,
2629 562 2772 617 nihil
2816 561 3062 634 denique
3105 561 3290 618 eidem
3327 562 3436 634 ipsi
3478 564 3770 636 proﬁciat;

2137 657 2232 728 sed
2261 656 2414 711 velut
2447 655 2642 710 infelix
2667 654 3035 726 mancipium,
3067 656 3172 711 sub
3200 673 3341 712 aura
3369 657 3597 712 domina
3623 675 3771 730 qua-

2137 749 2342 806 tumvis
2367 750 2722 819 laboraverit,
2755 753 2944 804 tamen
2970 767 3194 822 semper
3218 755 3304 806 est
3326 734 3569 806 nudum.

2207 845 2294 900 Vl.
2326 844 2432 899 Sed
2467 843 2616 899 dicet
2649 841 2796 898 mihi
2833 842 3036 916 aliquis
3065 862 3080 898 :
3111 845 3258 916 Ergo
3295 844 3440 899 nihil
3476 845 3764 916 charitati,

2134 937 2278 993 nihil
2311 937 2730 1006 misericordiae,
2774 937 2919 992 nihil
2958 941 3242 1009 postremo
3277 938 3430 1010 quod
3468 939 3769 1010 gessimus,

2134 1032 2450 1104 cuicunque
2489 1031 2854 1104 deputabitur
2892 1031 3175 1087 bonitati?
3212 1033 3493 1088 Audacter
3529 1033 3712 1088 dicam
3749 1053 3766 1090 :

2133 1127 2298 1183 nihil.
2337 1126 2475 1192 Quia
2513 1125 2617 1180 soli
2654 1125 2916 1180 inanitati
2945 1142 3062 1180 suae
3096 1142 3239 1180 vana
3281 1125 3461 1198 gloria
3497 1125 3766 1198 vindicat,

2133 1221 2410 1294 quidquid
2437 1237 2550 1274 non
2578 1219 2864 1289 bonitatis,
2892 1221 2989 1276 sed
3015 1219 3138 1291 ejus
3162 1219 3403 1292 imperio
3431 1224 3517 1276 est
3541 1221 3768 1292 perfec-

2133 1318 2278 1370 tum.
2314 1314 2482 1368 Multa
2519 1317 2651 1368 sunt
2687 1330 2816 1385 quas
2851 1314 2920 1370 de
2966 1314 3072 1369 hac
3109 1314 3444 1386 contagione
3473 1315 3768 1386 dicantur;

2133 1408 2230 1464 sed
2280 1408 2417 1480 quia
2467 1407 2589 1478 jam
2651 1407 3012 1464 multiformis
3061 1407 3338 1464 subtilitas
3401 1409 3524 1481 ejus
3581 1414 3772 1481 potest

2135 1501 2376 1574 sapienti
2403 1501 2522 1556 viro
2548 1501 2637 1556 his
2673 1501 2866 1573 paucis
2897 1501 3126 1572 judiciis
3163 1503 3474 1574 perlucere,
3501 1501 3654 1558 nunc
3693 1503 3769 1560 ad

2133 1595 2352 1666 reliqua
2395 1599 2698 1666 transeam,
2735 1599 2793 1650 et
2831 1595 2969 1668 quid
3005 1595 3155 1651 aliud
3185 1597 3348 1670 pejus
3376 1614 3446 1652 ex
3475 1597 3582 1652 hoc
3617 1597 3773 1654 malo

2136 1693 2441 1761 generetur
2465 1689 2781 1762 expediam.

1556 2006 1988 2114 OPUSC
2000 2007 2160 2114 UL
2177 2005 2372 2113 UM
2436 2010 2615 2112 IV.

1401 2199 1655 2320 DE
1757 2198 2786 2319 SUPEBBIA.

475 2423 706 2490 [Qualis
733 2423 942 2479 electus
963 2421 1036 2478 sit
1071 2419 1334 2478 David‘in
1369 2421 1580 2494 populo
1622 2423 1720 2478 Dei
1755 2423 2110 2508 prOphetaB
2133 2439 2203 2478 ex
2228 2439 2372 2478 vana
2399 2422 2597 2494 gloria.
2635 2422 2776 2476 Cum
2809 2419 2984 2476 semel
3020 2419 3262 2476 aliorum
3294 2419 3766 2476 assentationibus

403 2524 460 2575 et
486 2534 607 2588 rex,
638 2523 959 2590 quantaque
985 2515 1384 2578 misericordia,
1412 2532 1651 2571 summa:
1679 2521 1734 2571 et
1775 2533 2035 2574 mansue-

401 2613 614 2668 tudinis
637 2611 809 2666 fuerit
833 2611 1104 2683 praeditus
1134 2609 1429 2682 dignitate,
1448 2616 1588 2682 puto
1615 2615 1690 2677 te,
1709 2610 2034 2667 charissima

402 2721 692 2762 sacrorum
707 2705 1064 2760 voluminum
1085 2703 1420 2758 testimoniis
1439 2703 1749 2776 agnovisse.
1777 2705 2035 2760 lntendat

403 2815 540 2872 ergo
567 2799 867 2872 prudentia
896 2803 1013 2863 tua,
1041 2798 1325 2870 quomodo
1354 2798 1449 2852 ille
1479 2799 1588 2852 Deo
1607 2797 1861 2869 placidus
1893 2796 2034 2870 [For-

400 2900 470 2962 te,
501 2891 756 2966 placitus]
781 2893 870 2946 vir
894 2891 1481 2962 huncnequissimum
1519 2907 1676 2945 vanae
1707 2892 1898 2962 gloriae
1925 2892 2034 2964 spi-

399 2987 596 3056 ritum,
624 3003 697 3041 ne
740 2985 847 3040 sibi
882 2985 1232 3056 subreperet,
1281 2984 1623 3039 formidavit.
1675 2985 2032 3056 Conspiciens

401 3079 554 3134 enim
584 3081 772 3151 qualia
805 3085 862 3134 et
896 3083 1107 3150 quanta
1132 3077 1280 3132 bona
1317 3077 1398 3132 illi
1435 3077 1684 3148 quotidie
1720 3078 1818 3132 Dei
1854 3079 2032 3150 gratia

400 3171 727 3244 largiretur,
748 3172 802 3228 id
821 3177 922 3240 est,
944 3177 1026 3228 tot
1043 3171 1298 3226 victorias
1317 3171 1786 3243 alienigenarum,
1815 3177 2030 3228 tantam

401 3266 725 3324 divitiarum
749 3266 1120 3336 afﬂuentiam,
1146 3265 1452 3321 vindictam
1488 3265 1547 3319 in
1585 3265 1825 3334 aemulis,
1856 3267 2029 3321 innu-

399 3361 780 3418 merositatem
820 3361 880 3415 in
905 3360 1136 3430 civibus,
1168 3359 1662 3415 mansuetudinem
1698 3359 1759 3414 in
1781 3359 2026 3431 judiciis,

399 3461 682 3529 postremo
712 3454 1072 3527 prophetiam
1104 3452 1347 3525 Spiritus
1373 3453 1550 3508 sancti
1583 3453 1644 3508 in
1679 3454 2032 3526 agnitionem

397 3550 657 3607 omnium
680 3549 1032 3616 futurorum;
1051 3553 1244 3604 tamen
1268 3563 1341 3602 ne
1368 3547 1534 3602 illum
1555 3547 1616 3602 in
1636 3547 1723 3602 his
1737 3548 1908 3602 tantis
1933 3548 2030 3604 bo-

396 3644 487 3700 nis
503 3644 692 3714 aliqua
708 3659 850 3696 vana
868 3642 1046 3714 gloria
1064 3657 1234 3696 usum
1253 3641 1479 3696 inﬂaret
1493 3641 1680 3711 elatio,
1703 3645 1826 3696 orat
1851 3642 2029 3698 Deum

397 3737 686 3806 attentius,
725 3735 916 3791 dicens
945 3753 960 3790 :
988 3736 1111 3792 Non
1143 3736 1328 3789 veniat
1364 3736 1498 3789 mihi
1523 3751 1622 3805 pes
1657 3736 1942 3806 superbiae,
1979 3742 2029 3792 et

2133 2517 2418 2572 consuevit
2441 2517 2634 2586 homo,
2661 2515 2813 2588 quod
2838 2531 3080 2586 magnus
3103 2514 3194 2584 sit,
3219 2530 3448 2570 necesse
3474 2518 3560 2569 est
3581 2519 3642 2568 ut
3659 2513 3768 2569 hoc

2133 2610 2239 2664 sibi
2258 2615 2315 2665 et
2331 2610 2450 2680 ipse
2478 2610 2811 2665 consentiat.
2834 2609 3016 2673 Quam
3034 2608 3321 2663 miseriam
3339 2607 3482 2664 illud
3508 2607 3658 2680 quod
3680 2610 3769 2663 est

2132 2703 2294 2775 pejus
2315 2704 2638 2774 assequitur
2669 2721 2682 2758 :
2705 2703 2837 2775 quia
2865 2701 3141 2774 quidquid
3167 2702 3322 2774 apud
3347 2719 3406 2757 se
3433 2702 3600 2763 etiam
3629 2717 3765 2772 pro-

2131 2797 2258 2868 prio
2283 2797 2606 2853 testimonio
2631 2797 2932 2866 roboravit,
2965 2787 3222 2867 quamvis
3259 2796 3461 2851 falsum
3502 2795 3575 2850 sit
3605 2795 3769 2875 nulla

2132 2889 2190 2945 id
2215 2891 2268 2945 ei
2303 2889 2494 2962 [Edit.,
2525 2890 2675 2964 eum]
2721 2889 2928 2962 poterit
2965 2895 3300 2962 extorquere
3340 2889 3559 2959 suasio;
3601 2893 3656 2944 et
3692 2889 3766 2945 ob

2132 2983 2238 3038 hoc
2278 2984 2714 3039 inemendabilis
2753 2989 2948 3054 status,
2991 2981 3224 3056 spretis'
3249 2984 3392 3052 aliis,
3435 2999 3494 3038 se
3542 2987 3770 3038 tantum

2131 3078 2380 3150 quotidie
2419 3079 2752 3148 admiratur,
2782 3079 2841 3133 id
2869 3079 3052 3134 solum
3089 3077 3590 3149 irreprehensibile
3629 3093 3763 3150 per-

2129 3171 2452 3244 fectumque
2486 3173 2767 3244 judicans,
2795 3173 2946 3245 quod
2983 3171 3103 3244 ipse
3143 3171 3413 3243 sapuerit.
3443 3172 3558 3226 Hoc
3591 3169 3770 3242 igitur

2130 3271 2270 3333 erat,
2300 3267 2452 3338 quod
2487 3283 2589 3322 rex
2625 3267 2818 3336 David,
2849 3283 2922 3322 ne
2959 3266 3043 3320 illi
3078 3265 3430 3338 subreperet,
3464 3265 3762 3334 exorabat;

2128 3375 2202 3416 ne
2236 3360 2380 3416 forte
2417 3361 2607 3433 aliqua
2642 3361 2919 3429 suasione,
2946 3377 3089 3415 vana
3127 3360 3310 3415 laudis
3351 3359 3624 3429 inductio,
3651 3375 3768 3414 non

2129 3453 2236 3508 hoc
2265 3453 2468 3510 divinae
2495 3455 2710 3526 gratim,
2733 3455 2831 3510 sed
2867 3471 2983 3510 suae
3008 3453 3292 3526 potestati,
3321 3453 3460 3527 quia
3485 3459 3602 3510 tam
3636 3469 3766 3508 ma-
3815 3473 3818 3478 ·

2131 3563 2277 3620 gnus
2301 3553 2443 3618 erat,
2469 3549 2794 3605 ascriberet.

2200 3643 2288 3697 Ill.
2315 3642 2456 3707 Quid
2487 3648 2678 3698 autem
2715 3643 2993 3714 superbiai
3027 3641 3230 3714 spiritu
3261 3642 3487 3698 inﬂatos
3506 3641 3767 3698 homines

2127 3735 2520 3808 subsequatur,
2536 3754 2674 3808 prox
2681 3737 2812 3792 imis
2823 3736 2976 3792 idem
2991 3736 3270 3808 propheta
3281 3737 3464 3792 verbis
3480 3736 3547 3792 ad
3545 3737 3566 3808 j
3576 3752 3650 3791 un
3657 3735 3764 3792 xit.

397 3845 593 3885 manus
606 3831 906 3898 peccatoris
927 3844 1034 3883 non
1053 3833 1262 3883 moveat
1280 3843 1380 3883 me.
1412 3829 1497 3882 Ibi
1517 3829 1822 3884 ceciderunt
1849 3845 2028 3884 omnes
2049 3810 2103 3884 C
2127 3828 2268 3884 Cum
2301 3829 2455 3884 enim
2485 3830 2716 3886 dixisset
2757 3849 2770 3885 :
2809 3833 2928 3889 Non
2951 3834 3133 3886 veniat
3175 3831 3315 3886 mihi
3347 3847 3440 3902 pes
3471 3831 3762 3902 superbia,

399 3925 496 3994 qui
513 3927 809 3994 operantur
827 3923 1202 3992 iniquitatem;
1221 3922 1438 3992 expulsi
1455 3926 1602 3985 sunt,
1627 3938 1722 3977 nec
1729 3927 2028 3992 potuerunt

397 4022 542 4072 stare
567 4016 674 4088 (Ps.
702 4032 865 4084 xxxv,
897 4018 983 4085 t2,
1012 4017 1114 4086 l3).
1137 4015 1435 4070 Videamus
1460 4031 1596 4086 ergo
1625 4015 1761 4086 quid
1789 4021 1868 4072 est
1896 4017 2022 4088 hoc,

397 4110 550 4184 quod
573 4109 714 4166 dixit
751 4127 764 4164 :
803 4111 926 4167 Non
951 4111 1134 4164 veniat
1157 4110 1292 4164 mihi
1313 4124 1411 4179 pes
1437 4110 1725 4180 superbire,
1754 4115 1804 4166 et
1832 4127 2026 4167 manus

387 4207 689 4276 peccatoris
718 4219 827 4259 non
851 4208 1058 4259 moveat
1085 4219 1187 4258 me.
1229 4205 1330 4258 Pes
1357 4203 1638 4275 siquidem
1676 4203 1737 4258 in
1771 4204 2022 4274 homine,

394 4304 674 4373 quantum
700 4297 849 4355 ratio
875 4297 1108 4367 indicat,
1131 4296 1388 4370 quamvis
1414 4297 1742 4353 extremitas
1777 4299 2027 4371 corporis

395 4393 486 4463 sit,
515 4399 706 4450 tamen
732 4392 892 4466 quasi
921 4391 1359 4447 fundamentum
1385 4391 1614 4462 aliquod
1640 4391 1869 4448 initium
1897 4409 2024 4448 sur-

398 4487 581 4558 gentis
623 4492 801 4544 status
839 4491 952 4558 est,
985 4504 1018 4542 a
1041 4504 1154 4561 quo
1181 4486 1352 4542 etiam
1376 4485 1552 4542 veluti
1592 4485 1860 4542 fabricata
1908 4486 2024 4542 for-

395 4583 561 4635 mata;
585 4580 768 4634 carnis
792 4580 1031 4635 altitudo
1057 4581 1367 4652 consurgit.
1399 4581 1560 4646 Quod
1583 4597 1720 4652 ergo
1761 4581 1839 4636 ait
1867 4596 1881 4636 :
1908 4583 2028 4641 Non

394 4675 578 4728 veniat
601 4673 738 4729 mihi
755 4687 850 4744 pes
867 4674 1150 4744 superbia,
1182 4673 1292 4729 tale
1313 4679 1416 4742 est,
1446 4691 1511 4729 ac
1543 4674 1590 4729 si
1615 4675 1825 4731 diceret
1853 4693 1867 4730 :
1905 4675 2028 4730 Non

395 4765 583 4822 veniat
605 4766 748 4821 mihi
773 4765 1002 4821 initium
1026 4766 1326 4838 snperbize,
1354 4766 1413 4820 id
1433 4772 1534 4836 est,
1566 4783 1708 4822 vana
1726 4767 1924 4839 gloria,
1957 4785 2028 4824 ex

395 4860 558 4932 cujus
604 4859 974 4916 fundamento
1026 4859 1254 4914 ruinosa
1295 4859 1390 4914 illa
1435 4861 1708 4932 Superbia:
1757 4861 2028 4919 celsitudo

305 4977 312 4986 -
393 4954 747 5028 producitur.
771 4955 892 5010 Una
913 4955 1068 5010 enim
1094 4957 1400 5026 generatur
1419 4969 1486 5010 ex
1507 4955 1701 5024 altera,
1723 4960 1780 5010 et
1798 4957 2030 5028 pr0pin-

395 5049 579 5121 quitas
606 5065 802 5104 earum
829 5049 924 5104 vix
948 5064 1259 5120 paucorum
1284 5047 1428 5103 forte
1455 5047 1786 5104 discretione
1816 5065 2026 5122 cogno-

397 5142 592 5198 scitur.
609 5144 750 5198 Nam
777 5158 846 5198 ex
875 5159 1217 5214 quocunque
1241 5142 1390 5198 bono
1416 5142 1659 5198 nimium
1683 5143 1896 5200 fuerint
1921 5145 2024 5200 ho-

393 5235 578 5298 mines
605 5236 848 5309 gloriati,
887 5237 993 5292 hoc
1031 5237 1300 5293 continuo
1330 5236 1711 5309 subsequitur,
1738 5242 1802 5293 ut
1837 5237 2028 5310 ipsum

392 5334 630 5404 bonum,
667 5346 784 5388 non
822 5329 1081 5404 largitori
1121 5332 1250 5402 Deo,
1282 5331 1380 5388 sed
1423 5347 1540 5388 suae
1578 5331 1833 5390 tribuant
1873 5338 2028 5406 pote—

396 5427 546 5485 stati.

465 5523 532 5578 ll.
564 5521 716 5576 Vana
755 5520 932 5594 gloria
973 5524 1058 5578 est
1097 5537 1234 5593 ergo
1267 5518 1532 5576 humanis
1572 5515 1834 5577 laudibus
1872 5517 2025 5578 dele~

393 5616 536 5675 ctari
566 5634 582 5672 :
617 5615 884 5689 superbia
907 5631 1040 5672 vero
1064 5619 1168 5687 est,
1195 5615 1412 5671 bonum
1435 5631 1539 5688 pro
1558 5631 1672 5688 quo
1691 5614 1894 5688 aliquis
1911 5615 2028 5672 lau-

395 5712 584 5785 datur,
611 5709 725 5769 sibi
759 5710 870 5769 hoc
903 5709 1196 5786 applicari,
1234 5725 1352 5768 non
1394 5710 1530 5767 Deo.
1557 5711 1624 5767 Et
1660 5726 1804 5767 vana
1848 5709 2028 5784 gloria

395 5805 627 5887 quidem
635 5822 708 5868 ex
729 5806 914 5868 aliena
932 5804 1590 5880 aestimationeinutritur,
1611 5803 1876 5884 superbia
1894 5819 2026 5863 vero

2045 5191 2104 5264 D

2127 3922 2395 3978 continuo
2435 3923 2652 3978 addidit
2688 3943 2705 3978 :
2735 3927 2805 3980 Et
2839 3940 3033 3980 manus
3067 3925 3365 3996 peccatoris
3400 3940 3511 3980 non
3555 3928 3768 3980 moveat

2127 4032 2228 4072 me.
2259 4015 2478 4072 Sciebat
2502 4017 2656 4072 enim
2683 4017 2816 4090 quia
2839 4033 3070 4074 omnem
3095 4017 3418 4090 superbiam
3478 4017 3766 4074 mobilitas

2127 4109 2316 4166 statim
2357 4111 2616 4182 sequitur
2653 4115 3034 4184 peccatorum.
3080 4114 3161 4168 lta
3201 4127 3263 4167 re
3308 4128 3440 4168 vera
3489 4117 3590 4168 est.
3622 4111 3763 4167 Nam

2126 4203 2382 4276 quisquis
2410 4205 2687 4276 superbiae
2730 4209 2956 4261 tumore
2997 4204 3190 4278 [Edit.,
3230 4205 3454 4275 timore,
3496 4203 3758 4278 mendose]

2126 4293 2482 4368 distenditur,
2513 4299 2574 4354 in
2597 4299 2705 4355 hoc
2729 4299 2830 4355 Dei
2856 4299 3095 4372 gloriam
3131 4298 3389 4356 imitatur
3415 4299 3568 4371 quod
3593 4314 3764 4354 nemo

2125 4389 2206 4445 illi
2231 4391 2302 4446 sit
2328 4391 2528 4447 similis
2557 4411 2571 4448 :
2602 4398 2878 4466 tanquam
2900 4410 3030 4449 vere
3071 4394 3362 4465 profanus,
3389 4393 3491 4464 qui
3518 4393 3590 4449 ad
3616 4392 3766 4465 inju-

2124 4484 2270 4541 riam
2287 4486 2384 4542 Dei
2407 4488 2719 4560 consurgit,
2740 4487 3040 4544 derelictus
3061 4487 3132 4542 ab
3153 4505 3240 4558 eo,
3267 4487 3328 4543 in
3357 4487 3620 4543 manibus
3655 4491 3768 4542 tra-

2126 4578 2281 4635 ditur
2295 4586 2672 4652 peccatorum,
2689 4582 2750 4637 in
2775 4582 3040 4654 operibus
3063 4585 3292 4637 actuum
3309 4581 3763 4649 immundorum,

2125 4676 2184 4728 at
2227 4673 2620 4746 ignominiosis
2661 4675 2990 4749 passionum
3031 4675 3260 4747 ﬂagitiis
3295 4675 3640 4744 incurvatus,
3673 4674 3761 4730 di-

2127 4771 2242 4823 scat
2269 4784 2327 4824 se
2352 4773 2564 4825 terram
2593 4786 2712 4826 esse
2739 4775 2796 4826 et
2820 4771 3092 4840 cinerem,
3113 4775 3170 4826 et
3193 4770 3346 4842 quod
3373 4769 3604 4826 inﬂatus
3620 4769 3682 4825 in
3703 4785 3764 4826 se

2126 4861 2316 4918 videre
2341 4879 2456 4919 non
2489 4865 2692 4936 potuit,
2721 4864 3052 4920 humiliatus
3079 4870 3367 4937 agnoscat.
3400 4863 3554 4921 Unde
3577 4868 3634 4919 et
3662 4864 3760 4921 Sa-

2125 4955 2317 5015 lomon
2343 4956 2420 5012 ait
2445 4974 2459 5012 :
2485 4941 2799 5016 Immundas
2827 4964 2905 5014 est
2933 4964 3060 5015 ante
3098 4963 3284 5024 Deum,
3327 4961 3424 5030 qui
3445 4959 3656 5016 exultat
3674 4971 3764 5014 cor

2127 5065 2281 5106 suum
2309 5051 2578 5120 (Proverb.
2609 5069 2720 5120 xv1,
2757 5055 2822 5108 18
2841 5071 2858 5122 ;
2890 5069 3044 5121 xvni,
3082 5055 3188 5124 l2).

2200 5146 2284 5200 ιν.
2329 5145 2472 5210 Quid
2507 5151 2700 5202 autem
2735 5152 2862 5218 post
2900 5147 3022 5202 haec
3061 5163 3163 5203 rex
3193 5145 3365 5202 David
3405 5151 3628 5202 secutus
3666 5141 3760 5216 sit,

2126 5238 2432 5295 videamus.
2478 5239 2578 5304 Ibi,
2627 5240 2724 5308 ait,
2769 5241 3070 5296 ceciderunt
3115 5256 3292 5298 omnes
3334 5243 3432 5310 qui
3471 5245 3766 5312 operantur

2124 5335 2467 5404 iniquitatem
2513 5343 2530 5386 :
2566 5335 2780 5405 expulsi
2805 5339 2952 5400 sunt,
2982 5351 3074 5392 nec
3099 5339 3394 5407 potuerunt
3427 5339 3593 5390 stare.
3631 5333 3762 5389 Evi-

2125 5427 2324 5484 denter
2343 5428 2586 5484 ostendit
2623 5428 2758 5502 quia
2781 5429 2843 5484 in
2872 5429 3135 5502 superbia
3155 5429 3414 5485 omnium
3434 5428 3763 5501 iniquorum

2123 5521 2308 5594 prima
2333 5522 2498 5578 ruina
2523 5527 2626 5580 est.
2657 5523 2928 5597 Idemque
2963 5523 3134 5579 etiam
3159 5522 3295 5578 alibi
3329 5522 3605 5595 scriptum
3632 5525 3718 5578 est
3745 5537 3761 5578 :

2121 5615 2344 5672 Initium
2363 5619 2572 5688 peccati
2592 5619 2845 5692 superbia
2873 5615 3053 5690 (Eccti.
3081 5634 3138 5686 x,
3169 5618 3276 5690 15).
3307 5617 3469 5684 Quod
3497 5621 3561 5673 ut
3593 5631 3762 5690 aper-

2124 5709 2238 5767 tius
2277 5709 2719 5785 demonstretur,
2763 5712 2956 5788 angeli
2995 5711 3151 5770 illius
3189 5711 3365 5788 primi
3397 5710 3766 5769 recordemur

2125 5804 2384 5881 exitium,
2407 5807 2508 5882 qui
2527 5823 2631 5884 pro
2651 5807 2954 5884 splendore
2979 5805 3196 5868 decoris
3221 5808 3310 5866 sui
3333 5804 3766 5866 Lucifer-nomi-
