4044 6196
283 240 352 292 37
1468 201 1992 310 opuscuwu'lv.
2035 233 2120 288 DE
2158 204 2530 291 SUPERBIA:
3591 239 3656 295 se

279 350 476 414 natus,
497 359 564 400 ex
582 344 680 399 illo
694 343 926 398 sublimi
943 343 1222 416 beatoque
1243 344 1578 416 angelorum
1602 344 1742 413 loco,
1767 341 1920 397 nullo
1942 347 2190 425 Aptura
2235 347 2640 400 commemorat
2688 361 2701 400 :
2744 347 2812 400 Et
2851 345 3020 408 cibus,
3060 343 3269 416 inquit,
3313 345 3431 414 ejus
3461 347 3656 403 electus

278 439 398 494 alio
425 439 540 494 nisi
565 439 672 493 hoc
699 437 817 493 solo
844 437 1127 509 superbire
1156 437 1307 508 vitio,
1339 438 1408 492 ad
1427 437 1649 492 inferna
1673 437 1922 508 dilapsus

279 538 394 589 est.
433 533 576 598 Quia
619 549 750 586 cum
791 532 943 588 inter
968 536 1194 586 caeteras
1231 548 1503 602 supernas
1537 531 1773 586 virtutes
1807 530 1918 585 cla-

277 626 457 682 rioris
486 625 929 698 pulchritudinis
959 625 1177 680 lumine
1213 625 1629 697 prmemineret,
1661 641 1776 679 non
1815 624 1922 678 hoc

275 720 564 774 beneficio
590 719 856 774 creatoris
877 718 982 788 sui,
1012 719 1109 773 sed
1129 718 1356 790 pr0pria
1380 719 1585 774 virtute
1606 735 1663 773 se
1687 719 1925 774 credidit

276 813 577 882 obtinere;
611 818 666 868 et
691 817 964 885 tanquam
997 812 1208 888 nullius
1235 829 1350 867 non
1379 817 1572 884 egeret
1595 813 1824 881 auxilio,
1855 813 1924 868 si-

275 912 387 962 cut
413 909 562 963 Deus
587 908 662 963 ita
687 924 746 962 se
773 907 854 961 illi
883 906 1124 960 similem
1143 906 1437 986 judicavit,
1461 906 1650 961 dicens
1679 923 1693 961 :
1719 909 1922 962 Ponam

274 1001 465 1056 sedem
485 1018 656 1057 meam
677 1001 746 1056 ab
763 1003 1032 1072 aquilone,
1062 1006 1114 1055 et
1133 1016 1219 1056 ero
1248 1002 1446 1056 similis
1474 1002 1752 1056 Altissimo
1773 1001 1920 1071 (Isai.

275 1110 400 1164 xvi,
434 1099 522 1162 l3,
563 1097 668 1166 14).
699 1097 824 1150 Herc
859 1095 1013 1150 enim
1045 1093 1310 1166 cogitatio
1335 1095 1452 1149 sola
1476 1094 1637 1148 illum
1673 1095 1876 1165 dejecit
1903 1113 1917 1150 :

275 1180 424 1242 nam
450 1204 585 1243 mox
607 1189 860 1244 desertus
883 1205 916 1242 a
942 1191 1054 1244 Deo
1081 1189 1242 1259 cujus
1270 1205 1328 1244 se
1356 1188 1702 1260 protectiene
1736 1189 1920 1244 credi-

2024 436 2248 506 (Habac.
2281 453 2319 505 ι,
2353 439 2456 508 16).
2485 437 2700 492 Electos
2745 437 2838 494 ille
2879 438 3028 494 viros
3059 443 3116 494 et
3151 437 3423 494 sublimes
3449 456 3654 513 aggre-

2021 530 2194 587 ditur.
2222 530 2328 584 lllis
2355 533 2613 602 suggerit
2637 531 2770 602 quia
2791 533 2985 604 magni
3004 538 3156 600 sunt,
3186 533 3319 604 quia
3339 533 3484 588 nihil
3511 533 3657 590 indi-

2024 628 2212 694 geant,
2239 623 2371 694 quia
2396 625 2674 696 quidquid
2698 631 2895 696 agunt,
2925 626 3176 697 cogitant
3200 627 3285 681 vel
3320 628 3652 700 loquuntur,

2021 721 2203 771 totum
2228 717 2286 771 id
2315 717 2594 789 sapientia
2619 719 2691 772 sit
2716 723 3010 790 totumque
3027 720 3349 790 prudentia.
3369 722 3584 786 Quibus
3607 722 3655 778 si

2022 812 2160 882 quid
2182 811 2343 877 utile,
2375 812 2486 866 Deo
2513 811 2570 866 id
2599 811 2969 881 gubernante,
2998 814 3340 885 provenerit,
3375 815 3491 870 suis
3510 815 3655 880 illud

2022 905 2288 960 continuo
2313 905 2524 960 viribus
2551 921 2779 977 suaeque
2821 905 3114 961 industria:
3151 907 3505 978 deputantes,
3537 909 3652 964 cla-

2021 1005 2181 1055 mant
2211 1017 2224 1054 :
2257 1001 2372 1071 Ego
2400 999 2520 1054 haec
2547 999 2673 1068 feci,
2719 1001 2835 1070 Ego
2871 999 3006 1069 dixi,
3053 1001 3168 1071 Ego
3211 1002 3563 1072 excogitavi;
3599 1006 3656 1060 et

2021 1093 2182 1166 quasi
2221 1093 2581 1165 stupentibus
2625 1093 2860 1162 cunctis,
2898 1097 3181 1164 praerepta
3217 1093 3395 1165 gloria
3437 1096 3552 1163 Dei,
3581 1097 3654 1152 ad

2023 1189 2142 1259 ejus
2171 1203 2228 1242 se
2253 1187 2686 1243 similitudinem
2706 1187 3004 1258 proferunt
3028 1187 3409 1244 admirandos.
3440 1189 3653 1253 Quibus

279 1281 374 1336 dit
410 1297 527 1336 non
563 1299 752 1354 egere,
783 1282 1045 1338 inﬁrmus
1078 1282 1262 1337 subito
1303 1288 1360 1338 et
1393 1283 1562 1338 miser
1589 1283 1836 1350 effectus,
1867 1287 1924 1339 et
2013 1281 2168 1352 justo
2195 1282 2340 1336 Deus
2361 1281 2577 1352 judicio
2606 1281 2868 1352 praesidia
2897 1297 3000 1335 sua
3029 1279 3368 1352 Subducens,
3393 1283 3566 1338 tradit
3589 1285 3654 1338 il-

277 1376 727 1432 mntabilitatem
745 1382 964 1432 naturae
981 1393 1100 1432 suae
1134 1393 1308 1448 quam
1325 1393 1442 1432 non
1469 1382 1776 1448 agnoverat
1799 1393 1922 1432 sen-

277 1471 381 1538 sit,
399 1475 458 1525 et
479 1470 576 1525 Dei
588 1487 797 1526 munus
813 1471 966 1544 quod
986 1471 1229 1526 habebat
1239 1471 1444 1526 amisit.
1467 1472 1597 1526 Post
1613 1471 1732 1526 haec
1749 1471 1920 1527 etiam

277 1563 486 1618 videns
525 1581 558 1618 a
599 1565 710 1620 Deo
748 1565 1040 1620 hominem
1076 1565 1288 1621 factum
1323 1582 1390 1620 ex
1425 1565 1657 1637 pulvere
1694 1565 1755 1620 in
1797 1566 1919 1621 loco

276 1655 653 1712 beatitudinis
672 1675 846 1730 quem
864 1659 983 1730 ipse
1007 1659 1330 1730 perdiderat
1347 1659 1662 1731 subrogari,
1691 1659 1921 1731 instiga-

2022 1376 2120 1438 Ios,
2149 1376 2293 1430 sicut
2317 1375 2394 1430 ait
2420 1375 2736 1446 Apostolus,
2775 1378 2834 1430 in
2866 1375 3156 1445 reprobum
3183 1389 3418 1438 sensum,
3463 1381 3525 1430 ut
3559 1380 3650 1444 fa-

2019 1472 2169 1525 ciant
2189 1471 2276 1525 vel
2319 1469 2568 1542 cogitent
2605 1485 2725 1540 qua:
2767 1485 2876 1524 non
2911 1470 3236 1524 conveniunt
3278 1469 3444 1539 (Rom.
3472 1486 3511 1536 ι,
3541 1471 3651 1543 28).

2018 1564 2160 1629 Quia
2182 1581 2314 1619 cum
2339 1564 2398 1618 in
2419 1563 2682 1618 omnibus
2696 1562 2790 1618 Dei
2807 1562 3214 1634 providentiam
3228 1563 3422 1619 adesse
3451 1579 3656 1636 cogno-

2019 1663 2196 1725 scant,
2226 1675 2340 1713 non
2375 1661 2441 1713 ut
2474 1659 2651 1712 Deum
2681 1657 3046 1727 magnificam
3082 1643 3193 1712 vel‘
3213 1657 3421 1729 gratias
3449 1661 3652 1730 agunt,

277 1753 374 1804 tus
411 1750 644 1822 invidia,
677 1752 878 1808 eodem
915 1752 1196 1824 superbiae
1223 1753 1387 1808 illum
1411 1754 1521 1808 telo
1549 1769 1662 1826 quo
1686 1754 1806 1825 ipse
1835 1758 1918 1810 est
1938 1731 1994 1802 B
2018 1755 2114 1809 scd
2141 1753 2446 1826 gloriantes
2475 1752 2537 1806 in
2565 1751 2882 1822 semetipsis
2909 1756 3252 1807 evanescunt
3277 1751 3340 1807 in
3367 1753 3656 1824 cogitatio-

277 1843 536 1914 dejectus
561 1847 798 1918 appetit.
828 1846 944 1902 Sibi
970 1846 1122 1901 enim
1149 1846 1366 1902 dixerat
1395 1865 1408 1901 :
1443 1851 1548 1902 Ero
1582 1849 1776 1904 similis
1811 1849 1914 1904 Al-

2013 1847 2182 1903 nibus
2211 1847 2348 1902 suis.
2380 1846 2636 1902 Dicentes
2675 1863 2733 1901 se
2776 1861 2897 1900 esse
2939 1845 3243 1916 sapientes,
3288 1845 3446 1900 stulti
3480 1852 3648 1918 sunt;

278 1940 508 1993 tissime.
551 1939 684 1994 Adae
715 1944 773 1994 et
799 1941 926 1994 Eva:
955 1939 1096 1994 dixit
1136 1957 1150 1994 :
1192 1943 1362 1996 Eritis
1387 1943 1525 1996 sicut
1551 1943 1635 1996 dii
1659 1941 1804 2011 (Gen.
1831 1959 1912 2012 ω,
2009 1941 2286 2014 jactantes
2313 1957 2370 1996 se
2396 1957 2522 1996 esse
2549 1939 2794 2010 stabiles,
2823 1938 3078 2007 invictos,
3107 1942 3384 2011 potentes,
3414 1939 3650 2012 infirmi,

277 2033 351 2101 5).
391 2032 556 2095 Quod
585 2032 668 2086 illi
705 2033 1180 2104 concupiscentes,
1210 2049 1327 2088 non
1356 2035 1427 2088 ob
1454 2034 1622 2089 aliam
1655 2051 1879 2090 causam
1897 2077 1912 2103 ,

272 2125 374 2178 sed
405 2130 632 2180 tantum
661 2131 726 2180 ut
751 2125 830 2180 dii
858 2126 1059 2182 tierent
1085 2127 1417 2182 mandatum
1452 2129 1548 2183 Dei
1582 2129 1916 2201 transgressi

276 2224 430 2272 sunt.
461 2219 505 2274 0
536 2225 753 2291 quanta
777 2225 863 2275 est
887 2221 1110 2288 ceci'tas,
1140 2222 1201 2276 in
1229 2223 1483 2293 appetitu
1509 2239 1666 2278 vanze
1688 2223 1911 2294 glorizel

279 2312 399 2366 Non
423 2313 566 2368 vidit
600 2315 773 2369 homo
803 2320 919 2370 tam
953 2320 1208 2386 apertam
1250 2316 1546 2387 fallaciam,
1587 2318 1650 2372 in
1685 2334 1798 2388 qua
1833 2317 1916 2372 illi

277 2421 438 2460 versa
461 2407 584 2462 vice
611 2408 916 2464 similitudo
946 2410 1042 2463 Dei
1070 2425 1186 2464 non
1211 2426 1281 2465 ex
1307 2410 1626 2466 obedientia
1655 2412 1795 2482 ejus,
1817 2411 1916 2467 sed

280 2513 356 2555 ex
388 2505 716 2574 contemptu
741 2503 1114 2574 promittitur.

358 2593 428 2648 ν.
449 2595 584 2649 Ecce
607 2596 693 2650 hic
723 2603 808 2652 est
833 2597 1008 2668 primi
1035 2597 1184 2652 illius
1213 2598 1417 2652 veneni
1445 2605 1737 2670 saporatus
1763 2600 1912 2656 in‘te-

276 2687 446 2756 ritus,
475 2690 576 2760 qui
599 2691 952 2746 amarissimo
979 2691 1164 2746 inanis
1179 2693 1462 2762 jactantize
1489 2693 1658 2747 melle
1678 2694 1915 2760 circum-

279 2779 435 2850 litus,
467 2789 528 2838 et
554 2785 825 2856 angelum
852 2785 1049 2840 fefellit
1073 2791 1127 2840 et
1151 2786 1465 2840 hominem.
1501 2787 1560 2840 ln
1587 2787 1693 2841 hoc
1719 2793 1776 2842 et
1799 2805 1911 2843 coe-

278 2873 432 2930 lestis
461 2880 522 2932 et
547 2882 770 2933 terrena
796 2879 999 2934 cecidit
1025 2885 1300 2934 creatura.
1343 2879 1426 2933 Ob
1454 2879 1559 2934 hoc
1587 2881 1656 2936 de
1686 2881 1913 2937 sedibus

276 2969 414 3038 suis,
451 2971 558 3031 ille
581 2972 650 3026 de
676 2974 833 3041 coelo,
857 2973 949 3026 hic
987 2973 1055 3028 de
1090 2973 1352 3045 paradiso
1391 2975 1614 3044 expulsi
1655 2979 1823 3045 sunt;
1859 2981 1914 3030 et

275 3079 391 3118 non
417 3070 735 3135 potuerunt
747 3071 914 3136 stare,
936 3067 1071 3138 quia
1098 3069 1346 3138 graviter
1368 3068 1714 3124 ceciderunt.
1741 3070 1912 3134 Quale

275 3173 416 3229 ergo
443 3159 729 3229 superbiae
757 3161 970 3214 malum
1000 3160 1072 3216 sit
1101 3162 1251 3232 quod
1281 3178 1382 3217 rex
1424 3163 1593 3217 David
1618 3169 1811 3234 aperte
1836 3165 1911 3219 ti-

277 3251 445 3318 muit,
475 3252 745 3323 subjectis
758 3253 1056 3309 ruinarum
1083 3256 1264 3310 causis
1293 3255 1412 3326 ipse
1440 3258 1794 3312 monstravit.

345 3346 433 3400 Vl.
463 3345 675 3400 Omnia
711 3353 1071 3418 peccatorum
1110 3365 1338 3421 genera,
1389 3351 1447 3405 id
1501 3355 1606 3420 est,
1665 3335 1940 3423 luxuriap

275 3439 538 3508 avaritia,
566 3439 930 3512 adulterium,
961 3448 1018 3497 et
1045 3443 1094 3496 si
1126 3441 1238 3514 qua
1267 3448 1399 3498 sunt
1423 3443 1553 3514 alia,
1576 3446 1834 3516 quamvis
1858 3450 1915 3500 et

275 3534 335 3588 in
351 3533 446 3588 his
456 3533 727 3588 omnibus
745 3536 888 3590 Deus
904 3535 1198 3605 irascatur,
1214 3541 1404 3592 tamen
1421 3541 1522 3592 aut
1537 3554 1642 3609 per
1657 3539 1909 3610 angelos,

274 3633 378 3682 aut
405 3644 512 3698 per
557 3628 820 3684 homines
851 3629 1052 3684 talium
1081 3631 1394 3685 etiamnum
1439 3631 1714 3686 vindictas
1751 3649 1910 3687 exse-

274 3723 499 3794 quitur.
524 3725 594 3778 At
623 3739 754 3777 vero
780 3723 1066 3794 superbia,
1093 3741 1207 3780 non
1232 3741 1336 3796 per
1359 3725 1535 3779 alium
1561 3726 1907 3796 quempiam,

276 3816 384 3870 sed
402 3816 586 3888 ipsum
614 3833 717 3887 per
735 3832 796 3871 se
821 3817 1001 3872 Deum
1030 3823 1282 3872 meretur
1305 3818 1512 3873 habere
1540 3819 1907 3875 contrarium.

276 3909 366 3965 Ita
389 3909 543 3964 enim
579 3911 853 3981 scriptum
890 3915 1014 3966 est:
1044 3911 1303 3980 Superbis
1339 3916 1518 3967 autem
1559 3915 1675 3982 ipse
1707 3916 1911 3970 resistit

273 4002 328 4074 (Ι
349 4004 465 4057 Pet.
495 4019 547 4072 ν,
569 4006 602 4058 5
623 4021 640 4072 ;
667 4006 782 4059 Jac.
817 4020 890 4073 1v,
918 4006 992 4075 6).
1020 4003 1234 4059 Caetera
1271 4005 1427 4059 enim
1450 4005 1584 4060 vitia
1612 4007 1698 4061 vel
1726 4005 1787 4060 in
1816 4023 1910 4062 eos

267 4096 429 4168 ipsos
473 4096 575 4168 qui
609 4097 706 4151 illa
745 4097 1216 4168 perpetraverint,
1261 4103 1664 4170 retorquentur
1703 4101 1792 4155 vel
1847 4101 1909 4156 in

265 4190 417 4245 alios
438 4189 704 4246 homines
738 4190 1006 4246 videntur
1031 4191 1276 4247 admitti.
1318 4191 1417 4247 Hic
1453 4210 1584 4248 vero
1630 4193 1910 4265 superbiae

265 4291 471 4340 tumor
491 4284 720 4356 proprie
745 4285 950 4342 nititur
976 4291 1172 4342 contra
1198 4287 1396 4356 Deum,
1430 4291 1487 4342 et
1511 4287 1719 4342 idcirco
1745 4288 1908 4344 illum

263 4379 495 4451 patitur
523 4378 857 4450 inimicum;
887 4381 1023 4452 quia
1053 4397 1110 4436 se
1133 4381 1192 4436 in
1219 4381 1503 4436 excelsum
1528 4381 1786 4452 tendens,
1814 4383 1908 4438 hic

2015 2035 2146 2090 victi
2171 2040 2228 2090 et
2250 2035 2592 2106 impotentes
2619 2032 2916 2088 exsistunt.

2088 2131 2198 2184 νη.
2247 2131 2382 2193 Quae
2426 2145 2558 2183 cum
2599 2129 2675 2183 ita
2718 2127 2852 2194 sint,
2900 2127 3034 2184 satis
3067 2126 3522 2185 manifestissime
3563 2135 3649 2186 est

2015 2227 2370 2295 compertum
2397 2222 2532 2294 quia
2555 2222 2711 2276 omni
2727 2221 3018 2293 vigilantia
3043 2221 3338 2294 omnisque
3363 2223 3546 2278 cordis
3568 2223 3651 2278 in-

2015 2318 2233 2373 dustria
2255 2317 2538 2388 appetitus
2565 2316 2729 2371 nobis
2764 2332 2923 2370 vanae
2961 2315 3157 2388 gloriae
3195 2315 3648 2388 estfugiendus,

2013 2428 2086 2467 ne
2111 2412 2254 2466 forte
2279 2411 2327 2465 si
2354 2411 2694 2465 virulentum
2719 2411 2807 2466 vel
2833 2410 3008 2464 semel
3032 2409 3216 2464 morbi
3240 2411 3566 2482 contagium
3590 2411 3652 2467 in

2014 2505 2398 2578 penetralibus
2416 2505 2597 2560 nostri
2615 2504 2799 2559 cordis
2821 2504 3131 2575 irrepserit,
3155 2504 3212 2558 in
3236 2503 3393 2559 omni
3412 2521 3651 2576 operum

2013 2606 2340 2655 nostrorum
2383 2598 2758 2670 prosperitate
2782 2640 2795 2667 ,
2853 2597 3218 2653 subtilissima
3265 2599 3651 2654 humanarum

2013 2693 2248 2748 laudum
2273 2692 2644 2746 delectatione
2671 2707 3044 2759 succrescens,
3076 2708 3146 2746 ex
3171 2691 3521 2746 abundantia
3543 2709 3647 2748 ne-

2012 2787 2204 2860 quitiae
2230 2802 2346 2851 suae
2371 2785 2746 2839 deterrimum
2771 2784 2933 2838 illum
2960 2789 3017 2838 et
3045 2784 3420 2839 crudeliorem
3445 2801 3646 2856 super-

2010 2881 2117 2936 biae
2142 2880 2393 2952 proferat
2434 2883 2684 2950 partum.
2729 2879 2866 2941 Quae
2907 2893 3039 2931 cum
3085 2881 3326 2948 utraque
3369 2879 3652 2949 pestiferis

2009 2975 2257 3030 fundata:
2283 2972 2568 3028 radicibus
2593 2972 2861 3026 humanae
2889 2971 3096 3026 mentis
3123 2987 3330 3026 arcana
3351 2973 3647 3043 suppleve-

2011 3068 2192 3136 rint',
2222 3068 2476 3138 undique
2505 3070 2723 3121 mutata
2751 3065 3090 3120 insidiarum
3118 3065 3304 3136 specie
3331 3065 3649 3137 improvisis

2016 3166 2332 3218 occurrant.
2361 3161 2500 3214 Nam
2528 3159 2618 3214 his
2643 3159 2746 3231 qui
2783 3159 2855 3214 ad
2890 3158 3210 3231 spiritualia
3234 3175 3292 3214 se
3317 3159 3498 3214 studia
3520 3177 3649 3216 con-

2015 3258 2286 3325 tulerunt,
2307 3271 2442 3309 mox
2468 3270 2610 3309 vana
2632 3253 2812 3324 gloria
2831 3251 2939 3307 illis
2960 3253 3030 3307 de
3049 3252 3292 3324 jejunio,
3321 3253 3390 3308 de
3409 3253 3644 3325 vigiliis,

2015 3350 2363 3418 delectione,
2393 3349 2462 3403 de
2488 3347 2790 3402 solitudine
2819 3347 3018 3414 eremi,
3054 3346 3122 3401 de
3149 3347 3440 3418 patientia,
3471 3347 3541 3402 de
3569 3352 3650 3403 ta-

2013 3445 2338 3500 citurnitate
2362 3441 2668 3496 blanditur.
2702 3441 2768 3495 Et
2797 3440 2845 3494 si
2870 3440 3060 3494 statim
3085 3439 3206 3493 haec
3233 3440 3420 3510 prima
3448 3439 3648 3495 sollici-

2011 3539 2148 3593 tatio
2177 3537 2594 3606 circumspectse
2613 3533 2822 3588 mentis
2847 3533 3008 3588 oculo
3033 3531 3381 3604 deprehensa
3399 3549 3514 3588 non
3527 3533 3648 3590 fue-

2013 3631 2106 3699 rit,
2136 3629 2311 3686 dirior
2345 3629 2503 3683 illam
2540 3644 2570 3682 e
2613 3626 2850 3698 vestigio
2871 3625 3135 3698 superbia
3169 3642 3356 3682 comes
3399 3628 3645 3700 assequi-

2011 3729 2135 3795 tur;
2151 3741 2279 3796 quae
2299 3723 2412 3778 illis
2432 3721 2741 3777 mentiatur
2756 3726 2811 3776 et
2825 3721 3131 3776 sanctiores
3153 3737 3246 3776 eos
3265 3721 3642 3794 melioresque

2011 3819 2276 3874 omnibus
2322 3833 2463 3884 esse,
2496 3820 2554 3871 et
2592 3817 2654 3870 in
2697 3831 2922 3871 summo
2959 3813 3322 3886 perfectionis
3355 3797 3638 3887 lculmine,

2009 3911 2242 3986 propria
2267 3912 2438 3967 etiam
2462 3910 2686 3965 virtutis
2711 3909 3032 3976 stabilitate,
3057 3908 3218 3980 quasi
3237 3925 3532 3981 nunquam
3556 3927 3644 3965 ca-

2009 4023 2170 4062 suros
2204 4011 2353 4061 stare
2393 4003 2665 4060 divendit.
2691 4003 2786 4058 His
2829 4019 2963 4058 vero
2989 4002 3089 4074 qui
3114 4001 3298 4057 adhuc
3327 4003 3642 4060 carnalium

2009 4101 2335 4174 passionum
2369 4097 2834 4154 oblectationibus
2878 4097 3084 4169 quibus
3135 4096 3468 4168 subrepunt,
3508 4113 3641 4152 cum

2009 4196 2183 4250 semel
2207 4194 2312 4248 sibi
2337 4191 2682 4248 obtinuerint
2721 4191 3006 4246 domicilia
3041 4190 3322 4245 mentium
3357 4191 3638 4245 humana-

2008 4303 2160 4356 rum,
2187 4293 2312 4342 tum
2340 4286 2750 4341 multiformem
2775 4301 2845 4340 ex
2889 4289 3129 4356 utraque
3162 4282 3419 4338 fomitem
3443 4283 3636 4354 pullu-

2007 4383 2127 4438 lant
2139 4381 2426 4436 vitiorum.
2443 4382 2583 4434 Nam
2598 4395 2741 4433 vana
2761 4377 2940 4448 gloria
2960 4381 3193 4448 generat
3207 4393 3278 4439 ex
3297 4392 3356 4432 se
3371 4393 3642 4448 praesum-

263 4487 506 4544 semper
528 4474 744 4544 appetit
765 4474 918 4545 quod
942 4475 1027 4529 illi
1053 4475 1156 4530 soli
1181 4480 1266 4530 est
1289 4477 1608 4548 proprium.
1644 4477 1909 4540 Quamvis
1926 4477 1986 4550 Ι)
2007 4477 2264 4550 ptionem
2287 4475 2545 4530 omnium
2569 4472 2902 4541 novitatum,
2921 4469 3344 4526 adinventiones
3368 4471 3642 4530 falsorum

260 4572 467 4623 autem
496 4568 836 4639 generaliter
853 4569 972 4624 hinc
993 4570 1271 4641 superbiae
1289 4569 1442 4624 labes
1460 4569 1661 4626 infesta
1676 4572 1768 4642 sit,
1789 4589 1910 4629 non

261 4661 404 4734 plus
429 4667 622 4716 tamen
647 4663 772 4717 aliis
797 4663 1104 4718 metuenda
1131 4669 1216 4720 est
1244 4680 1418 4736 quam
1442 4664 1532 4718 his
1557 4665 1656 4736 qui
1677 4671 1774 4722 aut
1799 4667 1911 4739 spi-

258 4755 516 4810 ritaliter
543 4756 613 4810 ad
637 4757 1046 4828 perfectionem
1069 4757 1368 4828 virtutum,
1391 4764 1489 4813 aut
1514 4760 1816 4816 carnaliter
1837 4761 1907 4816 ad

262 4848 600 4904 divitiarum
625 4852 846 4922 copiam
872 4857 929 4907 et
951 4869 1202 4908 summos
1242 4853 1524 4908 honorum
1553 4853 1746 4909 titulos
1775 4871 1905 4926 per-

258 4943 551 4998 venerint.
599 4945 842 5000 Tantum
894 4947 1104 5002 scilicet
1138 4947 1200 5001 in
1249 4947 1362 5002 illis
1413 4948 1594 5018 major
1641 4949 1903 5020 efficitur,

259 5041 554 5109 quantum
580 5042 638 5091 et
658 5039 841 5108 major
869 5046 948 5094 est
981 5041 1081 5112 qui
1109 5040 1381 5111 superbit.
1423 5042 1613 5112 Neque
1647 5041 1741 5096 illa
1771 5043 1908 5098 viles

258 5147 500 5205 quoque
525 5137 626 5186 aut
664 5133 966 5204 populares
1002 5135 1336 5190 subvertisse
1369 5140 1636 5190 contenta
1677 5141 1778 5206 est,
1809 5138 1907 5192 sed

259 5231 320 5281 et
347 5227 410 5280 in
447 5225 681 5280 illorum
705 5227 806 5298 qui
835 5227 1072 5282 maximi
1113 5229 1336 5283 insidiis
1379 5229 1590 5284 assidet
1618 5246 1631 5284 :
1662 5247 1906 5302 quorum

259 5325 556 5392 quantum
581 5321 748 5374 altior
773 5322 982 5392 gradus
1018 5327 1119 5392 est,
1159 5327 1380 5378 tantum
1417 5324 1585 5378 altior
1627 5329 1683 5379 et
1718 5325 1904 5382 ruina.

259 5415 426 5472 L'nde
455 5415 632 5470 etiam
659 5419 717 5470 et
743 5415 886 5471 illud
915 5416 985 5472 de
1011 5416 1209 5472 eodem
1229 5417 1509 5492 superbiae
1537 5417 1738 5490 spiritu
1765 5420 1909 5476 Scri-

330 5577 359 5608 ⁸
385 5577 481 5631 An
500 5576 896 5633 εασσνευρτνίηίί
921 5571 1110 5632 Malim
1126 5577 1323 5632 tamen
1339 5575 1833 5647 supplantaverint.

2008 4572 2359 4643 dogmatum,
2392 4566 2774 4640 quaestionum
2797 4570 3063 4633 torturas,
3087 4565 3496 4634 contentiones,
3525 4566 3642 4623 hm-

2007 4681 2174 4733 reses,
2204 4667 2402 4733 sectas,
2435 4659 2756 4716 schismata.
2793 4659 3067 4732 Superbia
3093 4676 3226 4716 vero
3250 4660 3398 4732 parit
3442 4657 3637 4734 indiga

2006 4759 2313 4826 nationem,
2357 4755 2647 4826 invidiam,
2724 4757 3135 4826 contemptum,
3211 4753 3634 4827 detractionem,

2007 4851 2539 4919 murmurationem,
2591 4855 2648 4905 et
2698 4849 3182 4904 exsecrabiliorem
3236 4849 3327 4904 his
3375 4849 3638 4906 omnibus

2005 4946 2435 5020 blaSphemiam.
2458 4947 2709 5010 Quorum
2736 4943 3015 4998 malorum
3041 4959 3210 4998 causa
3228 4943 3274 4998 si
3294 4942 3422 5015 quis
3440 4941 3640 5000 exstir-

2005 5060 2141 5116 pare
2165 5042 2224 5096 in
2250 5039 2486 5096 veritate
2513 5038 2809 5108 desiderat,
2841 5035 3094 5108 origines
3119 5051 3316 5093 earum
3336 5051 3370 5092 a
3396 5053 3455 5094 se
3478 5034 3638 5110 prius

2007 5141 2065 5194 et
2109 5137 2323 5191 radices
2361 5133 2602 5190 excidat.
2657 5134 2734 5188 tta
2771 5147 3018 5204 namque
3063 5127 3324 5187 omnium
3367 5128 3640 5192 vitiorum

2005 5231 2259 5288 funditus
2284 5231 2551 5301 poterunt
2587 5225 2802 5282 soboles
2838 5225 3156 5297 exstirpari,
3188 5225 3235 5281 si
3260 5227 3380 5298 ipsa
3408 5244 3636 5302 quoque

2008 5341 2208 5384 eorum
2230 5323 2465 5394 semina,
2497 5321 2826 5396 priusquam
2851 5321 3194 5395 germinent,
3221 5321 3552 5383 evelluntur.
