4044 6196
1605 521 2422 628 OPUSCULUM
2457 489 2468 500 ’
2504 525 2610 628 V.

827 691 2046 814 EXHORTATIO
2135 693 3398 818 HUMILITATIS.

493 885 534 941 Ι.
579 880 839 952 Quisquis
887 882 1032 934 nutu
1084 878 1186 934 Dei
1218 879 1519 950 cujuslibet
1551 870 1721 934 officii
1774 879 2049 951 dignitate
2071 892 2130 964 Α
2151 879 2352 936 Oleum
2401 885 2591 936 autem
2642 883 2952 954 peccatoris
2999 883 3249 938 adulatio
3301 887 3416 954 est,
3479 899 3605 955 quae
3667 883 3798 939 levi

419 979 706 1052 praaluces,
729 973 822 1028 hic
843 972 1094 1045 providae
1115 973 1539 1044 gubernationis
1565 973 1810 1028 utilitate
1833 973 2050 1030 caeteris

312 1122 326 1128 _
415 1067 721 1144 praecedis‘ll
735 1066 1082 1138 hominibus,
1104 1067 1249 1122 hanc
1273 1067 1824 1122 exhortatiunculam
1864 1083 2050 1122 meam

415 1163 736 1234 diligenter,
759 1177 970 1233 quaso,
998 1160 1256 1233 recipias,
1283 1177 1386 1216 nec
1411 1177 1712 1234 pomposas
1739 1161 1798 1216 in
1829 1178 1895 1216 ea
1919 1177 2048 1233 spu-

413 1272 534 1312 mas
557 1257 857 1312 rhetorum
883 1271 1132 1328 quaeras;
1174 1255 1308 1328 quia
1335 1255 1673 1310 humilitatis
1712 1255 1892 1311 virtus
1933 1272 2048 1310 non

411 1351 716 1406 verborum
743 1349 1001 1420 elatione,
1045 1350 1138 1404 sed
1177 1349 1385 1404 mentis
1423 1349 1670 1422 puritate
1710 1348 2042 1421 requiritur.

412 1446 480 1500 Et
505 1444 552 1498 si
578 1443 722 1498 forte
749 1442 944 1498 durius
964 1442 1178 1514 aliquid
1203 1443 1399 1498 videor
1429 1442 1608 1515 loqui,
1653 1443 1904 1498 veritatis
1926 1443 2046 1498 haec

413 1539 596 1610 culpa,
627 1552 742 1592 nou
767 1552 893 1592 mea
932 1541 1034 1592 est.
1074 1537 1212 1590 Nam
1248 1537 1376 1591 ideo
1412 1537 1672 1608 quasdam
1715 1537 1856 1592 dura
1891 1541 2042 1606 sunt,

411 1631 674 1704 quiedam
701 1630 924 1700 mollia;
954 1631 1051 1685 sed
1071 1633 1126 1686 et
1145 1631 1404 1702 quamvis
1432 1631 1772 1686 alterutrum
1798 1630 1904 1684 sibi
1931 1647 2048 1684 om-

409 1742 512 1781 nes
537 1725 796 1780 homines
811 1724 1051 1780 debeant
1070 1724 1386 1791 veritatem,
1408 1724 1584 1780 libere
1604 1728 1796 1779 tamen
1809 1724 2040 1796 loquar:

409 1818 628 1874 nemini
654 1817 838 1874 verius
865 1817 1068 1872 debere
1087 1817 1302 1889 aliquid
1331 1817 1458 1887 dici,
1490 1835 1662 1890 quam
1703 1817 1754 1872 ei
1782 1817 1879 1890 qui
1905 1835 2046 1890 prte-

408 1913 552 1968 sidet
575 1911 788 1967 multis.
829 1911 932 1966 Cui
974 1911 1078 1966 etsi
1117 1927 1386 1982 asperum
1422 1911 1632 1982 aliquid
1684 1928 1754 1966 ex
1807 1911 2045 1966 veritate

406 2005 730 2078 aliquando,
785 2009 852 2060 ut
907 2005 1124 2075 assolet,
1170 2004 1469 2076 offeratur,
1521 2004 1675 2060 velut
1725 2004 2044 2060 antidotum

405 2100 712 2172 quoddam,
742 2099 997 2171 quamvis
1023 2099 1167 2154 forte
1194 2099 1286 2168 sit,
1310 2103 1500 2153 tamen
1527 2098 1662 2170 quia
1687 2097 2044 2153 salutiferum

403 2197 506 2264 est,
541 2193 780 2263 etiamsi,
809 2191 1096 2262 amaricet,
1126 2191 1439 2246 bibendum
1465 2195 1568 2246 est.

479 2289 541 2342 ll.
571 2289 684 2342 Hoc
710 2303 846 2358 ergo
871 2287 1068 2341 hortor
1090 2285 1152 2341 in
1179 2285 1398 2357 primis,
1437 2290 1504 2340 ut
1543 2300 1769 2356 semper
1798 2285 2040 2340 delecta-
2063 2266 2120 2336 B

403 2380 542 2436 bilia
557 2380 656 2439 illa
669 2380 841 2435 nimis
860 2379 1160 2436 hominum
1178 2379 1566 2434 blandimenta
1578 2379 1904 2450 pertimeas.
1920 2379 2042 2434 Non

405 2463 560 2531 enim
589 2475 650 2530 in
678 2475 783 2529 hac
809 2491 870 2530 re
893 2477 1050 2529 tanta
1074 2473 1382 2545 vigilantiae
1406 2471 1685 2527 industria
1721 2472 2042 2529 adhibenda

404 2573 507 2638 est,
549 2573 827 2640 quantum
874 2568 934 2622 in
976 2567 1090 2622 illis
1131 2566 1490 2622 sermonibus
1529 2565 1892 2637 repellendis,
1943 2566 2042 2638 qui

402 2663 492 2718 sib
517 2663 862 2734 rigiditatem
881 2661 1059 2716 animi
1079 2661 1323 2733 quadam
1349 2659 1777 2715 simulationum
1803 2660 2042 2715 delecta-

399 2758 553 2813 tione
579 2757 940 2826 subnervant,
965 2755 1064 2826 qui
1078 2754 1471 2826 promerendae
1489 2753 1682 2824 gratiae
1701 2753 1908 2823 aditus,
1923 2769 2041 2808 non

402 2852 663 2907 laborum
678 2849 902 2916 merito,
919 2848 1016 2903 sed
1028 2847 1486 2903 adsentationum
1501 2847 1740 2902 rimatur
1753 2847 2036 2902 acumine.

399 2944 568 3001 Utilia
597 2961 733 3015 ergo
759 2942 946 3014 potius
973 2958 1145 3013 quam
1175 2940 1540 3010 obsequentia
1567 2939 1736 2994 verba
1775 2940 2036 3011 recipies,

403 3043 558 3094 recta
583 3035 765 3107 magis
789 3051 960 3106 quam
984 3033 1228 3088 affabilia
1245 3037 1302 3088 et
1318 3033 1572 3103 jucunda
1591 3033 1861 3104 captabis.
1881 3033 2034 3088 Adu—

402 3130 544 3187 lanti
569 3129 850 3201 siquidem
878 3127 1222 3200 adgaudere,
1248 3126 1475 3198 regium
1501 3125 1702 3180 vitium
1731 3130 1814 3182 est
1837 3144 1854 3196 ;
1893 3126 2034 3182 adu-

404 3224 512 3281 lari
534 3239 686 3292 vero,
715 3222 912 3278 servile
939 3225 1041 3277 est.
1074 3221 1182 3276 Sed
1222 3220 1480 3291 quamvis
1525 3219 1779 3274 adulanti
1817 3219 2033 3292 adgau-

405 3319 539 3375 dere
563 3317 788 3389 regium
815 3317 906 3384 sit,
936 3320 1128 3371 tamen
1154 3314 1354 3370 vitium
1381 3329 1487 3368 usu
1513 3313 1880 3368 vernaculum
1905 3314 2032 3382 hoc,

406 3419 463 3470 et
491 3411 651 3485 quasi
677 3410 972 3482 proprium
1000 3425 1208 3464 munus
1237 3413 1340 3478 est,
1368 3408 1600 3480 egregie
1637 3407 1805 3462 verba
1831 3413 2031 3479 poten-

403 3511 529 3564 tum
559 3504 848 3577 subsequi,
891 3509 948 3560 et
986 3520 1055 3559 ex
1092 3502 1321 3558 illorum
1360 3501 1746 3557 voluntatibus
1785 3502 2032 3556 formare

405 3616 747 3658 sermonem.
774 3599 912 3654 Nam
938 3597 984 3652 si
1009 3597 1148 3669 quid
1171 3597 1315 3652 forte
1338 3595 1710 3663 laudaverint,
1741 3599 1797 3650 et
1831 3595 1890 3650 id
1917 3612 2032 3650 non
2059 3636 2114 3710 Ο

403 3695 648 3751 libenter
683 3693 868 3748 audiri
908 3691 1326 3763 prospexerint,
1377 3689 1644 3745 continuo
1681 3695 1962 3759 accusant,
1993 3689 2038 3744 si

403 3788 542 3862 quid
568 3787 737 3858 paulo
762 3789 890 3842 ante
914 3785 1308 3839 laudaverunt.
1345 3783 1401 3838 Si
1427 3783 1562 3854 quid
1590 3799 1722 3838 vero
1754 3783 2036 3854 vitupera-

402 3881 604 3952 verint,
633 3880 692 3934 id
717 3879 947 3948 iterum,
975 3878 1024 3932 si
1069 3877 1150 3932 ita
1183 3881 1422 3949 patrono
1457 3876 1644 3931 visum
1672 3877 1866 3947 fuerit,
1913 3877 2037 3932 lau-

405 3976 562 4032 dant.
593 3977 773 4046 Atque
801 3973 882 4028 ita
905 3972 1056 4026 inter
1083 3971 1186 4025 hos
1212 3971 1352 4026 tales
1377 3969 1589 4024 adulati
1616 3969 1840 4024 animus
1859 3970 2042 4027 fertur

403 4073 678 4141 tanquam
701 4066 858 4123 navis
883 4065 1030 4121 inter
1054 4065 1234 4120 varios
1260 4080 1529 4120 aurarum
1553 4064 1740 4135 flatus,
1769 4065 1907 4136 quia
1923 4081 2038 4120 non

405 4163 576 4220 habet
593 4162 751 4217 unde
777 4164 939 4217 exeat
962 4165 1018 4215 et
1044 4159 1372 4215 ﬂuctuatur.
1403 4159 1554 4213 Inter
1579 4159 1682 4213 hos
1701 4163 1860 4230 ‘ergo
1893 4175 2036 4230 quo-

405 4274 537 4314 rum
563 4255 883 4313 uberrimus
907 4259 1174 4326 quaestus,
1203 4252 1296 4308 hic
1320 4251 1565 4307 maxime
1605 4256 1708 4322 est,
1747 4252 2040 4308 desideriis

403 4353 593 4410 vivere
640 4351 860 4422 alienis,
910 4349 1170 4404 animum
1209 4351 1376 4403 tuum
1429 4363 1652 4402 summa
1687 4345 2040 4402 discretionis

405 4463 672 4503 mensura
713 4443 1064 4516 constringe;
1109 4446 1175 4498 ut
1211 4459 1343 4496 cum
1378 4439 1546 4496 multi
1583 4439 1876 4495 adulantes
1903 4440 2038 4496 hinc

407 4545 576 4612 atque
602 4540 733 4595 inde
757 4539 905 4594 nihil
931 4537 1085 4594 aliud
1111 4537 1222 4592 nisi
1254 4539 1478 4592 tantum
1505 4533 1658 4608 quod
1686 4533 1922 4590 delectet
1945 4535 2036 4590 in-

407 4634 653 4702 sinuant,
681 4631 978 4686 offerentes
1004 4631 1264 4702 quaedam
1291 4630 1486 4702 gloriae
1523 4629 1714 4698 verba,
1746 4628 1808 4684 in
1833 4627 2038 4700 quibus

334 4726 339 4734 ’
405 4727 513 4785 hoc
534 4726 640 4782 tibi
664 4721 874 4781 dicitur
897 4723 1049 4796 quod
1071 4726 1134 4789 et
1160 4724 1290 4793 Deo,
1321 4723 1765 4795 agnoscas'nihil
1783 4722 1938 4778 aliud
1967 4739 2037 4778 ex

405 4821 496 4879 his
527 4819 826 4892 proprium
858 4823 1027 4873 tuum
1060 4814 1201 4888 esse,
1237 4815 1350 4870 nisi
1388 4815 1495 4870 hoc
1535 4820 1758 4871 tantum
1792 4816 1942 4888 quod
1981 4820 2038 4872 et

403 4919 615 4983 tecum,
643 4918 700 4969 et
726 4929 858 4968 cum
882 4911 952 4968 de
976 4911 1083 4967 hac
1107 4911 1222 4966 vita
1245 4909 1568 4977 excesseris,
1599 4925 2035 4980 permansurum

406 5011 510 5066 est.

342 5165 349 5172 _
479 5104 564 5158 ΙΙΙ.
601 5103 660 5156 In
686 5101 950 5156 omnibus
987 5115 1124 5170 ergo
1170 5099 1230 5154 in
1264 5097 1470 5171 quibus
1517 5097 1904 5153 adulationum
1942 5098 2032 5153 ni-

403 5196 604 5252 mietas
628 5196 799 5250 etiam
818 5193 1090 5250 terminos
1115 5192 1335 5252 homini
1366 5195 1746 5264 competentes
1775 5191 2030 5260 excessit,

403 5290 546 5346 illud
581 5289 909 5344 Davidicum
949 5286 1329 5342 recordaveris
1373 5285 1798 5355 documentum,
1830 5285 1891 5338 in
1919 5301 2032 5356 quo

401 5383 498 5440 ille
524 5399 740 5438 venena
771 5382 1162 5436 adulationum
1195 5379 1468 5450 devitans,
1491 5379 1571 5434 ait
1607 5395 1620 5432 :
1655 5379 1918 5448 Corripiet
1951 5395 2032 5433 me

393 5478 584 5548 justus
627 5478 687 5530 in
729 5475 1122 5536 misericordia,
1159 5480 1210 5530 et
1244 5479 1434 5541 arguet
1475 5489 1556 5527 me
1586 5491 1603 5540 ;
1647 5474 1819 5528 oleum
1853 5477 2033 5527 autem

396 5572 696 5646 peccatoris
733 5586 843 5626 non
879 5571 1178 5640 impinguet
1215 5573 1379 5640 caput
1415 5583 1592 5622 meum
1640 5567 1746 5638 (Ps.
1798 5583 1914 5636 exe,
1954 5568 2027 5638 5).

473 5712 499 5742 "
523 5713 706 5782 Forte,
736 5715 802 5767 ut
819 5708 985 5766 lectio
1013 5711 1251 5780 constet,
1277 5707 1606 5781 legendum,
1638 5712 1700 5764 ut
1715 5671 2042 5778 providam...

395 5785 805 5917 θ”ῗῗέὲέῗὲωα
821 5857 871 5914 si
885 5853 1203 5914 redundare
1220 5851 1462 5924 videtur,
1492 5850 1742 5927 alioquin
1761 5867 2030 5926 suspensa.

2149 974 2394 1046 quadam
2422 979 2478 1030 et
2503 975 2661 1031 suavi
2693 977 2960 1032 unctione
2986 981 3158 1048 caput
3192 976 3478 1032 interioris
3509 976 3796 1047 hominis,

2149 1068 2301 1140 quod
2330 1072 2412 1123 est
2439 1085 2555 1140 cor,
2599 1069 2760 1142 quasi
2795 1071 3064 1143 ungendo
3101 1070 3382 1126 dinitidat.
3410 1070 3604 1125 Melius
3643 1087 3800 1142 ergo

2148 1161 2255 1216 sibi
2282 1161 2388 1234 ipsi
2424 1179 2542 1218 esse
2571 1163 2717 1218 dixit
2755 1164 3036 1236 propheta
3076 1163 3250 1219 David
3275 1163 3344 1218 ab
3369 1163 3601 1218 homine
3621 1164 3800 1235 justo

2147 1255 2312 1328 argui
2343 1257 2428 1312 vel
2461 1257 2701 1326 moneri,
2731 1274 2904 1330 quam
2932 1274 2966 1312 a
2987 1257 3187 1329 quovis
3219 1256 3510 1313 adulatore
3538 1256 3795 1312 laudari.

2147 1350 2316 1405 Recte
2341 1354 2533 1407 autem
2562 1351 2917 1406 adulatorem
2941 1351 3245 1423 peccatoris
3283 1351 3515 1407 nomine
3545 1350 3795 1405 denota-

2146 1443 2246 1512 vit,
2273 1443 2434 1516 cujus
2461 1443 2518 1500 id
2537 1445 2854 1500 maximum
2881 1449 3012 1500 ante
3039 1445 3228 1500 oculos
3246 1445 3346 1500 Dei
3370 1450 3428 1500 et
3452 1444 3795 1500 detestabile

2147 1543 2231 1594 est
2256 1543 2571 1610 peccatum,
2595 1539 2748 1594 aliud
2766 1539 2934 1594 corde
2965 1543 3179 1609 tenere,
3207 1539 3358 1594 aliud
3384 1554 3481 1594 ore
3505 1539 3793 1610 proferre.

2147 1632 2223 1686 De
2250 1631 2456 1687 talibus
2481 1633 2635 1688 enim
2660 1639 2716 1688 et
2748 1633 2810 1687 in
2838 1633 2948 1688 alio
2974 1633 3192 1688 Psalmo
3214 1631 3350 1688 dicit
3381 1648 3394 1687 :
3424 1633 3624 1688 Molliti
3649 1639 3797 1687 sunt

2144 1742 2410 1781 sermones
2461 1727 2579 1794 ejus
2640 1743 2804 1797 super
2865 1728 3060 1790 oleum,
3117 1732 3168 1781 et
3231 1728 3341 1796 ipsi
3402 1731 3532 1780 sunt
3583 1726 3795 1795 jacula

2147 1820 2252 1891 (Ps.
2282 1837 2386 1888 Liv,
2421 1823 2530 1889 22).
2563 1820 2638 1874 De
2659 1821 2814 1890 justo
2841 1825 3048 1889 autem,
3068 1820 3205 1875 dicit
3229 1839 3246 1873 :
3277 1821 3545 1890 Loquitur
3577 1822 3789 1874 verita-

2145 1919 2306 1968 tatem
2330 1915 2388 1967 in
2414 1913 2571 1968 corde
2595 1930 2710 1976 suo,
2754 1919 2804 1968 et
2837 1930 2946 1968 non
2984 1916 3092 1982 egit
3125 1915 3309 1968 dolum
3352 1915 3413 1967 in
3449 1915 3637 1980 lingua
3673 1928 3792 1968 sua

2146 2005 2251 2076 (Ps.
2279 2022 2389 2072 x1v,
2424 2006 2496 2078 3).
2525 2008 2594 2061 Ut
2619 2010 2809 2062 autem
2837 2007 2898 2061 in
2923 2007 3014 2061 his
3039 2006 3208 2062 rebus
3234 2006 3444 2078 quaevis
3477 2005 3792 2061 hominum

2144 2100 2421 2155 subtilitas
2435 2100 2592 2154 nullo
2609 2115 2864 2173 unquam
2880 2101 3218 2156 laudationis
3234 2100 3592 2155 titillamento
3609 2113 3632 2142 ο
3660 2115 3795 2155 cre-
3816 2139 3852 2162 χ

2142 2193 2434 2250 dulitatem
2483 2195 2692 2250 mentis
2755 2198 2868 2250 tuae
2933 2194 3184 2249 attrahat
3228 2193 3289 2248 in
3339 2209 3643 2264 consensu,
3707 2194 3795 2249 ad

2142 2287 2320 2358 ipsius
2366 2287 2588 2341 Domini
2636 2287 2815 2342 nostri
2861 2289 2992 2343 Jesu
3049 2287 3257 2342 Christi
3311 2287 3631 2360 evangelica
3679 2286 3793 2341 illa

2142 2385 2298 2452 gesta
2349 2383 2704 2450 convertere;
2767 2385 2824 2436 et
2879 2381 3133 2437 invenies
3178 2379 3340 2435 illum
3380 2381 3792 2434 dominantium

2142 2477 2425 2530 Dominum
2476 2475 2664 2545 (Apoc.
2717 2491 2828 2544 nx,
2879 2476 2962 2544 16)
3011 2491 3292 2546 magnum
3343 2473 3502 2528 nobis
3553 2473 3791 2528 dedisse

2118 2567 2293 2624 ‘iuter
2322 2569 2602 2623 humanas
2637 2568 2831 2622 laudes
2869 2567 3210 2622 humilitatis
3245 2567 3590 2639 exemplum.
3621 2567 3790 2622 Hanc

2140 2678 2276 2734 ergo
2313 2661 2526 2732 excole,
2555 2661 2814 2732 hancque
2849 2662 3184 2733 magistram
3221 2660 3448 2730 habeto,
3491 2660 3638 2714 hanc
3672 2659 3790 2714 tibi

2139 2756 2290 2811 inter
2312 2755 2708 2810 laudationum
2733 2754 3024 2809 illecebras
3050 2754 3323 2809 arbitram
3349 2771 3516 2826 pone.
3560 2754 3788 2818 Quanta

2137 2849 2322 2921 portio
2347 2866 2416 2904 ex
2445 2849 2534 2904 his
2559 2865 2688 2920 quas
2717 2847 2976 2902 homines
2999 2848 3351 2902 adlaudando
3376 2847 3656 2913 tribuunt,
3686 2846 3786 2900 vel

2139 2947 2348 3014 quanto
2373 2947 2632 3014 tempore
2657 2947 2754 2997 tua
2780 2942 2873 3011 sit,
2916 2941 3036 2996 haec
3074 2958 3188 2996 non
3208 2940 3506 3013 permittas
3546 2937 3786 3012 placidis

2137 3036 2367 3090 auribus
2391 3036 2608 3106 audire,
2638 3035 2771 3107 quia
2801 3036 2952 3090 ﬁcta.

2209 3130 2294 3184 IV.
2332 3131 2619 3185 Postremo
2655 3129 2774 3184 haec
2810 3133 3002 3184 sancta
3047 3129 3364 3196 humilitas,
3410 3124 3697 3182 subductis
3745 3143 3786 3180 θ.

2135 3226 2192 3278 te
2221 3221 2477 3278 omnium
2502 3223 2929 3278 simulationum
2954 3222 3252 3291 illecebris,
3278 3227 3413 3278 tunc
3438 3220 3542 3274 tibi
3566 3219 3782 3274 coelum

2135 3316 2369 3389 aperiet,
2390 3334 2524 3372 cum
2547 3315 2654 3372 tibi
2675 3317 2736 3370 in
2761 3333 2898 3371 aure
2919 3315 3164 3370 dixerit:
3191 3317 3331 3382 Quia
3357 3321 3504 3370 terra
3531 3328 3583 3366 es
3615 3310 3776 3380 (Gen.

2135 3426 2216 3479 ιιι,
2257 3410 2370 3481 19);
2409 3415 2545 3466 tunc
2585 3415 2642 3466 te
2680 3410 2742 3464 iu
2782 3410 2878 3464 illa
2927 3427 3058 3465 vera
3115 3409 3380 3464 societate
3430 3404 3784 3462 haereditatis

2134 3503 2233 3558 Dei
2271 3503 2602 3574 introducit,
2659 3520 2792 3558 cum
2849 3509 2904 3559 te
2947 3505 3007 3559 in
3055 3503 3318 3558 omnibus
3367 3497 3725 3556 admonuerit
3762 3515 3779 3552 :

2139 3597 2279 3664 Quia
2302 3598 2452 3652 homo
2478 3614 2532 3652 es
2559 3602 2608 3652 et
2626 3603 2898 3668 peccator.
2927 3599 2994 3652 Et
3031 3614 3164 3652 cum
3197 3597 3486 3651 universas
3530 3591 3784 3647 rationes

2139 3708 2210 3746 ex
2234 3691 2322 3746 his
2345 3708 2472 3764 quae
2495 3691 2569 3746 ad
2595 3695 2651 3746 te
2676 3690 2988 3763 pertinent,
3004 3692 3066 3746 in
3087 3691 3259 3762 hujus
3285 3685 3623 3744 humilitatis
3642 3701 3782 3756 sup-

2137 3785 2427 3858 putatione
2445 3785 2802 3856 prospexeris
2834 3785 3060 3855 (miram
3099 3800 3223 3839 rem
3253 3783 3475 3853 dicam),
3516 3779 3779 3834 invenies

2138 3879 2397 3934 homines
2425 3879 2496 3934 ad
2522 3879 2754 3933 honoris
2777 3879 2862 3934 tui
2888 3879 3184 3934 cumulum
3211 3873 3632 3948 augmentando
3655 3872 3777 3927 mi-

2137 3989 2333 4042 nuere,
2387 3973 2536 4027 hanc
2584 3987 2718 4026 vero
2777 3972 2950 4026 solam
3003 3970 3314 4026 minuendo
3363 3969 3490 4040 plus
3541 3967 3774 4022 addere.

2139 4066 2411 4133 Quantum
2441 4081 2564 4135 ergo
2587 4081 2817 4134 magnus
2853 4081 2928 4129 es,
2956 4070 3020 4120 ut
3047 4065 3128 4120 ait
3162 4063 3446 4132 Salomon,
3483 4066 3693 4116 tantum
3721 4065 3778 4114 te

2139 4161 2368 4216 humilia
2393 4160 2575 4230 (Eccli.
2608 4177 2690 4230 1n,
2717 4161 2830 4231 ‘20).
2867 4160 3010 4224 Quia
3052 4163 3109 4214 et
3149 4175 3281 4213 cum
3320 4157 3531 4212 multos
3561 4153 3774 4226 guber-

2137 4255 2378 4324 naveris,
2408 4271 2524 4308 non
2549 4259 2636 4309 est
2660 4258 2852 4309 tamen
2879 4253 3168 4324 perfectio,
3198 4252 3245 4306 si
3277 4252 3384 4306 hoc
3409 4249 3563 4322 quod
3589 4246 3778 4318 majus

2138 4353 2240 4419 est,
2267 4353 2330 4403 tu
2357 4347 2506 4402 solus
2532 4348 2827 4418 restiteris,
2855 4364 3028 4419 quem
3067 4347 3382 4418 gubernare
3415 4360 3530 4398 non
3568 4339 3774 4413 possis.

2137 4443 2292 4498 Tunc
2317 4442 2472 4498 enim
2498 4441 2625 4496 aliis
2655 4458 2786 4498 vere
2824 4441 3072 4514 praeibis,
3111 4456 3244 4494 cum
3287 4438 3446 4510 prius
3480 4434 3777 4509 praeiveris

2136 4535 2259 4592 tibi.
2289 4537 2399 4592 Nec
2426 4536 2579 4591 enim
2608 4535 2769 4590 malis
2797 4551 2949 4590 nunc
2975 4551 3132 4606 ergo,
3171 4532 3268 4588 sed
3307 4547 3482 4604 quam
3521 4528 3775 4585 maxime

2135 4629 2298 4684 bonis
2324 4631 2443 4684 haec
2480 4631 2701 4701 loquor.
2740 4630 2881 4684 Nam
2923 4628 2970 4682 si
3008 4627 3079 4683 ad
3115 4625 3513 4698 magisterium
3548 4623 3648 4678 Dei
3673 4638 3770 4677 re-

2136 4723 2354 4795 spicias,
2385 4739 2500 4778 non
2536 4725 2718 4779 solum
2755 4723 3056 4796 peccatori,
3087 4721 3186 4777 sed
3221 4719 3426 4776 sanctis
3464 4719 3594 4774 data
3616 4732 3769 4788 pra:-

2135 4821 2297 4890 cepta
2325 4821 2476 4873 sunt.
2512 4817 2725 4872 Dicitur
2749 4821 2806 4872 et
2832 4816 2942 4872 illis
2965 4815 3202 4871 verbum
3227 4813 3498 4879 veritatis,
3526 4827 3642 4866 non
3675 4814 3766 4865 ta-

2134 4929 2268 4967 men
2296 4916 2359 4966 ut
2402 4911 2542 4966 flant
2585 4911 2742 4979 boni,
2785 4911 2938 4982 quod
2981 4913 3149 4980 sunt;
3197 4908 3294 4964 sed
3327 4924 3400 4962 ne
3431 4905 3571 4960 ﬁant
3606 4903 3766 4971 mali,

2055 5014 2114 5087 D
2136 5005 2286 5078 quod
2331 5021 2447 5060 non
2484 5008 2636 5060 sunt.
2679 5005 2858 5060 Credo
2893 5007 3084 5059 autem
3120 5003 3255 5074 quia
3287 4999 3449 5056 bonis
3489 4999 3618 5070 plus
3657 4997 3766 5052 hoc

2133 5099 2286 5172 quod
2310 5115 2540 5171 purum,
2570 5099 2724 5171 quod
2749 5099 3033 5153 sincerum
3060 5101 3162 5166 est,
3187 5096 3425 5168 placeat.
3453 5093 3592 5148 Nam
3617 5091 3769 5146 Deus

2129 5199 2323 5249 noster
2350 5209 2466 5248 non
2487 5195 2709 5247 tantum
2735 5191 2992 5247 dulcibus
3015 5189 3379 5245 adorantium
3396 5203 3455 5242 se
3481 5183 3764 5258 precibus,

2130 5291 2410 5359 quantum
2454 5285 2775 5340 innocentia
2814 5289 2871 5340 et
2915 5284 3274 5357 simplicitate
3317 5281 3592 5354 placatur.
3633 5277 3768 5332 Plus

2130 5380 2243 5435 illis
2295 5385 2486 5436 autem
2529 5379 2824 5448 inclinans,
2879 5380 2980 5452 qui
3031 5379 3307 5434 sinceram
3350 5388 3666 5448 puramque
3711 5372 3768 5427 ei

2130 5479 2381 5530 mentem
2406 5474 2672 5542 otferunt,
2701 5490 2874 5545 quam
2899 5473 3002 5546 qui
3028 5471 3220 5528 suavia
3255 5469 3578 5525 orationum
3605 5465 3762 5520 intu-

2128 5568 2300 5624 lerint
2319 5569 2727 5624 blandimenta.
2756 5569 2876 5624 Non
2897 5567 3052 5624 enim
3063 5565 3148 5622 ‘ad
3172 5564 3352 5622 alium
3371 5561 3516 5620 mihi
3537 5561 3606 5618 de
3621 5576 3765 5617 vana

2129 5707 2429 5765 sententia.

2199 5793 2223 5824 ο
2253 5782 2334 5838 Ita
2361 5780 2749 5856 rescripsimus
2767 5795 2880 5855 quo
2907 5780 3247 5838 titulamento
3276 5775 3422 5836 Edit.
