4042 6184
210 277 278 335 41
1145 279 1420 339 ΜΑΒΤΙΝΙ
1456 277 1812 341 DUMIENSIS
1848 279 2246 342 OPL’SCULUM
2285 285 2368 339 Vl.
2409 285 2496 340 DE
2535 285 2664 340 lRA.
3516 285 3585 341 42

211 387 402 460 gloria
422 392 523 443 aut
556 387 824 460 superbia
847 387 1030 445 visum
1063 393 1149 444 est
1170 389 1346 462 loqui,
1377 391 1487 446 nisi
1516 393 1584 448 ad
1611 397 1688 461 te,
1719 393 1848 465 qui-
1872 406 1929 479 Α
1947 395 2136 450 corde.
2169 395 2305 448 Ecce
2343 393 2450 450 hoc
2487 399 2589 464 est,
2621 393 2772 465 quod
2800 393 3158 450 incurvatum
3186 393 3391 466 saepius
3417 393 3587 466 erigit

207 496 465 552 cumque
489 481 649 553 prior
675 497 736 536 es
761 482 884 536 aliis
911 500 926 538 :
957 483 1057 554 qui
1083 483 1188 538 etsi
1226 500 1342 538 non
1375 485 1632 557 recipias,
1659 492 1851 542 tamen

206 590 416 630 omnes
455 575 578 630 haec
623 574 915 646 ingerunt,
968 592 1162 631 omnes
1219 577 1604 649 blandiuntur,
1656 597 1852 635 omnes

204 667 504 723 extollunt
525 686 543 738 ;
570 683 742 724 nemo
767 685 837 723 ex
872 667 982 723 illis
1007 669 1066 724 id
1094 669 1366 739 offerens;
1405 673 1555 743 quod
1585 672 1663 727 ita
1691 673 1852 728 dulce

201 760 310 830 sit,
341 766 406 816 ut
443 765 633 816 tamen
659 778 692 815 a
715 761 968 834 periculo
1007 762 1176 835 longe
1217 763 1308 818 sit.
1341 765 1453 819 Nec
1496 765 1649 820 enim
1676 766 1854 822 miror

199 853 484 908 omnibus
521 871 641 910 esse
673 854 736 910 in
770 859 1064 927 promptu,
1093 856 1227 927 quia
1266 856 1496 914 laudare
1537 864 1848 929 potentem,

200 945 366 1002 sicut
387 963 494 1002 nec
515 947 692 1018 labor,
719 947 799 1004 ita
820 963 924 1004 nec
947 949 1119 1004 timor
1142 953 1249 1005 est.

282 1041 355 1094 ν.
383 1041 507 1096 Tibi
534 1041 711 1113 igitur
728 1057 822 1096 me
849 1042 1100 1114 oportuit
1125 1043 1247 1098 haec
1274 1044 1612 1101 humilitatis
1635 1046 1849 1102 instru-

199 1137 414 1188 menta
445 1135 756 1206 porrigam,
787 1134 892 1190 tibi
931 1135 1322 1207 gubernaculi,
1353 1139 1610 1210 quamvis
1635 1144 1692 1195 et
1731 1140 1849 1211 ipse

199 1225 450 1296 habeas,
477 1226 648 1282 etiam
684 1227 792 1282 hoc
832 1229 1185 1300 superﬂuum
1221 1231 1427 1286 addere
1462 1233 1847 1288 moderamen.

200 1318 360 1382 Quia
410 1319 491 1374 ibi
543 1337 770 1392 semper
811 1321 1070 1377 elationis
1109 1322 1310 1378 fortior
1357 1328 1556 1380 ventus
1603 1330 1707 1395 est,
1749 1326 1850 1381 ubi

202 1410 427 1466 honori
468 1413 664 1468 fortior
702 1413 974 1495 altitudo.
1001 1415 1178 1486 Cupio
1220 1432 1357 1488 ergo
1402 1423 1459 1473 te
1495 1423 1627 1473 ante
1663 1418 1851 1472 oculos

201 1503 316 1560 Dei
355 1504 564 1576 quibus
605 1507 760 1562 nuda
795 1513 878 1564 est
923 1508 1153 1580 abyssus
1193 1509 1458 1566 humana:
1498 1511 1850 1567 conscientiae

203 1597 431 1652 humili
476 1598 644 1654 corde
682 1615 908 1672 semper
937 1601 1219 1672 incedere,
1249 1603 1382 1675 quia
1415 1605 1687 1676 scriptum
1724 1609 1846 1660 est:

205 1691 399 1761 Super
455 1709 630 1762 quem,
688 1693 879 1765 inquit
931 1694 1222 1765 Dominus,
1278 1700 1572 1766 requiescet
1623 1700 1852 1767 spiritus

1949 485 2264 542 inimicum.
2286 488 2583 542 Peccatum
2609 503 2855 558 namque
2875 487 3132 542 elationis
3158 491 3386 553 nostrai,
3410 486 3585 542 robur

1949 578 2121 634 illius.
2149 579 2273 635 Sola
2310 596 2446 651 ergo
2486 579 2776 652 humilitas
2813 579 2995 634 cordis
3033 584 3136 647 est,
3168 596 3297 652 quae
3325 597 3384 636 se
3418 580 3579 636 inﬁr-

1949 689 2104 727 mam
2140 672 2393 741 dicendo,
2429 672 2618 727 omnia
2652 677 2854 744 potest,
2886 689 3012 744 quae
3052 677 3234 728 totum
3260 673 3413 745 quod
3450 674 3586 730 boni

1951 772 2036 822 est.
2072 766 2315 835 obtinet,
2348 767 2458 820 Deo
2494 766 2600 819 hoc
2633 782 2858 837 semper
2897 766 3252 837 applicando,
3287 783 3403 822 non
3439 767 3579 838 sibi;

1950 859 2011 914 in
2052 877 2165 931 qua
2207 860 2253 914 si
2296 859 2423 931 quis
2469 859 2800 928 ascenderit,
2838 876 2953 914 non
2992 860 3162 916 habet
3198 860 3353 916 unde
3398 861 3578 917 cadat.

1952 953 2162 1008 Omnes
2218 953 2340 1008 alia:
2389 952 2624 1006 virtutes
2679 952 2752 1006 ad
2801 953 3207 1024 perfectionem
3259 969 3419 1008 suam
3482 970 3585 1026 per

1951 1047 2168 1101 excelsa
2204 1046 2466 1118 quaedam
2509 1061 2613 1100 nos
2645 1049 2701 1100 et
2742 1044 2920 1099 ardua
2955 1050 3222 1116 poterunt
3254 1063 3580 1118 provocare,

1951 1140 2071 1195 haec
2095 1140 2213 1194 sola
2237 1140 2296 1194 in
2327 1139 2496 1210 plano
2527 1144 2640 1208 est;
2681 1142 2738 1192 et
2762 1137 3018 1208 quamvis
3044 1139 3316 1196 humilior
3347 1139 3471 1194 aliis
3494 1140 3577 1194 vi-

1951 1233 2168 1302 deatur,
2207 1232 2346 1287 coelo
2383 1237 2572 1286 tamen
2607 1235 2691 1286 est
2733 1230 2919 1300 altior,
2960 1230 3094 1302 quia
3135 1231 3198 1285 in
3234 1248 3412 1304 regno
3457 1232 3580 1302 ejus

1949 1325 2242 1380 hominem
2284 1341 2399 1379 non
2445 1323 2818 1393 ascendendo,
2871 1323 2969 1377 sed
3017 1323 3405 1380 descendendo
3448 1341 3580 1396 per.

1950 1419 2125 1474 ducit.
2152 1420 2257 1473 Per
2297 1419 2442 1472 hanc
2472 1417 2842 1472 obtinuerunt
2887 1416 3063 1471 sancti
3093 1417 3302 1472 futurae
3337 1417 3579 1474 beatitu-

1951 1511 2097 1567 dinis
2148 1512 2400 1583 prtemia,
2452 1511 2830 1566 custodientes
2876 1509 3227 1565 dominicum
3276 1511 3418 1566 illud
3465 1511 3582 1566 elo-

1950 1606 2152 1676 quium
2185 1621 2197 1658 :
2227 1607 2382 1659 Beati
2397 1619 2668 1674 pauperes
2693 1605 2913 1674 spiritu,
2946 1605 3202 1673 quoniam
3236 1607 3478 1675 ipsorum
3507 1611 3586 1660 est

1951 1714 2177 1766 regnum
2221 1699 2470 1752 caelorum
2508 1696 2719 1767 (Matth.
2759 1712 2813 1765 v,
2854 1697 2925 1766 3).
2970 1697 3062 1751 [lle
3105 1697 3318 1752 scilicet
3347 1703 3432 1753 est
3473 1696 3583 1752 hu-

205 1800 388 1848 meus,
409 1787 522 1840 nisi
537 1801 702 1856 super
714 1787 968 1842 humilem
985 1793 1038 1844 et
1054 1795 1361 1844 trementem
1379 1791 1543 1844 verba
1562 1807 1680 1845 mea
1700 1790 1848 1860 (Isai.
1872 1779 1929 1850 Β
1952 1791 2124 1860 milis,
2153 1791 2252 1862 qui
2283 1791 2488 1862 spiritu
2525 1791 2726 1861 plenus
2757 1794 2860 1860 est,
2889 1787 3026 1844 ﬂatu
3053 1790 3300 1860 quodam
3327 1789 3584 1846 elationis

208 1893 357 1948 um,
387 1879 488 1949 2)?
525 1878 702 1951 Cupio
741 1883 798 1935 te
831 1881 1023 1936 omnia
1061 1883 1325 1938 mandata
1359 1883 1564 1938 Christi
1599 1900 1850 1954 servare;

210 1975 272 2026 et
315 1987 455 2028 cum
493 1972 593 2026 illa
629 1973 894 2044 operibus
936 1975 1100 2030 bonis
1140 1975 1473 2048 adimpleas,
1519 1977 1658 2031 illud
1703 1977 1855 2049 quod

209 2064 354 2136 ipsis
377 2065 648 2136 apostolis
673 2065 887 2122 dictum
917 2073 1020 2138 est,
1053 2069 1358 2124 recordari.
1389 2069 1481 2124 Ait
1505 2070 1660 2125 enim
1695 2071 1806 2125 illis
1837 2087 1850 2124 :

210 2160 284 2214 Et
317 2174 443 2213 cum
473 2159 587 2214 haec
610 2162 792 2214 omnia
821 2163 1058 2228 feceritis
1081 2179 1204 2232 qua.-
1224 2164 1423 2218 mando
1453 2164 1622 2227 vobis,
1646 2165 1807 2218 dicite
1835 2183 1851 2218 :

213 2251 360 2318 Quia
381 2255 528 2307 servi
550 2253 770 2308 inutiles
791 2256 1038 2322 fuimus;
1068 2272 1190 2326 qua:
1209 2256 1490 2311 debuimus
1513 2259 1694 2325 facere
1716 2259 1853 2325 feci-

212 2361 338 2400 mus
381 2345 534 2416 (Luc.
559 2363 689 2415 xvu,
727 2349 842 2419 10);
884 2347 942 2403 id
982 2352 1084 2419 est,
1117 2366 1234 2404 non
1278 2365 1349 2405 ex
1386 2350 1534 2405 dono
1580 2355 1854 2422 tanquam

214 2438 412 2508 liberi,
453 2439 553 2494 sed
591 2455 661 2494 ex
703 2439 891 2496 debito
939 2446 1212 2514 tanquam
1255 2443 1422 2498 servi.
1460 2444 1661 2498 Nullus
1701 2443 1854 2498 enim

215 2531 482 2604 quamvis
507 2531 786 2604 perfectus
814 2533 876 2588 in
895 2535 1159 2589 omnibus
1176 2535 1282 2602 vir,
1302 2536 1381 2592 ita
1407 2537 1709 2609 aliquando
1734 2537 1854 2591 haec

212 2625 634 2698 praeoccupavit
657 2642 786 2698 qua:
809 2627 922 2681 Deo
950 2632 1083 2683 sunt
1107 2629 1333 2700 placita,
1363 2634 1426 2685 ut
1453 2629 1613 2700 prius
1642 2629 1855 2702 aliquid

217 2717 308 2774 illi
341 2719 620 2788 fenerans,
663 2735 778 2774 non
820 2720 1042 2776 debitor
1075 2721 1264 2792 fuerit,
1300 2723 1397 2777 sed
1439 2727 1684 2778 exactor.
1720 2724 1855 2788 Quis

222 2811 382 2866 enim
424 2811 638 2883 aliquid
674 2811 864 2882 habet,
902 2814 1055 2884 quod
1095 2814 1165 2868 ab
1200 2815 1296 2868 illo
1333 2814 1528 2870 datum
1566 2832 1682 2870 non
1735 2816 1857 2872 est?

221 2908 337 2960 Aut
376 2906 522 2974 quis,
547 2904 692 2960 sicut
723 2907 1020 2976 Apostolus
1054 2907 1154 2976 ait,
1185 2910 1343 2978 prior
1381 2909 1529 2964 dedit
1556 2910 1662 2974 illi,
1690 2914 1746 2964 et
1768 2926 1854 2964 re-

221 2998 498 3053 tribuetur
535 2999 628 3052 ei?
666 2997 931 3064 Quoniam
968 3002 1150 3055 omnia
1185 3017 1254 3055 ea:
1289 3003 1428 3071 ipso,
1461 3007 1511 3056 et
1527 3019 1631 3072 per
1653 3004 1853 3073 ipsum,

219 3098 273 3148 et
311 3095 376 3146 in
415 3093 535 3160 ipso
561 3109 578 3145 :
605 3091 713 3161 ipsi
761 3093 937 3160 gloria
981 3095 1041 3147 in
1082 3094 1300 3149 saecula.
1344 3095 1522 3149 Amen
1564 3094 1729 3166 (Rom.
1777 3111 1853 3165 xx,

224 3187 316 3254 35,
348 3184 460 3254 36).

293 3278 383 3334 Vl.
410 3277 550 3333 Ecce
579 3277 701 3332 haec
726 3281 810 3333 est
835 3294 967 3334 vera
991 3278 1088 3334 illa
1123 3284 1180 3336 et
1204 3279 1521 3336 Christiana
1544 3281 1854 3336 humilitas.

221 3371 284 3427 In
320 3371 430 3426 hac
463 3385 562 3426 eos
598 3369 803 3444 quibus
836 3372 1125 3444 praesides,
1155 3371 1368 3446 optime
1405 3374 1766 3447 gubemabis.
1796 3375 1858 3430 In

218 3462 325 3520 hac
348 3463 644 3520 victoriam
682 3481 751 3520 ex
783 3465 939 3521 omni
967 3465 1102 3522 vitio
1140 3466 1350 3539 poteris
1383 3467 1715 3540 promereri,
1746 3467 1858 3523 Deo

217 3557 328 3614 hoc
379 3556 532 3630 quod
572 3557 774 3613 viceris
817 3560 1142 3631 tribuendo,
1177 3577 1294 3616 non
1335 3561 1459 3618 tibi.
1500 3562 1660 3632 Nam,
1705 3561 1858 3632 quod

218 3650 540 3724 aliquoties,
586 3652 860 3724 patientia
898 3653 1061 3723 victa,
1107 3653 1241 3710 vitia
1277 3653 1488 3710 iterum
1521 3654 1668 3710 vires
1709 3653 1853 3709 acci-

217 3744 413 3818 piunt,
453 3743 598 3801 nihil
638 3745 795 3802 aliud
841 3751 947 3815 est,
989 3747 1132 3802 mihi
1177 3748 1362 3816 crede,
1405 3747 1514 3802 nisi
1566 3747 1700 3819 quia
1742 3764 1858 3804 non

219 3836 468 3893 dicimus
503 3838 632 3906 Deo,
661 3839 815 3912 quod
854 3839 1218 3913 belligerator
1245 3840 1342 3896 ille
1378 3840 1549 3896 David
1583 3839 1734 3896 bella
1757 3841 1859 3896 Do-

217 3931 375 3986 mini
411 3930 624 3987 bellans
655 3951 670 3987 :
700 3935 767 3988 In
807 3938 876 3997 te,
921 3933 1128 4006 inquit,
1154 3935 1400 3990 inimicos
1435 3939 1645 3990 nostros
1682 3935 1856 3989 venti-

222 4023 479 4089 Iavimus,
519 4030 572 4081 et
608 4029 668 4081 in
704 4028 918 4082 nomine
947 4033 1038 4082 tuo
1077 4030 1384 4100 spernimus
1421 4029 1757 4097 insurgentes
1799 4028 1858 4082 in

217 4133 319 4174 nos
355 4117 465 4189 (Ps.
502 4135 654 4189 mu,
695 4120 770 4191 6).
801 4121 869 4175 Et
901 4120 1110 4176 iterum
1147 4137 1161 4176 :
1201 4121 1340 4188 Quia
1378 4137 1487 4176 non
1517 4123 1718 4176 virtute
1757 4136 1859 4176 sua

208 4217 411 4286 potens
450 4217 528 4268 est
559 4215 674 4279 vir;
709 4215 966 4269 Dominus
1006 4215 1281 4285 infirmum
1303 4217 1439 4283 facit
1483 4214 1859 4270 adversarium

215 4306 362 4376 ejus.
389 4304 500 4361 Sed
533 4304 677 4362 forte
715 4306 1088 4378 respondetur
1121 4307 1264 4364 mihi
1295 4325 1308 4363 :
1337 4309 1484 4380 Ergo
1511 4311 1568 4364 et
1604 4308 1718 4364 Deo
1743 4323 1860 4362 non

211 4399 450 4472 agimus
490 4399 716 4472 gratias,
745 4416 862 4457 non
894 4401 1195 4458 referimus
1221 4401 1456 4458 laudes?
1498 4401 1696 4472 Credo,
1725 4400 1860 4474 quia

1877 3149 1931 3222 C

1952 1884 2246 1939 abundans
2274 1884 2474 1953 elatus,
2503 1888 2568 1938 ut
2593 1887 2718 1938 uter
2743 1887 2846 1938 est.

2025 1979 2132 2031 Vll.
2186 1977 2292 2032 Sed
2335 1976 2456 2046 jam
2504 1976 2788 2048 quomodo
2835 1975 2956 2047 ipsa
3003 1976 3181 2030 virtus
3230 1977 3582 2045 obtineatur,

1953 2070 2197 2124 charitas
2233 2076 2332 2124 tua
2372 2070 2662 2142 paulisper
2700 2069 2974 2124 intendat.
3017 2070 3074 2123 In
3120 2069 3322 2141 primis
3358 2069 3404 2122 si
3448 2071 3587 2141 quid

1954 2164 2196 2218 volueris
2236 2163 2370 2217 boni
2419 2163 2603 2234 operis
2649 2163 2936 2231 inchoare,
2986 2179 3102 2216 non
3149 2163 3256 2217 hoc
3297 2163 3587 2234 proposito

1955 2255 2313 2327 acquirendae
2340 2255 2541 2324 laudis,
2570 2255 2667 2309 sed
2703 2255 2890 2309 studio
2918 2255 3293 2309 inchoationis
3317 2255 3587 2310 faciendas

1953 2348 2217 2404 bonitatis
2233 2349 2487 2419 incipies.
2507 2347 2718 2402 Dehinc
2735 2364 2866 2402 cum
2887 2347 3202 2418 perfectum
3226 2348 3399 2402 fuerit
3421 2364 3584 2419 opus,

1958 2441 2099 2496 illud
2127 2441 2504 2514 quodcunque
2535 2446 2618 2495 est
2650 2457 2813 2512 opus,
2841 2441 2999 2495 omni
3023 2441 3276 2496 custodia
3307 2457 3464 2496 serva
3493 2457 3590 2496 cor

1953 2540 2138 2603 tuum,
2167 2551 2238 2590 ne
2275 2536 2418 2590 forte
2448 2534 2714 2589 humanis
2739 2533 3021 2589 favoribus
3047 2535 3428 2605 acquiescens,
3456 2534 3589 2590 inde

1952 2633 2008 2683 te
2047 2628 2393 2697 existimans,
2421 2627 2526 2682 tibi
2552 2627 2673 2698 ipse
2701 2628 3078 2698 complaceas;
3116 2632 3216 2682 aut
3243 2628 3494 2699 aliquam
3518 2644 3589 2684 ex

1953 2721 2152 2793 quovis
2185 2726 2314 2776 actu
2349 2721 2591 2791 gloriam
2630 2737 2870 2792 quaeras,
2901 2720 3036 2790 quia
3060 2725 3264 2774 natura
3291 2721 3486 2791 gloriae.
3511 2721 3590 2776 ita

1955 2819 2057 2882 est,
2086 2817 2152 2869 ut
2187 2813 2390 2868 umbra
2433 2813 2687 2884 corporis
2715 2829 2728 2867 :
2760 2813 2808 2866 si
2842 2813 2994 2866 illam
3029 2813 3302 2884 sequeris,
3331 2813 3513 2884 fugit;
3542 2813 3589 2867 si

1953 2907 2188 2979 fugeris,
2218 2906 2494 2978 sequitur.
2523 2906 2630 2960 Sed
2656 2921 2879 2976 semper
2911 2910 2967 2960 te
2994 2905 3299 2960 minimum
3328 2905 3588 2962 omnium

1955 3001 2192 3070 mstima,
2222 3004 2279 3054 et
2303 2998 2663 3054 reminiscere
2694 3015 2708 3053 :
2741 2997 3027 3070 Quidquid
3063 2999 3169 3054 tibi
3196 2999 3254 3054 in
3294 2999 3451 3056 omni
3473 2999 3591 3054 vita

1956 3093 2091 3151 boni
2123 3091 2471 3161 successerit,
2501 3095 2686 3146 totum
2727 3091 2834 3146 hoc
2872 3091 2986 3146 Deo
3021 3091 3121 3164 qui
3150 3092 3322 3159 dedit,
3343 3109 3458 3148 non
3487 3091 3590 3148 tibi

1956 3187 2056 3258 qui
2091 3185 2372 3258 accepisti,
2401 3185 2737 3254 conscribas,
2761 3184 3100 3240 convincens
3125 3189 3182 3240 te
3210 3185 3305 3240 illo
3333 3168 3588 3241 testimo-

1956 3280 2053 3334 nio
2080 3279 2236 3334 Pauli
2265 3295 2278 3333 :
2310 3279 2454 3346 Quid
2479 3283 2662 3333 autem
2691 3279 2874 3341 habes,
2905 3278 3050 3349 quod
3077 3293 3185 3333 non
3221 3280 3595 3350 accepisti?Si

1955 3377 2136 3428 autem
2177 3374 2448 3444 accepisti,
2495 3373 2630 3442 quid
2675 3372 2932 3442 gloriaris
2976 3374 3138 3442 quasi
3176 3386 3284 3426 non
3330 3375 3591 3444 acceperis

1958 3466 1999 3536 (Ι
2027 3468 2146 3525 Cor.
2177 3481 2250 3533 Iv,
2279 3466 2376 3536 7)?
2421 3464 2693 3520 Similiter
2725 3469 2784 3520 et
2819 3464 2961 3518 illud
2997 3463 3368 3534 apostolicum
3399 3481 3414 3518 :
3451 3466 3592 3531 Quia

1956 3575 2107 3638 omne
2145 3560 2338 3614 datum
2373 3559 2635 3628 optimum
2668 3561 2719 3612 et
2752 3573 2903 3612 omne
2945 3557 3144 3612 donum
3164 3559 3466 3628 perfectum
3491 3558 3587 3612 de-

1954 3668 2166 3710 sursum
2208 3657 2304 3714 est,
2345 3650 2659 3706 descendens
2682 3666 2718 3704 a
2741 3653 2906 3706 Patre
2951 3650 3217 3705 luminum
3243 3650 3376 3722 (Jac.
3409 3665 3448 3719 ι,
3479 3650 3588 3725 t7).

1957 3747 2211 3817 Cumque
2234 3761 2301 3799 ex
2328 3743 2417 3798 his
2442 3742 2867 3814 pretiosissimis
2902 3747 3112 3799 sanctae
3137 3743 3476 3801 humilitatis
3505 3743 3589 3800 lao

1956 3839 2142 3911 pibus,
2179 3837 2241 3892 in
2276 3837 2443 3893 corde
2478 3841 2576 3890 tuo
2615 3837 2849 3908 Spiritui
2887 3842 3079 3893 sancto
3114 3837 3392 3908 templum
3430 3853 3593 3893 orna-

1957 3932 2122 4002 veris,
2148 3937 2284 3987 tunc
2321 3946 2487 3985 orans
2531 3929 2591 3984 in
2631 3946 2718 4000 eo,
2755 3947 3048 3988 assumens
3090 3931 3375 3998 canticum
3417 3930 3592 3987 David

1957 4025 2269 4099 prophetia,
2297 4040 2414 4080 non
2435 4023 2606 4078 verbo
2635 4027 2878 4092 tantum,
2908 4025 3000 4080 sed
3039 4029 3097 4080 et
3121 4040 3292 4096 opere
3325 4025 3590 4081 decanta-

1957 4120 2042 4175 bis
2073 4135 2086 4174 :
2117 4120 2337 4175 Domine
2358 4133 2465 4173 non
2491 4121 2570 4172 est
2593 4119 2897 4173 exaltatum
2926 4134 3016 4173 cor
3038 4131 3234 4182 meum,
3253 4133 3423 4188 neque
3459 4119 3594 4174 elati

1955 4217 2083 4269 sunt
2115 4213 2258 4268 oculi
2292 4213 2427 4278 mei;
2454 4226 2547 4266 nec
2571 4211 2852 4266 ambulavi
2871 4213 2929 4266 in
2955 4213 3190 4281 magnis,
3218 4227 3312 4266 nec
3332 4213 3392 4265 in
3417 4213 3591 4266 mira-

1959 4307 2154 4362 bilibus
2187 4321 2351 4376 super
2385 4321 2469 4360 me
2507 4307 2614 4376 (Ps.
2643 4321 2804 4374 cxxx,
2840 4307 2910 4375 1).
2936 4305 3095 4369 Quod
3121 4321 3346 4360 carmen
3371 4308 3508 4359 tunc
3530 4303 3592 4359 in

1956 4399 2191 4456 veritate
2231 4399 2434 4455 offerre
2481 4397 2692 4470 poteris
2735 4399 2866 4464 Deo,
2915 4413 3086 4468 quem
3134 4403 3190 4453 te
3236 4397 3592 4454 humiliando
3700 4389 3706 4396 ’

209 4492 450 4566 agimus
478 4491 713 4564 gratias;
741 4497 924 4566 potest
960 4493 1104 4564 fieri,
1134 4495 1232 4551 sed
1255 4494 1428 4550 verbo
1455 4499 1640 4565 tenus,
1669 4494 1767 4550 sed
1796 4494 1857 4549 in
1876 4518 1936 4591 D
1957 4493 2188 4562 laudas;
2225 4492 2317 4548 cui
2354 4491 2632 4548 veraciter
2673 4503 2806 4546 cum
2849 4491 3114 4546 omnibus
3142 4490 3402 4548 ﬁdelibus
3433 4477 3491 4549 et
3526 4497 3592 4548 tu

208 4586 373 4642 sinu.
392 4585 509 4641 Deo
525 4585 790 4658 privatim
811 4587 1018 4660 gratias
1031 4588 1274 4661 agimus,
1289 4587 1451 4644 nobis
1469 4587 1724 4661 publice;
1746 4588 1858 4644 Deo
1876 4583 1925 4591 ’⁷
1957 4585 2210 4660 quotidie
2263 4584 2404 4640 dicis
2435 4601 2448 4641 :
2482 4587 2551 4641 Te
2603 4585 2749 4640 decet
2805 4585 2924 4641 laus
2965 4583 3076 4657 (Ps.
3122 4601 3265 4656 LXIV,
3305 4587 3381 4658 2),
3426 4585 3594 4644 illum

208 4679 276 4735 in
313 4677 486 4735 labiis
517 4679 742 4736 laudem
780 4681 1107 4755 tribuimus,
1137 4681 1302 4738 nobis
1339 4687 1396 4739 et
1433 4682 1494 4738 in
1531 4681 1692 4738 labiis
1719 4687 1776 4738 et
1799 4681 1860 4738 in

1961 4679 2301 4754 gloriﬁcans.

1377 5024 2193 5138 OPUSCULUM
2273 5027 2433 5133 VI.

1553 5229 1797 5350 DE
1891 5229 2263 5350 ῙΒΔ.

863 5425 1238 5489 PREFATIO.

281 5518 538 5578 Domino
582 5535 647 5577 ac
687 5521 1033 5596 beatissimo,
1075 5524 1219 5581 mihi
1251 5525 1763 5583 desiderantissimo
1805 5526 1867 5583 in

206 5614 452 5672 Christo
487 5615 657 5688 patri,
682 5616 938 5673 Vitimiro
963 5617 1225 5693 episcopo
1251 5619 1520 5676 Martinus
1545 5620 1863 5695 episcopus.

283 5710 444 5765 Dum
477 5709 647 5764 simul
688 5710 858 5783 positi
891 5710 1109 5769 dudum
1145 5719 1348 5770 mutuo
1386 5714 1700 5771 collationis
1724 5715 1864 5772 allo-

207 5803 360 5886 quio
398 5802 747 5875 (meremur,
785 5804 926 5864 illud
967 5807 1116 5864 inter
1143 5813 1344 5866 cetera
1383 5812 1496 5866 tum
1537 5825 1571 5865 a
1613 5826 1706 5866 me
1747 5808 1869 5866 dili-

560 5900 839 5972 Puson.
887 5903 1122 5975 LXXII.

1966 5431 2170 5506 gentia:
2206 5429 2449 5486 charitas
2485 5428 2696 5497 elicuit,
2744 5432 2810 5484 ut
2855 5427 2924 5484 de
2961 5425 3322 5500 passibilitate
3359 5427 3480 5500 ire,
3509 5423 3597 5484 vel

1965 5525 2250 5598 qualitatis
2301 5524 2424 5596 ejus
2466 5522 2774 5594 effectibus,
2823 5520 2984 5577 brevi
3024 5521 3128 5577 tibi
3173 5521 3358 5595 aliqua
3405 5519 3596 5578 libello

1965 5619 2304 5692 digererem.
2327 5617 2497 5676 Parui
2516 5615 2773 5690 protinus
2799 5614 2998 5686 libens,
3021 5615 3326 5690 paucisque
3351 5616 3471 5672 hinc
3496 5616 3596 5667 tuo

1965 5712 2151 5772 studio
2189 5711 2259 5770 de
2285 5710 2556 5786 fugienda
2583 5710 2687 5782 ira,
2715 5709 2916 5766 saltem
2943 5710 2991 5766 si
3028 5709 3086 5766 id
3111 5727 3226 5766 non
3255 5707 3493 5774 eveniat,
3525 5705 3596 5780 de

1964 5805 2528 5883 lenienda,
2547 5803 2789 5874 Quidam
2817 5803 2886 5862 de
2909 5801 3254 5877 sapientibus
3275 5801 3421 5858 iram
3444 5797 3599 5858 dixe:
