4044 6196
480 287 547 348 43
1827 289 2077 345 ΜΑΒΤΙΝ

2188 290 2496 346 UMIENSIS
3764 293 3830 349 44

479 407 616 458 runt
637 402 840 457 brevem
868 415 974 458 esse
997 401 1286 457 insaniam.
1308 399 1383 454 Ea
1407 397 1561 454 enim
1585 396 1672 452 sui
1691 402 1775 453 est
1797 397 2095 470 impotens,
2121 410 2179 482 Α
2200 397 2438 466 animos,
2467 397 2566 452 sed
2600 396 2846 452 abducit.
2871 397 3084 453 Caetera
3107 397 3246 452 vitia
3267 397 3540 468 illiciunt;
3567 399 3651 483 ira
3675 418 3830 472 vero,

477 493 829 550 obliviscitur
842 495 1214 563 honestatem,
1230 491 1535 547 affectuum
1561 490 1880 561 immemor,
1897 491 2101 546 rationi

477 589 835 661 consiliisque
872 589 1170 660 prseclusa;
1211 586 1348 640 dum
1374 585 1541 641 variis
1572 585 1782 658 agitata
1805 584 2004 652 causis,
2030 584 2100 639 ad

476 682 977 738 considerationem
997 679 1231 751 justitia:
1258 678 1527 734 inhabilis
1553 683 1610 735 et
1628 678 1808 734 ruinae
1828 678 1890 734 ﬁt
1909 677 2097 748 simul,

475 793 754 849 superque
780 776 839 830 in
865 773 1016 846 quod
1041 773 1400 845 oppresserit,
1432 773 1735 846 frangitur.

1017 932 1234 987 CAPUT
1269 933 1552 986 PRIMUM.

1066 1047 1139 1100 De
1166 1045 1356 1099 habitu
1391 1046 1508 1098 ira.

540 1157 768 1213 Habitus
813 1154 996 1212 audax
1037 1160 1094 1210 et
1131 1146 1325 1210 minax
1365 1155 1570 1225 vultus,
1619 1155 1796 1210 tristis
1839 1155 1998 1209 frons
2041 1159 2098 1210 et

467 1257 657 1308 torvus
696 1249 954 1317 intuitus,
983 1249 1144 1303 faciei
1178 1254 1277 1304 aut
1311 1249 1488 1320 pallor
1521 1253 1620 1303 aut
1645 1247 1821 1302 rubor
1853 1265 1866 1302 :
1899 1252 2098 1302 aestuat

467 1347 536 1401 ab
562 1345 692 1400 imis
721 1343 1046 1415 przecordiis
1075 1343 1324 1414 sanguis,
1343 1343 1586 1414 ﬂagrant
1605 1346 1660 1397 et
1688 1343 1898 1396 micant
1923 1342 2092 1409 oculi,

465 1443 721 1494 tremunt
747 1437 914 1504 labia,
942 1436 1400 1507 comprimuntur
1424 1435 1650 1505 dentes,
1681 1435 1878 1490 crebro
1917 1441 1973 1490 et
1999 1451 2092 1490 ve-

466 1531 788 1588 hementius
837 1535 959 1584 acto
996 1529 1241 1600 suspirio
1293 1529 1545 1601 quatitur
1587 1533 1802 1600 pectus,
1850 1529 2094 1601 gemitus

464 1625 685 1692 anxius,
715 1629 771 1679 et
797 1623 964 1694 paulo
992 1624 1290 1694 explanato
1319 1640 1456 1678 sono
1486 1638 1670 1677 sermo
1701 1627 1785 1677 est
1817 1639 2090 1694 praeceps,

465 1718 658 1773 rabida
695 1711 845 1772 ‘vocis
881 1716 1122 1788 eruptio,
1161 1717 1302 1770 colla
1329 1715 1618 1784 distendit,
1651 1715 1922 1787 inquietas
1965 1733 2087 1770 ma-

464 1827 592 1880 nus,
629 1810 946 1882 saepiusque
987 1809 1268 1881 compulsi
1309 1809 1488 1864 coitus
1533 1809 1864 1880 digitorum,
1900 1798 2170 1869 dentesB

462 1904 718 1972 strident,
746 1903 946 1958 citatus
975 1903 1200 1973 gradus,
1233 1903 1562 1974 pulsataque
1591 1902 1827 1974 pedibus
1856 1903 2086 1972 humus,

461 2002 618 2053 artus
657 1997 886 2067 trepidi,
918 2002 974 2050 et
1015 1995 1259 2050 instabili
1295 1995 1660 2050 ﬂuctuatione
1699 2000 1882 2050 totum
1911 1996 2092 2050 conci-

460 2095 644 2146 tatum
668 2106 906 2161 corpus;
927 2105 1164 2159 magnas
1185 2105 1254 2144 ex
1281 2105 1338 2144 se
1360 2089 1650 2160 proferens
1669 2089 1780 2144 iras
1805 2089 2091 2143 horribilis

457 2184 561 2252 ira,
603 2183 868 2255 depravat
910 2199 968 2238 se
1023 2186 1192 2254 atque
1240 2183 1594 2252 intumescit;
1649 2183 1726 2238 ita
1767 2188 1832 2237 ut
1877 2183 2092 2237 nescias

458 2281 653 2331 utrum
700 2276 882 2346 magis
926 2275 1252 2331 detestabile
1296 2276 1368 2331 sit
1419 2276 1640 2346 vitium,
1697 2292 1771 2330 an
1813 2273 2086 2331 deforme.

457 2369 692 2435 Qualem
721 2375 884 2440 putas
902 2369 1053 2424 intus
1080 2384 1199 2422 esse
1225 2369 1503 2438 animum,
1532 2369 1693 2439 cujus
1719 2374 1876 2424 extra
1900 2369 2089 2440 imago

456 2467 569 2516 tam
602 2463 747 2518 foeda
781 2463 906 2518 est?
939 2463 1150 2518 Caetera
1177 2462 1311 2516 vitia
1354 2462 1776 2518 absconduntur
1814 2467 1869 2517 et
1899 2463 1958 2516 in
1985 2462 2084 2516 ab-

456 2555 571 2611 dito
613 2556 932 2628 refugiunt;
965 2557 1049 2611 ira
1075 2573 1132 2611 se
1159 2556 1366 2628 prodit,
1393 2561 1450 2612 et
1473 2557 1532 2611 in
1559 2556 1699 2612 facie
1725 2556 1873 2626 exit;
1902 2572 2084 2628 quan-

453 2653 623 2722 toque
660 2650 842 2722 major
876 2655 977 2720 est,
1007 2654 1162 2705 tanto
1191 2651 1544 2706 manifestius
1569 2650 1901 2706 exardescit.
1936 2650 2086 2704 Nihil

453 2759 590 2814 ergo
614 2745 804 2800 minus
829 2759 1002 2816 quam
1025 2743 1190 2800 irasci
1214 2744 1554 2816 prudentem
1583 2743 1761 2800 decet.

1111 2891 1328 2946 CAPUT
1369 2893 1433 2947 [1.

1005 3005 1077 3058 De
1109 3003 1376 3072 eﬂ'ectibus
1409 3005 1527 3057 im.

527 3113 612 3168 lra
645 3112 838 3168 omnia
874 3129 943 3168 ex
980 3113 1194 3184 optimo
1223 3118 1279 3168 et
1299 3113 1614 3184 justissimo
1643 3112 1702 3168 in
1737 3114 2084 3169 contrarium

451 3212 650 3263 mutat.
679 3207 1082 3279 Quemcunque
1111 3205 1436 3276 obtinuerit,
1465 3207 1676 3261 nullius
1714 3223 1848 3262 eum
1875 3208 2078 3263 memi-

449 3301 597 3356 nisse
642 3300 810 3355 officii
849 3301 1004 3355 sinit.
1041 3301 1120 3354 Da
1163 3316 1290 3355 eam
1334 3300 1502 3371 patri,
1537 3299 1803 3355 inimicus
1846 3305 1960 3371 est;
2010 3302 2081 3356 da

449 3394 584 3461 tilio,
616 3393 898 3467 parricida
925 3397 1040 3464 est;
1069 3393 1140 3448 da
1177 3393 1368 3461 matri,
1399 3409 1640 3448 noverca
1676 3398 1792 3464 est;
1831 3395 1901 3449 da
1933 3395 2076 3467 regi,

447 3493 721 3560 tyrannus
763 3492 867 3543 est.
931 3489 1015 3541 [ra
1056 3503 1160 3542 nec
1203 3487 1263 3542 in
1305 3487 1518 3560 praeliis
1569 3487 1722 3543 utilis
1771 3488 2075 3556 invenitur,

445 3581 578 3654 quia
620 3581 678 3636 in
719 3581 1099 3636 temeritatem
1151 3597 1331 3652 prona
1375 3586 1489 3650 est;
1538 3586 1594 3637 et
1638 3581 1888 3653 pericula
1940 3582 2079 3656 dum

448 3674 657 3730 inferre
707 3675 846 3742 vult,
889 3691 1005 3728 non
1053 3679 1240 3744 cavet;
1287 3674 1552 3746 venitque
1595 3675 1656 3730 in
1697 3675 1865 3730 aliam
1915 3681 2075 3748 pote-

445 3773 646 3822 statem
689 3767 827 3821 dum
867 3783 982 3822 non
1019 3773 1104 3822 est
1143 3767 1202 3821 in
1245 3784 1364 3823 sua.
1412 3769 1497 3821 Ira
1539 3785 1610 3824 ex
1647 3768 1876 3840 proprio
1916 3770 2078 3825 libito

437 3860 683 3932 judicat;
727 3860 923 3914 audire
965 3876 1080 3914 non
1123 3860 1262 3927 vult,
1307 3876 1410 3914 nec
1451 3861 1764 3931 patrocinio
1802 3862 2078 3934 relinquit

444 3952 654 4008 locum.
699 3952 984 4008 Iudicium
1022 3968 1190 4007 suum
1225 3951 1369 4024 eripi
1406 3953 1532 4024 sibi,
1581 3955 1801 4010 etiamsi
1838 3972 2075 4026 pravum

443 4047 536 4114 sit,
576 4063 693 4102 non
728 4045 882 4101 sinit.
919 4049 1084 4101 Amat
1119 4050 1177 4101 et
1211 4051 1404 4102 tuetur
1438 4063 1691 4102 errorem
1735 4065 1922 4119 suum,
1971 4066 2076 4106 nec

442 4141 563 4196 vult
595 4139 780 4212 argui,
810 4140 1032 4194 etiamsi
1067 4139 1244 4195 oculis
1287 4141 1584 4196 manifesta
1609 4141 1812 4196 veritas
1843 4143 2072 4214 ingera-

442 4239 557 4292 tur.
588 4233 884 4290 Honestior
920 4233 1004 4287 illi
1045 4233 1107 4288 in
1145 4233 1292 4288 male
1321 4234 1515 4305 coeptis
1544 4235 1872 4306 pertinacia,
1902 4253 2075 4308 quam

441 4327 712 4386 correctio
745 4327 1076 4384 (estimatur.
1103 4327 1368 4394 Quamvis
1393 4327 1548 4382 enim
1573 4344 1730 4384 vanas
1757 4329 1914 4384 illam
1947 4347 2075 4385 con-

443 4421 739 4477 citaverint
794 4438 902 4489 res,
944 4437 1300 4494 perseverare
1346 4422 1485 4489 vult,
1541 4437 1612 4478 ne
1648 4422 1908 4478 videatur
1953 4425 2075 4479 sine

2199 496 2266 546 ut
2305 491 2486 546 solent
2513 491 2752 546 ﬂumina
2781 491 3173 563 procellaeque,
3202 492 3535 563 praacipitat,
3565 495 3834 568 nullaque

2201 584 2383 655 magis
2431 591 2629 656 urget,
2681 584 2795 640 sive
2842 585 2989 640 valet
3037 586 3311 657 superba,
3365 585 3477 640 sive
3525 587 3837 646 frustratur

2198 677 2416 732 insana.
2463 678 2587 732 Alia
2623 677 2756 732 vitia
2800 695 2833 732 a
2874 677 3112 745 ratione,
3160 679 3244 733 ira
3288 681 3478 733 autem
3519 696 3552 733 a
3595 683 3834 740 sanitate

2200 770 2462 840 discedit;
2509 788 2644 826 nam
2686 787 2789 826 nec
2834 772 3076 843 repulsa,
3115 771 3175 826 in
3217 772 3447 828 tasdium
3486 776 3676 846 agitur
3712 776 3831 846 sui;

2200 864 2297 918 sed
2351 864 2448 918 ubi
2495 865 2845 919 adversarius
2898 865 3268 934 subtrahitur,
3314 882 3535 922 morsus
3589 886 3716 924 suos
3770 871 3833 924 in

2199 957 2556 1028 semetipsam
2599 958 2894 1014 convertit.
2934 958 3146 1014 Caetera
3189 959 3324 1013 vitia
3369 960 3622 1034 singulos
3666 979 3834 1034 quos-

2197 1067 2306 1122 que
2343 1051 2679 1123 corripiunt,
2715 1052 2799 1107 ira
2832 1057 3022 1106 autem
3057 1051 3345 1108 interdum
3373 1055 3582 1110 multos
3608 1056 3832 1127 publice

2195 1144 2426 1213 invadit,
2479 1162 2612 1201 nam
2666 1162 2963 1218 nunquam
3013 1146 3254 1218 populus
3304 1147 3598 1204 universus
3654 1149 3825 1205 simul

2194 1237 2510 1294 fornicandi
2551 1239 2855 1312 cupiditate
2894 1256 3192 1294 succensus
3223 1245 3307 1295 est
3318 1257 3335 1309 ;
3373 1257 3477 1296 nec
3507 1241 3567 1296 in
3604 1242 3830 1299 lucrum

2193 1333 2449 1403 pecunias
2488 1349 2648 1404 spem
2689 1349 2851 1388 suam
2889 1335 3003 1388 tota
3039 1333 3210 1388 simul
3249 1333 3440 1389 civitas
3488 1335 3676 1405 misit;
3725 1353 3830 1392 nec

2193 1425 2424 1480 honoris
2460 1425 2704 1481 ambitus
2740 1427 3020 1497 gregatim
3057 1429 3310 1496 cunctos,
3342 1427 3438 1482 sed
3471 1427 3681 1483 viritim
3720 1430 3833 1485 sin-

2195 1518 2358 1589 gulos
2395 1525 2629 1591 occupat
2671 1537 2685 1574 :
2725 1525 2784 1574 at
2817 1536 2950 1575 vero
2983 1520 3040 1574 in
3079 1519 3221 1574 iram
3256 1536 3368 1575 uno
3407 1537 3556 1592 saepe
3599 1522 3830 1593 agmine

2193 1613 2440 1667 curritur
2465 1613 2812 1669 catervatim.

2801 1734 3020 1788 CAPUT
3054 1733 3146 1788 Ill.

2663 1839 2735 1892 De
2764 1837 2935 1891 tribus
2963 1838 3059 1890 irae
3085 1836 3354 1890 remediis.

2264 1949 2323 2002 In
2351 1947 2492 2002 iram
2520 1947 2772 2020 primum
2801 1947 3115 2002 remedium
3143 1950 3379 2016 cst,non
3411 1945 3569 2002 irasci
3595 1967 3610 2018 ;
3635 1965 3828 2004 secun-

2191 2041 2349 2112 dum,
2377 2041 2486 2096 cito
2513 2041 2798 2110 desinere;
2831 2041 3084 2108 tertium,
3109 2040 3306 2095 aliena:
3323 2057 3547 2114 quoque
3575 2041 3669 2096 irae
3699 2059 3822 2098 me-

2191 2134 2330 2189 deri.
2357 2135 2612 2190 Primum
2637 2139 2720 2190 est
2745 2151 2902 2206 ergo,
2932 2150 3003 2189 ne
3035 2131 3346 2188 incidamus
3371 2135 3429 2188 in
3459 2135 3600 2189 iram
3630 2153 3644 2190 :
3675 2137 3826 2208 quod

2190 2227 2236 2282 si
2264 2228 2544 2290 acciderit,
2571 2227 2880 2282 secundum
2910 2226 3228 2282 remedium
3253 2231 3356 2295 est,
3385 2245 3456 2282 ne
3488 2228 3544 2282 in
3585 2229 3665 2282 ira
3700 2246 3826 2300 pec-

2189 2337 2400 2376 cemus.
2442 2322 2580 2376 Nam
2618 2321 2762 2376 sicut
2799 2321 2856 2375 in
2903 2337 3204 2392 corporum
3238 2337 3390 2388 cura,
3438 2321 3547 2376 alia
3584 2323 3651 2376 de
3696 2339 3826 2377 con-

2188 2415 2459 2470 servanda
2496 2415 2733 2470 sanitate
2770 2419 3053 2486 praecepta
3087 2417 3236 2490 sunt,
3277 2413 3386 2467 alia
3420 2415 3488 2468 de
3528 2415 3824 2470 medendis

2187 2508 2384 2563 morbo
2424 2509 2696 2580 correptis
2712 2527 2730 2578 ;
2775 2508 2850 2562 ita
2884 2508 3033 2561 aliud
3061 2512 3145 2561 est
3180 2507 3326 2562 iram
3355 2508 3611 2562 cohibere
3637 2526 3708 2563 ne
3739 2510 3825 2564 in-

2186 2606 2400 2674 surgat,
2436 2602 2591 2657 aliud
2625 2617 2976 2674 compescere
3010 2600 3135 2671 jam
3177 2607 3442 2656 erectam.
3474 2601 3624 2657 Sicut
3667 2603 3821 2657 enim

2185 2712 2316 2766 pars
2344 2697 2600 2768 superior
2628 2701 2682 2750 et
2708 2695 3032 2768 propinqua
3059 2693 3362 2763 sideribus,
3395 2712 3498 2749 nec
3526 2695 3582 2749 in
3609 2695 3821 2751 nubem

2185 2790 2612 2861 constringitur,
2666 2807 2769 2844 nec
2821 2789 2878 2843 in
2931 2787 3217 2842 turbinem
3272 2789 3536 2857 vertitur;
3590 2789 3824 2844 inferior

2185 2899 2316 2938 vero
2347 2883 2552 2954 smpius
2586 2882 2920 2942 fulminatur
2947 2899 2960 2936 :
2996 2881 3194 2936 eodem
3220 2881 3388 2935 modo
3417 2881 3671 2936 sublimis
3694 2883 3819 2937 ani-

2184 2993 2329 3044 mus,
2355 2977 2580 3048 quietus
2609 2993 2834 3048 semper
2867 2979 2924 3030 et
2957 2975 3015 3029 in
3059 2975 3363 3046 tranquilla
3401 2974 3639 3030 statione
3677 2976 3824 3031 loca-

2181 3073 2291 3136 tus,
2321 3069 2510 3124 omnia
2540 3069 2686 3123 infra
2712 3086 2769 3123 se
2800 3085 3066 3140 premens
3093 3068 3302 3140 quibus
3330 3067 3414 3122 ira
3438 3068 3814 3138 contrahitur,

2103 3168 2158 3242 C
2183 3164 2472 3218 modestus
2513 3180 2575 3216 ac
2614 3162 2950 3218 venerabilis
2996 3162 3300 3216 invenitur.
3345 3162 3581 3241 Animus
3628 3167 3818 3217 autem

2179 3257 2278 3328 qui
2322 3256 2382 3310 in
2424 3256 2652 3327 negotia
2694 3255 2874 3310 multa
2917 3255 3180 3310 discurrit
3221 3259 3278 3309 et
3320 3254 3471 3308 varia
3512 3259 3708 3324 tentat,
3759 3255 3819 3310 in

2178 3349 2371 3404 multis
2409 3349 2608 3405 incidit
2645 3348 2908 3421 querelis.
2936 3347 3094 3402 Alius
3129 3364 3288 3419 spem
3327 3347 3448 3418 ejus
3481 3347 3642 3417 fallit,
3673 3347 3819 3404 alius

2179 3443 2386 3514 differt,
2433 3443 2576 3497 alius
2617 3442 2906 3514 intercipit
2945 3459 2958 3496 :
2997 3445 3167 3513 atque
3206 3440 3285 3496 ita
3323 3441 3580 3495 omnium
3623 3457 3819 3496 rerum

2179 3536 2398 3592 exsistit
2433 3536 2754 3608 impatiens,
2787 3539 2843 3590 et
2878 3553 2947 3590 ex
2979 3534 3276 3590 levissimis
3313 3534 3575 3588 irascitur
3609 3535 3815 3602 causis,

2178 3647 2329 3685 nunc
2374 3647 2650 3702 persona},
2695 3646 2847 3690 nunc
2885 3628 3135 3700 negotio,
3179 3643 3329 3683 nunc
3365 3627 3626 3699 tempori,
3663 3643 3818 3684 nunc

2177 3723 2319 3791 loco,
2342 3729 2494 3779 nunc
2520 3723 2646 3779 sibi.
2676 3725 2745 3779 Ut
2777 3740 2916 3795 ergo
2957 3722 3179 3794 quietus
3215 3722 3288 3776 sit
3321 3721 3544 3776 animus
3583 3737 3700 3776 non
3732 3729 3818 3778 est

2176 3818 2486 3872 multarum
2523 3833 2716 3872 rerum
2757 3821 2884 3872 actu
2909 3815 3219 3883 lassandus,
3248 3831 3352 3871 nec
3383 3831 3722 3887 magnarum
3749 3831 3815 3871 ac

2175 3927 2346 3981 supra
2379 3910 2524 3964 vires
2561 3910 2963 3982 appetitarum.
3005 3909 3182 3964 Facile
3218 3914 3302 3964 est
3339 3907 3494 3964 enim
3529 3907 3673 3962 levia
3721 3925 3817 3980 ap-

2174 4003 2386 4075 plicare
2438 4003 2777 4072 cervicibus,
2834 4008 2890 4059 et
2935 4005 2996 4058 in
3036 4001 3364 4058 utramlibet
3411 4005 3629 4074 partem
3692 4000 3814 4059 sine

2173 4096 2336 4172 lapsu
2361 4097 2688 4153 transferre.

2813 4191 3032 4247 CAPUT
3078 4190 3164 4246 IV.

2526 4301 2600 4354 De
2626 4301 2799 4354 causis
2826 4299 3019 4369 quibus
3047 4298 3317 4353 enascitur
3344 4299 3452 4352 ira.

2245 4421 2450 4476 Contra
2489 4419 2702 4486 primas
2741 4431 2878 4487 ergo
2916 4431 3110 4470 causas
3147 4414 3248 4468 iras
3287 4411 3661 4485 pugnandum
3701 4415 3810 4469 est.

443 4531 608 4570 causa
644 4515 895 4586 coepisse.
928 4517 995 4570 Et
1019 4516 1172 4588 quod
1195 4520 1281 4572 est
1305 4515 1576 4588 iniquius,
1605 4515 1740 4571 dum
1770 4516 2070 4586 retinetur,
2094 4543 2152 4615 D
2175 4518 2352 4572 Causa
2391 4521 2583 4572 autem
2617 4511 2736 4580 iraa,
2767 4504 2958 4582 opinio
2984 4513 3069 4564 est
3091 4506 3315 4578 injurias
3348 4523 3362 4561 :
3393 4505 3485 4561 cui
3510 4521 3624 4560 non
3648 4504 3814 4562 facile

442 4606 507 4662 ﬁt
539 4606 880 4679 pertinacior
902 4611 960 4663 et
985 4609 1254 4680 augescit,
1282 4609 1444 4682 quasi
1472 4609 1578 4665 hoc
1610 4609 1799 4682 ipsum
1830 4610 2078 4682 graviter

443 4699 606 4756 irasci
632 4699 802 4772 justas
834 4699 934 4754 irae
964 4699 1037 4754 sit
1074 4706 1500 4772 argumentum.
1528 4705 1688 4768 Quod
1722 4705 1771 4759 si
1797 4708 2075 4776 quantum

443 4793 713 4862 minatur,
743 4797 967 4848 tantum
1001 4794 1260 4862 valuerit,
1289 4796 1359 4850 ob
1399 4796 1505 4850 hoc
1542 4796 1710 4850 etiam
1751 4797 1883 4868 quia
1919 4799 2075 4853 terri-

440 4886 568 4944 bilis
609 4889 712 4956 est,
752 4886 996 4960 amplius
1039 4891 1122 4942 est
1159 4887 1357 4943 invisa.
1409 4889 1464 4945 Si
1512 4905 1644 4944 vero
1694 4889 1813 4944 sine
1863 4892 2074 4948 viribus

443 4983 556 5050 est,
603 4980 952 5051 contemptui
1008 4983 1094 5036 est
1139 4981 1323 5052 magis
1380 4982 1662 5054 exposita,
1709 4983 2073 5058 derisumque

442 5091 556 5130 non
582 5074 756 5147 fugit;
790 5074 888 5129 sed
926 5074 1297 5146 periculosius
1332 5079 1416 5131 est
1451 5075 1613 5144 illud,
1642 5078 1832 5132 tamen
1874 5079 2070 5150 tutius,

441 5167 674 5240 despici.
730 5167 937 5222 Omnes
999 5167 1133 5223 alias
1193 5168 1478 5240 passiones
1527 5168 1611 5224 ira
1671 5169 1778 5225 sibi
1823 5171 2073 5226 subditas

441 5261 592 5329 facit,
633 5261 902 5335 nullaque
951 5267 1035 5317 est
1074 5261 1310 5318 ambitio
1360 5263 1536 5320 animi
1578 5263 1637 5318 in
1681 5280 1793 5335 qua
1834 5263 1920 5319 ira
1954 5281 2071 5320 non

441 5353 796 5424 dominetur;
829 5360 884 5410 et
907 5355 1200 5410 avaritiam
1227 5357 1536 5427 pessimum
1562 5357 1779 5413 malum
1804 5356 2070 5413 minime-

441 5464 553 5522 que
578 5446 822 5503 ﬂexibile
842 5448 926 5502 ira
944 5449 1141 5512 calcat.
1161 5450 1388 5514 Quoties
1414 5451 1622 5506 scilicet
1647 5450 1824 5506 iratus
1847 5451 2072 5508 animus

441 5559 574 5616 opes
611 5558 739 5598 suas
772 5541 1001 5596 adactus
1029 5543 1273 5615 spargit!
1311 5544 1538 5608 Quoties
1565 5561 1772 5617 magno
1799 5544 2073 5600 aestimata

440 5637 623 5711 pretio
646 5633 894 5707 insignia
921 5635 1182 5708 projicit!
1219 5637 1320 5692 lrze
1346 5637 1611 5695 violentia
1653 5641 1969 5713 repentina,
2016 5646 2072 5698 et

439 5731 702 5792 universa
725 5732 810 5787 est
837 5746 850 5786 :
873 5745 990 5787 non
1017 5729 1291 5804 paulatim
1315 5732 1598 5806 procedit;
1630 5733 1726 5791 sed
1758 5733 1896 5792 dum
1925 5734 2068 5792 inci-

427 5826 544 5902 ‘pit,
573 5831 689 5885 tota
731 5829 842 5899 est;
881 5841 986 5882 nec
1027 5824 1269 5884 aliorum
1304 5825 1574 5885 vitiorum
1614 5844 1773 5886 more
1807 5829 2069 5887 sollicitat

2176 4615 2261 4666 est
2301 4609 2667 4678 credendum,
2710 4621 2815 4661 nec
2855 4601 3065 4675 apertis
3108 4599 3340 4673 quidem
3382 4598 3812 4670 manifestisque

2174 4702 2677 4776 conjectationibus
2707 4698 2897 4756 statim
2931 4700 3016 4752 est
3043 4693 3444 4760 accedendum,
3474 4691 3609 4763 quia
3635 4691 3814 4747 inter-

2174 4798 2313 4853 dum
2340 4797 2477 4852 falsa
2500 4796 2618 4851 veri
2655 4793 2900 4866 speciem
2925 4791 3138 4845 ferunt.
3172 4785 3556 4842 Diﬂ'erendum
3582 4800 3812 4856 semper

2174 4895 2258 4947 est
2291 4895 2516 4962 tempus
2545 4906 2558 4944 :
2589 4888 2792 4944 dilatus
2832 4885 2950 4941 dies
2975 4882 3192 4954 aperiet
3217 4880 3531 4935 veritatem.
3563 4878 3686 4932 Non
3718 4877 3806 4932 fa-

2173 4985 2277 5040 cile
2303 5001 2469 5040 aures
2506 4979 2937 5038 criminantibus
2973 4977 3230 5049 pateant;
3272 4973 3369 5028 sed
3406 4973 3512 5027 hoc
3539 4971 3808 5028 humanas

2171 5083 2390 5134 natura:
2415 5078 2617 5133 vitium
2655 5077 2977 5146 suspectum
3003 5073 3317 5138 notumque
3342 5067 3416 5121 sit
3442 5065 3624 5135 nobis,
3653 5064 3810 5136 quod

2173 5189 2239 5228 ea
2259 5189 2385 5246 qua:
2411 5170 2576 5226 inviti
2594 5168 2876 5235 audimus,
2899 5163 3060 5220 facile
3077 5161 3379 5228 credimus,
3402 5163 3460 5215 et
3483 5158 3804 5214 irascimur.
3839 5151 3842 5153 Α

2173 5266 2330 5322 Multi
2356 5265 2511 5320 enim
2535 5259 2950 5334 suspicionibus
2969 5256 3366 5329 impelluntur,
3389 5260 3443 5308 et
3463 5269 3532 5308 ex
3551 5251 3711 5306 vultu
3737 5251 3814 5306 ri-

2173 5377 2352 5432 suque
2384 5358 2567 5413 alieno
2609 5355 2804 5428 pejora
2837 5349 3214 5422 interpretati,
3244 5346 3638 5402 innocentibus
3663 5345 3807 5400 iras-

2172 5459 2398 5508 cuntur.
2421 5451 2737 5507 Plurimum
2767 5447 2901 5502 mali
2925 5443 3228 5500 credulitas
3254 5441 3408 5495 facit.
3429 5438 3811 5504 Quamobrem

2171 5563 2320 5617 saepe
2360 5563 2464 5600 nec
2503 5543 2848 5600 audiendum
2884 5539 3118 5612 quidem
3155 5539 3258 5604 est,
3291 5538 3461 5605 atque
3507 5549 3578 5588 ex
3619 5531 3810 5588 animo

2172 5639 2417 5695 tollenda
2459 5638 2722 5712 suspicio.
2752 5637 3052 5706 Nunquam
3089 5627 3506 5703 argumentatio
3543 5626 3720 5693 deest,
3753 5628 3812 5682 et

2169 5732 2506 5806 conjectum
2545 5731 2899 5790 irritamenta
2941 5724 3176 5783 fallacia.
3221 5721 3586 5795 Simplicitate
3621 5724 3679 5777 et
3715 5718 3812 5776 be-

2170 5828 2344 5904 nigna
2372 5844 2566 5886 rerum
2590 5822 2961 5883 (aestimatione
2988 5836 3134 5896 opus
3158 5823 3242 5876 est
3265 5816 3373 5875 uti.
3403 5815 3552 5874 Nihil
3578 5813 3809 5872 credere
