4044 6196
183 298 239 352 43
1385 327 1394 332 ~
1445 297 1838 354 OPUSCULUM
1881 297 1962 353 Vl.
2002 299 2088 354 DE
2127 297 2257 354 IRA.

3457 297 3528 359 46

182 405 419 475 oportet,
446 403 553 458 nisi
593 403 749 474 quod
775 401 1080 459 manifeste
1116 404 1363 460 occurrit
1389 405 1446 460 in
1479 403 1706 472 oculos;
1740 408 1800 459 et
1820 407 2089 491 AJussus
2127 406 2278 472 fecit,
2325 406 2664 462 necessitate
2713 406 2880 476 fecit;
2925 424 3103 481 quare
3143 413 3516 470 succenseas?

181 497 392 570 quoties
437 497 682 568 suspicio
722 501 964 569 apparet
1001 499 1061 552 in
1101 498 1316 564 animo,
1347 500 1656 554 credulitas
1693 501 1794 554 ob-

174 593 445 661 jnrgetur.
480 591 609 646 Haec
637 591 794 646 enim
823 592 1146 664 objurgatio
1177 593 1654 648 consuetudinem
1681 611 1798 650 non

178 684 328 738 facile
357 683 634 738 credendi
667 685 896 739 efﬁciet.
922 685 978 740 Si
1006 702 1122 740 non
1156 686 1237 739 vis
1265 685 1324 740 in
1353 685 1496 740 iram
1521 687 1794 752 incidere,

179 795 239 832 ne
263 778 336 832 sis
367 779 645 833 curiosus.
677 778 784 842 Qui
815 778 1052 850 inquirit
1081 779 1219 850 quid
1250 779 1320 833 de
1349 797 1407 833 se
1440 781 1656 834 dictum
1690 785 1794 848 est,

181 875 230 926 et
270 872 560 942 malignos
603 887 922 937 sermones,
967 872 1189 926 etiamsi
1225 876 1445 927 secreto
1486 873 1620 927 dicti
1661 874 1794 940 sint,

176 965 328 1030 eruit,
353 964 478 1036 ipse
509 981 567 1018 se
599 964 901 1035 inquietat.
923 967 1071 1019 Dum
1093 965 1247 1019 enim
1273 970 1698 1037 perpetrantur,
1723 967 1796 1024 ad
1839 957 1850 964 ’

177 1058 270 1112 hoc
312 1057 735 1128 producuntur,
767 1061 830 1112 ut
859 1059 1160 1113 videantur
1197 1059 1439 1129 injuriae.
1474 1060 1586 1115 Sed
1627 1059 1686 1113 in
1728 1077 1796 1115 ea

175 1152 614 1222 perpetratione,
642 1152 755 1206 alia
780 1151 1150 1206 defendenda
1179 1156 1332 1218 sunt,
1356 1153 1468 1207 alia
1499 1153 1792 1222 donanda,

174 1243 272 1297 alia
291 1243 616 1299 deridenda
639 1261 652 1298 :
681 1249 852 1316 atque
873 1245 953 1299 ita
973 1245 1062 1299 his
1082 1246 1270 1300 modis
1289 1229 1694 1317 prévenienda
1711 1251 1797 1301 est

175 1338 270 1400 ira._
300 1339 506 1392 Multas
549 1339 788 1408 injurias
832 1339 1040 1393 transit
1072 1340 1345 1410 prudens,
1391 1344 1448 1393 et
1490 1342 1793 1411 plerasque

176 1447 278 1484 non
306 1431 543 1502 accipit;
567 1431 704 1503 quia
733 1436 832 1486 aut
862 1449 959 1486 eas
985 1433 1186 1501 nescit,
1210 1437 1309 1487 aut
1335 1434 1377 1487 si
1401 1434 1610 1501 scierit,
1635 1434 1694 1487 in
1717 1435 1796 1488 lu-

176 1524 300 1578 dum
319 1541 423 1578 eas
437 1525 752 1596 jocumque
775 1527 1072 1581 convertit.
1097 1529 1240 1582 Nam
1270 1527 1316 1580 si
1338 1529 1666 1598 quereletur
1697 1531 1795 1582 aut

175 1619 304 1671 falsa
337 1619 685 1689 suspicando
713 1622 812 1674 aut
847 1620 992 1674 levia
1033 1621 1426 1692 aggravando,
1461 1638 1576 1675 non
1603 1621 1689 1676 ira
1719 1621 1792 1676 ad

177 1711 339 1778 illum,
373 1712 479 1766 sed
509 1713 627 1783 ipse
655 1713 810 1766 venit
840 1713 912 1767 ad
939 1713 1114 1780 iram;
1137 1731 1265 1785 quae
1290 1729 1587 1785 nunquam
1608 1731 1794 1769 accer-

179 1805 338 1860 senda
358 1809 467 1870 est,
489 1805 590 1859 sed
609 1823 738 1860 cum
759 1806 1051 1877 irrepserit
1065 1808 1390 1862 refutanda.
1409 1809 1596 1878 Magni
1615 1809 1789 1862 animi
1813 1789 1870 1861 Β

180 1903 268 1965 est,
289 1899 586 1969 despicere
617 1899 886 1969 injurias;
911 1900 1079 1954 altius
1101 1901 1156 1954 in
1183 1918 1241 1955 se
1265 1901 1569 1955 demittere
1596 1902 1790 1972 [Edit.,

181 1991 490 2062 demisere],
507 1992 646 2046 dum
667 1993 987 2058 vindicant;
1012 1993 1200 2064 potius
1224 1997 1310 2049 est
1331 2011 1446 2050 non
1471 1995 1788 2065 agnovisse,

183 2101 334 2155 quam
359 2085 648 2156 ignovisse
670 2086 960 2157 injuriam.
985 2088 1288 2142 Enimvero
1317 2089 1410 2143 ille
1439 2105 1686 2159 magnus
1709 2093 1794 2143 est

182 2181 231 2230 et
262 2179 486 2246 nobilis,
520 2180 618 2250 qui
647 2196 808 2234 more
838 2197 1064 2252 magna:
1095 2182 1232 2236 fera:
1273 2183 1511 2236 latratus
1539 2183 1792 2238 minuto-

181 2287 291 2326 rum
315 2288 527 2327 canum
557 2286 789 2328 securus
816 2275 1064 2330 exaudit.
1097 2275 1361 2330 Sanctius
1392 2275 1674 2346 siquidem
1707 2280 1794 2330 est

182 2363 522 2420 dissimulare
539 2366 808 2437 injuriam
825 2384 1000 2438 quam
1015 2369 1230 2423 ulcisci.
1245 2369 1638 2423 Potentiorum
1655 2386 1790 2424 vero

185 2459 382 2530 injurias
409 2477 528 2516 non
557 2463 780 2515 tantum
802 2461 1101 2532 patientia,
1126 2463 1226 2516 sed
1250 2463 1424 2516 etiam
1447 2463 1613 2517 hilari
1633 2464 1789 2517 vultu

181 2554 416 2608 ferenda
441 2558 594 2608 sunt.
619 2555 850 2609 Facient
879 2555 1108 2622 iterum,
1131 2556 1176 2610 si
1199 2559 1253 2609 te
1281 2573 1532 2627 passum,
1555 2560 1615 2610 et
1633 2574 1691 2611 se
1713 2560 1792 2612 fe-

181 2646 312 2701 cisse
340 2646 703 2702 crediderint.
738 2647 898 2702 Adeo
929 2649 1085 2704 enim
1123 2649 1395 2719 injuriam
1423 2667 1572 2720 serpe
1604 2651 1786 2706 vindi-

184 2755 300 2794 care
339 2757 454 2795 non
490 2741 740 2812 expedit,
769 2746 833 2796 ut
870 2758 976 2796 nec
1023 2742 1192 2797 fateri
1232 2743 1466 2814 quidem
1500 2744 1816 2814 expediat..

184 2832 583 2889 Abstinendum
601 2834 798 2906 itaque
823 2835 896 2890 ab
927 2835 1008 2890 ira
1037 2839 1140 2904 est,
1165 2837 1280 2891 sive
1309 2836 1570 2908 superior
1595 2837 1666 2891 sit
1692 2837 1788 2908 qui

183 2927 403 2994 lacessit,
431 2927 551 2982 sive
579 2944 703 2999 par,
727 2928 842 2984 sive
875 2929 1132 2984 inferior.
1159 2931 1300 2986 Cum
1331 2930 1626 3001 superiore
1658 2946 1790 2985 con-

184 3019 418 3088 tendere,
446 3020 728 3076 furiosum
767 3024 882 3089 est;
915 3037 1042 3077 cum
1085 3023 1229 3094 pari,
1261 3039 1501 3094 anceps;
1530 3040 1660 3078 cum
1699 3023 1784 3079 in-

185 3111 388 3181 feriore,
414 3113 542 3184 jam
575 3115 889 3170 sordidum.

815 3223 1038 3278 CAPUT
1077 3225 1135 3277 V.

185 3310 313 3366 Filii!
342 3314 734 3370 smurrom’bus
773 3314 1133 3380 credendum;
1169 3329 1265 3368 nec
1297 3314 1471 3376 nobis,
1513 3312 1788 3368 audiendo

780 3399 878 3448 aut
924 3395 1176 3450 videndo.

241 3491 310 3546 Ex
347 3493 431 3547 his
462 3496 662 3548 autem
695 3509 823 3564 quae
854 3493 1042 3548 solent
1078 3492 1396 3562 offendere,
1430 3493 1542 3548 alia
1570 3509 1784 3548 renun-

185 3583 374 3640 tiantur
395 3587 586 3654 nobis,
614 3587 725 3641 alia
753 3587 859 3658 ipsi
888 3585 1172 3654 audimus,
1196 3587 1308 3640 alia
1329 3589 1387 3640 et
1406 3587 1683 3641 videmus.
1707 3587 1786 3640 De

184 3678 258 3732 bis
279 3697 408 3751 ergo
435 3697 568 3752 quae
595 3683 924 3748 narrantur,
947 3681 1058 3735 cito
1081 3697 1196 3735 non
1219 3680 1434 3734 debent
1453 3680 1628 3744 credi,
1653 3681 1788 3750 quia

186 3771 263 3825 alii
282 3775 661 3842 mentiuntur,
693 3778 756 3828 ut
781 3773 1102 3846 decipiant;
1137 3775 1230 3829 alii
1261 3774 1494 3828 mentiri
1526 3790 1644 3828 non
1671 3773 1783 3827 exi-

182 3865 410 3935 stimant,
435 3868 575 3939 quia
593 3871 654 3921 et
670 3867 777 3939 ipsi
797 3868 1020 3940 decepti
1043 3871 1194 3924 sunt.
1212 3868 1368 3924 Alius
1385 3866 1785 3922 criminatione

182 3961 402 4028 gratiam
421 3964 637 4032 captat;
662 3964 720 4014 et
735 3965 798 4014 ut
820 3961 1081 4016 videatur
1107 3961 1284 4032 loqui,
1312 3961 1474 4016 ﬁnxit
1493 3960 1782 4031 injuriam.

181 4051 260 4106 Est
289 4055 460 4110 etiam
492 4053 719 4126 aliquis,
749 4053 846 4126 qui
888 4056 996 4110 hoc
1035 4056 1254 4110 occulte
1291 4055 1546 4126 loquitur
1575 4057 1633 4109 et
1659 4071 1784 4108 ma-

181 4146 331 4218 ligne,
355 4153 418 4203 ut
443 4149 727 4205 amicitias
755 4149 990 4204 dirimat
1013 4149 1388 4216 cohaerentes,
1414 4151 1514 4202 aut
1539 4151 1602 4202 ut
1631 4151 1784 4203 certe

181 4259 321 4299 suum
343 4246 499 4317 apud
521 4249 576 4299 te
598 4245 890 4301 insimulet
911 4245 1226 4300 inimicum.
1252 4245 1468 4300 Dicitur
1487 4245 1692 4316 aliquis
1712 4244 1786 4298 de

181 4341 224 4393 te
247 4344 393 4396 male
425 4342 905 4420 locutusrCogita
935 4358 1006 4397 an
1033 4342 1192 4414 prior
1211 4343 1318 4396 hoc
1339 4341 1560 4396 feceris.
1583 4340 1786 4410 Cogita

180 4439 236 4494 de
264 4459 437 4513 quam
465 4441 661 4496 multis
681 4441 798 4512 ipse
820 4439 1091 4512 loquaris.
1115 4439 1318 4510 Cogita
1339 4454 1456 4492 non
1477 4438 1666 4492 facere
1689 4435 1786 4490 ali-

179 4551 299 4608 quos
336 4537 634 4609 injuriam,
660 4538 761 4592 sed
796 4553 1080 4610 reponere
1115 4534 1336 4606 aliquos
1364 4551 1468 4606 pro
1501 4532 1666 4588 nobis
1695 4533 1781 4587 fa-
1801 4536 1862 4610 Ι)

177 4647 312 4700 cere;
339 4632 490 4688 alios
515 4629 784 4686 adversus
823 4648 946 4698 nos,
981 4627 1080 4685 sed
1107 4632 1331 4696 coacte;
1366 4627 1507 4682 alios
1532 4630 1591 4681 et
1614 4627 1778 4699 igno-

177 4729 366 4780 rantér.
389 4728 504 4781 Eos
534 4729 728 4780 autem
758 4725 853 4796 qui
879 4726 1136 4781 volentes
1165 4723 1522 4793 scientesque
1542 4721 1778 4786 faciunt,

176 4836 272 4876 non
299 4821 486 4894 ipsam
513 4820 785 4891 injuriam
812 4823 1104 4892 appetere,
1128 4818 1228 4872 sed
1249 4820 1349 4872 aut
1369 4815 1672 4871 dulcedine
1692 4831 1781 4870 ur-

174 4911 423 4970 banitatis
449 4914 778 4987 prolapsos;
801 4916 900 4968 aut
919 4913 1180 4968 fecerunt
1201 4909 1437 4982 aliquid,
1463 4926 1579 4966 non
1601 4912 1664 4963 ut
1684 4925 1781 4963 no-

175 5006 242 5062 bis
268 5011 560 5075 obessent,
583 5009 684 5063 sed
711 5008 845 5079 quia
871 5007 1037 5062 aliter
1064 5005 1338 5078 consequi
1359 5021 1484 5076 quae
1510 5003 1781 5059 volebant

177 5117 269 5156 non
294 5106 632 5176 potuerunt.
653 5105 731 5157 Ac
756 5102 814 5158 in
841 5101 929 5156 bis
949 5118 1075 5172 quae
1098 5099 1384 5155 audiendo
1407 5101 1507 5152 aut
1529 5095 1777 5152 videndo

177 5188 467 5267 cognoscis,
493 5199 761 5252 naturam
779 5197 1251 5266 voluntatemque
1273 5192 1540 5247 discuties
1559 5191 1774 5246 facien-

178 5289 242 5357 tis,
261 5291 669 5364 peccantisque
695 5289 955 5344 animum
982 5286 1356 5360 perpensabis
1379 5302 1392 5341 :
1415 5285 1677 5354 voluerit,
1702 5301 1776 5342 an

178 5381 441 5452 inciderit;
473 5384 747 5456 deceptus
779 5383 870 5451 sit,
894 5399 966 5437 an
996 5386 1245 5438 coactus.
1275 5384 1523 5438 Puerum
1549 5386 1778 5438 excuset

177 5481 301 5547 etas,
332 5482 476 5554 quia
521 5481 703 5536 nescit
742 5497 816 5536 an
857 5482 1081 5553 peccet;
1125 5483 1460 5534 extraneum
1504 5478 1772 5546 libertas;

1901 500 2067 564 Quod
2091 500 2138 554 si
2164 499 2432 570 injuriam
2464 500 2688 572 recipis,
2721 519 2839 557 non
2877 507 2963 557 est
2990 504 3219 575 injuria,
3249 505 3405 576 quod
3429 523 3524 561 su-

1898 593 2090 664 perius
2133 593 2336 647 feceris
2373 594 2510 664 pati.
2546 595 2725 649 Judex
2765 599 2878 663 est;
2911 598 2955 651 si
2995 602 3302 653 nocentem
3332 600 3518 670 punit,

1899 687 2038 741 cede
2058 687 2313 757 justitizr.
2342 687 2571 742 Amicus
2602 692 2719 755 est;
2752 689 2886 744 fecit
2913 691 3069 761 quod
3095 692 3295 746 noluit.
3329 693 3522 747 Inimi-

1897 798 1996 835 cus
2039 785 2156 846 est;
2187 781 2322 834 fecit
2364 781 2520 851 quod
2561 781 2775 836 debuit.
2807 785 2977 836 Pater
3019 788 3136 850 est;
3169 786 3360 856 cogita
3389 787 3526 857 quia

1897 878 2122 928 tantum
2153 874 2388 944 profuit,
2413 877 2475 927 ut
2498 873 2604 944 ipsi
2623 875 2800 928 etiam
2821 875 3091 945 injuriam
3111 879 3302 932 facere
3323 879 3408 934 fas
3430 879 3521 934 sit.

1895 967 2109 1022 Mutum
2135 967 2350 1020 animal
2382 970 2496 1032 est;
2521 967 2706 1038 ipsum
2733 967 2776 1020 si
2809 967 3087 1036 irasceris,
3113 970 3372 1025 imitaris.
3395 973 3526 1026 Pos-

1899 1062 2083 1115 tremo
2113 1060 2160 1113 si
2192 1060 2378 1114 bonus
2401 1058 2487 1112 vir
2516 1055 2602 1113 eSt
2641 1060 2738 1130 qui
2769 1059 3040 1130 injuriam
3065 1062 3219 1129 fecit,
3247 1063 3364 1118 noli
3399 1079 3520 1118 cre-

1897 1153 2063 1220 dere;
2087 1153 2132 1206 si
2157 1154 2364 1221 malus,
2388 1153 2506 1206 noli
2527 1153 2759 1207 imitari.
2782 1153 3146 1208 Prudentiori
3166 1156 3326 1224 cede,
3349 1158 3522 1211 stulto

1897 1246 2145 1300 remitte.
2185 1246 2356 1316 Regis
2395 1245 2634 1316 quisque
2673 1247 2826 1300 intra
2858 1263 2918 1300 se
2949 1247 3208 1301 animum
3240 1249 3434 1317 habet,
3461 1253 3525 1305 ut

1895 1339 2188 1394 licentiam
2230 1339 2336 1392 sibi
2379 1339 2438 1392 in
2486 1339 2627 1393 alios
2669 1339 2790 1393 dari
2833 1340 2984 1406 velit,
3017 1339 3074 1394 in
3117 1357 3176 1394 se
3223 1341 3384 1397 nolit.
3417 1342 3522 1406 Qui

1896 1447 2035 1503 ergo
2093 1448 2322 1502 semper
2369 1433 2626 1486 futurum
2671 1433 2904 1503 aliquod
2952 1433 3108 1504 quod
3157 1450 3216 1488 se
3269 1433 3526 1490 oﬁ‘endat

1897 1526 2199 1591 existimat,
2233 1525 2471 1579 minime
2503 1543 2632 1580 cum
2661 1525 2930 1580 acciderit
2957 1525 3251 1582 irascetur.

2535 1666 2756 1721 CAPUT
2789 1667 2872 1720 Vl.

2357 1759 2500 1813 Alia:
2536 1761 2590 1812 in
2626 1759 2765 1813 iram
2805 1775 3060 1814 censurae.

1968 1869 2115 1934 Quin
2143 1868 2281 1924 illud
2311 1871 2473 1924 valde
2501 1869 2559 1924 in
2592 1871 2713 1924 haec
2738 1869 3012 1924 illiberale
3041 1874 3099 1925 et
3122 1869 3359 1940 fcedum,
3391 1889 3522 1929 cum

1895 1963 2148 2018 minimis
2170 1963 2528 2034 sordidisque
2548 1963 2774 2018 animus
2795 1963 3238 2018 exacerbaturin
3256 1965 3445 2020 rebus.
3464 1967 3523 2022 Si

1892 2073 2096 2128 parum
2119 2056 2282 2128 agilis
2303 2057 2475 2111 fuerit
2495 2073 2656 2128 puer,
2677 2056 2720 2110 si
2744 2056 2990 2127 tepidior
3007 2074 3155 2128 aqua
3171 2062 3377 2130 poturo
3394 2075 3523 2132 por-

1893 2149 1936 2203 ri
1945 2150 2116 2222 gitur,
2133 2151 2176 2205 si
2198 2151 2459 2204 turbatur
2476 2154 2634 2204 torus
2649 2154 2746 2204 aut
2761 2167 2962 2204 mensa
2979 2152 3293 2221 neglectius
3312 2152 3517 2223 posita,

1893 2243 1938 2298 si
1966 2256 2163 2317 musca
2194 2261 2400 2316 parum
2439 2243 2652 2298 furiose
2682 2245 2902 2314 fugata,
2937 2243 2982 2298 si
3015 2262 3044 2297 c
3078 2245 3344 2300 manibus
3375 2246 3521 2301 servi

1891 2337 2280 2408 negligentius
2319 2337 2488 2391 clavis
2533 2338 2756 2408 elapsa;
2787 2354 2918 2392 cum
2935 2337 3064 2406 hac
3096 2355 3214 2393 non
3244 2339 3316 2392 'in
3359 2343 3519 2394 tuam

1891 2430 2301 2484 contumeliam
2328 2430 2482 2497 fecit,
2508 2447 2612 2484 nec
2634 2430 2712 2484 sic
2743 2435 2804 2484 ut
2831 2434 2884 2484 te
2914 2430 3237 2499 offenderit,
3261 2431 3414 2501 fecit,
3439 2432 3520 2487 in-

1891 2524 2229 2578 nocentibus
2260 2540 2450 2595 parce.
2476 2524 2637 2594 Saepe
2660 2522 2834 2579 etiam
2857 2540 3032 2595 quam
3052 2525 3220 2580 stulte
3239 2524 3328 2579 his
3347 2525 3520 2581 rebus

1891 2617 2208 2684 irascimur,
2243 2634 2369 2688 quae
2399 2617 2593 2687 [Edit.,
2625 2616 2743 2686 qui]
2775 2615 2918 2670 iram
2955 2619 3212 2672 nostram
3256 2635 3362 2672 nec
3393 2635 3517 2674 me-

1889 2713 2148 2777 ruerunt,
2185 2726 2289 2764 nec
2323 2709 2594 2763 sentiunt.
2624 2708 2841 2779 Ecquid
2873 2709 2978 2762 hac
3018 2709 3242 2764 insania
3276 2711 3513 2768 demen-

1889 2802 2020 2870 tius,
2050 2819 2224 2874 quam
2263 2802 2440 2856 bilem
2485 2801 2543 2855 in
2588 2800 2854 2854 homines
2893 2801 3214 2868 collectam,
3253 2802 3310 2855 in
3345 2803 3517 2859 rebus

1891 2894 2226 2950 effundere?
2246 2896 2417 2965 :Egcr
2443 2897 2500 2948 et
2529 2893 2772 2949 infelicis
2801 2893 3142 2948 valetudinis
3163 2893 3388 2948 animus
3409 2899 3514 2966 est,

1891 3005 2066 3059 quem
2091 2988 2292 3042 talium
2319 3004 2512 3042 rerum
2540 2985 2676 3041 levis
2700 3002 2836 3041 cura
2869 2986 3190 3042 conturbat.
3224 2987 3330 3042 Ubi
3359 2978 3515 3044 enim

1891 3085 1948 3135 et
1971 3082 2231 3136 animum
2266 3080 2432 3136 simul
2469 3083 2528 3134 et
2552 3095 2759 3152 corpus
2785 3080 3107 3150 voluptates
3131 3081 3512 3153 corruperint,

1807 3162 1862 3236 C
1890 3174 2028 3229 nihil
2061 3178 2148 3229 est
2173 3174 2499 3240 tolerabile;
2524 3173 2658 3244 quia
2677 3173 2775 3229 illa
2797 3172 2994 3240 dura“,
3017 3173 3120 3228 sed
3143 3173 3278 3244 quia
3299 3174 3395 3246 qui
3419 3191 3518 3247 pa-

1889 3268 2027 3322 titur
2055 3268 2244 3324 mollis
2269 3270 2372 3322 est.
2402 3267 2564 3321 Nulla
2594 3266 2787 3336 itaque
2823 3283 2914 3320 res
2943 3266 3130 3338 magis
3157 3267 3516 3323 iracundiam
3590 3327 3596 3336 ,

1888 3363 1990 3416 alit
2005 3379 2179 3434 quam
2196 3361 2590 3432 intemperans
2607 3363 2662 3414 et
2679 3359 2986 3430 impatiens
3003 3360 3182 3415 luxus.
3203 3361 3353 3417 Dure
3375 3378 3514 3433 ergo

1889 3457 2220 3511 tractandus
2257 3458 2344 3510 est
2377 3455 2623 3520 animus,
2666 3456 2729 3506 ut
2766 3453 2943 3507 ictum
2988 3470 3104 3507 non
3141 3453 3369 3522 sentiat,
3407 3454 3515 3512 nisi

1889 3567 2141 3622 gravem.
2175 3548 2262 3602 Ad
2301 3547 2710 3601 coercitionem
2757 3549 2952 3600 autem
2995 3545 3332 3614 errantium,
3367 3546 3512 3602 irato

1887 3643 2230 3714 castigatore
2272 3658 2415 3713 opus
2457 3657 2573 3695 non
2616 3642 2719 3693 cst.
2751 3639 2894 3693 Nam
2934 3655 3064 3693 cum
3105 3639 3202 3694 ira:
3240 3639 3513 3696 delictum

1889 3738 2095 3792 animm
2113 3737 2203 3805 sit,
2220 3753 2336 3791 non
2355 3737 2582 3806 oportet
2596 3737 2932 3806 peccantem
2951 3737 3184 3804 peccato
3203 3734 3511 3806 corrigere.

1889 3831 2053 3896 Quod
2083 3830 2128 3884 si
2165 3833 2389 3884 tantum
2431 3827 2709 3894 irascatur
2746 3826 2993 3898 sapiens,
3025 3831 3305 3898 quantum
3335 3829 3510 3883 scele-

1887 3942 2015 3978 rum
2041 3923 2314 3995 iniquitas
2345 3921 2536 3993 exigit,
2573 3938 2688 3976 non
2715 3920 3081 3975 irascendum
3105 3921 3206 3990 illi,
3235 3920 3336 3976 sed
3360 3921 3512 3977 insa-

1888 4017 2164 4072 niendum
2198 4019 2300 4070 est.
2333 4017 2520 4084 Furta,
2545 4014 2794 4082 fraudes,
2820 4013 3218 4084 inﬁciationcs,
3243 4019 3301 4070 et
3325 4015 3368 4070 si
3401 4033 3514 4089 qua

1887 4113 2019 4166 sunt
2045 4111 2183 4178 alia;
2219 4109 2414 4165 omnia
2440 4110 2546 4164 ista
2577 4112 2696 4163 tam
2723 4107 3004 4181 prepitius
3035 4107 3237 4181 aspicit
3265 4108 3510 4182 sapiens,

1887 4222 2060 4278 quam
2087 4204 2342 4258 medicus
2371 4220 2557 4273 aegros
2578 4220 2726 4256 suos.
2751 4203 3055 4273 Nunquam
3079 4201 3272 4274 itaque
3294 4203 3515 4257 iracun-

1886 4299 1981 4355 dia
2009 4296 2370 4353 admittenda
2396 4299 2500 4364 est,
2525 4295 2834 4367 aliquando
2858 4294 3200 4350 simulanda.
3227 4295 3283 4350 Si
3305 4311 3512 4368 segnes

1885 4392 2242 4448 audientium
2272 4390 2450 4445 animi
2480 4388 2802 4446 concitandi
2835 4391 2984 4456 sunt,
3019 4387 3328 4460 aliquando
3359 4388 3512 4444 incu-

1885 4485 2113 4542 tiendus
2137 4487 2221 4540 est
2252 4484 2339 4539 his
2368 4486 2574 4551 metus,
2600 4481 2752 4553 apud
2783 4498 2926 4553 quos
2957 4497 3071 4536 non
3095 4481 3507 4554 proﬁcitratio.

2511 4616 2732 4672 CAPUT
2768 4616 2878 4671 VII.

2346 4713 2459 4780 Quo
2484 4711 2640 4766 modo
2677 4712 2915 4766 leniatur
2937 4712 3044 4766 ira.

1953 4822 2080 4880 Haec
2121 4823 2273 4879 dicta
2311 4824 2462 4890 sunt,
2491 4837 2563 4876 ne
2594 4819 2788 4874 veniat
2815 4819 2941 4890 quis
2965 4818 3024 4873 in
3055 4817 3202 4874 iram
3233 4834 3246 4874 :
3275 4818 3430 4891 quod
3460 4819 3506 4878 si

1873 4918 1999 4989 jam
2037 4918 2124 4974 ira
2169 4915 2513 4989 proruperit,
2560 4913 2875 4969 maximum
2916 4911 2993 4968 illi
3035 4911 3360 4969 remedium
3397 4918 3502 4982 est,

1879 5028 2056 5069 morae
2079 5011 2295 5068 dilatio.
2319 5011 2435 5065 Hoc
2456 5008 2706 5080 primum
2728 5009 2976 5078 petatur,
3001 5023 3118 5061 non
3141 5010 3203 5061 ut
3223 5006 3500 5077 ignoscat,

1880 5107 1978 5162 sed
2025 5108 2088 5160 ut
2121 5104 2358 5178 judicet.
2393 5103 2449 5158 Si
2491 5100 2922 5173 exspectaveris,
2952 5099 3204 5166 desinet;
3235 5116 3339 5156 nec
3375 5101 3500 5158 uni-

1879 5217 2101 5256 versam
2146 5200 2304 5254 illam
2355 5195 2664 5251 tentaveris
2705 5195 2928 5260 tollere,
2977 5209 3103 5265 quas
3144 5193 3338 5265 [Edit.,
3379 5196 3500 5270 qui]

1879 5311 2079 5368 graves
2109 5293 2286 5348 habet
2318 5291 2566 5362 impetus
2593 5287 2828 5360 primos.
2858 5288 2998 5342 Tota
3017 5286 3280 5356 vincitur,
3306 5289 3350 5343 si
3376 5306 3504 5361 par-

1877 5390 2026 5445 tibus
2041 5388 2326 5460 capiatur;
2347 5385 2532 5440 donec
2549 5381 2706 5454 quod
2722 5398 2788 5437 ex
2805 5381 2855 5452 ej
2864 5380 3181 5452 usimperio
3194 5385 3505 5456 eratagen-

1877 5483 2033 5551 dum,
2065 5481 2170 5554 ipsi
2210 5479 2400 5552 potius
2435 5477 2761 5549 jubeamus.
2791 5474 3096 5547 Agendum
3130 5479 3216 5531 est
3254 5475 3411 5533 enim
3439 5483 3504 5533 ut

178 5570 532 5632 domesticum
549 5575 925 5631 familiaritas.
950 5573 1007 5632 Si
1028 5573 1280 5646 primum
1301 5571 1560 5641 oﬂ‘endit,
1584 5571 1775 5646 cogita
1874 5577 2092 5651 primus
2119 5575 2242 5647 ejus
2267 5573 2457 5628 fervor
2480 5570 2900 5642 relanguescat,
2924 5571 2984 5624 et
3011 5568 3198 5642 caligo
3220 5584 3347 5640 qua
3376 5585 3509 5642 pre-

179 5681 315 5738 qnam
345 5669 448 5730 diu
481 5669 778 5743 placuerit.
807 5667 866 5727 Si
898 5684 1069 5742 saepe,
1098 5669 1187 5726 fer
1217 5667 1373 5742 quod
1397 5685 1547 5742 saepe
1574 5666 1769 5727 tulisti.

211 5833 260 5884 -¹τ
274 5835 361 5896 Sic
389 5839 560 5906 edit.;
592 5839 693 5896 sed
718 5841 1052 5913 legendum,
1083 5857 1193 5898 non
1219 5844 1354 5912 quia
1377 5841 1475 5896 illa
1501 5842 1662 5899 dura.

1873 5672 1980 5730 mit
2006 5671 2264 5728 mentem
2293 5665 2712 5740 aliquantulum
2739 5667 3025 5722 tenuetur.
3053 5665 3277 5738 Pugnat
3302 5665 3501 5722 autem
