4044 6196
511 295 579 373 ιτ
1858 297 2136 370 MARTINI
2171 309 2526 371 DUMIENSIS
3798 305 3872 373 48

513 425 906 498 unusquisque
925 441 1137 494 secum,
1158 431 1224 482 ut
1242 424 1288 480 si
1310 424 1531 479 vincere
1547 423 1670 496 jam
1688 439 1806 479 non
1823 427 2024 495 potest,
2051 420 2139 477 vel
2161 432 2219 504 Α
2238 421 2382 478 feret
2414 439 2472 480 se
2507 425 2792 481 contemni
2831 425 3148 498 cuicunque
3176 425 3331 481 venit
3363 424 3424 480 in
3460 429 3711 480 mentem
3740 423 3874 480 nul-

513 519 698 576 celare
724 518 1068 574 meminerit.
1096 517 1152 574 Si
1177 517 1361 572 exitus
1379 516 1461 572 illi
1480 533 1596 573 non
1616 517 1802 587 datur,
1830 517 1992 588 signa
2017 515 2140 586 ejus
2237 515 2354 588 1am
2379 533 2498 574 esse
2522 523 2736 574 tantam
2769 519 3082 590 potentiam
3116 519 3178 574 in
3203 535 3318 591 qua
3356 535 3474 574 non
3498 518 3746 574 incurrat
3774 518 3872 573 in-

513 611 678 669 obrui
705 617 959 685 possunt,
979 611 1110 666 licet
1126 626 1255 666 cum
1281 625 1490 682 magna
1512 611 1619 666 hoc
1644 609 1896 666 molestia
1925 610 2007 665 ﬁt.
2037 609 2142 665 Cu-
2231 610 2406 682 juria.
2435 612 2642 666 Demus
2667 612 2914 684 spatium
2949 613 3224 685 peccanti,
3263 629 3376 684 quo
3405 611 3582 684 possit
3619 610 3876 666 conside-

512 706 598 779 pit
622 705 777 762 enim
801 704 1021 761 exsilire
1046 703 1148 770 ira,
1179 708 1236 758 et
1258 702 1561 760 incendere
1598 705 1788 760 oculos
1825 700 2139 775 faciemque
2239 720 2363 760 rare
2403 704 2542 776 quid
2578 705 2792 775 fecerit,
2824 711 2882 762 et
2919 706 3040 778 ipse
3080 723 3138 762 se
3173 705 3489 778 castigabit.
3517 703 3661 769 Quid
3701 720 3872 776 ergo.

513 803 767 868 mutare;
795 802 852 853 et
873 797 921 852 si
946 795 1242 868 paululum
1265 797 1351 854 illi
1374 802 1533 854 extra
1559 815 1661 854 uos
1688 798 1944 854 emittere
1973 797 2140 852 licue-
2238 797 2446 868 inquis,
2468 794 2702 870 impune
2728 799 2821 855 ille
2847 799 2991 855 erit?
3017 801 3159 855 Puta
3172 799 3311 855 velle
3332 803 3413 868 te;
3437 815 3572 853 nam
3597 815 3713 852 non
3731 797 3871 853 erit.

512 891 606 962 rit,
625 907 797 962 supra
814 906 917 945 nos
936 894 1020 945 est
1038 895 1103 945 ut
1117 890 1177 945 in
1193 890 1308 946 imo
1326 892 1569 963 pectoris
1588 909 1811 947 recessu
1831 890 2134 958 condatur;
2238 890 2376 955 Quia
2395 908 2511 946 non
2535 892 2718 963 magis
2745 893 2968 964 gravius
2993 893 3273 948 addicitur
3303 908 3477 964 quam
3507 891 3606 963 qui
3629 891 3700 946 ad
3728 907 3873 962 sup-

509 986 856 1055 feraturque,
884 1000 996 1040 non
1025 984 1188 1041 ferat.
1220 987 1282 1040 ln
1304 985 1651 1041 contrarium
1673 985 1863 1040 omnia
1889 983 2010 1055 ejus
2033 984 2136 1038 ﬂe-
2237 984 2468 1055 plicium
2493 985 2840 1056 poenitentiae
2863 986 3049 1041 datur.
3077 985 3513 1057 Respiciendum
3547 989 3632 1039 est
3665 983 3879 1040 deinde

511 1081 734 1134 ctantur
753 1077 986 1148 judicia,
1015 1078 1202 1133 vultus
1239 1079 1579 1147 remittatur,
1620 1095 1727 1134 vox
1763 1078 1966 1149 lenior,
2006 1093 2136 1148 gra-
2241 1077 2312 1132 ad
2340 1077 2718 1134 conditionem
2743 1095 2938 1134 rerum
2965 1079 3369 1150 humanarum,
3398 1084 3462 1134 ut
3488 1078 3744 1133 omnium
3772 1093 3876 1132 ac-

511 1171 726 1244 dusque
751 1171 826 1226 sit
850 1171 1089 1240 lentior;
1121 1175 1178 1227 et
1199 1171 1276 1227 ita
1302 1172 1576 1245 paulatim
1605 1189 1736 1227 cum
1766 1170 2140 1228 exterioribus
2241 1171 2552 1227 cidentium
2583 1172 2732 1245 equi
2761 1172 2982 1244 judices
3019 1173 3216 1228 simus.
3263 1173 3496 1244 Iniquus
3549 1175 3633 1226 est
3675 1175 3879 1226 autem

508 1264 780 1320 interiora
817 1265 1160 1321 formantur.
1205 1265 1405 1338 Sicque
1441 1267 1538 1322 ﬁet
1575 1271 1642 1321 ut
1676 1265 1722 1320 si
1755 1249 1956 1337 aliquis
1996 1264 2139 1318 iram
2238 1265 2337 1338 qui
2381 1282 2682 1322 commune
2726 1266 2927 1321 vitium
2975 1266 3215 1338 singulis
3262 1265 3476 1336 objicit.
3525 1265 3732 1321 Omnes
3784 1264 3877 1318 in-

509 1361 670 1420 tuam
684 1357 984 1430 intelligat,
1010 1363 1201 1414 tamen
1217 1359 1420 1415 sentiat
1435 1375 1622 1414 nemo.
1641 1358 1874 1414 Faciunt
1885 1375 2022 1430 ergo
2037 1373 2140 1412 nos
2238 1358 2481 1414 consulti
2507 1365 2675 1432 atque
2702 1359 3003 1431 improvidi
3032 1375 3262 1429 sumus;
3287 1374 3486 1414 omnes
3507 1358 3708 1413 incerti
3733 1373 3880 1429 que-

509 1451 912 1508 moderatiores
950 1457 1237 1523 respectus
1274 1452 1473 1522 nostri,
1522 1454 1568 1508 si
1610 1451 1966 1508 consulamus
2003 1468 2136 1520 nos;
2239 1452 2367 1522 ruli,
2395 1451 2700 1508 ambitiosi.
2729 1453 2875 1518 Quid
2898 1453 3203 1509 levioribus
3226 1452 3408 1508 verbis
3423 1451 3714 1524 publicum
3741 1467 3873 1506 ma-

510 1559 645 1600 nam
666 1545 776 1600 tale
795 1545 1008 1618 aliquid
1035 1550 1091 1602 et
1112 1546 1221 1618 ipsi
1240 1545 1543 1618 aliquando
1566 1545 1971 1602 commisimus.
1999 1546 2139 1600 Nam
2241 1549 2359 1603 lum
2385 1546 2702 1602 abscondo?
2729 1547 2937 1602 Omnes
2965 1547 3103 1602 mali
3128 1562 3343 1601 sumus.
3367 1543 3652 1616 Quidquid
3674 1543 3734 1598 in
3757 1542 3876 1598 alio

512 1638 559 1692 si
573 1638 650 1693 sic
677 1639 1006 1710 erravimus,
1024 1639 1323 1712 expeditne
1349 1640 1512 1695 nobis
1536 1641 1596 1696 in
1611 1640 1734 1694 aliis
1751 1639 1848 1694 illa
1871 1639 2138 1694 damnare
2241 1639 2706 1712 deprehenditur,
2734 1639 2795 1695 id
2822 1639 3214 1713 unusquisque
3239 1639 3300 1694 in
3323 1639 3453 1694 sinu
3477 1653 3578 1693 suo
3597 1636 3873 1692 inveniet.

509 1747 637 1804 qua
663 1731 914 1805 effugere
940 1733 1048 1805 ipsi
1074 1732 1477 1805 nequivimus?
1505 1733 1690 1789 Faciet
1711 1733 1884 1789 etiam
1911 1749 2012 1788 nos
2039 1732 2142 1787 mi-
2162 1798 2205 1805 _
2241 1734 2366 1790 Mali
2394 1733 2634 1788 vivimus
2661 1733 2811 1789 inter
2847 1734 3044 1789 malos.

509 1824 702 1896 tiores,
746 1825 794 1881 si
834 1825 1150 1898 cogitemus
1193 1826 1331 1899 quid
1369 1826 1534 1882 nobis
1573 1827 1667 1882 ille
1711 1826 1803 1882 cui
1843 1825 2139 1882 irascimur
2162 1798 2216 1870 Β

507 1877 810 1990 assa.
834 1877 1146 1990 asas};
1160 1877 1829 1993 .:;;;p;;.;;.;.1r.;;.
1843 1877 2138 1991 54.15;;
2879 1877 3097 2000 ολιήυτ
3139 1877 3222 1932 ιιι·
3278 1990 3315 2000 η

509 2011 726 2069 meritis
765 2012 1095 2069 redimatur.
1125 2013 1266 2069 Illud
1295 1991 1522 2087 quoque
1553 2019 1830 2084 occurrat,
1859 2019 2106 2086 quantum

1766 2019 1830 2084 ιι,
1859 2019 2136 2086 quantum
2728 1991 2937 2047 Aliena!
2986 1993 3085 2046 ira:
3132 1991 3363 2045 curatio.

507 2104 672 2162 nobis
699 2106 1200 2162 commendationis
1233 2107 1471 2164 allatura
1509 2109 1580 2163 sit
1612 2109 1763 2163 fama
1802 2107 2133 2178 clementiae,
2306 2111 2465 2165 Nunc
2481 2110 2603 2182 jam
2627 2111 2796 2166 tertio
2821 2111 2882 2165 in
2909 2110 3032 2166 loco
3056 2110 3346 2165 videamus
3372 2124 3486 2180 quo
3521 2106 3687 2162 modo
3726 2105 3870 2161 alie-

508 2215 682 2272 quam
706 2199 914 2257 multos
939 2200 1200 2257 inimicos
1224 2201 1387 2257 venia
1413 2201 1609 2258 fecerit
1631 2202 1818 2258 utiles.
1846 2201 1996 2257 Nihil
2024 2202 2136 2274 glo-
2234 2219 2368 2258 nam
2394 2203 2537 2258 iram
2561 2203 2860 2258 leniamus.
2888 2205 2998 2259 Nec
3027 2203 3181 2258 enim
3214 2201 3334 2256 sani
3372 2205 3596 2256 tantum
3621 2215 3740 2254 esse
3778 2214 3873 2253 ve-

507 2292 694 2350 riosus
719 2311 893 2368 quam
915 2293 1058 2350 iram
1083 2295 1331 2350 amicitia
1358 2299 1728 2352 commutare.
1751 2295 2013 2351 Irascitur
2039 2296 2136 2350 ali-
2233 2297 2421 2364 limus,
2457 2296 2552 2352 sed
2582 2312 2800 2352 sanare.
2830 2296 3080 2352 Primam
3120 2311 3258 2367 ergo
3301 2295 3448 2350 iram
3484 2293 3714 2348 alterius
3750 2308 3874 2347 non

507 2386 674 2458 quis?
700 2392 764 2443 tu
801 2393 996 2444 contra
1031 2388 1317 2445 beneficiis
1343 2405 1610 2460 provoca.
1641 2389 1799 2444 Cadit
1833 2389 2024 2444 statim
2057 2389 2134 2444 si-
2233 2389 2570 2444 audebimus
2600 2395 2791 2445 nostra
2823 2389 3041 2445 ratione
3080 2388 3351 2458 mulcere,
3386 2387 3555 2442 surda
3594 2391 3678 2442 est
3715 2385 3875 2440 enim

505 2479 713 2536 multas
752 2480 824 2537 ab
862 2481 1136 2538 alterutra
1174 2487 1336 2554 parte
1371 2482 1609 2552 deserta,
1650 2482 1758 2538 nisi
1811 2483 1968 2555 paria
2019 2500 2135 2538 non
2236 2487 2292 2537 et
2314 2499 2510 2537 amens
2539 2501 2552 2537 :
2585 2482 2845 2538 dabimus
2874 2483 2955 2538 illi
2985 2483 3266 2555 spatium;
3294 2497 3428 2536 nam
3453 2479 3703 2535 remedia
3740 2493 3868 2534 me-

506 2579 785 2647 pugnant.
812 2575 972 2640 Quod
997 2575 1044 2630 si
1067 2581 1377 2648 utrumque
1397 2576 1711 2647 certaverit,
1742 2576 1827 2631 ira
1850 2578 2137 2632 concurri—
2234 2577 2491 2632 dicorum
2527 2593 2642 2631 non
2682 2576 2743 2632 in
2774 2575 3088 2632 accessibus
3112 2574 3507 2630 inﬁrmitatum
3527 2617 3541 2644 ,
3580 2572 3678 2628 sed
3700 2572 3761 2628 in
3788 2589 3876 2628 re-

505 2670 620 2723 tur.
637 2667 734 2724 Ille
754 2672 837 2723 est
855 2667 1083 2740 fortior,
1105 2669 1204 2742 qui
1224 2668 1382 2740 prior
1399 2670 1590 2727 retulit
1604 2669 1808 2742 pedem
1822 2687 1838 2739 ;
1857 2670 2034 2726 victus
2052 2675 2136 2726 est
2232 2669 2593 2725 missionibus
2634 2674 2892 2741 prosunt.
2930 2669 3088 2734 Quod
3117 2668 3164 2724 si
3189 2672 3472 2724 tumentes
3511 2665 3701 2722 oculos
3739 2665 3874 2736 quis

505 2775 674 2834 sepe,
696 2761 797 2834 qui
813 2761 966 2817 vicit.
985 2763 1264 2820 Percussit
1277 2764 1371 2820 te?
1390 2764 1618 2834 recede;
1641 2780 1776 2820 nam
1795 2764 2132 2835 referiendo,
2233 2767 2416 2819 tentet
2457 2763 2757 2834 inungere,
2797 2767 3024 2818 recente
3067 2762 3124 2816 vi
3170 2762 3355 2834 magis
3395 2761 3592 2816 incitat
3625 2774 3876 2814 commo-

504 2858 562 2910 et
599 2854 952 2912 occasionem
996 2855 1153 2912 dabis
1198 2856 1404 2929 saepius
1443 2856 1687 2913 feriendi
1722 2861 1782 2914 et
1818 2858 2133 2914 excusatio-
2233 2856 2434 2912 venda.
2461 2857 2694 2928 Sapiens
2719 2856 2930 2911 furenti
2954 2855 3136 2910 amico
3169 2855 3360 2910 omnia
3393 2853 3624 2910 ultionis
3658 2851 3876 2907 instru-

500 2961 682 3004 nem:
713 2952 1000 3020 postremo
1036 2965 1166 3004 cum
1210 2949 1452 3006 volueris
1491 2951 1719 3021 reverti,
1746 2966 1862 3008 non
1898 2951 2132 3023 poteris.
2233 2953 2426 3005 menta
2466 2948 2736 3004 occultius
2771 2947 3105 3020 removebit,
3133 2949 3368 3021 ipseque
3409 2945 3756 3002 iracundiam
3797 2945 3877 3000 si-

1841 3031 1846 3036 ’
2232 3042 2475 3098 mulabit
2509 3047 2574 3098 ut
2607 3035 2880 3115 tanquam
2917 3042 3140 3097 auditor
3168 3041 3374 3098 doloris
3411 3045 3467 3095 et
3502 3055 3707 3109 comes,
3739 3037 3874 3110 plus

1124 3097 1341 3241 CAPUT
1383 3098 1517 3241 ἵξῃ·
1610 3213 1667 3241 Ψ
2153 3167 2209 3241 C
2233 3097 2579 3192 auctoritatis
2627 3137 2687 3191 in
2721 3097 2969 3191 consiliis
3017 3135 3240 3204 habeat,
3285 3151 3472 3189 moras
3520 3097 3708 3188 nectet
3795 3137 3876 3194 .et

633 3207 898 3277 Iniuriam
927 3208 1205 3263 vindicare
1239 3213 1318 3264 est
1339 3211 1534 3265 vitium
1561 3213 1694 3266 vitio
1719 3226 2002 3282 opponere.
2153 3207 2209 3241 υ

2276 3247 2372 3285 um
2407 3230 2682 3302 majorem
2720 3245 2947 3302 pcenam
2983 3233 3222 3301 quaerat,
3250 3232 3588 3300 praesentem
3637 3225 3873 3280 interim

576 3323 683 3390 Qui
732 3324 993 3380 irascitur
1021 3325 1315 3396 injurianti
1351 3342 1430 3396 se,
1460 3326 1659 3382 vitium
1699 3327 1834 3382 vitio
1875 3328 2132 3400 opponit.
2234 3323 2473 3394 differet,
2502 3327 2559 3378 et
2586 3323 2744 3379 omni
2769 3327 2889 3378 arte
2917 3322 3098 3378 furori
3139 3321 3398 3393 requiem
3435 3320 3606 3376 dabit.
3634 3317 3792 3384 Quod
3817 3320 3873 3373 si

505 3417 772 3491 Nunquid
798 3435 913 3474 non
933 3417 1179 3474 insanire
1198 3418 1438 3489 videtur,
1465 3420 1508 3475 si
1536 3420 1758 3476 mulum
1783 3421 2024 3476 calcibus
2043 3435 2136 3494 pe-
2233 3422 2296 3473 tu
2325 3417 2608 3489 potentior
2635 3433 2712 3487 es,
2741 3421 2840 3471 aut
2871 3415 3149 3488 pudorem
3185 3414 3266 3469 illi
3302 3414 3396 3470 cui
3421 3412 3474 3468 vi
3512 3412 3741 3482 resistis,
3769 3418 3878 3468 aut

505 3517 607 3580 tat,
637 3517 736 3568 aut
763 3529 960 3568 canem
999 3529 1032 3567 a
1068 3528 1182 3586 quo
1221 3529 1444 3570 morsus
1477 3519 1562 3570 est
1601 3513 1893 3570 lancinet?
1924 3514 2136 3570 Eodem
2235 3516 2454 3567 metum
2484 3510 2742 3566 incuties.
2785 3508 2960 3565 Alteri
2996 3508 3147 3564 dices
3189 3524 3202 3563 :
3245 3506 3550 3579 Indignum
3585 3505 3771 3575 nimis,
3810 3513 3876 3562 et

503 3605 629 3662 loco
647 3611 750 3675 est,
771 3606 1028 3678 quisquis
1049 3606 1287 3662 concilio
1303 3612 1477 3664 caret.
1499 3607 1645 3673 Quid
1672 3608 1826 3664 enim
1847 3608 2039 3677 refert,
2063 3625 2139 3664 an
2235 3622 2351 3662 non
2374 3604 2599 3660 invenio
2628 3602 2853 3658 dolendi
2888 3602 3160 3672 modum;
3189 3601 3288 3656 sed
3325 3599 3740 3672 expectandum
3783 3606 3876 3655 est

504 3699 616 3756 alia
649 3685 828 3754 multa
872 3699 1168 3755 dissimilia
1209 3700 1435 3772 habeat,
1479 3701 1527 3756 si
1572 3701 1681 3757 hoc
1721 3702 1902 3759 simile
1945 3702 2134 3774 habet,
2237 3706 2461 3771 tempus
2491 3715 2506 3754 :
2536 3697 2689 3753 dabit
2711 3713 2923 3769 poenas.
2951 3697 3119 3752 Serva
3144 3695 3294 3751 istud
3319 3694 3510 3748 animo
3534 3698 3652 3761 tuo,
3682 3697 3738 3748 et
3763 3709 3875 3764 pro

506 3791 658 3864 quod
695 3792 853 3846 omni
892 3796 1120 3864 peccata
1164 3792 1379 3850 munda
1416 3793 1708 3851 defendit?
1745 3797 1822 3851 Eo
1871 3814 1975 3852 nos
2016 3797 2138 3852 loco
2238 3810 2415 3862 mora,
2457 3808 2589 3847 cum
2630 3791 2860 3864 poteris,
2903 3789 3124 3846 reddes.
3164 3787 3337 3844 Alteri
3379 3786 3529 3843 dices
3574 3785 3753 3842 :Vide
3793 3801 3874 3842 ne

507 3885 931 3956 constituamus,
969 3901 1083 3958 quo
1112 3885 1206 3941 ille
1238 3893 1321 3942 est
1360 3887 1452 3942 cui
1497 3886 1827 3944 irascemur.
1877 3890 2139 3945 Nostram
2237 3885 2531 3942 iracundia
2570 3890 2669 3939 tua
2694 3883 2964 3955 voluptati
2991 3883 3064 3938 sit
3089 3881 3352 3937 inimicis.
3382 3881 3559 3936 Alteri
3589 3897 3602 3935 :
3631 3878 3767 3934 Vide
3794 3895 3876 3936 ne

509 3995 627 4034 esse
649 3994 873 4034 causam
897 3979 1046 4034 illius
1069 3981 1447 4052 afﬁngamus:
1482 3997 1618 4036 nam
1642 3981 1776 4038 fecit
1800 3983 2140 4039 nosiracun-
2239 3978 2573 4051 magnitudo
2607 3977 2783 4031 animi
2819 3975 2926 4044 tui,
2968 3981 3026 4030 et
3061 3975 3340 4030 creditum
3374 3975 3527 4046 apud
3570 3972 3877 4045 plerosque

509 4071 611 4129 dos
634 4072 833 4144 iniqua
859 4078 1050 4128 nostra
1088 4073 1417 4144 aestimatio;
1449 4075 1583 4146 quia
1620 4091 1684 4130 ea
1725 4093 1853 4148 quas
1880 4076 2140 4132 volumus
2238 4072 2457 4128 decidat
2483 4070 2676 4126 robur.
2709 4071 2787 4125 Ita
2812 4069 2966 4125 enim
2998 4068 3302 4125 abscondet
3326 4073 3384 4124 et
3407 4067 3657 4123 medicus
3681 4066 3871 4122 ferra-

509 4166 710 4237 facere,
733 4167 997 4221 nolumus
1011 4167 1148 4238 pati.
1171 4167 1448 4223 Memento
1465 4168 1635 4224 etiam
1657 4169 1788 4240 quia
1804 4170 2140 4226 sanctissimi
2239 4172 2518 4235 mentum,
2546 4171 2602 4220 et
2628 4180 2782 4236 inger
2805 4163 3078 4231 dolorem,
3105 4161 3244 4217 dum
3264 4166 3470 4235 sperat,
3491 4161 3637 4216 feret
3670 4157 3875 4233 [Edit.,

509 4259 721 4334 quique
741 4260 868 4315 viri
907 4260 1086 4316 multa
1119 4260 1459 4333 delinquunt
1485 4279 1499 4317 :
1529 4263 1681 4334 quod
1710 4263 1758 4317 si
1795 4263 1964 4320 etiam
1999 4281 2137 4336 pru-
2237 4259 2431 4334 ferat];
2462 4276 2597 4315 nam
2625 4257 2886 4330 quaedam
2910 4273 3027 4313 non
3053 4255 3162 4312 nisi
3187 4256 3420 4327 decepta
3455 4258 3744 4310 sanantur.
3771 4253 3882 4309 Ca-

509 4353 824 4412 dentissimi
839 4353 944 4409 viri
959 4360 1212 4428 peccant,
1232 4356 1394 4428 cujus
1419 4372 1577 4412 error
1589 4373 1814 4412 causam
1833 4375 1948 4412 non
1971 4357 2142 4414 habet
2239 4357 2446 4429 stigare
2472 4359 2664 4410 autem
2699 4352 3056 4421 irascentem,
3094 4355 3152 4407 et
3187 4350 3341 4406 ultro
3379 4349 3563 4420 irasci,
3593 4346 3880 4418 castigem

511 4447 878 4521 ignoscendi?
903 4448 1080 4522 Nemo
1106 4455 1193 4505 est
1227 4455 1342 4505 tam
1379 4449 1615 4506 timidus
1647 4450 2009 4522 offensarum,
2042 4452 2143 4524 qui
2239 4457 2342 4509 est.
2371 4453 2562 4523 Itaque
2587 4446 2741 4502 vario
2771 4444 2940 4502 modo
2969 4445 3054 4501 ira
3079 4443 3330 4501 sananda
3355 4447 3458 4500 est.

511 4556 626 4597 non
662 4541 785 4597 illas
813 4542 952 4598 dum
975 4543 1133 4611 vitat,
1159 4543 1438 4602 admittat.
1466 4544 1733 4618 Equiore
1761 4545 1914 4602 enim
1951 4545 2142 4602 animo

510 4692 3829 4724 _______________________________________________________.__.

1579 4848 2255 4956 OPUSCUL
2284 4847 2490 4954 ΠΜ
2592 4842 2826 4950 VII.

1649 5017 1891 5136 DE
1983 5019 2766 5140 PASGHA.

587 5192 628 5252 l.
656 5195 914 5268 Plerique
938 5197 1273 5269 mysterium
1299 5197 1523 5256 Pascha
1542 5216 1806 5259 enarrare
1837 5204 2139 5262 voluerunt
2156 5219 2216 5292 D
2237 5203 2571 5262 memoratio
2619 5205 2842 5274 agatur,
2877 5204 2942 5255 ut
2979 5213 3160 5254 unum
3195 5193 3641 5292 anniversarium
3669 5189 3894 5292 natalis

515 5305 582 5346 ex
623 5289 837 5345 ratione
874 5290 1288 5362 supputationis
1313 5292 1373 5348 in
1402 5309 1619 5366 mense,
1647 5300 1705 5351 et
1730 5295 1888 5365 luna,
1921 5302 1978 5353 et
2001 5297 2091 5354 die
2122 5284 2205 5354 ε’
2245 5299 2396 5355 diem
2426 5297 2808 5362 observemus,
2837 5292 3001 5348 sicuti
3033 5309 3066 5347 a
3099 5290 3386 5364 plerisque
3420 5284 3712 5345 Gallicanis
3750 5284 3889 5356 epi-

515 5382 634 5453 sed,
666 5383 782 5438 sive
820 5383 1087 5454 scientia,
1115 5385 1228 5440 sive
1269 5388 1544 5443 sermonis
1584 5388 2058 5462 impossibilitate,
2085 5391 2142 5448 id
2243 5391 2424 5465 scopis
2459 5406 2637 5462 usque
2674 5392 2806 5444 ante
2847 5402 2963 5442 non
2999 5385 3243 5441 multum
3275 5387 3501 5454 tempus
3533 5377 3896 5436 custoditum

513 5475 867 5548 reliquerunt
907 5476 1218 5546 obscurius,
1267 5481 1426 5552 quasi
1475 5481 1623 5538 nihil
1669 5483 1801 5540 inde
1847 5483 2141 5541 dixissent.
2243 5490 2346 5555 est,
2375 5490 2441 5540 ut
2467 5499 2692 5555 semper
2719 5497 2815 5536 vm
2840 5481 2958 5536 Kal.
2985 5476 3163 5551 April.
3191 5477 3342 5532 diem
3368 5473 3592 5530 Paschae
3635 5469 3898 5527 celebra-

515 5569 638 5630 Scio
678 5570 832 5626 enim
879 5570 1088 5627 multos
1129 5573 1511 5645 scrupulosius
1551 5574 1902 5650 interrogare
1954 5578 2143 5634 solitos
2236 5559 2390 5648 rent,
2422 5579 2482 5633 in
2521 5593 2634 5650 quo
2672 5575 2818 5632 facta
2852 5573 3058 5630 Christi
3092 5568 3428 5626 resurrectio
3459 5566 3722 5623 traditur.
3760 5560 3898 5620 Pla-

515 5681 690 5741 quare
716 5663 1029 5722 secundum
1056 5681 1277 5722 morem
1301 5666 1626 5724 Judaorum
1648 5669 1718 5726 ad
1739 5669 1890 5728 lunae
1915 5687 2144 5744 compu-
2243 5671 2359 5726 cuit
2399 5676 2590 5727 autem
2633 5670 2796 5740 mihi,
2839 5660 3151 5739 inquirenti
3193 5663 3413 5720 curiose
3455 5659 3595 5734 quid
3631 5657 3897 5730 majores

515 5759 785 5815 tationem
810 5757 1043 5815 diversis
1073 5759 1374 5830 generibus
1407 5761 1617 5818 Pascha
1644 5763 2019 5837 celebremus,
2053 5764 2140 5823 di-
2240 5764 2416 5822 nostri
2443 5764 2618 5820 secuti
2645 5768 2848 5832 essent,
2874 5764 3068 5833 aperte
3103 5772 3406 5832 exponere.

515 5861 703 5912 centes
729 5855 934 5910 rectius
961 5853 1065 5909 sibi
1091 5853 1268 5910 videri
1298 5854 1343 5910 si
1373 5854 1667 5913 dominicas
1693 5858 1964 5931 passionis
1985 5875 2138 5918 com-
2319 5859 2380 5918 ll.
2413 5858 2598 5915 Passio
2634 5855 2840 5917 Christi
2879 5853 3194 5926 redemptio
3221 5857 3308 5909 est
3341 5854 3636 5922 creature,
3669 5845 3740 5903 de
3765 5862 3898 5924 aqu
