4042 6184
189 327 244 396 49
1361 331 1755 393 OPUSCULUM
1793 333 1902 390 VII.
1944 332 2030 390 DE
2067 331 2341 390 PASCIIA.
3466 331 3532 394 30

186 441 476 518 Apostolus
507 442 588 499 ait
620 442 775 516 quod
813 445 1056 515 subjecta
1088 447 1259 514 fuerit
1291 447 1540 501 servituti
1567 461 1675 500 non
1701 460 1803 500 sua
1823 470 1881 543 Α
1903 441 2048 498 xisse
2074 442 2230 497 enim
2256 441 2502 497 traditur
2531 442 2809 498 Dominus
2829 457 2906 498 vn
2928 441 3052 498 Kal.
3075 444 3210 516 Apr.
3234 439 3534 502 Dominica

185 541 377 610 sponte,
408 537 506 593 sed
522 543 749 609 prepter
772 554 892 594 eum
919 541 1016 609 qui
1039 555 1156 594 eam
1181 538 1410 608 subjecit
1434 541 1492 592 in
1517 553 1610 608 spe
1631 557 1648 592 :
1671 540 1802 608 quia
1823 537 1881 543 ““
1903 537 2014 593 die.
2049 537 2261 603 Quinta
2303 537 2450 593 feria
2491 540 2685 593 autem
2728 538 3112 610 pracedente,
3143 539 3362 596 Pascha
3399 557 3530 600 cum

184 635 293 703 ipsa
320 631 648 687 liberabitur
671 648 706 686 α
731 634 988 687 servitute
1012 633 1286 695 interitus,
1316 649 1434 686 cum
1467 633 1712 686 libertate
1735 636 1798 702 fi-

185 727 364 780 liorum
393 727 496 780 Dei
510 725 676 794 (Rom.
697 741 818 791 vm,
837 728 927 792 20,
947 724 1055 796 2t).
1075 726 1205 782 Hac
1226 729 1491 780 creatura
1519 728 1606 779 est
1637 725 1800 796 spiri-

184 823 260 872 tus
281 817 437 885 vita,
471 817 608 889 qui‘
635 818 848 873 creavit
883 819 1080 874 omnia
1117 823 1363 875 terrena
1393 821 1800 889 corporatura,

183 911 463 983 subjectus
496 911 555 965 in
592 928 720 966 eam
759 928 940 983 spem,
986 915 1050 966 ut
1083 912 1155 966 de
1195 912 1533 983 corruptela
1569 911 1801 966 interitu

181 1021 297 1058 cum
323 1004 595 1059 libertate
625 1005 874 1060 filiorum
897 1005 1092 1076 gloria
1121 1005 1396 1059 liberetur
1419 1023 1433 1059 :
1458 1021 1583 1076 qua
1608 1005 1803 1076 utique

182 1099 232 1152 in
277 1097 460 1153 hodie
507 1098 764 1169 subjecta
812 1100 898 1152 est
945 1097 1220 1165 servituti,
1262 1099 1320 1152 in
1366 1099 1520 1169 quob
1555 1097 1803 1152 mundus

182 1190 413 1245 effectus
447 1193 551 1258 est,
576 1207 750 1262 quam
777 1190 1031 1246 Christus
1056 1191 1301 1246 liberare
1327 1191 1591 1258 venisset,
1615 1195 1673 1245 et
1693 1208 1805 1246 ser-

179 1284 334 1349 vavit,
364 1287 436 1338 ut
459 1284 518 1338 in
559 1301 629 1339 eo
665 1287 927 1356 tempore
961 1287 1275 1356 pateretur,
1308 1284 1365 1338 in
1395 1301 1508 1356 quo
1540 1288 1803 1340 creatura

180 1377 433 1448 subjecta
459 1377 569 1432 erit
588 1378 703 1449 [An
727 1381 852 1432 erat
863 1378 933 1448 ‘3];
957 1382 1018 1432 ut
1039 1378 1135 1449 qui
1159 1377 1279 1432 dies
1299 1378 1392 1432 ille
1417 1378 1654 1432 tristitia
1686 1379 1804 1433 fue-

179 1474 274 1536 rat,
299 1471 433 1540 jam
463 1471 670 1525 latitia
700 1471 1060 1526 redderetur.
1087 1471 1369 1536 Quoniam
1390 1487 1524 1526 vero
1548 1472 1682 1543 agni
1703 1473 1804 1526 hu-

174 1565 254 1633 jus
273 1567 643 1619 sacramenta
663 1567 823 1618 tanta
845 1566 1054 1631 essent,
1079 1568 1142 1618 ut
1160 1564 1413 1619 veritatis
1433 1564 1607 1636 ipsius
1627 1565 1801 1620 etiam

179 1657 372 1712 umbra
407 1658 716 1728 proliceret
743 1657 816 1711 ad
842 1658 1085 1712 salutem
1112 1658 1416 1725 liberandi,
1440 1658 1584 1712 sicut
1601 1658 1670 1712 de
1691 1658 1798 1726 his,

181 1749 240 1805 de
268 1749 545 1806 servitute
570 1750 904 1818 Pharaonis,
939 1752 1098 1823 quasi
1119 1752 1241 1823 jam
1268 1752 1501 1806 libertas
1525 1755 1800 1806 creatura

1903 631 2191 702 discipulis
2239 630 2556 709 comedisse
2605 648 2618 686 :
2665 631 2820 704 quod
2868 631 2978 687 fuit
3018 648 3073 686 XI
3119 633 3240 688 Kal.
3286 635 3528 707 Apriles.

1902 725 2208 780 Rationem
2255 724 2406 778 hanc
2456 725 2731 796 temporis
2771 725 2942 796 huius
2987 725 3334 795 habuerunt,
3375 729 3532 802 quod

1903 822 2164 872 creatura
2191 834 2366 888 quam
2396 817 2670 871 liberarat
2689 817 2746 872 in
2769 817 3048 890 sanguine
3071 835 3194 885 suo,
3219 819 3275 874 in
3300 836 3368 876 eo
3390 825 3531 878 tem-

1904 929 2042 985 pore
2081 911 2334 966 servituti
2379 913 2567 966 fuerat
2609 912 2881 982 subjecta.
2919 913 3288 968 Probandum
3336 916 3532 990 itaque

1904 1005 2068 1060 nobis
2089 1008 2192 1072 est,
2212 1005 2270 1059 in
2291 1005 2400 1060 hoc
2419 1008 2682 1076 tempore
2704 1005 2904 1059 mundi
2927 1005 3152 1060 initium
3173 1009 3530 1066 constituisse

1905 1099 2099 1169 [Forte,
2115 1097 2476 1168 constitisse].
2494 1099 2797 1152 Inchoasse
2809 1099 3090 1154 mundum
3107 1101 3252 1156 veris
3271 1105 3531 1176 tempore

1903 1191 2136 1246 Genesis
2154 1191 2339 1246 docet.
2360 1192 2502 1246 Cum
2525 1191 2774 1263 primum
2793 1196 3100 1263 appareret
3116 1194 3336 1250 aridam
3356 1211 3530 1268 quam

1903 1284 2122 1340 vocavit
2137 1285 2285 1339 Deus
2295 1297 2336 1352 ε,
2353 1283 2568 1338 dictum
2594 1287 2706 1339 est:
2726 1284 2998 1340 Germinet
3017 1289 3163 1340 terra
3180 1303 3331 1342 omne
3343 1291 3531 1356 fenum

1901 1393 2054 1433 omne
2069 1378 2360 1448 pabulum,
2392 1382 2443 1432 et
2466 1393 2618 1432 omne
2647 1378 2822 1432 viride
2847 1379 2985 1445 ligni
3009 1379 3156 1448 quod
3183 1381 3331 1447 ferat
3353 1397 3530 1436 semen

1901 1471 2196 1525 secundum
2220 1457 2390 1539 genus
2415 1485 2574 1525 suum
2595 1469 2746 1541 (Gen.
2769 1487 2806 1538 I,
2834 1470 2940 1542 ll).
2960 1472 3021 1524 In
3059 1487 3172 1544 quo
3203 1472 3530 1543 germinare

1904 1563 2100 1617 omnia
2133 1563 2424 1629 videmus;
2457 1566 2629 1635 atque
2671 1562 2750 1617 ita
2788 1563 2847 1616 in
2898 1579 2966 1618 eo
3017 1580 3140 1618 esse
3189 1565 3531 1638 principium

1903 1656 2125 1723 mundi,
2160 1673 2276 1710 non
2314 1657 2661 1711 dubitamus.
2693 1657 2807 1712 Sed
2841 1673 2971 1711 cum
3009 1660 3125 1712 tres
3153 1674 3381 1713 menses
3405 1676 3528 1715 ver-

1904 1767 2044 1804 num
2081 1752 2306 1821 tempus
2339 1750 2571 1818 habeat,
2599 1751 2806 1806 horum
2844 1749 3019 1805 trium
3049 1748 3274 1806 medius
3301 1755 3404 1819 est,
3435 1752 3530 1826 qui

183 1841 242 1896 de
269 1842 546 1898 servitute
575 1845 912 1915 corruptelae
944 1845 1308 1915 ﬁgurarctur.
1343 1845 1561 1916 Figura
1593 1845 1804 1917 passio-
1823 1842 1879 1912 B
1903 1842 2129 1897 initium
2160 1843 2378 1898 mundo
2400 1843 2578 1898 dedit.
2597 1845 2710 1898 Nec
2730 1845 2913 1899 solum
2936 1844 3149 1898 mensis
3169 1845 3412 1912 medius,
3431 1845 3532 1902 sed

185 1936 257 1991 nis
287 1936 502 1992 Christi
539 1937 732 2008 imago
767 1937 826 1991 in
862 1937 1172 1992 adventum
1199 1938 1394 1992 salutis
1415 1942 1655 2016 operata
1681 1942 1798 2005 est;

185 2033 232 2081 et
254 2028 387 2084 ideo
417 2028 636 2084 dictum
673 2033 760 2084 est
792 2046 825 2084 a
867 2030 1006 2097 Deo,
1043 2033 1104 2084 ut
1133 2031 1190 2084 in
1223 2030 1409 2101 primo
1435 2047 1634 2086 mense
1664 2031 1800 2086 anni

185 2125 372 2192 quarta
407 2121 635 2177 decima
661 2123 798 2178 luna
823 2139 1006 2194 agnus
1036 2123 1456 2190 immaculatus,
1481 2125 1797 2192 anniculus,

185 2215 592 2283 immolaretur,
620 2216 692 2271 de
733 2217 893 2288 cujus
923 2215 1205 2288 sanguine
1245 2217 1449 2272 domos
1474 2234 1604 2272 suas
1629 2235 1803 2290 super

183 2308 365 2362 limina
395 2308 792 2379 obsignarent,
817 2327 890 2365 ne
919 2327 953 2364 a
973 2313 1257 2365 vastatore
1287 2312 1494 2382 angelo
1520 2314 1802 2366 terreren-

185 2405 290 2465 tur;
313 2405 494 2473 atque
527 2402 586 2456 in
620 2402 742 2473 ipsa
774 2403 967 2472 domo,
992 2407 1246 2458 comesto
1267 2420 1372 2475 per
1397 2404 1600 2459 domos
1625 2421 1797 2476 agno,

187 2494 320 2564 quod
339 2499 431 2548 est
449 2496 680 2550 Pascha
703 2497 1032 2564 celebratio,
1058 2497 1457 2552 liberationem
1479 2514 1583 2569 per
1601 2499 1799 2569 fugam

187 2587 452 2642 servitutis
475 2588 821 2659 acciperent.
843 2590 968 2644 Non
991 2589 1233 2644 obscura
1253 2593 1340 2644 est
1357 2590 1561 2661 ﬁgura,
1583 2606 1798 2662 agnum

186 2679 605 2736 immaculatum
633 2698 754 2736 esse
780 2681 1067 2737 Christum
1090 2698 1103 2737 :
1128 2682 1297 2754 hujus
1317 2683 1796 2751 immolationem,

187 2772 248 2827 ad
295 2774 629 2829 servitutem
684 2775 862 2830 nostri
919 2775 1183 2830 interitus
1231 2775 1613 2831 liberandam.
1656 2777 1797 2831 Nam

186 2865 330 2937 signo
354 2867 544 2923 crucis
572 2868 694 2939 ejus
714 2869 875 2940 quasi
897 2869 1192 2940 sanguinis
1215 2870 1544 2940 aspersione
1565 2869 1796 2941 signati,

185 2976 344 3031 usque
383 2961 464 3016 ad
503 2962 1064 3018 consummationem
1103 2963 1326 3029 mundi,
1357 2980 1390 3017 a
1419 2962 1800 3018 vastatoribus

187 3054 386 3125 angelis
450 3055 889 3110 vindicabimur.
951 3056 1065 3110 Hoc
1121 3056 1372 3110 breviter
1434 3059 1493 3110 et
1559 3055 1797 3110 strictim

187 3145 370 3202 dixisse
414 3148 684 3216 sufficiat,
732 3152 794 3202 ut
827 3149 885 3204 id
928 3149 1084 3220 quod
1135 3166 1393 3220 quarere
1439 3149 1798 3220 propositum

187 3243 276 3306 est,
307 3242 598 3296 rationem
633 3241 1066 3310 observationis,
1097 3246 1155 3296 et
1185 3243 1435 3309 Pascha,
1469 3246 1527 3296 et
1560 3243 1794 3310 mensis,
1818 3208 1872 3280 ρ

187 3334 235 3385 et
247 3333 411 3401 luna,
431 3337 493 3388 et
507 3334 639 3402 diei,
658 3335 779 3390 sine
799 3335 1066 3390 molestia
1078 3335 1424 3407 multiloquii
1450 3335 1794 3406 aperiamus.

245 3428 326 3481 III.
359 3428 676 3492 Quasitum
716 3433 802 3482 est
839 3445 979 3500 ergo
1017 3446 1052 3482 a
1085 3429 1402 3499 majoribus
1440 3429 1667 3496 nostris,
1709 3444 1795 3482 se-

185 3521 419 3575 cundum
453 3521 511 3576 id
549 3521 704 3592 quod
737 3521 1010 3594 scriptum
1053 3525 1196 3588 erat,
1227 3521 1353 3607 quis
1395 3525 1544 3576 esset
1580 3521 1799 3592 primus

186 3611 310 3680 dies,
343 3619 401 3668 et
442 3614 503 3668 in
551 3631 664 3685 quo
705 3615 796 3669 die
827 3615 1051 3669 decima
1078 3618 1284 3686 quarta
1308 3616 1446 3669 luna
1475 3615 1800 3670 efficeretur

184 3705 382 3761 Pascha
415 3707 716 3762 celebrari.
753 3710 813 3762 In
853 3707 949 3762 illo
992 3707 1147 3762 enim
1181 3711 1443 3779 tempore
1478 3707 1537 3761 in
1563 3724 1676 3778 quo
1700 3708 1798 3761 Ju-

186 3796 307 3852 dais
347 3801 504 3854 facta
549 3800 783 3854 traditio
832 3803 938 3868 est,
984 3800 1232 3855 necdum
1276 3800 1491 3855 mensis
1529 3800 1602 3854 ad
1647 3801 1798 3854 luna

183 3906 397 3946 cursum
428 3892 846 3963 signiﬁcatione
878 3893 1179 3948 nominum
1205 3893 1664 3964 computabatur.
1696 3893 1800 3947 De-

184 3982 254 4037 dit
284 3988 478 4038 autem
508 3985 618 4039 illis
641 3989 1069 4055 argumentum,
1097 3986 1222 4056 jam
1251 3987 1469 4040 calculo
1499 3988 1797 4057 computa-

185 4077 341 4130 tionis
375 4078 630 4143 invento,
666 4081 892 4149 tempus
931 4083 989 4132 et
1022 4078 1145 4132 dies
1183 4078 1496 4149 passionis;
1528 4083 1590 4132 ut
1621 4094 1689 4133 ex
1729 4093 1798 4132 eo

183 4168 583 4240 intelligerent,
608 4187 780 4240 quem
809 4171 1061 4240 primum
1083 4187 1343 4224 mensem
1367 4171 1524 4237 anni,
1547 4174 1605 4225 et
1626 4187 1800 4242 quem

184 4262 422 4330 primum
469 4262 727 4332 ejusdem
775 4263 947 4331 diem,
977 4267 1038 4318 et
1075 4263 1306 4334 quando
1345 4267 1612 4334 quartam
1643 4263 1797 4317 deci-

184 4369 324 4409 mam
356 4357 558 4410 lunam
586 4357 779 4426 [Edit.,
807 4360 1012 4428 quarta
1038 4356 1262 4411 decima
1291 4356 1448 4426 luna]
1478 4356 1651 4410 fuisse
1677 4373 1796 4411 sus-

180 4446 449 4518 ciperent,
485 4452 543 4502 et
579 4466 756 4520 quare
801 4450 908 4504 hoc
952 4449 1289 4521 mysterium
1330 4449 1558 4503 Pascha
1597 4465 1796 4503 secun-

182 4539 304 4594 dum
332 4542 493 4597 diem
529 4544 586 4596 et
621 4543 817 4596 lunam
848 4543 1137 4597 observari
1171 4543 1428 4599 deberet.
1459 4543 1573 4597 Hoc
1603 4545 1798 4596 autem
1818 4577 1877 4648 D

181 4633 230 4686 in
272 4634 482 4705 primis
515 4634 935 4704 judicaverunt,
981 4651 1111 4690 cum
1160 4653 1265 4707 per
1313 4636 1568 4707 singulos
1616 4651 1800 4690 annos

181 4726 406 4793 Pascha,
443 4731 500 4780 et
526 4730 753 4799 tempus
791 4746 908 4784 non
948 4729 1283 4784 conveniret
1313 4729 1386 4784 ad
1416 4730 1612 4783 lunam
1640 4732 1699 4783 et
1728 4728 1803 4784 ad

179 4817 344 4886 diem,
393 4820 600 4874 melius
647 4838 769 4876 esse
819 4825 1046 4893 tempus
1093 4823 1421 4889 extendere,
1468 4838 1643 4893 quam
1686 4839 1803 4876 non

180 4913 369 4966 lunam
417 4913 687 4984 diemque
735 4915 1006 4968 retinere.
1059 4914 1313 4969 Primum
1360 4914 1493 4985 quia
1539 4915 1664 4969 dua
1712 4931 1805 4968 res

175 5005 374 5072 justius
420 5006 834 5076 praeberentur.
869 5008 1088 5062 Deinde
1134 5008 1268 5078 quia
1309 5009 1430 5062 hac
1474 5008 1806 5063 viderentur

183 5099 230 5151 in
252 5099 661 5153 observatione
686 5100 930 5171 potiora.

239 5193 322 5245 IV.
349 5191 708 5247 Deﬁniamus
738 5193 912 5264 igitur
936 5194 1064 5265 quis
1088 5194 1307 5265 primus
1326 5194 1542 5249 mensis
1567 5194 1626 5248 in
1649 5210 1808 5248 men-

179 5287 320 5340 sibus
353 5287 526 5353 anni;
556 5287 766 5343 deinde
809 5289 935 5361 quis
975 5290 1195 5362 primus
1229 5290 1352 5362 ejus
1383 5290 1523 5345 dies.
1556 5289 1809 5344 Diximus

182 5395 307 5452 ergo
331 5383 748 5450 argumentum
771 5383 1039 5438 habuisse
1061 5383 1311 5454 majores
1332 5387 1557 5438 nostros
1581 5401 1647 5437 ex
1667 5385 1810 5437 tem-

182 5488 305 5539 pore
346 5472 638 5545 passionis
674 5478 734 5528 et
775 5475 1211 5531 resurrectionis
1249 5475 1496 5530 Domini.
1537 5465 1806 5530 Resurre-

237 5585 262 5613 ⁸
285 5584 448 5656 Lege
477 5599 618 5656 qua,
647 5588 910 5656 respectu
939 5585 1137 5640 habito
1173 5585 1246 5640 ad
1276 5586 1415 5640 illud
1443 5589 1589 5649 vita,
1617 5584 1674 5639 id
1703 5588 1807 5650 est,

182 5653 403 5719 Christi,
433 5658 496 5708 ut
521 5653 769 5724 ipsemet
798 5656 869 5710 de
897 5673 955 5711 se
983 5657 1098 5711 ait:
1127 5659 1240 5725 Ego
1264 5672 1385 5711 sum
1406 5659 1518 5720 via,
1540 5659 1739 5712 veritas
1761 5659 1812 5710 et

183 5727 298 5779 vita.
331 5725 473 5789 Qua
509 5725 745 5796 quidem
785 5727 901 5781 vita
939 5730 1141 5783 creavit
1163 5729 1366 5790 omnia,
1396 5732 1460 5781 ut
1484 5728 1564 5782 ait
1590 5730 1808 5793 auctor,

185 5800 402 5868 terrena
418 5802 808 5868 corporatura.
826 5798 968 5852 Nam
985 5801 1164 5853 omnia
1179 5814 1284 5868 per
1299 5801 1476 5868 ipsum
1491 5801 1642 5865 facta
1663 5802 1807 5868 sunt.

185 5865 739 5940 Absurdum’quippe
769 5867 839 5923 de
865 5871 1065 5939 spiritu
1083 5865 1203 5924 hac
1231 5865 1571 5941 intelligere,
1598 5867 1693 5940 qui
1719 5885 1814 5923 au-

1903 1936 2078 1991 etiam
2108 1936 2230 1990 dies
2264 1937 2550 1991 mensium
2581 1937 2777 1991 medii.
2811 1938 2888 1991 Ex
2916 1953 2951 1988 v
2982 1937 3061 1991 Id.
3088 1938 3248 1993 Febr.
3273 1938 3421 1993 veris
3447 1941 3534 1994 est

1902 2029 2191 2084 inchoatio
2217 2045 2229 2084 :
2257 2029 2314 2084 in
2345 2046 2381 2082 v
2400 2030 2481 2084 Id.
2511 2031 2671 2085 Mart.
2698 2030 2756 2084 in
2778 2047 2876 2084 vm
2898 2031 3020 2086 Kal.
3040 2031 3174 2102 Apr.
3200 2031 3530 2103 quindecim

1903 2122 2024 2178 dies
2052 2126 2202 2190 sunt,
2226 2123 2284 2177 id
2310 2126 2414 2191 est,
2439 2123 2722 2178 medietas
2747 2124 2962 2178 mensis
2985 2141 2998 2178 :
3023 2123 3102 2178 ita
3124 2141 3269 2178 unus
3291 2127 3350 2179 et
3369 2124 3531 2179 dimi-

1900 2215 2026 2270 dius
2052 2215 2266 2271 mensis
2292 2217 2674 2288 subsequitur.
2713 2233 2811 2271 vm
2844 2217 2966 2271 Kal.
3007 2218 3141 2288 Apr.
3177 2217 3414 2289 aqualis
3445 2221 3532 2273 est

1899 2325 2010 2363 nox
2056 2313 2115 2363 et
2155 2309 2296 2376 dies,
2331 2310 2493 2364 sicuti
2539 2311 2755 2365 factum
2792 2309 2994 2364 mundi
3038 2309 3266 2365 initium
3294 2311 3529 2366 Genesis

1902 2401 2088 2469 docet,
2122 2402 2319 2457 dicens
2351 2419 2364 2457 :
2393 2405 2592 2458 Divisit
2619 2406 2762 2458 Deus
2797 2405 2946 2458 inter
2981 2404 3152 2458 lucem
3181 2408 3232 2458 et
3261 2405 3528 2468 tenebras,

1900 2501 1951 2550 et
1968 2497 2177 2550 vocavit
2198 2497 2367 2551 lucem
2383 2497 2544 2560 diem,
2563 2501 2614 2550 et
2643 2497 2890 2551 tenebras
2917 2497 3128 2551 vocavit
3144 2502 3348 2552 noctem
3365 2496 3527 2567 (Ibid.

1899 2587 1952 2653 4,
1982 2587 2053 2658 5).
2089 2587 2288 2643 Omnis
2327 2588 2483 2643 enim
2521 2588 2720 2643 divisio
2764 2589 3153 2660 aqualitatem
3196 2589 3391 2644 habet.
3424 2591 3528 2656 Ita,

1899 2683 1958 2737 in
1985 2699 2099 2754 quo
2129 2684 2520 2755 aqualitatem
2554 2684 2738 2739 noctis
2769 2687 2826 2739 et
2858 2683 2971 2739 diei
3001 2683 3344 2752 invenimus,
3372 2683 3430 2740 in
3458 2701 3528 2740 eo

1899 2775 2125 2830 initium
2157 2776 2358 2830 mundi
2389 2776 2762 2830 constitutum
2791 2775 3200 2846 intelligamus.

1969 2869 2031 2922 V.
2065 2868 2179 2924 Sed
2210 2885 2326 2923 non
2359 2867 2481 2922 sine
2513 2884 2686 2922 causa
2719 2868 2971 2939 majores
3010 2867 3192 2922 nostri
3229 2885 3401 2941 super
3426 2885 3524 2925 vm

1898 2960 2022 3014 Kal.
2063 2962 2196 3032 Apr.
2240 2963 2355 3014 tres
2397 2960 2519 3014 dies
2565 2959 2932 3028 addiderunt,
2974 2962 3038 3014 ut
3077 2959 3328 3031 primum
3373 2961 3527 3018 diem

1898 3053 2099 3108 mundi
2145 3053 2490 3108 invenirent.
2537 3071 2577 3108 ιι
2622 3053 2745 3108 Kal.
2787 3055 2924 3125 Apr.
2963 3054 3216 3126 primum
3264 3071 3526 3110 mensem

1897 3146 2100 3200 mundi
2124 3149 2183 3200 et
2206 3146 2360 3201 diem
2381 3147 2632 3216 majores
2658 3146 2837 3202 nostri
2864 3146 3367 3203 existimaverunt:
3394 3147 3530 3221 quia

1899 3241 2032 3293 ante
2071 3255 2244 3309 quam
2287 3241 2369 3294 sol
2405 3239 2464 3293 in
2499 3239 2885 3311 principatum
2925 3240 3130 3296 mundi
3159 3240 3525 3307 conderetur,

1897 3331 2152 3386 triduum
2182 3332 2323 3386 ante'
2351 3334 2740 3403 pracesserat.
2766 3332 2963 3388 Refert
2997 3333 3231 3388 Genesis
3252 3333 3413 3405 (Ibid.
3440 3335 3525 3400 {6,

1903 3427 1987 3497 19)
2014 3430 2219 3499 quarta
2248 3427 2340 3482 die
2375 3428 2528 3482 facta
2556 3426 2864 3482 luminaria
2893 3428 3026 3483 solis
3053 3430 3112 3483 et
3133 3430 3284 3483 luna
3314 3445 3328 3484 :
3356 3444 3525 3500 prop-

1899 3523 2058 3575 terea
2073 3521 2396 3576 invenimus
2411 3520 2700 3576 Christum
2716 3536 2814 3574 vm
2832 3521 2954 3574 Kal.
2973 3522 3108 3591 Apr.
3128 3520 3520 3576 resurrexisse.

1899 3614 2106 3668 Verum
2126 3629 2182 3668 χι
2208 3614 2332 3668 Kal.
2357 3613 2429 3668 de
2459 3613 2676 3668 Pascha
2705 3629 2836 3669 cum
2867 3612 3156 3685 discipulis
3184 3612 3483 3669 inchoasse
3509 3631 3523 3668 :

1901 3723 2013 3778 quo
2056 3706 2148 3760 die
2192 3705 2445 3778 primum
2477 3705 2736 3777 subjecta
2769 3707 2959 3761 fuerat
2985 3710 3248 3762 creatura
3273 3706 3526 3762 servituti

1899 3816 2034 3866 sua,
2069 3814 2243 3870 quam
2282 3816 2386 3870 per
2429 3799 2756 3871 passionem
2798 3815 2961 3860 suam
2987 3803 3226 3855 venerat
3259 3799 3524 3856 liberare.

1900 3892 2062 3947 Diem
2088 3896 2282 3947 autem
2307 3892 2688 3960 Dominicam,
2711 3893 2961 3964 primam
2982 3892 3136 3948 diem
3158 3909 3281 3948 esse
3302 3893 3526 3959 mundi,

1900 3985 2149 4040 dubitari
2187 4002 2305 4040 non
2347 3989 2570 4057 potest;
2611 3986 2747 4057 quia
2789 3985 2928 4040 dicit
2965 3985 3256 4058 Scriptura
3283 3985 3435 4057 (Gen.
3465 4003 3526 4052 ιι.

1900 4083 1951 4146 2,
1985 4078 2059 4149 3),
2091 4095 2188 4133 sex
2226 4078 2427 4133 diebus
2455 4080 2672 4134 factum
2713 4095 2836 4133 esse
2863 4078 3166 4148 mundum,
3201 4083 3259 4134 et
3285 4078 3530 4151 septima

1901 4172 1992 4226 die
2024 4171 2372 4242 requievisse
2401 4173 2584 4227 Deum
2613 4188 2627 4226 :
2662 4188 2836 4242 quam
2869 4171 3175 4243 septimam
3207 4172 3362 4227 diem
3393 4172 3530 4228 Sab-

1899 4265 2099 4319 batum
2143 4265 2468 4336 appellavit.
2520 4265 2682 4319 Unde
2729 4267 2816 4320 est
2857 4264 3230 4319 manifestum
3278 4264 3527 4335 primam

1900 4357 2054 4411 diem
2083 4357 2285 4412 mundi
2323 4357 2686 4413 Dominicam
2726 4357 2899 4412 fuisse
2933 4373 2947 4411 :
2982 4359 3042 4410 et
3068 4357 3300 4426 plenam
3331 4357 3526 4411 lunam

1901 4450 2111 4504 factam
2155 4451 2548 4522 intelligimus,
2583 4450 2718 4522 quia
2762 4450 2915 4504 facta
2954 4450 3041 4502 est
3074 4449 3132 4502 in
3161 4447 3530 4503 inchoatione

1901 4543 2083 4598 noctis
2122 4547 2183 4597 et
2222 4542 2592 4614 principatus.
2623 4542 2736 4598 Sed
2767 4542 2876 4596 hec
2905 4539 3069 4595 sicuti
3101 4540 3531 4612 computatione

1903 4636 2241 4702 ostenditur,
2269 4651 2607 4706 percurrere
2642 4634 2748 4690 sibi
2777 4651 2883 4707 per
2921 4633 3178 4706 singulos
3205 4650 3388 4689 annos
3413 4651 3531 4690 non

1902 4733 2109 4800 potest,
2143 4729 2358 4782 scilicet
2397 4746 2450 4783 XI
2489 4729 2622 4783 Kal.
2646 4730 2781 4800 Apr.
2825 4726 2937 4795 die,
2969 4743 3200 4799 semper
3233 4730 3292 4782 et
3329 4731 3535 4799 quarta

1905 4822 2127 4876 decima
2151 4823 2288 4876 luna
2319 4822 2409 4876 die
2437 4821 2734 4876 Dominica
2760 4819 3102 4876 inveniatur.
3133 4819 3409 4892 Sequenti
3441 4837 3536 4875 au-

1904 4917 2022 4968 tem
2045 4931 2198 4968 anno
2219 4931 2272 4968 x1
2295 4915 2418 4969 Kal.
2435 4919 2571 4986 Apr.
2593 4912 2881 4968 invenitur
2897 4915 3033 4967 luna
3050 4912 3318 4967 vicesima
3334 4912 3537 4983 quinta

1907 5010 1965 5062 et
2002 5007 2147 5062 feria
2183 5008 2452 5062 secunda.
2490 5010 2688 5078 Itaque
2720 5023 2851 5060 cum
2890 5005 3017 5060 dua
3049 5022 3158 5070 res,
3195 5009 3254 5059 et
3299 5006 3437 5061 luna
3479 5009 3538 5059 et

1908 5100 2048 5165 dies,
2078 5102 2445 5154 commutata
2471 5098 2856 5165 inveniantur,
2881 5101 3034 5152 recte
3057 5113 3110 5152 xl
3133 5097 3257 5152 Kal.
3281 5098 3416 5168 Apr.
3441 5114 3539 5153 na~

1908 5192 2036 5247 talis
2066 5192 2267 5248 mundi
2295 5190 2584 5247 observari
2613 5190 2764 5245 visus
2790 5194 2894 5245 est.

1981 5287 2065 5340 Vl.
2095 5287 2290 5356 Itaque
2334 5285 2586 5356 majores
2630 5283 2809 5340 nostri
2841 5283 3247 5356 judicaverunt
3278 5300 3540 5340 mensem

1909 5378 2202 5449 integrum
2234 5393 2356 5431 esse
2387 5377 2809 5432 observandum
2839 5377 2912 5430 ad
2949 5376 3204 5431 natalem
3234 5376 3456 5445 mundi,
3484 5380 3543 5432 et

1909 5470 2126 5525 Pascha
2165 5469 2597 5538 celebrandum,
2635 5470 2694 5524 in
2735 5485 3079 5541 quacunque
3114 5471 3277 5539 parte
3318 5470 3441 5541 ejus
3483 5473 3543 5524 et

1911 5581 2052 5637 ctori
2080 5580 2274 5637 statim
2301 5581 2510 5638 dicitur
2538 5581 2813 5650 subjectus
2837 5583 2897 5635 in
2927 5596 3044 5636 eam
3065 5595 3234 5650 spem,
3257 5585 3319 5634 ut
3341 5580 3407 5634 de
3431 5595 3541 5634 cor-

2020 5655 2139 5709 tela:
2161 5655 2390 5709 interitu
2553 5653 2829 5707 liberetur.

2043 5725 2231 5792 Forte,
2261 5739 2328 5780 ea:
2351 5740 2476 5794 quo.
2505 5722 2644 5789 Qua
2669 5725 2988 5794 sequuntur
3018 5737 3226 5776 manca
3255 5720 3536 5774 videntur.

1983 5807 2006 5837 ο
2028 5797 2142 5852 Vox
2174 5793 2378 5852 terrain
2408 5794 2608 5850 deesse
2633 5793 2875 5849 videtur.
