4044 6196
471 271 530 327 3i
1499 263 1556 322 Β.
1599 262 1875 320 ΜΑΒἸἹΝΙ
1911 262 2104 320 ΙΗΣΜίΙέ

2209 262 2266 318 IS
2304 261 2484 318 V'ARll
2522 257 2796 317 VERSUS.
3768 263 3837 315 δὲ.

473 377 590 438 dies
614 380 689 435 et
729 377 871 436 luna
911 377 1336 436 concurrerent.
1390 373 1582 445 Neque
1625 370 1780 426 enim
1826 371 1935 428 hoc
1979 370 2100 428 sine
2122 385 2182 462 Α
2201 367 2357 426 enim
2379 367 2550 426 rediit
2583 365 2774 443 [Forte,
2804 365 2996 442 redit],
3025 370 3082 424 et
3123 365 3299 426 ﬁnem
3334 365 3556 424 dierum
3580 371 3834 431 renovat.

473 472 778 546 Scripturae
803 473 1150 530 auctoritate.
1187 471 1280 526 Ait
1313 467 1464 524 enim
1502 467 1712 538 Moyses
1743 481 1760 520 :
1786 467 1980 524 Mensis
2015 466 2100 520 hic
2202 464 2329 520 Haec
2357 462 2537 534 magis
2571 466 2740 518 erunt
2773 463 2836 518 in
2875 462 3079 518 natalis
3111 462 3326 534 laetitia,
3369 467 3426 519 et
3458 462 3519 518 in
3563 467 3838 518 creatum

471 568 620 624 vobis
655 570 876 624 initium
911 569 1170 623 mensium
1203 567 1323 618 est:
1347 563 1562 633 primus
1601 563 1704 616 erit
1742 563 1801 614 in
1834 560 2100 615 mensibus

472 664 608 717 anni
649 660 840 731 (Brod.
885 677 980 728 xu,
1021 661 1094 728 2).
1132 659 1252 722 Quo
1290 655 1460 712 verbo
1501 659 1683 710 totum
1731 670 1989 709 mensem
2029 653 2100 708 ad

470 755 672 810 natalis
709 753 908 808 mundi
944 751 1095 806 diem
1129 749 1491 806 consecravit.
1521 751 1600 802 ita
1641 748 1880 819 majores
1921 746 2100 801 nostri

471 849 572 920 qui
609 864 662 902 XI
705 847 822 901 Kal.
865 848 1000 918 Apr.
1047 845 1136 899 die
1188 844 1432 900 natalem
1481 841 1683 898 mundi
1736 841 2097 907 invenerunt,

470 955 724 1000 mensem
753 939 1004 1010 primum
1041 937 1450 992 constituentes
1483 936 1540 1006 in
1571 953 1624 990 xx
1665 935 1781 990 Kal.
1809 933 1972 989 Maias
1999 933 2098 988 de-

469 1034 740 1090 ﬁnierunt
793 1033 880 1089 Sic
905 1032 1116 1088 Pascha
1150 1047 1252 1085 nec
1282 1035 1412 1086 ante
1438 1045 1491 1085 x1
1524 1030 1643 1084 Kal.
1680 1031 1815 1100 Apr.
1844 1044 1948 1082 nec
1976 1032 2103 1098 post

469 1143 526 1182 χι
583 1126 700 1182 Kal.
753 1125 918 1182 Maias
966 1125 1248 1180 celebrare
1300 1123 1505 1178 licebit.
1553 1123 1660 1179 Sed
1709 1139 1840 1177 cum
1886 1121 1946 1176 in
1993 1121 2102 1175 hoc

466 1235 658 1276 mense
701 1224 758 1275 et
794 1220 929 1274 luna
977 1223 1033 1274 et
1082 1218 1200 1273 dies
1249 1216 1654 1282 convenissent,
1709 1215 1847 1269 luna
1893 1213 2104 1284 scilicet

475 1313 691 1370 decima
719 1317 920 1384 quarta
959 1317 1016 1367 et
1051 1311 1168 1368 dies
1203 1310 1510 1376 Dominica,
1537 1313 1671 1364 tunc
1713 1307 1923 1362 Pascha
1951 1307 2098 1362 cele-

467 1406 749 1464 braretur.
777 1405 920 1461 Sane
959 1405 1094 1477 quia
1127 1421 1324 1459 rursus
1354 1403 1680 1474 frequenter
1721 1401 1855 1456 luna
1886 1399 2102 1455 decima

470 1503 668 1572 quarta
684 1515 818 1553 cum
833 1497 1122 1556 Dominica
1140 1497 1230 1552 die
1249 1479 1628 1564 concurreret,
1657 1493 1885 1549 extendi
1906 1493 2102 1546 lunam

423 1612 426 1616 ’
472 1596 688 1664 septem
712 1592 830 1648 dies
856 1591 1201 1661 maluerunt,
1229 1589 1537 1644 dummodo
1571 1588 1722 1644 diem
1753 1585 2101 1641 Dominicam

469 1687 530 1742 in
566 1685 992 1742 resurrectionis
1035 1683 1231 1740 laetitia
1263 1683 1594 1738 retinerent.
1637 1682 1716 1735 Ita
1751 1677 1984 1752 quando
2023 1678 2100 1734 sic

2199 557 2528 612 liberatione
2553 557 2844 626 servanda,
2873 555 3122 612 maxime
3151 573 3284 612 cum
3307 556 3457 612 intra
3481 555 3654 628 primi
3678 572 3842 612 men-

2200 651 2275 704 sis
2300 650 2572 706 terminos
2597 651 2934 706 retinentur.
2965 651 3214 708 Rursum
3243 651 3518 722 majorem
3552 649 3662 706 diei
3697 649 3837 705 reli-

2203 744 2451 816 gionem,
2497 761 2671 816 quam
2709 743 2862 798 lunae
2905 744 3184 800 dicerunt.
3238 743 3524 799 Deeimam
3575 747 3840 816 quartam

2201 837 2354 892 enim
2374 838 2570 892 lunam
2586 837 2939 910 egredimur;
2960 837 3110 892 diem
3129 843 3322 894 autem
3343 854 3638 909 nunquam
3667 853 3840 910 egre-

2176 931 2410 1001 ‘dimur,
2453 930 2588 1002 quia
2636 935 2752 986 tota
2793 931 2944 986 salus
2987 936 3072 986 est
3122 931 3181 986 in
3235 931 3645 988 resurrectione
3695 930 3834 986 diei.

2201 1024 2328 1080 Dies
2370 1027 2562 1080 autem
2607 1023 2896 1079 Dominica
2941 1029 3000 1080 et
3039 1025 3269 1080 initium
3294 1025 3517 1081 dierum
3561 1027 3731 1082 habet
3778 1029 3842 1080 et

2201 1118 2702 1187 resurrectionem;
2745 1123 2977 1191 propter
3005 1119 3156 1191 quod
3193 1119 3254 1174 in
3287 1119 3409 1190 ipsa
3447 1120 3710 1176 dominus
3750 1137 3843 1176 re-

2201 1211 2478 1280 surrexit;
2519 1212 2656 1266 luna
2691 1227 2842 1282 vero,
2881 1211 3011 1267 licet
3045 1229 3224 1284 usque
3255 1213 3326 1267 ad
3365 1213 3688 1268 vicesimam
3725 1214 3846 1285 pri-

2201 1320 2355 1360 mam
2385 1309 2605 1376 partem
2646 1308 2936 1360 extensam
2979 1302 3086 1377 [An
3135 1310 3363 1360 extensa
3376 1305 3448 1378 η,
3501 1323 3618 1362 non
3659 1310 3844 1362 totam

2202 1397 2449 1469 complet
2477 1402 2702 1452 noctem
2731 1416 2744 1452 :
2776 1397 3092 1469 plurimum
3117 1403 3306 1454 tamen
3334 1399 3514 1455 noctis
3532 1399 3842 1466 illuminat,

2202 1493 2258 1544 et
2285 1493 2410 1561 post
2437 1507 2496 1546 se
2523 1490 2755 1562 quidem
2781 1491 3047 1562 relinquit
3077 1491 3356 1562 tenebras,
3384 1493 3480 1547 sed
3505 1509 3598 1548 eas
3623 1510 3750 1564 quae
3775 1493 3842 1548 in

2201 1587 2330 1639 ante
2355 1588 2487 1639 sunt
2514 1589 2745 1654 superat
2774 1603 2787 1638 :
2821 1585 2882 1639 in
2907 1601 3020 1656 quo
3041 1585 3282 1655 majores
3308 1585 3484 1641 nostri
3509 1587 3844 1640 maluerunt

2205 1693 2381 1748 usque
2418 1677 2490 1731 ad
2515 1677 2879 1732 vicesimama
2907 1695 3078 1749 quam
3103 1683 3232 1734 ante
3261 1679 3540 1734 decimam
3573 1685 3844 1752 quartam

473 1781 592 1837 dies
634 1779 853 1836 venerit
898 1795 1078 1850 usque
1113 1778 1185 1832 ad
1233 1775 1558 1832 vicesimam
1594 1774 1844 1845 primam
1880 1773 2097 1842 lunam,
2121 1773 2181 1844 Β
2203 1771 2408 1826 Pascha
2433 1771 2724 1826 celebrari.
2753 1771 2892 1835 Quia
2920 1771 3240 1843 relinquere
3278 1773 3540 1828 tenebras
3567 1779 3694 1845 post
3725 1780 3840 1828 ter-

471 1878 705 1946 propter
729 1871 1078 1928 Dominicam
1107 1870 1259 1925 diem
1286 1869 1495 1924 Pascha
1519 1867 1834 1923 differimus
1857 1881 2100 1937 semper,

471 1967 666 2023 utnec
695 1969 826 2022 ante
852 1982 907 2020 x1
934 1965 1052 2020 Kal.
1080 1966 1218 2036 Apr.
1251 1980 1353 2018 nec
1393 1966 1517 2033 post
1553 1978 1606 2016 x1
1649 1961 1768 2015 Kal.
1808 1959 1974 2014 Maias
2009 1975 2100 2013 ce-

471 2061 722 2116 lebretur
751 2075 766 2114 :
795 2059 871 2114 sic
889 2059 1187 2114 inventum
1207 2061 1309 2126 est,
1334 2059 1398 2110 ut
1421 2054 1629 2110 mensis
1655 2057 1712 2109 et
1738 2053 1859 2108 dies
1888 2056 1944 2107 et
1969 2053 2105 2107 luna

470 2153 532 2209 in
560 2152 932 2208 celebratione
959 2151 1184 2206 Paschae
1209 2149 1569 2204 retineretur.

513 2245 646 2302 ’Vll.
690 2247 1004 2306 Prudenter
1045 2245 1224 2317 igitur
1263 2241 1444 2314 magis
1486 2241 1557 2296 ad
1598 2241 1797 2295 lunam
1835 2243 1892 2294 et
1929 2239 2102 2308 diem,

473 2356 646 2414 quam
671 2340 744 2395 ad
768 2355 821 2394 x1
851 2339 966 2394 Kal.
991 2341 1124 2409 Apr.
1145 2337 1216 2392 ad
1246 2335 1722 2391 natalem‘mundi
1752 2333 2102 2405 redigemur.

473 2435 631 2489 Luna
668 2433 820 2489 enim
859 2431 1044 2504 prima
1085 2436 1230 2486 totas
1269 2429 1448 2508 noctis
1492 2427 1772 2484 illuminat
1820 2427 2101 2496 tenebras,

475 2531 530 2582 et
548 2525 838 2582 Dominica
864 2525 984 2580 dies
1007 2523 1342 2580 resurrectio
1369 2525 1454 2577 est
1480 2521 1704 2578 dierum
1735 2539 1748 2575 :
1781 2520 1852 2575 ad
1877 2519 2106 2574 initium

545 2684 570 2713 ⁸
597 2685 675 2738 Ex
702 2686 868 2736 antea
893 2681 1054 2736 dictis
1083 2679 1512 2744 rescribendum
1537 2679 1778 2748 videtur,
1809 2677 1884 2733 ad
1915 2679 2103 2732 vicesi-

473 2792 619 2856 rnam
638 2778 897 2848 primam.

2205 1881 2344 1936 gum
2381 1865 2582 1920 melius
2627 1869 2729 1933 est,
2758 1881 2930 1936 quam
2967 1865 3359 1920 antecedentes
3386 1883 3503 1922 non
3533 1868 3697 1938 posse
3739 1885 3841 1922 su-

2203 1974 2420 2030 perare.
2457 1959 2647 2030 Itaque
2688 1959 2792 2012 hac
2822 1975 3046 2012 summa
3082 1964 3139 2012 et
3173 1959 3275 2014 hac
3303 1960 3678 2029 conclusione,
3707 1977 3844 2032 quae

2199 2069 2232 2106 a
2258 2051 2566 2123 majoribus
2594 2051 2938 2108 constituum
2970 2056 3055 2106 est
3083 2050 3130 2121 δ,
3157 2053 3367 2107 Pascha
3392 2069 3576 2124 neque
3603 2057 3736 2109 ante
3779 2071 3841 2109 xl

2205 2145 2326 2200 Kal.
2372 2149 2508 2216 Apr.
2547 2161 2652 2199 nec
2695 2150 2820 2216 post
2859 2159 2913 2198 x1
2960 2145 3080 2200 Kal.
3120 2146 3286 2201 Maias
3328 2164 3489 2218 posse
3541 2147 3840 2203 celebrari.

2203 2239 2375 2310 Cujus
2414 2238 2626 2310 pinacis
2665 2239 3042 2293 constituendi
3078 2255 3206 2310 quae
3231 2240 3416 2294 fuerit
3438 2241 3599 2306 ratio,
3627 2240 3686 2294 in
3724 2258 3844 2311 quo

2203 2331 2558 2386 mediocritas
2578 2331 2782 2402 potuit,
2807 2333 3088 2388 ediximus
3116 2351 3129 2388 :
3161 2350 3262 2404 per
3281 2333 3518 2404 gratiam
3539 2333 3848 2389 Salvatoris

2203 2425 2381 2480 nostri
2407 2426 2538 2480 Jesu
2563 2425 2790 2496 Christi,
2821 2426 2912 2480 cui
2939 2432 3022 2482 est
3053 2427 3235 2481 honor
3263 2432 3318 2482 et
3347 2426 3523 2497 gloria
3557 2427 3615 2480 iu
3650 2443 3837 2482 sarcu-

2205 2518 2293 2588 lis,
2317 2522 2373 2574 et
2396 2518 2457 2572 in
2487 2518 2694 2572 saecula
2721 2519 3077 2574 saeculorum.
3100 2523 3300 2576 Amen.

2275 2675 2303 2716 1‘
2331 2678 2440 2730 Aut
2464 2675 2772 2732 delendum
2799 2675 3098 2730 relativum
3121 2671 3260 2746 quas,
3290 2680 3387 2731 aut
3415 2676 3846 2734 rescribendum

2205 2772 2493 2825 constituta
2519 2773 2614 2825 est.
2646 2769 2803 2834 Quod
2829 2771 3017 2824 tamen
3045 2769 3324 2841 posterius
3352 2769 3541 2824 minus
3560 2770 3764 2842 placet.

691 3118 790 3201 B.
883 3117 1356 3202 MARTINI
1456 3113 2068 3199 DUMIENSIS
2164 3110 2677 3196 EPISCOPI
2765 3110 3072 3194 VARII
3158 3111 3623 3196 VERSUS.

1035 3291 1130 3342 IN
1167 3290 1584 3342 BASILIGA.

511 3377 515 3380 ’
553 3377 555 3379 ’
621 3387 750 3441 Post
773 3380 1160 3458 evangelicum
1191 3385 1396 3440 bisseni
1423 3385 1630 3456 dogma
1657 3387 1903 3451 senatus,

547 3481 708 3544 Quod
733 3496 975 3553 regnum
1003 3480 1206 3536 Christi
1235 3484 1352 3535 toto
1371 3479 1494 3550 jam
1521 3480 1783 3550 personat
1807 3477 1962 3544 orbe,

528 3563 791 3646 Postque
815 3590 1038 3630 sacrum
1065 3573 1222 3628 Pauli
1251 3573 1461 3644 stylum
1489 3588 1601 3644 quo
1627 3571 1784 3626 curia
1812 3569 2012 3625 mundi

551 3667 705 3722 Victa
729 3684 858 3722 suos
883 3667 1112 3721 tandem
1135 3666 1355 3736 stupuit
1378 3665 1596 3720 siluisse
1621 3665 1920 3736 sophistas.

550 3763 804 3830 Arctous,
835 3759 1085 3825 Martine,
1113 3758 1217 3820 tibi
1243 3759 1305 3812 in
1331 3762 1582 3812 extrema
1611 3774 1861 3812 recessus

552 3853 842 3922 Panditur,
864 3852 1036 3922 inque
1061 3851 1150 3906 via
1174 3850 1307 3905 ﬁdei
1333 3855 1488 3922 patet
1509 3851 1656 3904 invia
1680 3851 1864 3905 tellus.

555 3947 836 4000 Virtutum
861 3944 1057 4016 signis,
1087 3943 1425 3999 meritorum
1451 3949 1507 3998 et
1532 3944 1697 3998 laude
1726 3947 1972 4010 tuorum,

551 4036 768 4095 Excitat
795 4037 1058 4093 affectum
1085 4037 1292 4092 Christi
1315 4037 1610 4092 Germania
1635 4037 1872 4109 frigens,

551 4133 774 4204 Flagrat
789 4135 846 4186 et
867 4147 1098 4186 accenso
1125 4131 1301 4185 divini
1326 4130 1568 4202 Spiritus
1594 4131 1747 4202 igne,

551 4226 723 4284 Solvit
745 4226 815 4281 ab
841 4223 1061 4280 infenso
1080 4223 1298 4279 strictas
1323 4223 1598 4294 Aquilone
1623 4224 1878 4294 pruinas.

552 4323 850 4390 lmmanes,
880 4319 1173 4390 variasque
1200 4317 1295 4389 pio
1319 4318 1423 4372 sub
1449 4317 1660 4372 {uadere
1685 4317 1890 4372 Christi

550 4414 783 4469 Asciscis
811 4417 1026 4486 gentes.
1049 4413 1414 4478 Alamannus,
1444 4413 1606 4482 Saxo,
1636 4410 1934 4482 Toringus,

551 4507 890 4572 Pannonius,
920 4508 1138 4578 Rugus,
1163 4507 1408 4574 Sclavus,
1430 4507 1593 4574 Nara,
1615 4505 1886 4574 Sarmata,
1918 4506 2102 4574 Datus,

548 4600 937 4672 Ostrogothus,
960 4599 1222 4668 Francus,
1257 4599 1606 4670 Burgundio,
1639 4599 1832 4669 Dacus,
1874 4599 2103 4667 Alanus,

547 4695 622 4749 Te
653 4693 794 4747 duce
820 4707 982 4746 nosse
1009 4693 1188 4745 Deum
1219 4693 1486 4762 gaudent.
1515 4695 1626 4746 Tua
1655 4692 1816 4762 signa
1843 4692 2056 4748 Suevus
2125 4677 2184 4748 D

546 4786 844 4843 Admirans
873 4783 1068 4838 didicit
1092 4783 1224 4837 ﬁdei
1251 4800 1364 4854 quo
1393 4784 1618 4838 tramite
1643 4787 1862 4854 pergat,

546 4881 899 4950 Devotusque
925 4877 1036 4932 tuis
1061 4875 1280 4931 meritis
1310 4876 1432 4930 haec
1460 4875 1601 4930 atria
1625 4877 1776 4930 claro

547 4973 806 5030 Culmina
833 4971 1152 5036 sustollens,
1182 4969 1387 5024 Christi
1417 4968 1732 5023 venerabile
1755 4969 2032 5040 templum

547 5063 866 5130 Constituit,
895 5082 1008 5136 quo
1032 5065 1180 5118 clara
1205 5062 1420 5134 vigens,
1451 5061 1684 5116 Martine
1715 5066 1944 5116 tuorum

548 5159 734 5214 Gratia
758 5157 1052 5230 signorum
1079 5155 1218 5210 votis
1247 5161 1298 5210 te
1323 5154 1514 5210 adesse
1542 5159 1820 5226 precatur.

2131 3303 2185 3375 ρ
2281 3288 2556 3354 Electum,
2583 3287 2996 3358 propriumque
3021 3290 3177 3342 tenet
3199 3291 3256 3342 te
3281 3287 3451 3342 Gallia
3479 3288 3730 3360 gaudens

2278 3383 2584 3454 Pastorem,
2611 3385 2798 3435 teneat
2825 3381 3080 3435 Callaecia
3103 3385 3218 3435 tota
3241 3385 3568 3452 patronum.

2459 3507 2844 3558 EIUSDEM
2893 3508 2988 3558 IN
3046 3509 3586 3562 REPECTORIO.

2281 3614 2398 3667 Non
2427 3613 2519 3668 hic
2543 3614 2752 3669 auratis
2773 3616 3047 3668 ornantur
3072 3613 3304 3686 prandia
3327 3614 3517 3669 fulcris
3547 3633 3559 3668 :

2333 3707 2609 3779 Assyrius
2635 3723 2835 3762 murex
2860 3723 2962 3760 nec
2993 3706 3093 3760 tibi
3119 3707 3302 3779 sigma
3327 3709 3498 3764 dedit.

2281 3803 2389 3856 Nec
2415 3819 2518 3873 per
2545 3801 2888 3872 multiplices
2911 3799 3082 3854 abaco
3102 3801 3429 3871 splendente
3461 3819 3745 3874 cavernas,
3795 3783 3808 3792 ’

2351 3896 2639 3948 Ponentur
2667 3893 2860 3948 nitidae
2887 3892 3089 3970 codicis
3119 3898 3236 3948 arte
3267 3894 3456 3966 dapes.

2282 3989 2388 4042 Nec
2415 3987 2656 4059 scyphus
2683 3986 2774 4040 hic
2802 3986 3028 4040 dabitur
3051 3987 3224 4041 rutilo
3253 3987 3344 4042 cui
3370 3989 3513 4045 forte
3542 3992 3769 4047 metallo

2351 4082 2672 4135 Crustatum
2698 4079 2938 4151 stringat
2961 4079 3162 4135 tortilis
3186 4097 3319 4135 ansa
3348 4083 3512 4137 latus.

2279 4173 2415 4227 Vina
2439 4173 2580 4227 mihi
2611 4189 2722 4227 non
2754 4177 2885 4227 sunt
2911 4173 3178 4243 Gazetica,
3207 4175 3363 4246 Chia,
3395 4176 3644 4244 Falerna,

2346 4268 2594 4338 Quaeque
2625 4267 2932 4338 Sarapteno
2960 4267 3194 4338 palmite
3222 4267 3392 4323 missa
3418 4269 3598 4325 bibas.

2279 4360 2384 4415 Sed
2413 4359 2690 4432 quidquid
2723 4360 2906 4414 tenuis
2931 4375 3045 4414 non
3072 4361 3316 4432 complet
3345 4363 3500 4434 copia
3528 4381 3765 4434 mensae,

2347 4454 2614 4526 Suppleat
2641 4453 2746 4507 hoc
2771 4452 3015 4524 petimus
3045 4454 3224 4526 gratia
3246 4456 3413 4527 plena
3439 4457 3563 4512 tibi.

2517 4585 3055 4638 EPI'I'APHIUM
3107 4588 3512 4640 EJUSDEH.

2279 4689 2582 4747 Pannoniis
2609 4690 2854 4762 genitus,
2889 4692 3292 4747 transcendens
3319 4709 3531 4764 equora
3558 4699 3730 4764 vasta,

2280 4783 2522 4837 Gallicini
2549 4783 2608 4836 in
2637 4783 2919 4854 gremium
2951 4785 3156 4839 divinis
3184 4786 3417 4841 nutibus
3444 4792 3620 4856 actus,

2278 4876 2589 4942 Confessor,
2618 4876 2870 4944 Martine,
2901 4882 3000 4932 tua
3018 4878 3122 4932 hac
3151 4878 3366 4934 dicatus
3389 4879 3414 4910 ⁸
3441 4879 3500 4934 in
3529 4881 3658 4936 aula

2277 4969 2536 5038 Antistes,
2567 4969 2785 5024 cultum
2817 4970 3060 5026 instituit
3083 4971 3372 5045 ritumque
3403 4989 3688 5030 sacrorum
3711 4993 3726 5044 ;

2273 5064 2480 5134 Teque,
2510 5068 2764 5134 patrone,
2794 5080 3034 5134 sequens
3059 5065 3312 5121 famulus
3338 5067 3604 5123 Martinus
3631 5069 3854 5129 eodem

2273 5156 2528 5224 Nomine,
2565 5173 2678 5211 non
2708 5157 2932 5227 merito,
2961 5157 3052 5212 hic
3090 5160 3149 5214 in
3175 5159 3380 5216 Christi
3415 5177 3550 5232 pace
3585 5162 3851 5234 quiesco.

547 5310 557 5334 ί
592 5309 680 5364 Sic
714 5307 1066 5362 Bollandiani
1098 5309 1217 5361 Act.
1254 5308 1430 5360 sanet.
1465 5305 1686 5360 Martini
1719 5309 1856 5360 tom.
1891 5307 1978 5373 lli,
2009 5322 2139 5376 pag.
2175 5310 2261 5372 89,
2295 5325 2450 5362 num.
2491 5311 2570 5362 l3.
2599 5308 2706 5374 AL,
2735 5308 2969 5364 dicatur.
