4044 6196
226 372 3550 427 W

1517 560 1682 609 ANNO
1728 560 1946 608 DOMINI
1974 541 2234 609 anxvi.

529 751 1651 960 SANCTUS
1835 752 3228 986 GERMANUS

1099 1095 1858 1202 PARISIENSIS
1938 1096 2652 1203 EPISCOPUS.

1649 1483 2096 1558 NOTITIA

1521 1618 1628 1690 (Εω
1663 1617 1844 1685 Gallia
1883 1619 2232 1692 christiana).

1661 1752 2082 1764 —_—

272 1839 324 1894 In
349 1855 502 1912 pago
530 1838 817 1910 Eduensi,
836 1838 956 1896 vico
979 1837 1200 1909 Lausia,
1225 1839 1550 1896 Eleutherio
1576 1842 1633 1895 et
1659 1840 1827 1896 Euse-
1845 1851 1904 1924 Α
1926 1842 2058 1897 Dec.
2079 1845 2210 1911 558;
2235 1859 2348 1915 qua
2370 1841 2462 1898 die
2485 1843 2786 1898 defunctus
2806 1840 3202 1898 Childebertus
3229 1837 3400 1912 paulo
3428 1839 3559 1911 post

214 1931 287 1988 hia
309 1933 639 2006 parentibus
667 1937 834 1988 natus
860 1933 1189 2001 Germanus,
1217 1933 1506 2000 diaconus,
1546 1933 1823 1988 triennio-

215 2042 304 2097 que
332 2030 460 2098 post
491 2026 791 2098 presbyter
818 2045 851 2082 a
879 2029 1070 2082 sancto
1110 2026 1426 2098 Agrippino
1460 2026 1824 2097 Augustodu-

214 2120 350 2174 nensi
377 2120 648 2192 episcopo
677 2119 992 2189 ordinatus,
1013 2120 1296 2192 abbasque
1325 2119 1516 2175 Sancti
1546 2119 1825 2190 Sympho-

215 2213 336 2267 riani
357 2230 389 2267 a
407 2213 668 2268 Nectario
696 2213 1013 2284 praefectus,
1043 2230 1174 2268 cum
1213 2230 1278 2268 eo
1323 2213 1559 2268 concilio
1589 2229 1620 2265 v
1645 2216 1826 2267 Aure-

213 2303 444 2372 lianensi,
473 2322 627 2360 anno
655 2306 782 2372 549,
825 2305 1102 2361 interfuit.
1145 2307 1288 2361 Cum
1317 2311 1510 2360 autem
1538 2305 1830 2360 sanctitate

214 2399 339 2467 vita,
365 2399 621 2454 moribus
644 2404 698 2454 et
713 2399 1119 2454 miraculorum
1145 2399 1352 2454 virtute
1379 2399 1634 2468 clareret,
1664 2415 1826 2454 voca-

215 2494 296 2546 tur
314 2493 378 2548 ad
397 2493 658 2564 regimen
681 2491 1012 2548 Parisiensis
1039 2493 1316 2560 Ecclesiae,
1336 2496 1562 2548 mortuo
1591 2492 1828 2548 Eusebio

215 2600 298 2639 an.
323 2589 416 2641 535
443 2586 586 2655 (Act.
615 2591 788 2640 sanet.
816 2585 1040 2648 Bencd.,
1072 2590 1111 2640 t.
1141 2588 1188 2648 Ι,
1215 2603 1278 2656 p.
1304 2585 1428 2656 234)
1467 2589 1533 2640 ut
1561 2585 1720 2640 testis
1745 2590 1832 2640 est

215 2677 528 2733 Fortunatus
553 2683 769 2748 auctor,
789 2694 1023 2733 suorum
1042 2683 1366 2750 temporum
1391 2678 1686 2750 episcopus
1706 2678 1826 2732 Pic-

214 2771 452 2826 taviensis
475 2772 577 2845 qui
605 2789 694 2827 res
718 2772 787 2826 ab
813 2788 879 2826 eo
907 2773 1172 2844 praaclare
1215 2777 1399 2844 gestas
1433 2771 1576 2826 libro
1613 2771 1682 2826 de
1719 2771 1844 2824 vita.

217 2865 321 2934 ejus
363 2867 571 2937 scripto
622 2865 872 2935 tradidit,
927 2865 1319 2937 consentitquc
1371 2865 1718 2919 Gisscmarus
1770 2863 1830 2918 in

217 2958 317 3012 \‘ita
335 2960 511 3013 sancti
539 2958 880 3013 Droctrovei.

271 3051 414 3107 Nihil
469 3069 650 3106 novus
700 3052 994 3124 dignitatis
1036 3052 1225 3124 gradis
1263 3050 1502 3106 mutavit
1539 3050 1599 3104 in
1653 3049 1828 3118 cultu,

213 3145 364 3212 victu,
421 3145 636 3217 vigiliis
670 3149 725 3200 et
769 3145 1068 3216 asperitate
1111 3144 1460 3216 poenitentiae
1495 3142 1831 3199 sanctissimi

1927 1935 2066 1990 inibi
2099 1937 2388 2008 sepelitur.
2414 1937 2716 1992 Successor
2747 1935 2868 2006 ejus
2897 1933 3176 1990 Clotarius
3206 1933 3556 1988 Francorum

1927 2045 2202 2084 coronam
2221 2029 2480 2101 adeptus,
2503 2029 2748 2084 Parisios
2763 2027 2936 2094 venit,
2956 2025 3052 2082 ubi
3069 2027 3142 2081 ob
3159 2027 3555 2096 contemptum

1927 2122 2159 2176 beatum
2182 2123 2533 2176 Germanum
2557 2122 2612 2176 in
2637 2127 2872 2194 gravem
2893 2119 3159 2175 morbum
3182 2117 3458 2184 incidens,
3483 2118 3554 2171 ab

1930 2214 2134 2268 eodem
2154 2218 2350 2270 sancto
2369 2218 2623 2282 sanatur,
2644 2215 2927 2269 scribente
2947 2213 3258 2266 fortunato.
3273 2210 3556 2266 Eumdem

1930 2307 2178 2378 acceptis
2197 2307 2412 2378 reginae
2436 2305 2805 2378 Radegundis
2825 2303 3336 2360 sacramentalibus
3355 2303 3557 2358 litteris

1930 2415 1964 2453 a
1986 2400 2280 2471 proposito
2311 2401 2498 2456 uxoris
2530 2399 2874 2471 recipiendas
2907 2397 3162 2452 deterret
3180 2399 3408 2451 sanctus
3428 2396 3558 2451 Ger-

1928 2509 2136 2547 manus
2157 2510 2292 2547 ann.
2319 2496 2450 2560 559;
2470 2496 2592 2548 tum
2611 2493 2868 2546 Pictavos
2887 2490 3178 2562 profectus
3199 2493 3262 2544 ut
3280 2489 3351 2544 ab
3370 2505 3438 2543 ea
3451 2504 3556 2560 pro

1930 2603 2066 2656 rege
2084 2585 2312 2640 veniam
2331 2585 2758 2657 deprecaretur,
2777 2586 3061 2656 Agnetem
3074 2599 3268 2637 coram
3282 2581 3405 2636 aliis
3418 2580 3560 2652 epis-

1930 2678 2086 2749 copis
2114 2679 2174 2732 in
2206 2677 2556 2733 monasterio
2588 2680 2797 2731 sanctae
2819 2675 3190 2747 Radegundis
3211 2673 3556 2728 abbatissam

1930 2771 2302 2838 consecravit,
2332 2769 2487 2842 quod
2528 2769 2584 2824 in
2627 2769 2868 2840 epistola
2909 2768 2981 2822 ad
3009 2767 3306 2838 episcopos
3335 2765 3556 2820 concilii

1929 2863 2274 2918 Turonensis
2321 2864 2443 2934 ipsa
2486 2865 2775 2917 memorat
2822 2860 3212 2932 Radegundis.
3265 2858 3559 2914 Ordinavit

1932 2974 2085 3012 anno
2113 2957 2338 3010 circiter
2365 2959 2468 3010 560
2493 2953 2798 3026 Syagrium
2821 2953 3171 3008 Alduensem
3203 2951 3554 3024 episcopum.

1931 3053 2086 3104 Inter
2115 3050 2226 3104 alia
2255 3049 2572 3121 privilegia,
2605 3047 3032 3102 immunitatem
3061 3047 3132 3101 ab
3163 3045 3430 3117 episcopo
3449 3046 3556 3100 Pa-

1930 3143 2154 3197 risiensi
2181 3146 2239 3196 et
2261 3142 2458 3213 quovis
2481 3141 2593 3196 alio
2621 3139 2920 3196 monachis
2941 3139 3134 3194 Sancti
3153 3137 3434 3193 Vincentii
3454 3139 3560 3192 lar-

211 3237 322 3292 viri.
347 3238 610 3294 Interfuit
633 3255 782 3293 anno
808 3241 909 3294 557
939 3238 1238 3294 Parisiensi
1264 3255 1322 3293 IlI
1350 3237 1612 3304 concilio,
1641 3237 1830 3292 habito
1850 3217 1908 3290 Β
1933 3237 2084 3308 gitus
2104 3238 2162 3290 et
2185 3253 2260 3290 xu
2284 3237 2406 3290 Kal.
2433 3234 2788 3306 Septembris
2810 3251 2964 3288 anno
2988 3236 3018 3288 5
3040 3231 3359 3288 Chariberti
3383 3229 3556 3302 regis,

210 3331 270 3385 ad
290 3332 644 3388 resarcienda
669 3332 874 3387 damna
901 3332 1091 3388 omnia
1117 3332 1372 3387 Ecclesiae
1406 3349 1475 3386 ex
1499 3330 1663 3386 bellis
1691 3329 1829 3385 civi-

211 3423 340 3478 libus
379 3425 558 3481 illata.
627 3425 814 3480 Astitit
867 3441 1018 3480 anno
1071 3429 1174 3481 558
1241 3423 1597 3480 translationi
1654 3423 1830 3478 sancti

210 3518 378 3574 L'rsini
419 3519 780 3574 Bituricensis
825 3519 1094 3590 episcOpi,
1138 3519 1282 3573 sicut
1320 3522 1378 3572 et
1413 3517 1600 3574 Sancti
1645 3515 1832 3572 Albini

213 3611 635 3684 Andegavensis,
657 3612 819 3683 cujus
838 3617 1065 3683 tempus
1091 3629 1206 3666 non
1225 3612 1546 3666 adnotatur.
1575 3611 1752 3680 Hujus
1771 3609 1831 3663 in

210 3703 469 3760 honorem
497 3705 790 3760 ecclesiam
816 3705 1104 3759 voluntate
1131 3710 1187 3760 et
1209 3705 1452 3776 imperio
1489 3701 1833 3757 Childeberti

213 3796 346 3867 regis
369 3803 503 3852 ante
529 3801 750 3870 portam
779 3798 1200 3870 Andegavensis
1225 3797 1380 3852 urbis
1405 3797 1669 3852 fundasse
1705 3811 1828 3850 me-

210 3895 448 3944 moratur
473 3891 536 3944 in
562 3891 757 3945 charta
786 3890 1016 3962 Nesingi
1043 3891 1308 3962 episcOpi,
1341 3891 1399 3944 in
1437 3889 1584 3944 notis
1627 3887 1831 3943 Baluzii

208 3981 270 4035 ad
307 3983 598 4038 Servatum
639 3985 879 4054 Lupum,
919 4001 1052 4054 pag.
1100 3987 1222 4039 378.
1281 3985 1564 4048 Quantum
1608 3982 1712 4036 sub
1767 3998 1831 4035 eo

205 4075 432 4142 praesule
454 4075 850 4130 Childebertus
877 4091 976 4130 rex
1007 4075 1212 4148 pietate
1253 4075 1540 4141 enituerit,
1587 4074 1833 4130 ostendit

206 4167 498 4238 imprimis,
529 4169 682 4240 quod
709 4169 964 4224 Ecclesia:
989 4169 1308 4235 Parisiensi,
1340 4167 1576 4223 sanitate
1605 4171 1832 4238 recepta

202 4259 454 4329 precibus
502 4262 684 4316 sancti
725 4262 1013 4332 Przesulis,
1051 4261 1246 4332 cellas,
1289 4261 1505 4333 regiam
1545 4261 1730 4315 villam
1770 4259 1832 4314 in

199 4369 298 4421 qua
313 4355 696 4422 convaluerat,
725 4355 1038 4426 cellamque
1057 4355 1114 4409 in
1138 4355 1419 4425 provincia
1445 4370 1575 4408 cum
1604 4353 1834 4408 basilica

197 4446 380 4501 Sancti
429 4448 673 4502 Romani
715 4449 1008 4503 donaverit
1049 4465 1198 4502 anno
1241 4447 1403 4518 regni
1429 4448 1515 4514 47,
1545 4447 1604 4500 in
1640 4461 1833 4500 mense

195 4538 459 4594 Januario
510 4541 672 4609 (Hist.
717 4542 918 4596 Eccles.
956 4542 1158 4603 Paria,
1199 4545 1237 4594 ε.
1289 4542 1336 4602 I,
1372 4555 1506 4609 pag.
1559 4539 1668 4610 82).
1722 4537 1830 4592 Sed

195 4633 512 4701 praesertim
541 4636 739 4688 notatu
767 4633 940 4706 digna
967 4633 1118 4705 regis
1145 4633 1318 4704 hujus
1345 4632 1519 4688 effusa
1539 4632 1599 4686 in
1621 4647 1832 4703 paupe-

198 4740 280 4777 res
303 4725 632 4796 liberalitas,
660 4727 739 4780 ita
766 4732 830 4782 ut
854 4743 1086 4782 auream
1125 4731 1182 4780 et
1219 4731 1546 4797 argenteam
1583 4725 1828 4796 supelle-

194 4817 386 4873 ctilem
413 4819 482 4874 ad
511 4836 606 4874 eos
631 4819 965 4875 nutriendos
993 4824 1048 4874 et
1067 4819 1335 4874 fovendos
1360 4818 1744 4890 confringeret
1768 4834 1830 4870 ac

194 4911 487 4982 conﬂaret,
515 4913 745 4968 consilio
789 4919 845 4967 et
888 4912 1157 4983 exemplis
1199 4912 1462 4967 Germani
1493 4915 1827 4982 permotus:

193 5005 344 5060 unde
387 5005 533 5060 forte
568 5012 700 5062 nata
735 5006 926 5078 opinio
975 5011 1231 5060 sanetum
1273 5007 1620 5061 Germanum
1661 5005 1832 5059 fuisse

192 5099 310 5170 regi
337 5099 415 5152 ab
441 5099 812 5170 eleemosynis
841 5099 1113 5170 primum,
1135 5105 1212 5168 et,
1241 5104 1305 5154 ut
1330 5098 1498 5153 modo
1522 5097 1830 5170 loquimur,

195 5208 474 5263 magnum
503 5193 1032 5264 eleemosynarium.
1052 5195 1490 5264 Caesaraugusta:
1513 5191 1672 5246 urbis
1697 5207 1836 5262 Opu-

191 5285 522 5340 lentissimae
537 5287 597 5340 in
618 5286 882 5358 Hispania
900 5287 972 5342 ad
994 5287 1140 5358 ripas
1158 5287 1299 5342 lberi
1320 5285 1610 5340 obsidione
1629 5285 1829 5354 soluta,

192 5384 242 5432 et
274 5379 418 5434 inde
461 5379 630 5434 allata
657 5379 951 5459 .Vincentii
1001 5379 1224 5434 diaconi
1269 5383 1324 5435 et
1365 5378 1628 5450 martyris
1672 5378 1830 5446 stola,

193 5486 462 5526 reversus
518 5471 805 5526 Lutetiam
863 5472 1260 5528 Childebertus
1323 5471 1608 5526 wdiﬁcare
1665 5470 1836 5541 coepit

195 5565 387 5628 ,ἶδὶίιυ
405 5582 461 5636 p.
482 5565 570 5634 87)
590 5565 772 5619 sancti
793 5564 1065 5620 Germani
1087 5563 1368 5635 pontiﬁcis
1385 5565 1638 5630 hortatu,
1653 5564 1834 5618 sancti

195 5658 484 5713 V’incentii
499 5655 757 5725 nomine,
778 5657 1054 5712 illustrem
1075 5657 1388 5723 basilicam,
1407 5657 1466 5710 in
1487 5673 1600 5728 qua
1623 5656 1833 5711 dictam

197 5753 409 5805 stolam
443 5749 728 5820 deposuit.
763 5751 915 5805 Hanc
954 5753 1147 5804 autem
1174 5751 1495 5804 absolutam
1523 5748 1748 5816 dicavit,
1779 5752 1836 5802 et

199 5844 464 5912 pluribus
509 5843 916 5899 donationibus
960 5843 1112 5898 auxit
1155 5844 1382 5899 sanctus
1423 5843 1740 5898 Germanus
1769 5845 1834 5897 23

1851 4586 1906 4658 C

1930 3329 2136 3386 Christi
2181 3333 2282 3384 565
2324 3329 2510 3401 (Ibid.,
2553 3345 2608 3400 p.
2652 3327 2762 3397 89).
2797 3327 2990 3380 Astitit
3029 3343 3123 3380 an.
3171 3328 3273 3380 566
3316 3340 3386 3379 xv
3431 3323 3554 3378 Kal.

1930 3424 2197 3478 Decemb.
2222 3422 2462 3478 concilio
2483 3420 2797 3476 Turonensi
2828 3437 2886 3487 ιι,
2912 3418 3006 3473 ubi
3029 3419 3323 3472 decretum
3347 3416 3560 3488 episco-

1931 3533 2136 3586 porum
2168 3515 2238 3570 de
2267 3518 2529 3586 suscepta
2557 3514 2742 3568 beatae
2772 3511 3144 3582 Radegundis
3165 3510 3408 3581 epistola
3427 3527 3560 3566 con-

1931 3608 2204 3680 scriptum
2231 3611 2318 3662 est
2342 3609 2518 3678 (Cone.
2552 3607 2728 3660 Κανά.
2757 3611 2882 3660 tom.
2908 3606 3013 3666 III,
3043 3604 3150 3657 col.
3181 3603 3324 3674 367).
3352 3603 3560 3658 Conse-

1931 3701 2108 3757 cravit
2127 3718 2280 3756 anno
2307 3705 2408 3756 568
2431 3699 2671 3754 Felicem
2695 3699 3011 3770 Biturigum
3029 3697 3378 3768 episcopum.
3399 3695 3560 3752 Circa

1931 3795 2086 3850 idem
2131 3799 2374 3866 tempus,
2418 3796 2505 3848 est
2543 3793 2912 3863 Charibertus
2951 3807 3050 3845 rex
3091 3789 3292 3844 incesti
3319 3789 3558 3844 crimine

1931 3889 2325 3954 insimulatus;
2353 3886 2563 3959 quippe
2591 3885 2686 3957 qui
2709 3881 3288 3956 repudiatalegitima
3313 3881 3558 3953 conjuge

1933 3983 2259 4054 lngoberta,
2292 3979 2660 4036 Meroﬂedem
2693 3995 2758 4032 ac
2797 3980 2997 4049 postea
3032 3975 3410 4030 Marcofevam
3437 3975 3560 4046 ejus

1932 4092 2188 4131 sororem
2211 4073 2480 4145 religiosa
2500 4074 2653 4126 veste
2677 4071 2960 4137 indutam,
2979 4068 3248 4140 conjugio
3267 4069 3370 4123 sibi
3393 4061 3561 4139 copu-

1932 4171 2166 4224 laverat.
2199 4168 2342 4223 Cum
2373 4167 2551 4220 nollet
2581 4176 2710 4218 eam
2745 4163 3055 4230 dimittere,
3085 4161 3156 4216 ab
3185 4162 3392 4216 eodem
3420 4161 3558 4216 Ger-

1932 4279 2107 4317 mano
2129 4260 2301 4316 sacris
2323 4258 2660 4314 interdictus
2677 4259 2764 4311 est
2781 4273 2794 4311 :
2815 4255 2970 4327 quod
2990 4255 3237 4309 recitant
3255 4253 3559 4323 Gregorius

1934 4355 2030 4409 lib.
2057 4372 2130 4421 iv,
2150 4371 2274 4424 cap.
2298 4357 2386 4420 26,
2411 4354 2468 4406 et
2487 4353 2656 4407 Gesta
2675 4352 2932 4404 veterum
2955 4349 3302 4402 Francorum
3325 4362 3448 4415 cap.
3469 4347 3556 4410 30,

1934 4447 2028 4502 ubi
2062 4451 2118 4502 et
2145 4448 2355 4517 legitur
2380 4461 2413 4500 a
2440 4461 2578 4516 rege
2605 4441 2942 4498 Chariberto
2964 4439 3346 4494 Encolismam
3373 4437 3560 4492 civita-

1933 4543 2054 4595 tem
2099 4539 2338 4593 missum
2383 4538 2733 4592 Germanum
2767 4549 2899 4586 cum
2933 4530 3208 4603 Gregorio
3245 4530 3558 4586 Turonensi

1933 4648 2296 4688 consecrasse
2335 4628 2628 4682 basilicam
2673 4625 2856 4680 sancti
2894 4623 3158 4696 Eparchii
3195 4623 3383 4695 (Labb.
3421 4624 3556 4678 Nov.

1933 4725 2196 4779 Biblioth.
2227 4729 2264 4778 t.
2293 4725 2339 4784 Ι,
2365 4739 2423 4792 p.
2457 4721 2596 4791 152),
2633 4719 2729 4791 qui
2773 4719 2916 4773 inibi
2944 4734 3128 4789 nuper
3155 4717 3407 4788 sepultus
3435 4716 3557 4770 fue-

1931 4822 2040 4873 rat.
2063 4821 2135 4872 At
2165 4832 2422 4871 errorem
2450 4814 2506 4868 in
2535 4812 2866 4868 nominibus
2893 4810 3336 4883 deprehendunt
3359 4809 3562 4864 doctis-

1934 4911 2062 4964 simi
2091 4907 2451 4965 Bollandista:
2479 4924 2544 4960 ex
2575 4904 2850 4976 temporis
2879 4903 3101 4958 ratione
3127 4919 3139 4956 :
3172 4919 3307 4956 nam
3333 4903 3561 4956 sanctus

1933 5007 2252 5058 Germanus
2286 5018 2448 5072 teque
2497 5017 2560 5054 ac
2599 4999 2968 5054 Cliaribertus
2998 5013 3096 5050 rex
3127 4997 3259 5050 ante
3299 4997 3561 5049 sanctum

1934 5096 2276 5168 Eparchium
2309 5112 2340 5150 e
2367 5093 2504 5148 vivis
2531 5107 2841 5158 excessere,
2867 5093 2928 5144 ut
2957 5091 3163 5145 notant
3191 5091 3348 5142 tomo
3371 5087 3560 5156 IJulii,

1934 5208 2066 5263 pag.
2089 5192 2204 5244 109.
2221 5188 2491 5242 Invitatus
2509 5203 2541 5241 a
2557 5185 2840 5241 Domnolo
2859 5181 3278 5238 Cenomanensi
3295 5181 3562 5252 episcopo

1935 5284 2008 5338 ad
2041 5277 2832 5357 dedicationcm~monasterii
2869 5275 3063 5332 Sancti
3094 5275 3375 5329 Vincentii
3402 5275 3565 5344 juxta

1936 5378 2138 5432 urbem
2168 5377 2633 5432 Cenomanorum
2673 5371 2863 5425 eidem
2891 5369 3068 5424 astitit
3094 5385 3246 5424 anno
3279 5371 3400 5435 571,
3437 5369 3560 5422 Kal.

1937 5469 2230 5535 Novemb.,
2252 5471 2314 5522 ut
2334 5468 2560 5521 constat
2579 5482 2646 5518 ex
2667 5463 2870 5518 litteris
2889 5463 3154 5518 Domnoli
3177 5461 3358 5534 pridie
3382 5478 3565 5516 nonas

1933 5563 2160 5618 Martias
2181 5561 2328 5616 datis
2348 5560 2406 5616 in
2427 5561 2576 5614 hanc
2594 5575 2741 5626 rem,
2766 5557 2971 5630 quibus
2987 5555 3566 5628 subscripsit‘Germa-

1936 5675 2062 5712 nus.
2091 5655 2357 5710 Interfuit
2389 5670 2543 5708 anno
2580 5655 2681 5708 573
2712 5651 2954 5708 concilio
2977 5649 3282 5706 Parisiensi
3307 5663 3360 5700 iv
3382 5645 3561 5716 (Cone.

1936 5751 2111 5805 Hard.
2142 5754 2267 5805 tom.
2290 5750 2394 5812 III,
2419 5747 2526 5803 col.
2551 5745 2696 5818 404),
2727 5746 2822 5801 ubi
2859 5744 3009 5799 inter
3037 5746 3245 5798 caetera
3275 5737 3567 5806 depositus

1939 5847 2024 5898 est
2044 5845 2364 5912 Promotus,
2381 5841 2476 5914 qui
2499 5838 2823 5911 episcOpalc
2845 5836 3094 5892 ofﬁcium
3117 5834 3175 5888 in
3195 5828 3418 5888 dioecesi
3438 5831 3572 5888 Car-
