4042 6184
421 256 484 316 55
1315 253 1607 315 SANCTUS
1641 255 2020 320 GERMANL'S,
2061 254 2467 310 PABISIENSIS
2503 253 2877 312 EPISCOPUS.
3703 254 3772 312 56

419 361 644 424 notensi
668 366 988 439 usurparat,
1003 362 1279 421 nimirum
1301 363 1358 419 in
1383 362 1850 430 Castrodunensi,
1871 365 1929 416 et
1947 361 2043 434 qui
2065 372 2124 446 Α
2145 359 2262 415 dati
2305 361 2538 415 fuerant
2575 363 2847 433 parentes
2881 359 3004 432 ejus
3032 359 3391 418 Eleutherius
3421 363 3480 418 et
3506 360 3788 430 Eusebia,-

419 460 492 516 ad
517 461 802 532 synodum
825 477 858 515 a
878 461 1164 516 Germano
1187 458 1454 513 invitatus
1473 457 1666 512 venire
1689 459 2044 528 contempse-

417 556 526 608 rat.
547 556 714 610 Anno
736 557 858 620 575,
880 551 1302 608 Brunichildem
1322 549 1584 622 reginam
1605 551 1894 604 luculenta
1915 549 2043 604 hor-

421 650 570 703 tatus
600 651 686 702 est
705 647 946 718 epistola
967 648 1028 698 ut
1055 643 1403 714 Sigibertum
1423 643 1730 714 conjugem
1753 659 1784 696 a
1806 643 2041 708 consilio

418 741 554 797 belli
589 741 744 812 quod
775 737 938 794 fratri
962 737 1248 791 inferebat
1279 753 1380 790 suo
1409 738 1706 790 revocaret
1727 737 1888 806 (Hist.
1919 737 2042 790 eccl.

416 837 620 897 Paris.,
643 839 681 887 t.
704 835 751 894 Ι,
773 849 831 902 p.
861 830 970 901 96).
995 831 1150 884 Hanc
1173 829 1350 883 habes
1370 829 1428 882 in
1452 828 1768 900 appendice
1791 829 2043 900 Operum

419 926 676 998 Gregorii
714 923 1058 979 Turonensis
1097 921 1417 977 novissime
1448 921 1734 990 editionis,
1763 923 1870 976 col.
1908 922 2042 977 1343

419 1020 570 1092 (Vid.
603 1020 758 1086 infra
783 1018 881 1071 col.
915 1015 1058 1085 900).
1095 1014 1354 1069 lnlinitus
1387 1031 1573 1069 essem
1605 1015 1648 1069 si
1676 1015 1855 1069 sancti
1893 1015 2042 1068 anti-

417 1111 561 1167 stitis
604 1110 840 1165 virtutes
877 1113 935 1163 et
967 1109 1244 1162 miracula
1282 1124 1584 1162 recensere
1625 1109 1850 1162 vellem.
1884 1109 2043 1162 Hunc

417 1205 697 1260 Robertus
717 1221 814 1258 rex
835 1203 893 1256 in
915 1201 1227 1272 diplomate
1249 1201 1596 1256 Parisiorum
1614 1202 1875 1272 clypeum
1894 1200 2044 1255 inex-

413 1279 786 1370 pugnabilem
809 1297 1120 1366 nuncupat.
1141 1295 1405 1349 Celebrat
1424 1295 1766 1348 Fortunatus
1787 1293 1908 1364 ejus
1926 1310 2045 1348 mo-

417 1407 545 1446 rum
575 1389 958 1455 sanctitatem,
988 1387 1240 1458 clerique
1270 1386 1604 1441 Parisiensis
1626 1387 1728 1439 sub
1755 1403 1823 1441 eo
1853 1387 2040 1457 ponti-

416 1483 521 1538 fice
533 1483 874 1554 religionem
893 1479 1326 1535 etecclesiastici
1343 1479 1500 1534 chori
1520 1482 1860 1534 concentum
1879 1497 1890 1534 :
1909 1497 2043 1534 nam

419 1579 685 1648 poemate
716 1578 799 1642 l9,
829 1575 924 1628 lib.
955 1591 1014 1641 ιι,
1045 1573 1167 1644 ejus
1199 1572 1522 1626 institutum
1563 1589 1764 1626 recens
1791 1572 1861 1626 de
1893 1574 2042 1644 psal-

417 1669 612 1725 modia
628 1667 1018 1734 commendat,
1038 1683 1213 1738 quam
1229 1683 1262 1720 a
1279 1667 1490 1737 pepulo
1509 1669 1567 1720 et
1581 1667 1733 1720 clero
1747 1665 2043 1735 parisiensi

2143 471 2247 525 pro
2265 470 2511 526 quorum
2529 454 2919 510 anniversario
2935 456 3116 510 multa
3133 455 3777 528 largitusfuerateidem

2144 547 2414 602 ecclesiae.
2442 547 2712 603 Germani
2741 549 3098 620 epitaphium
3126 566 3158 604 a
3183 549 3505 622 Chilperico
3531 566 3688 622 rege,
3712 550 3778 607 in

2144 641 2378 712 poeticis
2399 641 2602 695 litteris
2623 642 2865 709 exculto,
2885 643 3272 714 conscriptum
3295 646 3458 698 notat
3477 643 3778 698 Aimoinus

2143 733 2239 788 lib.
2265 751 2346 799 Ill,
2380 751 2505 805 cap.
2533 737 2626 800 l6;
2661 733 2817 806 quod
2856 738 3056 790 tamen
3094 735 3189 790 alii
3219 752 3254 790 a
3278 753 3417 807 rege
3444 735 3497 790 ei
3523 736 3779 808 positum

2144 830 2388 892 tantum,
2422 827 2614 882 abillo
2649 843 2784 882 vero
2823 827 2920 899 qui
2950 828 3089 883 Vita:
3125 829 3307 884 sancti
3342 829 3614 884 Germani
3645 832 3781 884 acta

2143 919 2482 990 composuit,
2522 919 2794 991 scriptum
2835 937 2956 974 esse
3002 921 3380 976 contendunt.
3417 921 3780 977 Mabillonius

2145 1011 2218 1066 ad
2250 1029 2466 1066 annum
2491 1016 2612 1080 576,
2637 1031 2694 1066 n.
2719 1016 2806 1079 68,
2832 1030 2865 1067 a
2887 1013 3208 1085 Chilperico
3229 1031 3368 1086 rege
3389 1015 3778 1087 compositum

2145 1103 2378 1176 quidem
2410 1104 2765 1176 epitaphium
2795 1106 3046 1177 conjicit,
3071 1108 3173 1162 sed
3203 1109 3274 1162 ab
3304 1107 3570 1162 Aimoino
3598 1123 3777 1179 expo-

2145 1197 2328 1252 litum.
2358 1198 2448 1253 Sic
2479 1202 2675 1253 autem
2704 1199 2880 1253 habet
2909 1216 2922 1254 :

2147 1292 2394 1346 Ecclesia;
2418 1293 2713 1362 speculum,
2737 1295 2938 1362 patriae
2961 1295 3134 1360 vigor,
3164 1309 3264 1347 ara
3291 1309 3525 1356 reorum,

2216 1387 2285 1438 Et
2308 1389 2489 1454 pater,
2521 1390 2572 1438 et
2599 1385 2856 1447 medicus,
2881 1392 3094 1455 pastor,
3123 1403 3379 1457 amorque
3406 1391 3604 1457 gregis,

2145 1477 2444 1532 Germanus
2474 1480 2693 1539 virtute,
2719 1479 2845 1548 ﬁde,
2872 1480 3048 1542 corde,
3081 1495 3170 1534 ore
3197 1481 3402 1545 beatus,

2216 1570 2389 1624 Carne
2416 1577 2556 1625 tenet
2582 1572 2868 1634 tumulum,
2895 1574 3090 1626 mentis
3120 1573 3318 1628 honore
3336 1575 3544 1644 polum.

2151 1665 2249 1718 Vir
2274 1665 2371 1732 qui
2399 1663 2541 1717 dura
2566 1665 2705 1717 nihil
2733 1669 3033 1719 nocuerunt
3061 1668 3188 1732 fata
3218 1668 3474 1736 sepulcri,

419 1762 569 1818 mira
587 1761 913 1833 frequentia
933 1764 989 1814 et
1010 1759 1337 1814 animorum
1359 1758 1654 1813 alacritate
1677 1757 1940 1828 perhibet
1960 1775 2045 1812 su-
2065 1740 2121 1811 B
2222 1757 2366 1811 Vivit
2395 1759 2556 1818 enim,
2586 1773 2710 1811 nam
2739 1774 2880 1811 mors
2907 1775 3063 1827 quem
3091 1760 3217 1814 tulit
3241 1762 3362 1829 ipsa
3389 1761 3554 1815 timet.

417 1859 672 1928 sceptam
697 1853 888 1909 fuisse.
913 1854 1156 1907 Demum
1185 1854 1304 1906 fere
1335 1850 1738 1922 octogenarius
1760 1851 1816 1904 in
1839 1852 2044 1906 caelum

417 1948 685 2020 migravit
729 1949 1046 2002 Germanus
1097 1963 1128 1998 v
1179 1945 1419 1999 Kalend.
1468 1943 1666 2000 Junias
1712 1961 1865 1998 anno
1919 1948 2041 2011 576,

415 2043 586 2114 paulo
603 2044 731 2112 post
748 2057 920 2112 quam
939 2039 1225 2110 Sigiberto
1245 2038 1367 2109 regi
1391 2037 1775 2092 comminatus
1795 2040 2043 2092 mortem

415 2133 614 2189 fuisset
634 2150 698 2189 ac
717 2132 1086 2204 praedixisset,
1108 2135 1169 2184 ut
1185 2132 1362 2184 refert
1378 2129 1685 2200 Gregorius
1701 2130 2044 2184 Turonensis

417 2228 513 2282 lib.
548 2244 622 2294 iv,
651 2243 775 2297 cap.
813 2229 898 2279 5‘2.
929 2225 1090 2279 Diem
1132 2240 1361 2294 quoque
1401 2223 1484 2277 sui
1513 2223 1632 2293 ipse
1660 2222 1847 2277 obitus
1873 2224 2044 2293 paulo

417 2323 549 2374 ante
594 2317 1084 2390 pronuntiaverat.
1126 2318 1204 2370 De
1250 2317 1374 2387 ejus
1417 2317 1619 2370 funere
1661 2315 1739 2369 ita
1780 2316 2046 2373 laudatus

417 2412 724 2484 Gregorius
755 2411 899 2464 libro
931 2427 984 2477 v,
1018 2427 1143 2480 cap.
1178 2413 1209 2464 8
1239 2426 1250 2463 :
1284 2431 1310 2458 ‹‹
1342 2411 1404 2463 ln
1441 2409 1618 2480 cujus,
1651 2408 1854 2479 inquit,
1885 2425 2042 2462 exse-

417 2506 581 2578 quiis,
606 2504 799 2559 multis
817 2503 1118 2557 virtutibus
1140 2520 1280 2573 quas
1302 2502 1359 2556 in
1381 2518 1620 2573 corpore
1643 2505 1917 2572 gesserat,
1935 2502 2042 2555 hoc

415 2599 755 2654 miraculum
799 2596 1300 2652 conﬁrmationem
1339 2595 1493 2649 fecit.
1527 2597 1670 2649 Nam
1713 2595 2046 2649 carcerariis

414 2691 882 2756 acclamantibus,
907 2706 1112 2760 corpus
1133 2689 1190 2742 in
1212 2689 1404 2760 platea
1424 2691 1802 2759 aggravatum
1824 2690 1928 2755 est,
1952 2705 2040 2742 so-

414 2785 659 2857 lutisque
684 2784 921 2850 eisdem,
942 2799 1136 2836 rursus
1157 2781 1278 2836 sine
1299 2782 1496 2836 labore
1512 2783 1734 2835 levatur
1753 2797 1765 2834 :
1787 2780 1892 2852 ipsi
1910 2798 2046 2852 quo-

416 2896 524 2950 que
559 2878 654 2948 qui
681 2876 849 2931 soluti
877 2877 1124 2940 fuerant,
1160 2875 1217 2928 in
1254 2875 1592 2944 obsequium
1622 2874 1838 2927 funeris
1867 2890 2043 2944 usque

417 2972 488 3025 ad
512 2971 806 3026 basilicam
829 2968 886 3022 in
911 2985 1024 3038 qua
1045 2968 1298 3037 sepultus
1320 2970 1424 3032 est,
1450 2965 1610 3020 liberi
1635 2969 2040 3036 pervenerunt.

415 3064 500 3118 Ad
529 3063 854 3134 sepulcrum
887 3063 1080 3114 autem
1121 3059 1244 3129 ejus
1279 3060 1488 3112 multas
1515 3057 1769 3124 virtutes,
1799 3058 2042 3114 Domino

417 3156 724 3220 tribuente,
758 3153 1059 3207 credentes
1087 3151 1477 3224 experiuntur.
1505 3174 1530 3200 ››
1557 3152 1683 3206 Haec
1716 3153 2041 3223 Gregorius,

416 3249 512 3320 qui
537 3252 738 3321 postea
758 3245 1130 3302 commendat
1147 3245 1352 3299 librum
1371 3245 1496 3298 vitm
1517 3245 1694 3299 sancti
1713 3247 1996 3316 pontiﬁcis
2013 3265 2045 3301 a

416 3343 726 3416 Fortunato
745 3340 1077 3412 presbytero
1096 3338 1496 3409 compositum.
1511 3338 1617 3392 Alii
1631 3338 1812 3404 citius,
1829 3339 2047 3393 tardius

416 3435 510 3490 alii
545 3438 794 3489 mortem
822 3433 944 3503 ejus
975 3431 1292 3502 assignant,
1327 3448 1536 3502 nempe
1569 3431 1736 3485 annis
1764 3435 1886 3498 575,
1921 3437 2042 3486 577.

416 3528 692 3583 Baronius
710 3526 946 3580 biennio
969 3528 1097 3596 post
1117 3524 1453 3578 defunctum
1477 3523 1652 3578 tradit
1671 3525 2042 3592 Germanum,

416 3625 474 3675 et
498 3623 660 3691 Hugo
683 3618 1120 3674 Flaviniacensis
1143 3635 1206 3670 ex
1227 3617 1510 3672 Chronico
1531 3617 1869 3673 Virdunensi
1893 3619 2046 3690 apud

375 3715 386 3728 ‘
416 3714 724 3768 Labbaeum
773 3728 828 3781 p.
872 3714 989 3774 101,
1035 3714 1066 3763 9
1108 3711 1375 3763 Februar.
1426 3713 1548 3776 582,
1591 3710 1686 3763 ubi
1739 3728 2043 3781 perperam

415 3807 654 3860 fratrem
699 3804 751 3858 ei
795 3803 967 3858 fuisse
995 3804 1231 3857 Paulum
1261 3802 1678 3856 Virdunensem
1712 3803 2044 3874 episcopum

417 3897 636 3964 asserit,
661 3896 759 3968 qui
783 3897 1012 3966 vigebat
1033 3911 1186 3948 anno
1209 3897 1331 3949 630.
1355 3895 1691 3949 Tumulatur
1712 3895 1766 3948 in
1791 3895 2042 3950 oratorio

416 3990 596 4044 sancti
641 3987 1066 4060 Symphoriani,
1096 3986 1250 4058 quod
1291 3987 1409 4056 ipse
1443 3991 1836 4042 construxerat
1869 3989 1925 4042 in
1955 3988 2042 4042 in-

417 4100 614 4155 gressu
633 4082 879 4138 basilica:
911 4081 1089 4136 sancti
1123 4081 1422 4147 Vincentii,
1447 4081 1542 4135 ubi
1563 4081 1718 4151 prius
1739 4082 2041 4152 sepultura:

2064 3104 2119 3177 C

2145 1849 2322 1903 Crevit
2346 1850 2524 1902 adhuc
2543 1852 2728 1918 potius
2745 1841 2935 1918 justus
2955 1856 3082 1921 post
3105 1854 3329 1920 funera,
3362 1869 3488 1907 nam
3518 1855 3615 1923 qui

2215 1943 2403 1996 Fictile
2430 1958 2526 1996 vas
2551 1945 2757 2010 fuerat,
2783 1959 2991 2010 gemma
3020 1946 3255 2014 superba
3281 1947 3462 2000 micat.

2143 2035 2324 2102 Hujus
2362 2051 2514 2104 opem
2548 2052 2611 2090 ac
2642 2039 2891 2090 meritum
2916 2040 3078 2091 mutis
3105 2039 3236 2092 data.
3259 2040 3424 2093 verba
3456 2040 3776 2109 loquuntur,

2214 2127 2476 2182 Redditus
2507 2134 2557 2181 et
2587 2131 2738 2182 cwcis
2762 2112 3032 2199 prcedicat
3061 2147 3151 2186 ore
3176 2131 3310 2185 dies.

2144 2222 2302 2276 Nunc
2326 2223 2412 2274 vir
2435 2222 2760 2290 apostolicus
2787 2225 3004 2292 sapiens
3031 2224 3097 2277 de
3123 2241 3284 2278 carne
3313 2227 3607 2295 trophwum

2214 2316 2343 2366 Iure
2374 2315 2696 2383 triumphali
2725 2317 2963 2369 considet
2993 2333 3115 2371 arce
3144 2317 3343 2371 throni.

2214 2407 2575 2460 Translatum
2617 2412 2702 2462 est
2741 2425 2966 2462 sacrum
3005 2410 3273 2464 Germani
3315 2427 3521 2482 corpus
3553 2413 3625 2468 ad
3650 2431 3781 2469 ma-

2138 2500 2328 2569 jorem
2355 2499 2654 2554 ecclesiam
2684 2517 2781 2554 vm
2812 2501 2932 2555 Kal.
2958 2502 3196 2572 Augusti
3223 2520 3377 2559 anno
3405 2507 3528 2572 754-,
3553 2510 3784 2564 astante

2143 2592 2344 2664 Pipiuo
2379 2609 2537 2664 rege,
2569 2594 2716 2647 latus
2747 2593 2870 2664 ejus
2912 2594 3254 2666 stipantibus
3293 2597 3678 2656 Carlomanno
3717 2605 3784 2656 et

2144 2687 2347 2741 Carolo
2376 2686 2471 2756 qui
2503 2690 2703 2756 postea
2732 2686 2914 2742 dictus
2941 2691 3028 2741 est
3055 2689 3310 2760 Magnus,
3341 2691 3444 2746 sub
3475 2693 3780 2749 Lansfrido

2145 2779 2324 2833 sancti
2357 2780 2624 2833 Germani
2653 2780 2881 2847 abbate,
2913 2781 3074 2852 cujus
3101 2783 3230 2836 festi
3262 2784 3544 2839 memoria
3568 2786 3778 2841 recoli-

2147 2876 2237 2925 tur
2280 2871 2372 2925 die
2408 2875 2474 2924 25
2508 2872 2657 2926 Julii.
2692 2873 2825 2942 Ejus
2866 2873 2922 2927 in
2963 2875 3247 2930 honorem
3287 2877 3775 2948 Bertichramnus,

2146 2966 2610 3019 Cenomanorum
2651 2965 2969 3038 episcopus,
3005 2968 3103 3040 qui
3139 2969 3210 3023 ab
3249 2987 3318 3024 eo
3350 2971 3650 3044 presbyter
3679 2989 3775 3029 or-

2145 3056 2374 3110 dinatus
2432 3058 2651 3124 fuerat,
2711 3060 3126 3114 monasterium
3195 3063 3347 3134 apud
3411 3065 3780 3122 Cenomanos

2147 3150 2294 3204 ultra
2341 3149 2575 3204 ﬂuvium
2625 3150 2844 3206 Sarthze
2901 3153 3160 3210 condidit
3216 3159 3273 3210 et
3323 3156 3558 3226 dotavit,
3618 3159 3777 3231 quod

2147 3260 2298 3296 nunc
2337 3242 2633 3297 redactum
2681 3247 2766 3298 est
2811 3245 2869 3299 in
2915 3248 3278 3317 paraecialem
3309 3251 3610 3306 ecclesiam
3641 3253 3777 3308 sub-

2148 3336 2448 3390 urbanam.
2485 3336 2570 3390 Ab
2603 3337 2726 3406 ejus
2765 3355 2996 3410 quoque
3037 3341 3273 3396 nomine
3311 3343 3463 3398 dicta
3491 3345 3643 3416 apud
3667 3347 3776 3400 Pa-

2146 3428 2308 3482 risios
2339 3429 2579 3482 ecclesia
2605 3430 2786 3483 sancti
2812 3431 3083 3486 Germani
3114 3435 3340 3502 veteris,
3372 3436 3529 3508 prius
3556 3439 3782 3510 capella

2146 3521 2338 3577 Sancti
2385 3521 2621 3577 Joannis
2663 3522 2929 3594 Baptista:
2975 3525 3046 3580 ab
3079 3527 3200 3598 ipso
3245 3532 3444 3584 sancto
3486 3531 3776 3587 Germano

2147 3618 2280 3668 tunc
2343 3615 2550 3669 abbate
2609 3614 2802 3670 Sancti
2850 3617 3253 3690 Sympboriani
3309 3626 3654 3690 constructa,
3713 3625 3776 3680 in

2146 3725 2318 3779 quam
2367 3708 2440 3762 ob
2489 3710 2710 3762 metum
2759 3711 3224 3768 Normannorum
3279 3713 3538 3785 ejusdem
3591 3719 3774 3773 sancti

2145 3819 2350 3872 corpus
2390 3803 2730 3856 translatum
2772 3821 2925 3858 anno
2967 3809 3089 3872 886,
3121 3824 3226 3878 per
3255 3807 3553 3864 biennium
3589 3810 3766 3882 depo-

2144 3895 2313 3948 situm
2361 3896 2589 3949 mansit.
2621 3896 2831 3951 Sancto
2876 3898 3164 3954 Germano
3205 3901 3472 3957 tribuitur
3509 3919 3651 3976 opus
3695 3904 3766 3959 de

2142 3987 2304 4041 Missa
2334 3991 2490 4043 tomo
2518 3991 2558 4042 V
2588 3991 2890 4058 Anecdot.,
2921 3993 3028 4046 col.
3058 3996 3146 4048 91.

1286 4415 1921 4547 SANCTI
2047 4419 2908 4579 GERMANI,

1496 4640 2136 4724 PARlSlENSlS
2219 4642 2683 4726 EPISCOPI

1786 4842 2418 5012 νΙΤΑ,

906 5085 1271 5152 ΔΠΕΤΟΒΕ
1332 5085 1734 5153 VENANTIO
1798 5087 2272 5154 FORTUNATO
2331 5087 2709 5154 EPISCOPO
2773 5089 3266 5156 PICTAVIENSI

1451 5213 1564 5277 Ad
1586 5232 1737 5276 mss.
1776 5213 1983 5279 Codd.
2016 5214 2360 5296 diligenter
2388 5215 2736 5295 recognita.

1322 5363 2942 5409 ψ

480 5501 519 5553 ῐ.
550 5500 754 5555 Beatus
796 5500 971 5572 igitur
1016 5503 1334 5558 Germanus
1367 5498 1712 5554 Parisiorum
1756 5500 2032 5569 pontifex,
2055 5513 2113 5586 D
2138 5501 2292 5572 quod
2322 5501 2473 5556 hunc
2504 5505 2633 5574 post
2657 5503 2902 5558 alterum
2923 5503 3072 5558 intra
3092 5503 3263 5558 breve
3291 5505 3538 5575 spatium
3567 5522 3765 5562 conce-

413 5592 678 5648 territorii
704 5594 1238 5665 Augustodunensis
1264 5593 1556 5664 indigena,
1585 5596 1747 5664 patre
1775 5593 2036 5646 Eleuthe-

409 5686 514 5752 rio,
547 5690 731 5742 matre
773 5704 1000 5760 quoque
1036 5687 1298 5754 Eusebia,
1336 5687 1592 5742 honestis
1622 5686 2033 5758 honoratisque

409 5780 742 5849 parentibus
780 5785 1114 5856 procreatus
1154 5785 1258 5837 est.
1301 5780 1474 5852 Cujus
1516 5779 1779 5853 genitrix,
1819 5797 1922 5853 pro
1966 5798 2033 5836 eo

2136 5593 2310 5664 pisset
2341 5595 2396 5647 in
2420 5599 2604 5661 utero,
2628 5597 2846 5667 pudore
2868 5598 3024 5650 mota
3045 5596 3310 5651 muliebri
3332 5597 3600 5669 cupiebat
3628 5604 3761 5654 ante

2137 5691 2362 5757 partan
2387 5687 2668 5742 infantem
2689 5689 3050 5757 exstinguere
3072 5705 3084 5743 :
3110 5692 3167 5743 et
3188 5693 3422 5761 accepta
3442 5692 3678 5762 potione
3702 5697 3762 5747 ut

2136 5779 2454 5836 abortivum
2485 5781 2808 5856 projiceret,
2834 5780 2971 5836 dum
3005 5798 3212 5838 nocere
3234 5800 3349 5838 non
3374 5788 3586 5854 posset,
3611 5785 3764 5840 incu-
