4044 6196
243 285 309 344 31
1849 295 2020 355 Vl'l‘A.
3546 301 3615 358 38

239 394 430 452 habet
461 395 522 452 in
557 401 774 468 ventre,
809 403 872 456 ut
906 400 1166 474 pondere
1201 403 1550 474 praefodaret
1587 421 1761 477 quem
1789 422 1882 461 ve-
1906 430 1965 502 Α
2059 408 2142 462 IV.
2176 407 2355 480 Igitur
2385 407 2636 480 quadam
2666 407 2784 465 vice
2815 409 2953 465 dum
2981 408 3170 466 cibum
3197 407 3379 466 fessus
3400 406 3618 483 accipe-

243 505 407 546 nena
447 491 672 548 cedere
717 510 835 550 non
878 495 1156 550 valerent.
1205 496 1476 553 Certabat
1520 501 1710 554 mater
1751 515 1883 554 cum

236 585 514 654 parvulo,
564 587 924 644 renitebatur
969 587 1162 644 infans
1204 589 1276 646 ab
1327 592 1532 646 utero:
1575 595 1700 648 erat
1743 609 1882 665 ergo

237 693 452 750 pugna
491 678 644 734 inter
677 681 981 736 mulierem
1019 685 1078 738 et
1115 683 1350 739 viscera.
1385 683 1726 742 Laedebatur
1757 703 1881 742 ma-

237 774 445 840 trona,
489 789 593 828 nec
633 775 950 830 nocebatur
989 775 1276 832 infantia:
1322 777 1722 834 obluctabatur
1761 797 1881 836 sar-

231 863 404 932 cina,
437 882 510 920 ne
551 866 795 938 genitrix
828 868 995 924 ﬁeret
1031 869 1334 941 parricida.
1365 872 1428 926 Id
1457 875 1650 928 actum
1683 876 1788 941 est,
1822 876 1885 929 ut

231 962 512 1014 servatus
537 959 856 1030 incolumis,
885 963 1007 1034 ipse
1042 963 1251 1019 illaesus
1289 966 1648 1036 procederet,
1675 970 1734 1022 et
1757 984 1878 1024 ma~

228 1053 406 1106 trem
442 1052 712 1110 redderet
749 1054 1138 1112 innocentem.
1183 1057 1320 1113 Erat
1345 1058 1478 1114 hinc
1505 1060 1698 1116 futura
1735 1078 1881 1133 prae-

230 1161 516 1213 noscere,
541 1151 674 1203 ante
705 1149 907 1206 fecisse
929 1150 1068 1222 [Al.,
1097 1151 1310 1208 factam
1342 1168 1447 1224 pro
1477 1153 1568 1224 eo]
1591 1154 1878 1223 virtutem,

228 1255 434 1309 quam
463 1240 616 1295 nasci
647 1243 975 1315 contigerit.

307 1333 390 1386 II.
426 1332 639 1389 Deinde
669 1351 802 1391 cum
825 1337 1099 1394 Avallone
1130 1342 1316 1396 castro
1350 1340 1424 1413 (a)
1447 1357 1578 1396 cum
1609 1341 1881 1398 Stratidio

224 1425 579 1498 propinquo
593 1443 738 1498 puer
752 1429 959 1485 scholis
975 1436 1318 1501 excurreret,
1333 1436 1521 1488 mater
1536 1435 1790 1505 parentis
1806 1435 1880 1507 (b)

225 1521 303 1574 ut
359 1519 490 1590 ejus
531 1520 928 1578 haereditatem
981 1525 1324 1596 acquireret,
1371 1527 1443 1582 de
1502 1527 1882 1584 adolescentis

225 1612 508 1667 fallitura
531 1630 666 1668 nece
695 1616 980 1672 tractavit.
1005 1617 1142 1682 Quae
1173 1621 1556 1692 temperatam
1583 1621 1881 1693 potionem

225 1705 294 1760 in
320 1707 647 1778 ampullula
666 1708 944 1778 condidit,
965 1711 1162 1766 vinum
1185 1730 1414 1785 quoque
1437 1713 1496 1769 in
1517 1716 1718 1784 altera,
1742 1733 1882 1788 pra:-

1984 503 2092 568 ret,
2113 499 2475 572 ingrediente
2504 503 2770 558 Amando
2790 504 3078 560 monacho
3099 505 3158 560 in
3177 503 3354 560 fenile
3375 519 3506 560 cum
3534 503 3616 558 lu-

1983 592 2160 661 mine,
2175 594 2426 650 carbone
2443 595 2766 665 decidente,
2779 595 3018 652 ﬂamma
3032 598 3231 652 fenum
3248 595 3542 669 corripuit,
3558 598 3618 652 et

1985 686 2147 742 arida
2180 687 2534 743 nutrimenta
2558 705 2730 744 vorax
2760 689 2909 762 ignis
2940 690 3218 744 allambit.
3252 691 3612 746 Concurren-

1982 779 2133 834 tibus
2161 780 2414 853 reliquis,
2439 797 2544 836 nec
2565 783 2760 836 tamen
2791 782 3231 852 incurrentibus,
3254 783 3475 838 tardius
3493 783 3614 856 ipse

1982 872 2304 944 prosiliens,
2333 877 2501 946 rapta
2529 873 2601 929 de
2639 875 2768 930 foco
2809 892 3065 944 cucuma,
3099 875 3416 931 ascendens
3441 892 3616 949 supra

1983 966 2262 1021 fabricam
2276 967 2586 1022 concinens
2601 967 2862 1035 Alleluia,
2879 968 3126 1023 fundens
3139 969 3436 1042 paululum
3449 985 3615 1042 aqua:

1985 1058 2042 1114 in
2067 1059 2248 1114 crucis
2273 1059 2590 1132 imaginem
2617 1059 2878 1116 restinxit
2907 1061 3208 1117 incendia:
3234 1078 3299 1118 ac
3331 1062 3402 1117 de
3434 1078 3613 1117 manu

1983 1151 2178 1208 Sancti
2216 1152 2402 1208 imbre
2441 1153 2643 1208 sedata
2688 1157 2775 1208 est
2813 1153 2964 1225 ignis
2989 1155 3165 1222 unda,
3195 1171 3370 1226 quam
3399 1154 3487 1210 vix
3517 1171 3612 1210 ex-

1982 1245 2344 1318 stinguerent
2366 1245 2626 1302 ﬂumina.
2651 1247 2816 1312 Quod
2845 1251 3044 1302 tamen
3072 1250 3304 1319 postero
3326 1247 3420 1302 die
3453 1247 3614 1320 cuius

1983 1339 2202 1394 insidiis
2232 1342 2424 1394 actum
2463 1343 2550 1394 est
2573 1340 2752 1396 hostis
2782 1341 2902 1412 ipse
2933 1341 3229 1396 confessus
3260 1343 3362 1396 est.

2051 1433 2113 1488 V.
2137 1431 2462 1488 Chariull‘us
2492 1433 2727 1505 quidam
2757 1434 3008 1488 Francus
3039 1434 3256 1506 partim
3289 1433 3438 1490 villa:
3469 1433 3614 1488 basi-

1980 1524 2102 1580 licae
2133 1543 2226 1580 res
2256 1526 2576 1582 obstinatus
2605 1527 2910 1582 invaserat.
2937 1527 3120 1592 Quem
3148 1543 3280 1582 cum
3299 1527 3396 1583 Vir
3416 1525 3517 1582 Dei
3538 1525 3614 1580 ad

1980 1619 2344 1674 reddendum
2390 1620 2754 1691 aliquatenus
2799 1623 3217 1688 commoneret,
3259 1637 3366 1675 nec
3413 1623 3612 1674 tamen

1979 1712 2306 1784 proﬁceret,
2330 1712 2404 1768 ad
2432 1713 2756 1768 orationem
2787 1729 2846 1768 se
2874 1713 3174 1781 convertit,
3202 1729 3309 1768 nec
3334 1712 3478 1768 ﬁdes
3496 1711 3615 1766 vin-

227 1798 470 1871 cipiens
489 1791 690 1872 puellae
712 1805 775 1856 ut
792 1803 1152 1860 venientibus
1168 1807 1448 1863 ambobus
1465 1807 1544 1863 illi
1563 1809 1886 1881 porrigeret
1905 1799 1961 1870 B
1985 1805 2198 1860 dictam
2243 1805 2478 1860 distulit.
2512 1805 2720 1862 Statim
2761 1823 2829 1861 ex
2867 1806 3052 1862 vicino
3090 1807 3248 1862 ferus
3275 1823 3439 1860 ursus
3469 1803 3614 1860 exsi-

230 1892 312 1946 de
345 1892 508 1959 vino,
539 1893 628 1948 isti
670 1895 742 1950 de
781 1897 1085 1967 maleficio.
1121 1899 1234 1955 Sed
1273 1899 1554 1972 ignorans
1593 1903 1878 1972 ministra,

232 1987 627 2056 ampullulam
667 1992 854 2044 mutat
897 1993 957 2044 et
996 1993 1230 2064 pocula;
1270 1993 1468 2050 vinum
1506 1998 1704 2052 sancto
1741 1996 1877 2052 Ger-

233 2094 448 2147 mano,
471 2096 760 2137 venenum
791 2083 892 2138 dat
915 2085 1222 2154 Stratidio;
1252 2090 1311 2142 et
1337 2087 1476 2143 dum
1500 2088 1715 2144 insonti
1741 2106 1883 2161 prse-

232 2175 492 2242 paratur
534 2173 827 2244 interitus,
877 2181 1077 2234 auctor
1117 2179 1273 2235 cadit
1314 2180 1374 2235 in
1423 2182 1715 2253 laqueum.
1756 2183 1880 2248 Quo

237 2267 442 2320 mater
485 2266 606 2338 ejus
653 2270 906 2341 cognito,
944 2272 1195 2342 puellam
1244 2273 1504 2346 increpat
1547 2291 1678 2330 cum
1720 2276 1878 2344 ﬂetu,

238 2358 580 2414 exstinxisse
609 2378 669 2416 se
691 2363 892 2419 ﬁlium.
916 2364 1018 2420 Cui
1041 2365 1334 2434 Stratidio,
1359 2367 1596 2423 sollicite
1619 2369 1880 2440 impenso

239 2451 462 2520 studio,
505 2453 658 2510 facto
705 2455 777 2510 de
820 2457 955 2528 ipsis
996 2458 1294 2514 maleficiis
1342 2461 1522 2528 vario,
1569 2462 1674 2516 etsi
1724 2479 1881 2517 mors

239 2544 428 2600 vitam
457 2563 572 2602 non
599 2549 854 2618 abstulit,
887 2553 1084 2606 tamen
1116 2553 1346 2623 signum
1379 2554 1582 2609 mortis
1606 2553 1804 2610 inﬁxit.

321 2639 416 2693 Ill.
435 2639 572 2695 Hinc
593 2642 668 2696 ad
690 2645 993 2714 parentem
1015 2661 1180 2699 suum
1203 2649 1462 2701 sanctum
1494 2647 1881 2719 Scopilionem

240 2733 453 2788 Lausia
483 2734 551 2806 (ε)
581 2751 641 2790 se
673 2736 996 2803 conferens,
1026 2739 1283 2794 moribus
1327 2739 1582 2815 honestis
1627 2740 1795 2794 alitus
1824 2742 1885 2795 et

241 2827 540 2882 institutus
566 2831 671 2882 est.
697 2828 803 2893 Qui
822 2845 953 2884 cum
973 2831 1094 2884 fere
1114 2831 1271 2886 mille
1293 2849 1491 2903 passus
1511 2833 1683 2905 longe
1707 2851 1740 2888 a
1759 2833 1881 2889 vico

241 2920 650 2989 consisterent,
677 2921 896 2994 jugiter
923 2923 999 2976 ad
1026 2923 1342 2980 matutinos
1367 2927 1694 2994 currebant,
1728 2927 1882 2982 ducti

245 3013 379 3068 fidei
398 3014 595 3068 calore
615 3031 721 3085 per
740 3017 1164 3086 tempestatem,
1188 3035 1292 3089 per
1309 3018 1582 3074 hiemem.
1603 3019 1711 3084 Qui
1731 3019 1884 3075 intra

243 3106 394 3161 terni
425 3106 594 3160 lustri
625 3107 875 3178 spatium
897 3107 976 3179 (ἁ)
1004 3125 1038 3163 a
1063 3110 1236 3166 beato
1260 3111 1576 3183 Agrippino
1608 3113 1884 3168 diaconus

241 3199 584 3264 instituitur,
605 3202 665 3254 et
684 3205 962 3272 sequente
979 3201 1230 3259 triennio
1247 3205 1548 3276 presbyter
1561 3206 1879 3261 ordinatur.

245 3293 462 3348 Dehinc
490 3311 527 3348 a
547 3294 818 3364 pontiﬁce
840 3295 1105 3350 Nectario
1127 3297 1307 3351 abbas
1327 3298 1401 3352 ad
1425 3298 1700 3353 Sanctum
1725 3299 1886 3370 Sym-

241 3387 557 3457 porianum
575 3386 782 3442 merito
799 3387 1007 3459 dignus
1023 3389 1216 3444 ascisci
1225 3393 1331 3444 tur.
1349 3390 1576 3455 Quanta
1591 3408 1724 3446 vero
1743 3391 1886 3448 inibi

244 3479 601 3534 abstinentia
646 3479 864 3548 vixerit,
903 3481 1133 3553 quantis
1173 3499 1400 3555 quoque
1449 3484 1654 3556 vigiliis
1699 3485 1883 3540 conti-

245 3573 482 3629 nuando
515 3572 826 3641 duraverit,
855 3574 1062 3645 quibus
1088 3577 1467 3648 eleemosynis
1498 3579 1764 3649 profusus
1796 3595 1886 3633 ex-

246 3666 472 3733 stiterit,
501 3666 603 3720 illa
639 3683 731 3720 res
767 3684 884 3722 una
922 3667 1085 3722 testis
1115 3671 1220 3736 est,
1251 3687 1382 3724 cum
1401 3670 1527 3742 jam
1555 3671 1728 3726 rebus
1749 3671 1880 3726 reli-

245 3759 372 3830 quis
411 3759 767 3831 pauperibus
807 3761 1059 3832 erogatis
1095 3777 1201 3816 nec
1240 3763 1406 3834 panis
1448 3763 1570 3834 ipse
1606 3763 1886 3820 resideret

245 3854 536 3922 quatenus
559 3854 769 3908 fratres
793 3853 1187 3910 reﬁcerentur.
1213 3855 1336 3920 Qua
1359 3856 1429 3912 de
1450 3872 1511 3911 re
1532 3856 1883 3929 insurgenti-

242 3945 352 3999 bus
383 3946 691 4001 adversum
721 3963 780 4000 se
807 3947 1127 4016 monachis,
1151 3949 1456 4014 retrudens
1485 3967 1544 4005 se
1577 3950 1634 4004 in
1655 3953 1880 4018 cellula,

242 4055 445 4093 amare
469 4039 630 4100 ﬂevit
647 4043 706 4094 et
725 4039 924 4094 doluit.
949 4041 1104 4096 Inter
1117 4042 1238 4097 haec
1255 4041 1378 4113 ipso
1395 4045 1598 4098 orante
1616 4044 1883 4116 quaedam

239 4136 414 4187 Anna
439 4135 712 4188 matrona
741 4133 987 4189 duorum
1019 4135 1440 4191 saumariorum
1469 4136 1536 4208 (ε)
1571 4153 1702 4192 cum
1733 4154 1882 4209 pane

242 4227 448 4298 dirigit
475 4243 675 4282 onera.
700 4227 976 4298 Sequenti
1007 4228 1182 4284 etiam
1209 4228 1302 4284 die
1335 4246 1466 4285 cum
1489 4247 1724 4286 annona
1753 4231 1882 4286 des-

241 4320 452 4376 tinavit
504 4321 677 4392 plena
732 4321 989 4394 carpenti
1049 4322 1308 4378 vehicula
1356 4340 1368 4378 :
1415 4323 1498 4379 ita
1555 4327 1618 4378 ut
1676 4324 1882 4379 exinde

239 4413 524 4470 monachi
561 4431 692 4468 cum
730 4418 1127 4470 saturarentur
1167 4416 1326 4484 cibo,
1375 4419 1731 4472 terrerentur
1772 4417 1878 4472 mi-

1979 1897 2126 1952 liens
2167 1901 2286 1953 tres
2317 1898 2467 1953 illius
2503 1915 2684 1970 equos
2720 1898 3028 1966 interfecit,
3063 1916 3170 1954 nec
3209 1899 3289 1954 sic
3329 1916 3363 1954 a
3402 1898 3616 1954 duritia

1981 1990 2279 2063 resipiscit.
2310 1990 2585 2064 Sequenti
2613 2009 2750 2048 vero
2775 1995 2944 2048 nocte
2975 1992 3282 2065 duplicavit
3310 1993 3462 2048 ultor
3479 2008 3612 2064 per-

1981 2084 2211 2140 niciem.
2268 2085 2377 2140 Sex
2421 2085 2691 2156 jumenta
2747 2085 3063 2154 interemit,
3114 2103 3221 2140 nec
3279 2085 3326 2140 si
3381 2101 3614 2158 quoque

1981 2195 2152 2250 paena
2183 2178 2423 2233 suffecit.
2463 2178 2654 2234 Tertia
2690 2179 2848 2234 idem
2893 2181 3061 2234 nocte
3107 2195 3318 2234 novem
3352 2177 3616 2233 vehicula

1982 2272 2312 2343 prosternit,
2345 2271 2629 2344 triplicata
2659 2272 2937 2329 cadavere
2967 2289 2980 2326 :
3011 2271 3088 2326 sic
3120 2272 3286 2327 labor
3322 2271 3617 2326 crescebat

1980 2365 2040 2418 in
2071 2365 2315 2420 cladem.
2339 2365 2557 2420 Dehinc
2587 2365 2660 2420 ad
2682 2365 2920 2420 beatum
2945 2365 3142 2420 Virum
3172 2365 3394 2420 tardius
3419 2362 3618 2436 dirigit

1980 2473 2258 2528 puerum;
2285 2475 2492 2530 agrum
2517 2458 2800 2514 reformat
2823 2458 3104 2527 invasum,
3139 2457 3436 2513 calamitas
3464 2471 3618 2512 com-

1981 2550 2248 2622 pescitur.
2281 2551 2343 2606 Id
2388 2555 2580 2607 actum
2627 2555 2731 2618 est,
2768 2555 2831 2606 ut
2874 2551 3058 2607 bestia
3091 2551 3412 2624 castigante
3438 2551 3616 2606 homo
3695 2547 3700 2557 ’

1982 2659 2213 2698 sensum
2259 2643 2562 2716 acciperet,
2591 2647 2650 2721 et
2679 2644 2845 2700 daret
2884 2661 3002 2700 non
3046 2643 3394 2716 intelligenti
3425 2644 3618 2698 bellua

1982 2735 2288 2792 rationem.
2745 2776 2754 2782 ι

2053 2831 2138 2884 VI.
2169 2829 2386 2884 Dehinc
2405 2831 2608 2885 beatus
2635 2831 2902 2903 Agricola
2928 2829 3345 2887 Cabillonensis
3367 2829 3617 2902 (Chelon-

1981 2923 2294 2995 sur-Saone)
2321 2924 2621 2996 episcopus
2650 2925 2872 2980 habens
2912 2923 3326 2980 cubicularium
3365 2922 3618 2994 graviter

1982 3015 2036 3070 vi
2063 3015 2312 3072 febrium
2341 3017 2575 3086 fessum,
2607 3017 2704 3089 qui
2749 3017 3038 3073 destinato
3064 3016 3260 3072 animo
3292 3019 3447 3072 totus
3471 3031 3616 3087 pen-

1983 3109 2159 3164 debat
2186 3109 2245 3163 in
2267 3111 2530 3178 transitu,
2555 3110 2752 3182 dirigit
2773 3111 2846 3166 ad
2867 3114 3130 3166 sanctum
3151 3109 3347 3165 Virum
3368 3108 3617 3164 interce-

1984 3201 2158 3256 dendi
2194 3202 2550 3275 suffragium.
2583 3193 2739 3259 Tunc
2768 3205 3054 3276 perceptis
3083 3203 3338 3276 apicibus
3367 3201 3619 3257 basilicae

1983 3295 2087 3349 sub
2118 3295 2339 3366 porticu
2380 3295 2453 3350 ad
2491 3296 2673 3350 sancti
2703 3295 3108 3368 Symphoriani
3137 3297 3462 3368 sepulcrum
3490 3310 3620 3367 pro-

1985 3388 2262 3460 greditur.
2293 3391 2521 3444 Interea
2559 3389 2648 3444 vir
2666 3389 2856 3460 justus
2900 3389 3148 3445 orationi
3189 3389 3466 3456 incubuit,
3499 3391 3614 3442 ter-

1983 3498 2110 3536 ram
2159 3499 2400 3554 corpore
2441 3499 2712 3554 premens
2752 3486 2810 3536 et
2851 3483 3041 3538 sidera
3077 3485 3274 3537 mente
3316 3485 3616 3536 transcen-

1985 3575 2156 3641 dens;
2190 3578 2248 3628 et
2277 3575 2440 3646 quasi
2471 3579 2605 3630 ante
2633 3592 2692 3630 se
2719 3576 2942 3630 habens
2970 3575 3339 3647 praesentiam
3363 3571 3615 3639 Domini,

1984 3684 2088 3738 pro
2133 3670 2266 3723 voto
2309 3668 2578 3741 supplicis
2623 3669 2956 3724 obsecrator
2999 3668 3238 3724 accedit.
3290 3669 3436 3722 Nam
3483 3681 3618 3720 mox

1984 3761 2200 3816 vicinus
2247 3762 2648 3834 Redemptoris
2690 3763 2924 3818 auribus
2965 3762 3284 3829 exauditur,
3330 3762 3388 3815 et
3429 3759 3618 3815 adhuc

1985 3853 2092 3910 isto
2123 3855 2436 3910 recubante
2473 3855 2532 3910 in
2557 3857 2813 3928 pulvere,
2846 3859 3131 3928 aegrotum
3160 3853 3451 3909 medicina
3481 3868 3616 3924 per-

1985 3947 2159 4015 fudit;
2205 3965 2272 4003 ac
2311 3949 2470 4020 justo
2506 3949 2739 4020 jacente
2793 3949 2854 4004 in
2904 3949 3257 4020 pavimento,
3307 3945 3616 4018 languidus

1984 4041 2169 4112 surgit
2210 4042 2281 4097 de
2329 4043 2558 4112 lectulo,
2597 4046 2732 4098 ante
2778 4045 3108 4098 currentem
3153 4041 3444 4097 medelam
3489 4040 3616 4111 [Pro

1984 4138 2249 4190 currente
2284 4136 2533 4208 medela]
2565 4153 2739 4209 quam
2769 4139 3004 4208 peroret
3035 4135 3131 4208 qui
3174 4133 3456 4206 supplicat
3487 4149 3502 4187 :
3533 4131 3616 4186 ita

1985 4231 2049 4282 ut
2089 4228 2354 4300 portitori
2398 4229 2666 4286 redeunti
2708 4229 2936 4286 obviam
2974 4245 3121 4300 puer
3157 4227 3484 4283 occurreret
3521 4223 3614 4278 cui

1984 4322 2338 4392 parabantur
2371 4323 2691 4395 exsequiae;
2715 4326 2780 4378 ut
2807 4339 2927 4378 non
2967 4325 3118 4378 esset
3149 4319 3487 4390 ambiguum
3513 4333 3611 4372 ea-

1984 4413 2118 4469 dem
2158 4416 2302 4471 hora
2339 4416 2678 4488 languidum
2717 4415 2885 4470 saluti
2924 4414 3098 4468 fuisse
3143 4411 3456 4479 redditum,
3499 4425 3614 4482 qua

238 4507 446 4562 raculo
486 4507 585 4578 (f).
631 4506 724 4561 His
769 4507 965 4579 itaque
1014 4508 1321 4582 celebriter
1363 4509 1620 4564 intentus
1657 4511 1879 4579 ofﬁciis,
1901 4507 2078 4604 DVir
2098 4507 2462 4562 beatissimus
2487 4509 2646 4563 fusus
2671 4524 2864 4563 orasse
2894 4506 3266 4578 comperitur.

237 4617 360 4656 non
399 4599 571 4654 desiit
598 4599 977 4672 praedicandis
1004 4601 1362 4658 manifestari
1393 4602 1701 4658 miraculis.

311 4765 399 4832 (a)
411 4762 607 4836 Avallo
625 4779 725 4836 seu
743 4763 944 4819 Aballo
965 4763 1267 4836 (Αυᾳιιοη),
1291 4765 1568 4836 oppidum
1592 4765 1652 4820 in
1675 4765 1884 4820 ducatu

241 4832 583 4907 Burguntiaa
624 4833 776 4907 inter
815 4832 1295 4907 Augustodunum
1321 4832 1387 4890 et
1400 4835 1878 4892 Antissiodorum.

316 4898 401 4973 (6}
417 4898 1164 4978 Alia‘exemplariavhabent,
1176 4908 1498 4976 propinqui,
1517 4907 1619 4960 sed
1641 4909 1882 4978 utraque

239 4991 380 5048 vox,
397 4989 604 5048 parens
630 4977 688 5028 et
705 4978 1072 5046 propinquus,
1096 4977 1406 5032 Fortunato
1432 4993 1754 5048 synonyma
1775 4980 1878 5031 est.

239 5047 398 5118 Πίηε
433 5045 512 5098 ad
539 5045 825 5115 parentem
861 5045 1022 5102 suum
1051 5053 1298 5102 sanctum
1341 5045 1718 5118 Scopilioncm,
1748 5051 1879 5116 etc.,

241 5117 362 5180 hic,
403 5131 563 5170 num.
597 5119 647 5171 3.

317 5186 398 5254 (ο)
427 5187 632 5260 Lausia
677 5203 777 5241 seu
821 5188 1057 5260 Lansea,
1090 5189 1300 5260 (Luzy),
1351 5189 1688 5260 oppidulum
1731 5187 1884 5242 inter

317 5207 398 5254 (σ)
427 5207 632 5242 nausia
677 5207 777 5241 seu
821 5207 1042 5243 Lansea
1090 5207 1300 5260 (busy),
1351 5207 1424 5260 op
1468 5207 1688 5244 malum
1731 5207 1881 5242 Inter

239 5257 733 5338 Augustodunum
779 5261 838 5312 et
875 5259 1124 5330 Ligerim
1169 5260 1362 5316 medio
1410 5207 1532 5315 fare
1581 5260 1881 5314 intervallo

242 5331 668 5483 (glgﬁbium
687 5401 777 5483 est
797 5416 870 5453 an
896 5402 1158 5483 spatium.
1169 5401 1323 5483 istud
1347 5400 1676 5483 quindecim
1706 5417 1884 5457 anno-

243 5487 381 5543 rum
406 5471 665 5543 _a_sanct_i_
683 5471 953 5543 Germani
987 5473 1300 5539 nativitate,
1325 5471 1398 5527 an
1421 5491 1455 5528 a
1485 5476 1745 5542 tempore
1767 5489 1881 5543 quo

241 5540 592 5610 Scopilionis
612 5540 972 5608 disciplinam
995 5543 1185 5610 subiit,
1201 5543 1273 5598 sit
1292 5540 1670 5598 metiendum.
1695 5540 1884 5598 Poste-

241 5613 366 5665 rius
392 5611 580 5685 magis
605 5611 862 5685 arridet:
889 5631 1024 5668 nam
1043 5615 1392 5685 Agrippinus
1411 5613 1710 5669 [Eduensis
1731 5615 1878 5684 epis-

241 5699 308 5736 ce
359 5699 444 5747 us,
469 5682 564 5752 qui
592 5683 944 5739 Germanum
967 5682 1252 5740 ordinavit
1270 5685 1596 5750 diaconum,
1622 5682 1882 5740 nondum

243 5700 448 5807 segem
486 5753 786 5808 obtinebat
821 5771 976 5810 anno
1013 5759 1135 5810 5l7.
1165 5772 1279 5810 auo
1318 5755 1680 5810 Pragmatius
1707 5755 1882 5810 ipsius

243 5769 448 5807 senem
486 5769 786 5808 onunenat
821 5771 976 5810 anno
1013 5769 1135 5822 517,
1165 5772 1279 5822 quo
1318 5769 1680 5822 Pragmatius
1707 5773 1882 5822 ipsius

244 5772 448 5807 senem
474 5772 786 5833 .ODUDBDaE
821 5772 976 5810 anno
1013 5772 1135 5822 51⁷1,
1165 5772 1279 5826 quo
1318 5772 1680 5836 Pragmatius
1707 5773 1878 5837 ιρδιμε

244 5823 552 5896 Agrippini
594 5823 862 5882 decessor
889 5826 1213 5898 Epaonensi
1245 5825 1486 5883 concilio
1529 5827 1878 5899 subscrnpsnt.

2034 4585 2164 4656 ‘Vll.
2195 4601 2308 4656 Nec
2346 4601 2488 4656 illud
2519 4601 2707 4657 omitti
2745 4600 3032 4669 convenit,
3062 4599 3220 4672 quod
3260 4598 3334 4654 ad
3373 4598 3614 4654 domum

1981 4767 2055 4818 At
2080 4780 2216 4818 vero
2252 4766 2482 4818 sanctus
2510 4764 2830 4820 Germanus
2860 4779 3014 4819 anno
3045 4762 3240 4828 citato,
3274 4760 3473 4834 viginti
3503 4760 3610 4816 mi-

1985 4835 2206 4906 nimum
2247 4851 2432 4890 annos
2459 4834 2586 4906 jam
2633 4835 2924 4906 attigerat,
2957 4833 3241 4906 siquidem
3286 4833 3408 4888 fere
3451 4836 3612 4906 octo-

1985 4905 2254 4976 genarius
2283 4901 2528 4962 evolavit
2565 4905 2638 4961 ad
2678 4901 2850 4961 coélos
2879 4901 2988 4976 (Ea:
3010 4901 3306 4961 Fortunato
3343 4919 3494 4959 num.
3521 4901 3611 4973 76)

1984 4993 2140 5030 anno
2169 4979 2292 5030 676.
3431 5031 3434 5035 .

2055 5046 2122 5119 (θ)
2163 5047 2468 5116 Saumarii,
2513 5047 2646 5118 equi
2691 5047 3018 5114 Sarcinarii,
3051 5045 3224 5102 Gallis
3265 5044 3539 5100 sommiers
3580 5059 3615 5096 a

1982 5119 2433 5196 cava§,_sarc§na.
2575 5190 2590 5196 _
2816 5189 2833 5196 _
2875 5189 2904 5196 _
2985 5189 2996 5196 _
3181 5189 3192 5196 ,
3235 5187 3247 5196 ,

2055 5187 2130 5260 (f)
2163 5190 2295 5244 Post
2323 5189 2445 5244 haec
2475 5190 2650 5245 verba
2685 5189 2838 5260 apud
2871 5189 3102 5244 Surium
3143 5189 3201 5242 et
3233 5187 3305 5260 in_
3321 5185 3614 5260 nonnullis

1985 5257 2334 5330 apographis
2363 5261 2694 5330 posterioris
2718 5257 2902 5314 aetatis
2932 5260 3265 5315 inseruntur
3292 5257 3352 5312 hi
3377 5273 3574 5312 versus
3597 5273 3610 5310 :

1987 5329 2395 5402 «(’Cujus’boni’s
2416 5332 2685 5402 operibus
2705 5330 3097 5386 inﬂammatus
3117 5329 3434 5401 episcopus,
3457 5344 3616 5382 sanc-

1983 5403 2106 5480 tum
2147 5401 2579 5480 Virum__neque
2619 5401 2807 5480 adhuc
2853 5401 3393 5480 ista-recusantem,
3430 5413 3615 5480 quem

1985 5472 2157 5543 etiam
2199 5469 2589 5543 praedicabant
2633 5473 2941 5538 daemonia,
2977 5473 3037 5528 in
3077 5469 3396 5543 custodiam
3426 5469 3610 5543 tiusit:

1983 5541 2082 5597 Cui
2112 5538 2299 5616 fateor
2328 5543 2690 5616 nutu_divino
2723 5544 3090 5616 aperiebatur
3115 5542 3489 5616 ergastulum,
3513 5538 3614 5616 sed

1985 5630 2099 5690 non
2131 5613 2278 5690 hinc
2318 5613 2744 5690 egrediebatur,
2760 5609 2888 5670 nisi
2921 5615 3157 5690 supplex
3187 5609 3244 5667 et
3274 5609 3614 5690 episcopalis

1983 5683 2220 5766 daretur
2256 5679 2583 5766 prleceptio.
2615 5706 2642 5735 ι)
2673 5679 2746 5766 at
2775 5703 2908 5766 cum
2941 5679 3150 5766 ista.in
3192 5679 3612 5766 antiquioribus

1983 5749 2500 5827 sincerioribusque
2534 5756 2890 5812 membranis
2917 5773 3033 5812 non
3061 5749 3347 5825 legantur,
3380 5749 3490 5804 huc
3521 5766 3616 5808 re-

1983 5825 2240 5883 vocanda
2269 5826 2327 5882 in
2353 5825 2640 5884 secessum
2670 5827 2952 5886 duximus.
