4044 6196
429 273 496 339 30
1345 278 1636 340 SANCTUS
1669 277 2047 347 GERMANUS,
2087 277 2496 342 PARISIENSIS
2533 281 2906 341 EPISCOPL'S.
3735 282 3802 349 60

435 385 678 448 Ebronis
723 404 828 464 pro
866 387 980 449 fide
1019 390 1161 449 Iusti
1201 391 1472 447 collatum
1515 391 1619 446 est.
1661 386 1832 460 Cujus
1871 378 2064 461 ingre-
2088 383 2518 474 Atestimonio'.
2555 389 2680 457 Qua
2724 391 3024 449 occasione
3066 390 3167 450 ﬁlii
3205 389 3293 450 vel
3335 389 3466 450 filia
3496 391 3576 452 ita
3603 398 3801 454 sancte

436 482 632 541 diente
653 483 911 553 domum,
933 487 1099 542 Anna
1116 487 1384 540 matrona
1402 482 1725 556 proclamat
1741 498 1866 537 rem
1886 481 2062 537 mira-

435 574 612 634 bilem
635 595 696 634 se
715 579 928 634 videre.
951 577 1225 650 Inquisita
1245 593 1280 633 a
1303 576 1550 650 conjuge
1573 575 1712 649 quid
1731 577 1882 632 esset
1912 575 2066 648 quod

436 669 762 744 inspiceret,
786 671 901 727 ait:
927 671 1068 726 Ecce
1095 671 1297 726 beatus
1318 671 1638 726 Germanus
1661 673 1900 726 cornuta
1919 669 2064 725 facie

434 765 578 820 mihi
606 765 829 820 videtur
861 763 1128 820 incedere
1154 781 1166 819 :
1201 764 1354 836 quod
1377 781 1526 836 pene
1556 765 1643 819 vix
1671 765 1832 819 valeo
1859 766 1957 818 aut
1977 763 2064 818 in-

437 857 582 914 tueri
615 857 849 923 lumine,
875 860 973 910 aut
995 873 1262 913 sermone
1291 859 1574 926 conferre,
1599 860 1862 912 sanctum
1880 857 2066 911 virum

437 966 582 1006 novo
639 965 800 1004 more
855 949 1124 1006 cornibus
1176 951 1524 1006 radiantem.
1573 952 2065 1021 Consternataque

433 1043 754 1098 mirabatur
772 1043 982 1099 mulier
997 1043 1295 1100 hominem
1313 1047 1508 1100 nostro
1528 1047 1788 1116 tempore
1806 1044 1864 1098 in
1881 1043 2066 1114 ﬁgura

432 1135 606 1206 Moysi
635 1135 886 1207 potuisse
916 1137 1266 1208 conspicere.
1298 1137 1663 1193 Credendum
1691 1137 1846 1208 quod
1877 1140 1934 1190 et
1961 1136 2064 1190 iste

433 1231 563 1300 post
609 1229 961 1301 colloquium
1010 1230 1239 1286 Domini
1285 1231 1472 1303 potuit
1519 1248 1554 1285 a
1600 1230 1842 1285 muliere
1887 1245 2066 1284 cornu

432 1323 712 1378 exaltatus
741 1323 994 1394 agnosci.
1024 1323 1195 1394 Cujus
1221 1341 1404 1379 causa
1432 1340 1642 1396 pavore
1680 1323 1828 1378 Ebro
1859 1323 2066 1376 eadem

433 1414 526 1470 die
566 1415 730 1485 juxta
771 1415 1044 1470 Sanctum
1094 1417 1294 1472 sedere
1339 1418 1666 1472 nullatenus
1705 1415 2067 1488 prasumpsit

435 1507 645 1579 duplici
679 1524 782 1578 pro
815 1509 1042 1577 merito,
1071 1527 1319 1565 maerore
1350 1511 1568 1581 pariter
1591 1513 1650 1565 et
1677 1513 1918 1564 terrore.

502 1602 636 1655 Vlll.
697 1602 950 1673 Contigit
1018 1606 1078 1657 ut
1151 1620 1255 1674 pro
1317 1603 1460 1658 villis
1532 1602 2066 1674 Augustodunensis

432 1693 696 1749 Ecclesia
748 1696 1144 1752 Theodeberto
1202 1697 1327 1768 regi
1375 1696 1668 1753 Cabillone
1715 1699 2060 1752 occurreret.

433 1787 650 1842 Memor
685 1789 865 1842 sancti
905 1790 1310 1860 Symphoriani
1344 1791 1402 1845 in
1442 1790 1706 1862 ingressu
1734 1789 1955 1860 palatii,
1985 1770 2140 1844 itaC

435 1880 648 1950 Spiritu
679 1882 779 1934 Dei
805 1881 1169 1938 redundante
1201 1884 1422 1938 locutus
1447 1887 1553 1951 est,
1584 1887 1648 1937 ut
1673 1887 1807 1937 ante
1837 1899 1934 1936 rex
1961 1899 2064 1936 an-

436 1977 658 2040 nueret,
693 1991 868 2045 quam
911 1977 1084 2030 verba
1119 1977 1332 2048 petitor
1367 1977 1691 2048 explicaret.
1727 1976 1828 2032 Cui
1869 1979 1928 2030 et
1967 1991 2064 2030 ore

434 2067 768 2137 prophetico
816 2067 993 2122 finem
1046 2069 1184 2123 dixit
1232 2070 1302 2123 de
1349 2070 1611 2124 transitu.
1656 2069 1820 2134 Quod
1873 2069 2066 2139 paucis

433 2159 666 2214 interim
713 2160 912 2215 diebus
948 2160 1022 2233 (a)
1067 2163 1202 2216 dum
1249 2163 1323 2216 ad
1369 2163 1620 2217 Rhemos
1667 2162 1964 2229 remeavit,
2006 2161 2064 2216 in

435 2251 556 2321 ipso
589 2252 796 2306 itinere
825 2271 924 2308 rex
954 2257 1211 2309 extrema
1249 2259 1403 2310 sorte
1432 2255 1662 2322 defecit,
1692 2255 1854 2326 quasi
1884 2255 2062 2309 sancti

434 2344 547 2408 Viri
574 2361 764 2400 sermo
796 2347 979 2401 dictus
1003 2348 1204 2402 fuisset
1233 2349 1304 2402 ab
1335 2349 1564 2420 angelo.

505 2439 586 2494 1X.
614 2439 681 2492 Et
705 2439 982 2510 quoniam
1009 2441 1340 2496 beatissimo
1369 2445 1494 2496 erat
1520 2441 1804 2496 familiare
1838 2441 1895 2494 in
1921 2439 2066 2495 basi-

435 2531 543 2586 lica
567 2532 747 2586 sancti
775 2533 1180 2604 Symphoriani
1207 2535 1310 2589 soli
1335 2535 1556 2606 vigilias
1579 2535 1806 2600 ducere,
1831 2537 2067 2588 euntem

435 2641 566 2679 eum
611 2626 930 2680 monachus
971 2627 1256 2697 Sylvester
1297 2625 1679 2699 prosequitur.
1719 2629 1786 2681 Et
1823 2627 2064 2697 ingressi

431 2717 652 2788 pariter
697 2718 770 2772 ad
815 2719 995 2773 sancti
1037 2721 1305 2790 martyris
1343 2722 1646 2789 tumulum,
1689 2721 1838 2775 circa
1884 2719 2066 2774 noctis

432 2810 692 2866 medium
713 2811 783 2866 ab
807 2811 973 2866 altari
995 2815 1304 2868 tumultum
1321 2815 1790 2885 frequentantem
1804 2830 2066 2868 rumores

433 2903 738 2974 accipiunt,
768 2907 1048 2974 tanquam
1077 2906 1122 2959 si
1149 2906 1224 2960 ad
1248 2907 1512 2976 rapinam
1543 2908 1781 2960 collecta
1811 2909 2067 2960 curreret

433 2995 760 3049 multitudo.
795 2996 1048 3050 Credens
1079 2998 1234 3055 enim
1275 2999 1360 3052 vir
1399 2999 1501 3052 Dei
1533 2999 1744 3053 versari
1775 3000 2063 3053 latronum

431 3087 743 3153 inetu'sum,
775 3088 1024 3159 imperat
1057 3091 1343 3146 monacho
1386 3095 1520 3146 ante
1560 3092 1884 3162 sepulcrum
1914 3093 2062 3162 psal-

435 3182 570 3234 lere.
600 3183 724 3252 lpse
763 3198 897 3237 vero
943 3183 1162 3237 accedit
1193 3183 1266 3238 ad
1298 3174 1497 3239 altare.
1527 3185 1745 3240 Dehinc
1773 3185 1868 3238 illa
1897 3185 2066 3240 turba

435 3273 507 3328 ad
537 3275 886 3329 monachum
908 3291 1021 3346 quo
1043 3277 1325 3347 psaltcbat
1346 3277 1612 3332 alacriter
1631 3279 1920 3349 properat.
1942 3278 2064 3342 Quo

432 3370 682 3423 mactato
717 3368 966 3439 graviter
995 3371 1052 3422 et
1080 3369 1138 3423 in
1172 3373 1387 3424 terram
1413 3371 1672 3442 projecto
1701 3388 1766 3425 ac
1795 3371 2063 3425 semivivo

433 3460 652 3529 relicto,
681 3463 902 3516 veloces
925 3461 1224 3532 effugiunt.
1251 3463 1356 3528 Qui
1378 3464 1465 3518 vix
1487 3481 1622 3520 voce
1645 3463 1818 3519 ﬂebili
1841 3464 2065 3518 cladem

433 3571 595 3608 suam
623 3554 926 3625 replicans,
961 3575 994 3612 a
1025 3557 1384 3612 daemonibus
1411 3576 1469 3611 se
1497 3575 1704 3612 casum
1737 3559 1893 3629 gravi
1926 3575 2061 3612 con-

435 3663 632 3716 gressu
659 3649 952 3702 confessus
985 3654 1088 3704 est.

502 3741 560 3794 X.
590 3739 812 3794 Accidit
854 3744 916 3794 ut
959 3743 1212 3798 Sabarici
1255 3744 1505 3798 famulus
1547 3745 1795 3799 .«Esarius
1829 3745 2061 3800 nomine

433 3832 505 3885 8.11
536 3831 722 3886 virum
754 3832 824 3886 de
857 3851 970 3904 quo
1008 3836 1300 3906 loquimur
1330 3837 1602 3907 injuriam
1633 3855 1831 3908 passus
1861 3838 2061 3891 confu-

432 3927 615 3995 geret,
657 3927 982 4000 supplicans
1022 3931 1084 3982 ut
1125 3930 1382 4000 quolibet
1417 3930 1601 4000 pretio
1646 3947 1777 3984 eum
1807 3930 1876 3984 de
1909 3930 2058 3983 inso-

431 4018 601 4072 lentis
647 4019 867 4074 domini
910 4021 1138 4076 servitio
1187 4022 1477 4078 liberaret.
1524 4023 1689 4088 Quod
1733 4022 2063 4093 indignatus

433 4111 732 4167 Sabaricus
755 4130 860 4184 pro
878 4115 1094 4170 [Esario
1117 4119 1174 4169 et
1195 4116 1440 4187 conjuge
1462 4117 1547 4170 vel
1573 4117 1739 4171 unico
1761 4116 1884 4186 ejus
1902 4117 2058 4181 Filio,

431 4205 727 4277 octoginta
751 4207 964 4263 solidos
994 4209 1160 4280 pretii
1189 4226 1404 4264 nomen
1435 4209 1615 4280 petiit,
1642 4209 1950 4281 quominus
1976 4211 2058 4265 fa-

429 4300 616 4355 mulos
647 4301 834 4356 servili
861 4301 1078 4358 ditione
1107 4303 1342 4357 laxaret.
1371 4304 1584 4358 Tamen
1616 4304 1724 4358 hoc
1751 4320 1868 4358 non
1896 4303 2058 4357 dubi-

431 4393 568 4446 tavit
609 4394 1003 4452 misericordia
1031 4397 1170 4452 Justi
1213 4398 1298 4451 vel
1339 4396 1672 4469 perquirere
1704 4399 1790 4451 vel
1821 4397 2056 4451 donare.

2085 3138 2141 3210 B

2167 483 2488 539 conversati
2534 488 2684 554 sunt,
2734 489 2796 541 ut
2837 503 2942 559 per
2993 487 3346 544 monasteria
3399 505 3552 544 nunc
3594 493 3804 562 regant

2169 577 2403 648 agmina
2449 579 2886 636 monachorum.
2929 580 3066 646 Qua
3112 597 3282 637 causa
3326 581 3502 638 modo
3551 581 3803 641 mirabili

2167 671 2383 742 profuit
2440 671 2588 743 patri
2645 674 2730 726 vel
2787 673 3056 744 germini,
3115 677 3178 730 ut
3229 692 3469 748 parvum
3522 675 3802 748 genitoris

2165 763 2447 836 ﬂagitium
2475 765 2718 836 posteris
2749 767 3019 822 transiret
3048 767 3106 822 in
3134 769 3369 824 luctum.

2235 860 2319 913 XI.
2350 860 2414 914 ln
2447 875 2598 930 pago
2638 859 2914 914 Alisiense
2940 860 3012 932 (b)
3043 861 3165 916 hac
3192 879 3284 916 res
3321 867 3481 933 gesta
3513 865 3615 918 est.
3648 863 3798 920 Con-

2159 951 2262 1022 jux
2307 951 2540 1007 illustris
2583 953 2686 1008 viri
2733 954 2992 1023 Vulfarii,
3026 955 3283 1011 Destasia
3325 956 3580 1024 nomine,
3613 956 3803 1012 vitalis

2167 1046 2288 1117 spei
2315 1045 2585 1101 destituta
2611 1047 2844 1114 solatiis,
2877 1049 3089 1120 lingua
3119 1064 3322 1103 carens
3353 1049 3571 1119 officiis,
3596 1067 3700 1122 per
3718 1050 3804 1105 hi-

2167 1139 2477 1210 duumjam
2496 1143 2674 1208 muta,
2695 1141 2896 1211 spiritu
2917 1141 3218 1196 deficiente
3237 1142 3606 1210 decumbens,
3627 1160 3804 1216 appa-

2166 1233 2304 1287 ratis
2333 1233 2614 1303 exsequiis
2626 1234 2750 1304 jam
2774 1235 3094 1305 palpitabat
3116 1235 3412 1290 exanimis.
3436 1236 3536 1292 Cui
3557 1236 3802 1309 eulogiis

2166 1343 2270 1397 per
2288 1326 2685 1397 presbyterum
2707 1343 2874 1381 suum
2893 1327 3122 1385 directis
3139 1331 3198 1382 et
3212 1328 3493 1384 violenter
3509 1329 3803 1402 adapertis

2165 1421 2530 1490 pramortua
2557 1419 2823 1475 dentibus
2851 1420 2913 1474 in
2935 1437 3035 1474 ore
3055 1421 3397 1492 transjectis,
3421 1439 3554 1476 mox
3584 1426 3648 1477 ut
3667 1423 3798 1478 fau-

2166 1529 2259 1567 ces
2305 1513 2588 1568 semiviva
2637 1513 2826 1585 liquor
2868 1514 3290 1570 benedictionis
3331 1515 3568 1583 introiit,
3603 1517 3799 1571 statim

2165 1607 2365 1678 incipit
2393 1610 2741 1678 praemortua
2767 1607 2896 1662 vita
2922 1608 3150 1662 ﬂatibus
3170 1609 3463 1676 anhelare,
3487 1609 3633 1664 oculi
3655 1626 3798 1664 nece

2166 1700 2424 1770 praelusi
2450 1701 2646 1754 lumen
2674 1699 2787 1754 diei
2816 1700 3132 1770 requirere,
3157 1704 3220 1755 ut
3244 1705 3373 1772 post
3392 1703 3658 1756 funerum
3679 1703 3800 1774 pal-

2167 1795 2347 1848 lorem
2396 1793 2571 1848 facies
2613 1793 2672 1847 in
2709 1794 2980 1847 ruborem
3029 1794 3314 1861 transiret,
3359 1795 3544 1850 donec
3579 1794 3800 1850 cunctis

2166 1887 2525 1957 stupentibus
2552 1887 2832 1941 vivificata
2858 1891 3250 1958 consurgeret,
3282 1891 3340 1942 et
3363 1887 3800 1942 circumstantes

2167 1983 2461 2035 auctorem
2503 1979 2760 2034 muneris
2799 1979 3044 2051 gratiam
3076 1981 3476 2051 pradicarent.
3511 1981 3647 2046 Qua
3677 1981 3798 2035 sin-

2167 2073 2313 2144 gulis
2339 2071 2504 2128 annis
2535 2073 2813 2127 tributum
2839 2072 2966 2126 vita
2999 2073 3162 2127 solvit
3191 2090 3295 2144 pro
3322 2075 3526 2145 pretio.

2234 2167 2341 2220 XII.
2365 2167 2649 2222 Caterum
2673 2165 3090 2220 revelationum
3113 2183 3345 2221 suarum
3369 2168 3494 2239 quis
3514 2171 3802 2224 scrutator

2166 2259 2434 2326 introeat,
2466 2258 2556 2312 cui
2588 2261 2722 2312 ante
2753 2262 3000 2328 quatuor
3028 2275 3313 2314 annorum
3345 2260 3644 2328 curricula,
3674 2261 3799 2332 ipsa

2167 2353 2525 2424 episcopatus
2567 2351 2649 2406 sui
2691 2368 2862 2405 causa
2907 2368 3023 2406 non
3065 2356 3150 2406 est
3184 2353 3562 2408 abscondita?
3599 2356 3798 2425 Itaque

2167 2445 2382 2516 positus
2425 2445 2484 2499 in
2529 2461 2754 2515 sopore,
2787 2443 3013 2514 inspicit
3057 2461 3090 2498 a
3137 2446 3391 2516 quodam
3431 2463 3568 2501 sene
3611 2448 3800 2502 claves

2166 2539 2271 2594 sibi
2301 2541 2482 2610 porta
2509 2537 2806 2592 Parisiaea
2845 2537 3080 2608 porrigi.
3111 2541 3480 2610 Interrogans
3509 2539 3647 2610 quid
3686 2541 3797 2595 hoc

2165 2633 2348 2697 ﬁeret,
2397 2631 2618 2702 accepit
2668 2647 3028 2701 responsum,
3077 2634 3138 2684 ut
3190 2633 3372 2686 salvas
3417 2650 3513 2687 cas
3557 2633 3793 2688 faceret.

2168 2725 2330 2789 Quod
2356 2728 2485 2795 post
2510 2723 2750 2778 civitatis
2777 2725 2898 2795 ejus
2926 2725 3191 2795 episcopo
3214 2724 3279 2796 (ο)
3307 2725 3620 2780 decedente
3656 2727 3796 2780 dum

2165 2817 2690 2889 pracellentissimo
2710 2817 2835 2888 regi
2851 2818 3216 2872 Childeberto
3235 2823 3576 2885 occurreret,
3593 2819 3651 2873 in
3673 2820 3799 2890 ejus

2166 2911 2444 2965 electione
2473 2910 2743 2964 effectum
2764 2911 2859 2964 illa
2880 2927 2984 2965 vox
3007 2911 3342 2982 promeruit.
3373 2911 3797 2984 Ordinatusque

2167 3004 2419 3074 pontifex
2441 3004 2624 3074 qualis
2645 3007 3006 3075 quantusque
3029 3022 3087 3059 se
3111 3005 3370 3076 gesserit,
3396 3006 3503 3060 hoc
3527 3006 3798 3078 expedire

2167 3097 2362 3168 lingua
2395 3097 2652 3152 mortalis
2696 3114 2812 3151 non
2845 3097 3072 3165 sufﬁcit,
3105 3098 3379 3168 quoniam
3405 3115 3576 3169 supra
3606 3099 3792 3153 homi-

2167 3207 2299 3244 nem
2330 3191 2437 3244 fuit
2463 3207 2636 3245 omne
2667 3190 2821 3261 quod
2858 3189 3056 3244 edidit.
3094 3191 3352 3261 Denique
3388 3191 3628 3263 adeptus
3661 3209 3793 3262 gra-

2166 3285 2303 3338 dum
2335 3300 2484 3337 cura
2517 3284 2838 3354 pastoralis,
2874 3284 2946 3337 de
2985 3284 3208 3354 reliquo
3243 3285 3558 3338 monachus
3583 3285 3795 3355 persis-

2167 3378 2340 3430 tebat.
2377 3377 2516 3430 llinc
2545 3393 2603 3430 se
2633 3376 3030 3447 frequentibus
3067 3377 3369 3430 exercebat
3403 3377 3625 3447 vigiliis,
3657 3378 3794 3432 inde

2165 3469 2510 3544 continuatis
2549 3469 2880 3523 macerebat
2923 3469 3147 3524 inediis.
3177 3471 3559 3524 Pernoctabat
3601 3470 3795 3541 algida

2165 3566 2427 3617 senectus
2471 3579 2574 3633 per
2615 3562 2869 3616 hiemem
2913 3563 3200 3616 sustinens
3239 3563 3542 3634 dupliciter
3570 3564 3791 3634 frugus,

2165 3657 2348 3711 aetatis
2373 3659 2430 3710 et
2459 3655 2754 3726 temporis,
2779 3655 2934 3725 quod
2963 3673 3068 3709 nec
3104 3657 3352 3710 tolerare
3381 3656 3598 3726 possint
3625 3661 3794 3727 petu-

2165 3749 2301 3803 lcnti
2323 3749 2565 3818 juvenes
2590 3765 2602 3802 :
2629 3749 2879 3819 seipsum
2906 3765 3054 3819 pene
3077 3747 3414 3802 obliviscens
3432 3765 3536 3819 pro
3557 3749 3796 3803 victoria

2163 3842 2436 3912 corporis,
2472 3845 2748 3912 tanquam
2781 3841 2824 3895 si
2865 3841 3031 3896 simul
3060 3841 3430 3896 accessissent
3461 3841 3713 3911 dignitas
3738 3845 3795 3896 et

2164 3935 2504 4000 necessitas;
2555 3951 2682 4004 qua
2727 3950 2858 3987 vero
2916 3935 3297 4005 eleemosyna
3349 3937 3466 3988 tam
3511 3935 3580 3987 de
3621 3935 3794 3989 rebus

2164 4027 2414 4083 ecclesia
2446 4043 2620 4098 quam
2669 4027 2862 4098 populi
2893 4027 3182 4082 oblatione
3225 4029 3312 4080 vel
3343 4027 3504 4098 regio
3549 4044 3791 4081 munere

2164 4138 2266 4192 per
2301 4137 2508 4174 manus
2547 4119 2738 4175 Sancti
2780 4120 2944 4174 facta
2979 4123 3130 4186 sunt,
3159 4121 3312 4176 solus
3340 4121 3434 4175 ille
3467 4119 3563 4192 qui
3595 4121 3795 4175 omnia

2162 4215 2252 4280 sit,
2284 4213 2442 4269 novit
2467 4217 2524 4268 et
2556 4215 2840 4267 numerat.

2229 4309 2360 4362 Xlll.
2383 4306 2636 4376 Denique
2661 4306 2912 4377 quadam
2933 4305 3050 4360 vice
3069 4305 3554 4378 praeellentissim
3564 4323 3627 4359 us
3643 4306 3796 4360 Chil-

2163 4401 2432 4455 debertus
2453 4417 2547 4454 rex
2580 4416 2710 4454 cum
2741 4399 2791 4453 ei
2819 4398 3116 4454 direxisset
3145 4416 3237 4454 sex
3269 4399 3448 4454 millia
3474 4399 3792 4454 solidorum

430 4482 553 4546 Quo
603 4488 786 4555 pretio
832 4491 1143 4559 persoluto,
1191 4490 1434 4562 contigit
1485 4494 1548 4545 ut
1587 4493 1720 4545 ante
1765 4489 2138 4576 basilicamD
2165 4493 2509 4565 pauperibus
2539 4492 2853 4563 eroganda,
2879 4493 3208 4564 expendens
3231 4493 3341 4546 tria
3362 4493 3541 4546 millia
3560 4493 3795 4546 reverti-

426 4591 576 4646 sape
617 4577 799 4632 dictus
836 4582 1138 4636 Sabaricus
1179 4585 1517 4653 praeteriret,
1547 4602 1652 4639 nec
1692 4588 1885 4638 tamen
1927 4599 2055 4638 ora-

429 4668 571 4723 tioni
617 4687 844 4744 quoque
889 4677 1231 4728 occurreret.
1265 4676 1369 4738 Qui
1403 4677 1640 4731 domum
1670 4694 1833 4731 suam
1863 4677 2054 4747 ingre-

429 4762 612 4830 diens,
646 4765 840 4819 statim
873 4765 1167 4836 afﬂigitur,
1191 4767 1421 4836 ligatur,
1447 4772 1504 4821 et
1529 4769 1746 4822 catenis
1775 4769 2060 4824 revinctus

429 4854 502 4909 ad
533 4856 806 4914 Sanctum
835 4858 1184 4931 perducitur.
1217 4860 1411 4932 Neque
1438 4861 1515 4914 sic
1545 4878 1579 4915 a
1610 4861 1704 4931 pio
1735 4861 1856 4916 viro
1887 4863 2056 4916 mise-

429 4948 676 5006 ricordia
723 4953 958 5018 tollitur,
989 4951 1088 5006 sed
1129 4953 1322 5007 statim
1358 4953 1530 5009 missa
1559 4970 1726 5025 prece
1759 4954 1881 5024 ejus
1911 4956 2058 5010 obti-

430 5046 602 5098 nente
636 5046 748 5100 fide
791 5049 1088 5118 purgatur.
1119 5044 1272 5119 Tunc
1304 5048 1514 5118 adjecit
1546 5046 1849 5102 Sabaricus
1874 5049 2059 5102 adhuc

429 5139 629 5210 viginti
676 5156 880 5195 aureos
925 5141 999 5196 ad
1048 5143 1298 5214 pretium
1339 5141 1493 5212 quod
1538 5145 1857 5212 acceperat,
1893 5144 1950 5194 et
1990 5142 2060 5195 de

432 5237 663 5288 centum
684 5233 880 5288 solidis
895 5250 1028 5288 crux
1047 5236 1120 5290 ad
1137 5236 1460 5306 sepulcrum
1477 5234 1630 5289 beati
1656 5233 2062 5306 Symphoriani

435 5325 506 5380 ab
551 5325 672 5398 ipso
708 5343 982 5399 suspensa
1023 5311 1152 5383 est':
1183 5345 1309 5400 qua
1351 5345 1528 5399 usque
1571 5327 1742 5382 hodie
1777 5343 1869 5382 res
1897 5330 1981 5380 est
2004 5327 2060 5380 in

507 5438 582 5508 (a)
613 5439 682 5492 Et
729 5440 925 5511 tamen
970 5439 1278 5511 Gregorius
1319 5441 1527 5494 Turon.
1563 5439 1764 5511 inrlib.
1799 5456 1856 5493 Ill
1899 5439 2060 5505 Hist.,

433 5526 558 5581 cap.
609 5512 696 5574 36,
745 5509 939 5564 scribit
988 5509 1452 5566 Theodobertum
1511 5509 1827 5565 diutissime
1879 5527 2063 5578 agro-

435 5584 604 5648 tasse,
638 5585 696 5634 et
745 5598 869 5652 cap.
899 5585 986 5645 37,
1021 5599 1173 5637 anno
1223 5586 1290 5638 37
1341 5585 1468 5652 post
1507 5581 1772 5637 Clodovei
1822 5581 2062 5646 obitum,

434 5652 598 5720 regni
627 5653 710 5706 sui
746 5654 828 5720 14,
863 5653 1070 5708 Christi
1100 5653 1314 5708 scilicet
1342 5656 1464 5718 558,
1497 5652 1724 5707 obiisse.

511 5719 580 5791 (ω
623 5719 819 5796 Alexia
859 5724 1074 5796 (Aliso),
1121 5724 1397 5796 oppidum
1430 5724 1740 5796 quondam
1772 5720 2063 5796 _validissi-

437 5810 596 5848 mum
627 5795 685 5848 in
713 5793 1035 5868 colle‘apud
1061 5793 1395 5853 Mandubios
1425 5793 1484 5850 in
1518 5793 1846 5866 Burgundia
1873 5793 2064 5862 situm,

2159 4591 2250 4641 tur
2280 4586 2354 4640 ad
2380 4585 2686 4656 palatium;
2723 4585 3110 4656 interrogatus
3141 4603 3174 4640 a
3204 4602 3342 4656 rege
3369 4586 3415 4638 si
3442 4586 3626 4639 adhuc
3646 4585 3791 4638 resi-

2160 4680 2323 4733 deret
2353 4679 2508 4749 quod
2538 4678 2734 4748 egenis
2767 4678 3063 4746 tribueret,
3088 4679 3388 4750 respondit
3414 4677 3788 4732 medietatem

2159 4771 2457 4836 resedisse,
2484 4788 2588 4825 nec
2614 4771 2896 4825 invenisse
2922 4771 3123 4841 inopes
3145 4771 3349 4842 quibus
3371 4773 3552 4824 totum
3585 4787 3795 4841 expen-

2161 4866 2343 4919 deret.
2369 4864 2470 4920 Cui
2489 4881 2586 4918 rex
2609 4863 2796 4936 inquit
2821 4881 2832 4918 :
2861 4885 2886 4912 ‹‹
2909 4864 3344 4936 Do_mine,dona
3367 4863 3521 4934 quod
3541 4863 3744 4917 restitit
3775 4881 3787 4916 :

2161 4975 2298 5012 nam
2325 4957 2547 5012 Christo
2579 4957 2859 5027 largiente
2892 4957 3046 5028 quod
3078 4957 3326 5012 donetur
3347 4974 3460 5010 non
3485 4955 3738 5010 deﬁciet:
3763 4979 3791 5002 ››

2163 5051 2422 5104 incidens
2442 5052 2605 5104 orata
2627 5049 2906 5117 missoria,
2927 5053 3206 5121 argentea
3220 5067 3354 5104 vasa
3370 5048 3792 5113 comminuens,

2164 5142 2442 5214 quidquid
2458 5143 2708 5213 primum
2725 5142 2924 5196 habuit
2945 5143 3088 5196 dans
3106 5142 3386 5198 sacerdoti
3407 5159 3478 5196 ne
3502 5141 3792 5212 perderet.

2163 5237 2297 5290 Erat
2317 5252 2457 5306 ergo
2480 5234 2863 5306 exspectanda
2883 5237 3176 5290 contentio
3194 5235 3345 5290 inter
3360 5233 3718 5289 sacerdotem
3738 5238 3800 5287 et

2163 5328 2480 5400 principem
2489 5369 2501 5382 .
2517 5327 2816 5382 Faciebant
2829 5327 2982 5400 apud
2993 5345 3050 5384 se
3062 5329 3129 5384 de
3143 5327 3526 5383 misericordia
3541 5341 3794 5398 pugnam

2167 5439 2372 5493 Casari
2414 5437 2774 5493 notissimum
2809 5439 2904 5493 lib.
2939 5456 3012 5493 vn
3049 5440 3118 5494 de
3163 5439 3298 5494 Bell.
3332 5439 3498 5506 Gall.,
3528 5455 3680 5492 nunc
3715 5437 3796 5492 vi-

2167 5525 2263 5562 cus
2290 5513 2376 5580 est
2405 5511 2533 5564 colli
2561 5509 2791 5564 declivis
2822 5510 3140 5580 impositus.
3684 5579 3689 5580 γ
3831 5507 3843 5521 ’

2239 5579 2304 5650 (c)
2333 5581 2574 5636 Eusebio
2601 5585 2829 5636 sanctus
2865 5579 3184 5636 Germanus
3213 5581 3482 5637 successit
3505 5580 3564 5634 iu
3597 5579 3798 5634 sedem

2166 5649 2508 5705 Parisiacam
2541 5656 2674 5706 ante
2709 5651 3013 5707 concilium
3045 5653 3361 5708 Parisiense
3394 5671 3476 5721 ιιι,
3501 5668 3656 5706 anno
3695 5655 3796 5706 5237

2169 5721 2540 5789 celebratum,
2577 5723 2662 5777 cui
2691 5724 3010 5778 Germanus
3036 5723 3384 5796 subscripsit.
