4044 6196
271 273 331 335 6t
1872 279 2040 339 VI’I‘A.
3566 270 3632 353 δέ

269 383 420 444 etde
445 382 656 460 pietate
686 388 995 460 certamen,
1027 355 1322 448 thesauros
1361 391 1427 446 ut
1465 390 1820 464 spargerent,
1850 393 1908 446 et
1926 400 1987 476 Α
2007 391 2212 452 Christi
2237 393 2466 456 nomine
2493 384 2770 471 invocato,
2801 415 3071 458 concussa
3105 401 3310 459 sanctis
3337 386 3528 476 digitis
3561 400 3632 459 ad

269 479 336 536 de
365 480 488 538 suis
523 481 749 538 talentis
787 482 955 556 egeni
981 483 1338 554 ditescerent,
1368 482 1559 540 festini
1598 483 1670 539 ad
1709 481 1904 540 futura

264 573 445 646 lucra,
481 581 544 632 ut
566 577 868 633 bratheum
897 594 1091 634 semen
1119 576 1190 649 (α)
1217 581 1488 646 sererent,
1515 581 1573 634 et
1595 581 1726 652 post
1749 594 1900 634 mes-

263 684 422 726 sores
439 670 774 749 accederent
788 671 1140 727 aurolentam
1157 686 1260 743 per
1271 675 1524 744 segetem
1537 691 1551 728 :
1569 675 1635 727 ut
1649 671 1903 728 sacerdos

262 763 713 837 locupletaretur
737 764 1022 838 regalibus
1043 764 1337 835 thesauris,
1355 769 1416 820 et
1433 765 1494 820 in
1519 756 1715 838 regem
1743 765 1904 822 ﬂore-

261 865 354 914 ret
383 856 571 931 gratia
597 858 920 930 sacerdotis,
948 858 1047 930 qui
1075 875 1247 914 suum
1279 859 1463 914 solum
1502 859 1608 914 hoc
1643 858 1899 928 credidit,

260 953 421 1024 quod
441 953 632 1009 nudus
650 955 751 1007 aut
775 968 988 1024 egenus
1017 953 1256 1025 accepit.

333 1047 470 1102 XIV.
493 1045 602 1102 Sed
621 1049 971 1102 revertamur
989 1045 1056 1101 ad
1081 1045 1358 1104 ordinem.
1377 1045 1617 1112 Quidam
1635 1045 1696 1100 in
1715 1045 1906 1100 Exona

259 1139 504 1209 (Essone,
533 1155 710 1211 prope
739 1139 1080 1211 Corbolium)
1108 1139 1227 1196 vico
1265 1140 1334 1195 de
1362 1139 1642 1195 ﬁscalibus
1678 1138 1904 1194 famulis

256 1233 601 1289 Gildomeris
626 1232 877 1302 nomine,
895 1249 1027 1288 cum
1048 1233 1138 1288 die
1166 1233 1452 1289 Dominico
1478 1233 1752 1304 quiddam
1776 1247 1906 1303 ope-

257 1331 420 1382 ratus
447 1327 540 1396 sit,
565 1326 645 1380 ita
670 1325 1022 1380 contrahitur
1042 1325 1252 1398 digitis,
1276 1331 1338 1382 ut
1360 1327 1642 1398 unguium
1663 1341 1906 1380 acumen

257 1424 490 1494 partem
515 1419 782 1476 transiret
808 1418 867 1474 in
887 1419 1142 1475 alteram.
1171 1419 1276 1485 Qui
1300 1419 1545 1475 Parisius
1567 1423 1758 1474 sancto
1787 1419 1906 1473 viro

259 1513 512 1569 occurrit
537 1513 603 1568 in
629 1513 912 1582 oratorio;
941 1517 998 1568 et
1025 1513 1277 1568 oratione
1303 1513 1451 1584 data,
1471 1529 1759 1586 manuque
1783 1529 1906 1584 per-

258 1612 435 1662 uncta
462 1609 610 1676 oleo,
644 1623 866 1679 ungues
898 1607 970 1664 de
1006 1607 1194 1680 palma
1227 1611 1481 1662 retracta:
1521 1611 1673 1663 sunt.
1706 1605 1908 1677 Digitis

258 1701 528 1756 redditur
558 1718 839 1773 organum
861 1707 917 1756 et
933 1700 994 1756 in
1013 1699 1247 1772 antiquo
1273 1699 1456 1756 officio
1472 1716 1776 1756 nervorum
1799 1699 1908 1754 tela

2001 503 2061 544 se
2093 487 2358 560 junctum
2394 491 2719 564 revertitur,
2770 498 2828 550 et
2869 510 2986 550 sua:
3029 494 3160 552 ﬁdei
3203 495 3406 552 merito
3447 495 3633 552 salvus

2001 582 2235 640 domum
2261 585 2574 643 reducitur.
3498 653 3504 658 ,

2072 679 2198 734 ΧΙΧ.
2225 679 2365 734 Item
2389 679 2568 748 faber,
2600 679 2854 752 Ligerius
2886 682 3119 738 nomine
3158 681 3471 740 turbulenti
3513 683 3630 740 dm-

2002 769 2186 827 monis
2221 776 2482 843 arreptus
2515 773 2758 842 insania,
2800 775 2878 830 ita
2912 775 3131 831 bestiali
3165 776 3387 831 feritate
3425 792 3630 848 proru-

2001 868 2180 936 perat,
2209 869 2274 920 ut
2299 865 2508 922 catenis
2548 867 2689 922 collo
2725 869 3099 942 manibusque
3127 869 3412 926 revinctus
3439 869 3536 926 vix
3559 870 3633 926 ad

2001 957 2148 1013 beati
2173 957 2288 1014 Viri
2311 959 2638 1018 traheretur
2665 961 3045 1031 praesentiam.
3075 962 3208 1030 Inde
3237 962 3630 1030 miserabilior,

2002 1055 2067 1106 ut
2091 1051 2190 1124 qui
2215 1053 2524 1108 sustinebat
2547 1053 2617 1108 ab
2637 1055 2798 1110 hoste
2827 1053 3170 1126 violentiam,
3197 1055 3306 1130 ipsi
3328 1055 3633 1112 adderetur

2003 1146 2175 1201 altera
2199 1161 2365 1218 poena
2388 1162 2492 1218 per
2517 1147 2758 1202 vincula.
2781 1149 2960 1213 Quem
2985 1153 3176 1204 tamen
3197 1149 3452 1205 sacerdos
3479 1149 3632 1222 apud

2005 1254 2062 1293 se
2091 1239 2335 1311 imperat
2381 1239 2656 1310 detineri;
2714 1245 2798 1310 et,
2858 1240 3004 1296 sicut
3059 1241 3296 1312 septimo
3348 1243 3436 1298 die
3487 1243 3630 1298 Deus

2003 1329 2219 1405 quievit
2243 1333 2313 1388 ab
2341 1350 2530 1405 opere,
2559 1334 2648 1401 fita
2676 1338 2734 1390 et
2770 1351 2942 1406 opera
2969 1333 3067 1389 Dei
3104 1339 3380 1390 transacta
3415 1336 3628 1392 hebdo-

2005 1426 2171 1481 mada
2196 1426 2437 1499 eripitur
2463 1445 2495 1481 a
2524 1427 2783 1483 daemone
2799 1445 2818 1498 ς
2856 1427 3048 1499 sicque
3087 1427 3149 1482 in
3187 1428 3418 1501 propria
3452 1428 3635 1484 redire

2005 1536 2234 1574 securus
2258 1519 2467 1574 meruit
2494 1520 2767 1576 liberatus
2792 1521 2864 1575 ab
2892 1521 3072 1576 hoste.

2075 1613 2178 1669 XX.
2226 1613 2440 1668 Waddo
2477 1614 2564 1668 vir
2598 1613 2837 1684 illuster,
2870 1613 3113 1668 consiliis
3151 1613 3304 1686 regis
3328 1612 3634 1686 particeps,

2006 1709 2206 1778 typum
2229 1706 2533 1777 dupliciter
2545 1707 2843 1764 incurrens
2865 1706 3040 1762 febris
3054 1710 3110 1762 et
3127 1707 3377 1778 frigoris,
3407 1721 3641 1779 exspur-

258 1795 566 1850 retexitur.
598 1795 776 1860 Quem
801 1795 1070 1850 clericum
1095 1799 1221 1865 post
1246 1793 1529 1864 effectum,
1562 1799 1619 1849 et
1655 1796 1720 1848 ut
1756 1793 1902 1848 inte-
1925 1774 1984 1848 B
2010 1774 2228 1871 gandus
2265 1774 2444 1856 sancti
2479 1800 2592 1855 Viri
2640 1803 3019 1873 praesentatur
3059 1774 3369 1856 obtutibus.
3415 1774 3636 1855 Interea

266 1904 442 1960 grum
473 1888 695 1942 salvum
719 1888 948 1956 faceret,
975 1893 1130 1959 peste
1157 1887 1414 1944 liberavit
1441 1891 1499 1942 et
1523 1887 1778 1942 crimine.

333 1983 444 2038 XV.
483 1983 700 2038 Rursus
739 1981 1001 2054 quaedam
1042 1981 1251 2037 mulier
1295 1981 1527 2036 nomine
1563 1980 1805 2035 Favonia
1843 1979 1903 2034 in

262 2076 404 2131 urbe
431 2075 716 2130 Parisiaca
737 2092 839 2147 per
863 2093 1065 2131 novem
1091 2075 1208 2130 dies
1231 2073 1551 2146 percipiens
1576 2073 1721 2128 nihil
1762 2075 1923 2144 prae-'

262 2174 350 2223 ter
372 2169 737 2241 pulticulam,
766 2185 864 2224 ore
887 2174 1082 2240 aperto
1107 2168 1332 2223 inhians
1355 2171 1546 2222 sancto
1565 2167 1694 2222 Viro
1721 2167 1905 2223 oblata

262 2267 364 2318 est.
391 2264 534 2329 Qua:
563 2264 715 2318 velut
737 2263 888 2318 ferro
912 2263 1166 2336 opposito
1193 2261 1346 2316 nulla
1376 2261 1502 2333 lege
1531 2263 1752 2332 poterat
1771 2260 1907 2330 jun-

267 2371 398 2426 gere
430 2355 632 2410 dentes
655 2360 755 2410 aut
793 2355 958 2410 labia.
995 2358 1177 2420 Quam
1211 2353 1271 2408 in
1297 2353 1543 2410 oratorio
1573 2369 1728 2407 sacro
1771 2369 1900 2424 per-

263 2452 434 2504 uncta
486 2449 632 2518 oleo,
674 2449 901 2521 palpato
943 2449 1195 2520 undique
1249 2446 1429 2518 capite
1467 2445 1588 2500 sine
1637 2445 1900 2500 tarditate

267 2541 437 2596 saluti
461 2541 728 2597 restituit.

341 2635 470 2688 XVI.
497 2635 714 2690 Accidit
743 2639 806 2690 ut
829 2634 1017 2706 puella
1044 2633 1308 2706 quaedam
1333 2633 1402 2688 de
1429 2631 1676 2688 Medardi
1705 2631 1893 2702 Mogli-

267 2726 540 2782 dimensis
582 2727 664 2806 (ὑλ
694 2727 908 2782 familia
952 2729 1114 2782 Iilans
1152 2725 1242 2782 die
1281 2725 1589 2795 Dominico,
1621 2727 1902 2780 contracta

266 2836 438 2875 manu
459 2821 829 2876 damnaretur
843 2821 1137 2892 supplicio.
1166 2821 1284 2885 Qua
1303 2823 1558 2874 contacta
1577 2817 1700 2872 oleo
1720 2817 1900 2870 virtus

265 2912 474 2968 infudit
499 2913 839 2968 remedium.
866 2913 1002 2968 Hinc
1021 2917 1312 2985 stupentes
1328 2911 1492 2982 digiti
1507 2911 1762 2982 vigorem
1787 2909 1900 2980 pri-

265 3007 483 3061 stinum
509 3007 867 3078 resipiscunt,
887 3007 1126 3062 oblitum
1148 3006 1283 3060 artis
1311 3004 1560 3060 cilicium
1579 3002 1797 3058 reducti
1816 3019 1900 3056 ar-

2003 1893 2143 1947 hora
2168 1893 2330 1948 solita
2353 1893 2510 1948 febre
2535 1909 2838 1949 concussus
2867 1892 3214 1965 gravissima,
3246 1897 3312 1948 ut
3341 1892 3640 1964 refrigera-

2001 1989 2162 2042 retur
2186 1987 2274 2042 vel
2301 2003 2507 2058 aquam
2533 1987 2810 2042 instanter
2834 1987 3173 2058 expostulat.
3202 1987 3322 2050 Qua
3347 1985 3452 2040 sibi
3471 1986 3641 2040 dene-

2005 2083 2134 2150 gata
2163 2080 2226 2134 in
2265 2081 2442 2147 sancti
2480 2080 2762 2152 pontiﬁcis
2799 2079 3086 2135 insolescit
3121 2079 3410 2152 injuriam.
3439 2079 3535 2134 Vir
3559 2083 3641 2133 ta-

2003 2189 2137 2228 men
2161 2173 2257 2228 Dei
2291 2177 2590 2230 contentus
2627 2178 2694 2229 ut
2735 2173 3018 2229 obtineret
3039 2173 3356 2240 victoriam,
3383 2171 3638 2226 oratione

2003 2266 2299 2338 explicata,
2331 2272 2532 2338 potum
2561 2267 2614 2322 ei
2653 2267 2870 2346 donans
2895 2267 2955 2321 in
2982 2265 3182 2336 calida,
3213 2265 3506 2320 hominem
3543 2282 3637 2320 re-

2001 2360 2217 2416 vocavit
2231 2361 2473 2416 salutem
2491 2361 2562 2416 ad
2579 2361 2902 2432 pristinam,
2923 2365 2979 2416 et
2993 2360 3297 2415 imminens
3317 2359 3637 2432 periculum

2006 2455 2101 2509 tali
2127 2455 2344 2509 curavit
2367 2455 2640 2525 antidoto,
2669 2454 2889 2510 febrem
2914 2471 3120 2509 curans
3147 2470 3252 2526 per
3279 2453 3543 2509 calidam.

2071 2548 2199 2602 XXI.
2237 2547 2347 2602 Nec
2395 2548 2539 2602 illud
2585 2551 2671 2603 est
2709 2549 3172 2619 praetereundum
3219 2547 3419 2602 similis
3457 2561 3639 2600 causa:

1999 2638 2358 2700 miraculum.
2393 2639 2625 2711 Reginae
2653 2639 3038 2695 Chrodosintae
3071 2639 3132 2712 (e)
3162 2639 3439 2709 minister,
3482 2638 3640 2694 Ulfus

1999 2731 2252 2801 nomine,
2281 2736 2416 2802 typo
2449 2730 2532 2803 [Id
2554 2737 2652 2795 est,
2682 2734 2829 2800 febri
2848 2732 3144 2804 periodica]
3176 2732 3488 2787 vexabatur
3517 2747 3640 2802 gra-

1997 2824 2244 2880 vissime.
2271 2825 2510 2879 Poscens
2537 2823 2804 2896 suffragia
2837 2824 3096 2894 medelas,
3124 2825 3379 2896 perrexit
3405 2825 3476 2880 ad
3501 2839 3641 2895 pon-

1996 2917 2224 2974 tiﬁcem.
2254 2919 2432 2983 Quem
2458 2917 2540 2972 vir
2581 2918 2676 2973 Dei
2713 2923 3033 2974 constanter
3065 2917 3220 2973 ducit
3253 2919 3324 2972 ad
3364 2916 3634 2989 baptiste-

1997 3011 2170 3066 rium.
2205 3011 2312 3068 Sed
2351 3015 2621 3068 exorante
2663 3011 2863 3067 Sancto
2897 3010 3068 3083 ccepit
3103 3009 3281 3083 afﬂigi
3319 3009 3544 3082 gravius
3577 3008 3638 3064 in

263 3099 420 3153 ticuli
445 3098 816 3166 meditantur,
843 3115 1045 3154 manus
1061 3115 1283 3154 ramosa
1308 3097 1666 3166 distenditur,
1695 3101 1751 3151 εἰ
1768 3111 1900 3168 Pur-
1928 3134 1983 3209 Ο
2009 3105 2266 3176 proximo
2283 3105 2625 3161 liberandus.
2648 3105 2898 3160 Postulat
2915 3103 3119 3160 ardens
3144 3108 3200 3160 et
3215 3108 3456 3159 aestuans
3475 3119 3638 3175 aqua:

265 3197 396 3263 gata
425 3191 561 3246 vitio
587 3193 817 3248 dextera
842 3193 1006 3247 saluti
1031 3191 1340 3247 reducitur.

333 3287 492 3340 XVII.
518 3286 686 3340 Recte
715 3287 967 3340 creditur
991 3286 1360 3340 inserendum
1381 3284 1524 3340 illud
1549 3299 1778 3356 quoque
1807 3282 1910 3338 mi-

264 3380 548 3434 raculum.
575 3379 879 3434 Bobolinus
901 3379 1134 3450 quidam
1154 3378 1221 3433 de
1240 3378 1358 3433 vico
1385 3378 1652 3432 Noviomo
1679 3378 1904 3446 (Noyon,

264 3473 322 3526 in
350 3472 624 3544 Picardia)
653 3473 1019 3529 vehementer
1035 3472 1256 3526 inimici
1277 3488 1544 3542 pervasus
1567 3470 1807 3539 insidiis,
1835 3469 1908 3524 ad

267 3566 569 3620 Hominem
597 3566 698 3620 Dei
723 3566 960 3621 vinculis
982 3582 1164 3621 nexus
1200 3564 1522 3634 adducitur,
1551 3564 1746 3618 rebelli
1789 3561 1904 3633 spi-

267 3661 378 3712 ritu
413 3664 629 3714 rotatus
662 3659 946 3714 excutitur
987 3676 1092 3714 nec
1129 3659 1389 3738 lassatur.
1441 3657 1569 3724 Qui,
1638 3660 1908 3711 exorante

267 3757 458 3808 sancto
489 3752 644 3817 Viro,
683 3751 844 3823 quasi
873 3751 941 3807 de
976 3751 1150 3822 longo
1184 3751 1385 3806 itinere
1423 3750 1495 3805 ad
1531 3766 1590 3804 se
1633 3763 1906 3818 suamque

269 3850 526 3901 mentem
553 3845 799 3916 septimo
825 3844 916 3900 die
955 3843 1276 3899 revertitur.
1315 3844 1402 3899 Sic
1439 3842 1740 3914 dupliciter
1760 3841 1902 3896 libe-

267 3947 444 4008 ratus,
473 3939 616 3993 dum
641 3937 786 4010 fugit
815 3937 1018 3992 umbra
1045 3937 1114 3992 de
1141 3936 1418 4006 sensibus,
1441 3941 1637 3992 catena
1664 3933 1813 3990 cadit
1837 3934 1905 3989 de

267 4032 528 4086 manibus
553 4037 611 4086 et
635 4047 806 4086 sanus
835 4030 1092 4086 redditur
1117 4036 1173 4086 et
1199 4030 1438 4085 solutus.

331 4125 516 4180 XVIII.
547 4126 659 4179 lloc
688 4129 879 4180 autem
907 4123 1199 4179 memoriae
1223 4125 1355 4194 jure
1381 4126 1659 4194 perpetuo
1690 4127 1774 4177 est
1795 4126 1908 4176 tra-

260 4219 540 4275 d:ndum.
591 4217 832 4282 Quidam
876 4233 944 4272 ex
991 4216 1314 4272 Nantharici
1363 4215 1470 4288 [An
1507 4213 1906 4287 Nemptodori?

257 4316 532 4369 Nanterre
545 4310 590 4384 ?]
623 4311 860 4378 familia,
891 4311 1164 4382 separatis
1189 4310 1260 4363 ab
1281 4309 1524 4364 invicem
1546 4309 1907 4364 maxillarum

251 4405 569 4476 juncturis,
601 4421 698 4459 ore
723 4404 914 4475 aperio
941 4404 1013 4458 ad
1039 4409 1296 4457 sanctum
1325 4403 1523 4458 Virum
1549 4401 1902 4474 perducitur.

2009 3197 2316 3268 modicum,
2343 3199 2440 3254 sed
2469 3203 2734 3271 negatur.
2755 3199 2862 3263 Qui
2881 3197 3027 3254 fellis
3057 3197 3434 3253 amaritudine
3463 3196 3638 3252 susci-

2009 3295 2156 3346 tatus
2193 3292 2488 3362 acerrime,
2526 3293 2778 3346 balteum
2825 3308 2994 3347 suum
3045 3291 3118 3346 ad
3166 3291 3351 3347 Sancti
3404 3289 3641 3362 vestigia

2006 3385 2244 3456 projecit
2281 3385 2529 3440 clamans
2575 3401 2588 3440 :
2639 3387 2722 3439 Tu
2760 3401 2872 3454 me,
2901 3383 3148 3454 domine,
3177 3383 3464 3452 interﬁcis,
3507 3399 3640 3438 cum

2008 3494 2206 3533 sanare
2236 3478 2530 3534 debueras.
2569 3478 2675 3533 Sed
2713 3478 2818 3532 hoc
2861 3477 2964 3532 tibi
2998 3481 3196 3530 notum
3240 3476 3328 3543 sit,
3369 3475 3503 3548 quia
3536 3491 3650 3547 per

2008 3575 2061 3626 te
2089 3571 2320 3625 morior.
2351 3571 2473 3626 Vita
2509 3587 2634 3626 mea
2659 3587 2694 3624 a
2731 3575 2785 3626 te
2813 3571 2920 3626 erit
2948 3569 3288 3641 requirenda
3321 3586 3354 3623 a
3391 3585 3525 3640 rege
3550 3569 3637 3624 vel

2007 3681 2039 3718 a
2072 3664 2418 3736 parentibus.
2464 3664 2758 3720 Interdum
2796 3681 2914 3736 prae
2951 3665 3132 3719 calore
3179 3680 3282 3736 per
3319 3661 3633 3735 baptisterii

2006 3757 2395 3829 pavimentum
2429 3758 2735 3813 volutatur.
2772 3759 2978 3814 Orante
3015 3757 3178 3812 beato
3218 3756 3344 3812 Viro
3381 3757 3439 3812 in
3476 3771 3634 3828 sopo-

2007 3867 2130 3906 rem
2159 3852 2522 3921 convertitur,
2552 3857 2609 3907 et
2643 3851 3058 3924 aliquantulum
3092 3855 3219 3922 post
3243 3867 3508 3906 somnum
3537 3867 3637 3906 ex-

2007 3943 2226 4012 citatus,
2261 3933 2331 4000 ab
2359 3945 2483 4016 ipso
2513 3945 2574 4000 in
2610 3961 2839 4000 omnem
2864 3945 3312 4000 incolumitatem
3337 3943 3640 4016 languidus

2007 4037 2364 4093 reformatur.
2389 4037 2693 4109 Inquisitus
2718 4055 2752 4092 a
2770 4037 3036 4110 pontiﬁce
3057 4054 3159 4092 cur
3177 4041 3399 4092 tantum
3420 4037 3640 4092 locutus

2007 4129 2077 4184 sit
2099 4130 2168 4183 ad
2197 4129 2467 4200 injuriam
2487 4131 2807 4200 sacerdotis,
2839 4129 3128 4202 respondit
3149 4129 3411 4184 solum—ei
3432 4129 3640 4200 gratias

2007 4221 2275 4294 referens,
2304 4221 2449 4278 nihil
2478 4240 2536 4280 se
2567 4224 2636 4279 de
2676 4222 2792 4278 suis
2827 4223 3009 4278 verbis
3047 4222 3328 4278 recordari
3352 4222 3637 4276 confessus

2007 4320 2110 4370 est.

2077 4410 2230 4464 XXII.
2279 4409 2833 4466 Prsecellentissimus
2893 4408 3284 4462 Childebertus
3335 4423 3436 4462 rex
3503 4423 3634 4460 cum

257 4502 447 4564 Quem
471 4498 638 4570 signo
664 4489 1135 4567 crucis'impresso
1160 4496 1384 4550 sanitati
1411 4495 1697 4551 redditum
1728 4495 1982 4574 vetuitD
2004 4519 2215 4574 equum
2264 4503 2643 4558 necessarium
2681 4503 2752 4556 ad
2790 4500 2986 4556 sellam
3023 4499 3174 4555 beati
3211 4500 3320 4556 viri
3371 4501 3637 4556 donasset

257 4610 336 4647 ne
362 4592 646 4663 acciperet
688 4589 804 4646 vini
843 4595 1043 4661 potum
1067 4594 1166 4644 aut
1190 4588 1374 4643 carnis
1407 4588 1660 4644 edulium
1690 4587 1774 4660 (ο).
1802 4589 1910 4653 Qui

258 4689 556 4757 praecepto
598 4683 906 4755 postposito
939 4683 1009 4736 ad
1039 4698 1300 4736 normam
1325 4681 1412 4736 sui
1435 4682 1684 4754 langoris
1719 4681 1909 4736 statim

261 4779 535 4831 reductus
565 4781 667 4832 est.
703 4777 810 4843 Sed
831 4793 904 4830 ne
929 4775 1354 4846 praevaricantis
1382 4775 1732 4847 negligentia
1750 4775 1906 4846 justo

262 4871 631 4924 subtraheret
657 4869 916 4940 gloriam,
939 4867 996 4922 in
1025 4868 1340 4940 Spedoteno
1369 4869 1442 4939 (ἀ)
1473 4867 1603 4923 villa
1628 4885 1823 4923 rursus
1853 4869 1906 4923 ei

258 4963 490 5018 oblatus
508 4967 611 5017 est.
627 4963 800 5033 Cujus
818 4961 940 5017 loca
954 4961 1315 5016 maxillarum
1332 4965 1522 5016 sancto
1539 4977 1906 5032 perunguens

256 5057 412 5126 oleo,
445 5073 512 5111 ac
536 5056 712 5111 beatis
732 5055 1001 5111 manibus
1025 5061 1285 5110 mentum
1311 5054 1630 5126 astringens
1665 5059 1721 5109 et
1756 5054 1905 5110 labia

335 5209 413 5279 (α)
448 5209 526 5262 Ita
551 5224 684 5263 mss.
713 5207 909 5274 Codd.,
933 5207 1033 5262 ubi
1048 5207 1356 5279 legendum
1382 5207 1606 5263 videtur
1632 5209 1901 5264 bracteum

249 5295 462 5347 semen,
496 5279 600 5334 hoc
623 5295 863 5334 aureum
887 5279 974 5332 vel
999 5282 1333 5348 argenteum
1364 5295 1377 5333 :
1407 5296 1540 5334 nam
1568 5280 1792 5333 bractea
1819 5285 1900 5334 est

252 5351 388 5406 auri
417 5350 510 5404 vel
537 5351 761 5421 argenti
788 5350 1003 5406 lamina
1020 5349 1294 5404 subtilior.
1323 5351 1426 5405 Cui
1448 5351 1899 5421 interpretationi

251 5427 411 5494 favet
436 5421 871 5494 quodqsequitur
895 5421 964 5494 de
992 5421 1281 5494 aurulenta
1307 5427 1514 5493 segete.

331 5493 404 5564 (ὂ)
433 5491 798 5564 ﬁelodun'um
829 5491 1070 5564 (Melan),
1099 5491 1169 5546 ad
1193 5491 1512 5564 Sequanam
1537 5491 1736 5564 decem
1767 5491 1890 5547 leu-

249 5565 335 5617 (οἱς
365 5561 540 5633 supra
583 5563 860 5617 Lutetiam
897 5561 1260 5617 Parisiorum.
1280 5561 1358 5617 *In
1395 5562 1729 5634 quibusdam
1766 5565 1890 5618 Mss.

249 5633 476 5704 legitur
499 5634 566 5689 de
591 5634 747 5688 domo
775 5633 1030 5690 Medardi
1052 5633 1468 5701 Μεριίάιιηεηέίε
1494 5636 1747 5700 familiar.

325 5703 782 5785 (QSimil-e'quid
823 5705 891 5760 de
907 5708 1116 5785 sancto
1149 5704 1316 5785 Patre
1339 5703 1642 5785 _Benedicto
1685 5705 1895 5780 legitur

247 5777 312 5831 in
345 5773 446 5831 lib.
481 5791 540 5831 υ.
575 5773 693 5831 Dial
717 5791 877 5848 greg.
906 5773 1110 5848 Magni,
1141 5791 1262 5846 cap.
1301 5778 1382 5830 I6.

2007 4595 2330 4650 vehiculum
2359 4599 2522 4667 rogat
2548 4595 2666 4666 ipse
2707 4594 2806 4666 qui
2843 4595 3074 4650 dederat
3105 4598 3174 4649 ut
3207 4611 3340 4650 eum
3365 4595 3472 4649 sibi
3497 4593 3635 4650 reti-

2006 4693 2188 4758 neret,
2219 4705 2322 4744 nec
2359 4688 2623 4760 cuiquam
2660 4688 2956 4744 tribueret.
2997 4688 3229 4743 Interim
3277 4689 3476 4744 beatus
3527 4688 3634 4757 vir,

2005 4783 2322 4852 postulante
2347 4781 2584 4854 captivo,
2615 4799 2827 4854 equum
2857 4781 3029 4836 donat
3052 4781 3112 4836 in
3135 4781 3337 4853 pretio,
3367 4781 3638 4852 quoniam

2004 4875 2154 4944 apud
2184 4875 2508 4946 pontiﬁcem
2536 4875 2664 4947 plus
2699 4875 2811 4930 fuit
2846 4891 3018 4946 quam
3045 4874 3142 4929 illa
3169 4874 3320 4946 regis
3356 4891 3463 4929 vox
3492 4891 3634 4945 pau-

2003 4967 2173 5038 peris.
2203 4968 2370 5023 Jubet
2395 4967 2570 5038 igitur
2597 4974 2663 5023 ut
2683 4967 3008 5040 quindecim
3029 4984 3161 5023 eum
3179 4967 3530 5023 venundaret
3555 4984 3639 5022 so-

2003 5059 2170 5114 lidis:
2212 5077 2384 5132 quem
2425 5077 2641 5132 pauper
2674 5060 2796 5133 ipse
2834 5078 2965 5116 cum
3018 5061 3270 5131 duceret,
3313 5060 3640 5132 negotiator

2074 5211 2146 5282 (ἀ)
2173 5211 2297 5284 7A].,
2341 5210 2973 5284 SpedenotolEspone),
2996 5213 3152 5268 vicus
3188 5229 3364 5284 prope
3400 5214 3636 5270 Medun-

1999 5281 2409 5337 tam'Castrum
2447 5281 2692 5352 (Montes)
2733 5281 2927 5337 decem
2963 5283 3136 5338 leucis
3171 5281 3319 5338 infra
3360 5285 3636 5340 Lutetiam

2000 5353 2363 5422 Parisiorum,
2399 5369 2514 5406 non
2547 5353 2716 5425 longe
2741 5369 2775 5406 a
2799 5355 3119 5410 conﬂuente
3155 5355 3400 5410 Mandraa
3440 5355 3499 5411 in
3535 5357 3636 5412 Se-

2039 5440 2243 5484 uanam
2253 5465 2267 5478 .

1998 5441 2428 5570 ςυᾶἲῗξέερτίο
2463 5496 2674 5570 Ῑιιτοῃ.
2708 5495 2776 5570 In
2817 5495 2894 5551 lib
2938 5513 3015 5566 1v,
3069 5514 3191 5570 cap.
3241 5501 3325 5570 3,_
3347 5498 3630 5570 Clotsinda

1995 5569 2242 5640 vocatur,
2270 5565 2496 5640 Clotarii
2524 5565 2676 5637 regis
2701 5566 2838 5640 ﬁlia,
2863 5565 3007 5639 quae
3034 5565 3288 5640 Alboino'
3305 5568 3630 5640 Langobar-

1995 5637 2197 5692 dorum
2232 5637 2367 5710 rcgi
2426 5637 2901 5710 postea‘unupsit.‘
2951 5641 3030 5694 Ex
3091 5641 3196 5696 hoc
3260 5639 3401 5710 loco,
3432 5637 3627 5710 'videas

1994 5725 2199 5780 regum
2229 5707 2572 5781 Francorum
2602 5707 2836 5781 filias—in
2863 5714 3098 5781 paterna
3127 5711 3292 5766 domo
3315 5708 3501 5764 adhuc
3527 5709 3622 5763 de-

1997 5778 2192 5852 gentes
2216 5779 2441 5852 reginas
2469 5778 2758 5850 appellari.
