4044 6196
385 257 450 326 ⁸³
1023 325 1028 328 .
1286 279 1576 338 SANCTUS
1611 279 1986 347 GERMANUS,
2027 279 2433 336 PARISIENSIS
2471 275 2842 335 EPISCOPUS.
3671 267 3736 322 6i

383 375 646 450 occurrit,
679 377 940 456 emitque
964 385 1294 457 praedictum
1334 403 1545 458 equum
1569 388 1862 444 duodecim
1905 405 2004 444 au-
2031 392 2286 474 Aretur,
2331 387 2619 459 ingressus
2661 384 2722 440 in
2766 379 3079 438 oratorium
3121 375 3312 436 statim
3347 373 3576 432 mulieri
3599 373 3739 430 alter

384 471 516 530 reis.
545 474 665 538 Quo
691 482 884 549 empto
901 479 1218 551 negotiator
1235 479 1461 535 adducit
1477 481 1547 536 ad
1568 482 1872 538 stabulum.
1905 484 2009 540 Sed
2031 467 2090 474 η
2109 481 2304 536 oculus
2327 481 2600 552 aperitur,
2630 482 2686 534 et
2709 479 3012 550 praestante
3031 471 3269 530 Domino
3300 469 3540 545 gemello
3567 485 3624 525 se
3650 467 3736 523 vi-

385 567 654 638 quoniam
693 570 881 626 minus
919 571 1147 627 dederat
1184 589 1356 644 quam
1395 573 1480 628 vir
1503 575 1601 630 Dei
1637 581 2007 650 praeceperat,

384 675 564 732 equus
593 663 697 718 sub
721 669 883 719 nocte
909 664 1166 728 moritur,
1198 682 1270 721 ne
1301 667 1488 724 Sancti
1519 669 1754 724 verbum
1781 671 1886 726 iret
1918 671 2008 726 in-

386 768 624 810 cassum.
655 757 810 811 Unde
839 757 1096 828 sequenti
1134 759 1223 814 die
1251 761 1508 816 sellarem
1536 763 1605 818 de
1633 764 1853 819 stabulo
1875 765 2010 836 jun-

385 847 491 900 ctis
517 848 694 903 bobus
721 849 1032 904 extinctum
1074 853 1306 908 retraxit
1342 859 1564 927 emptor
1595 861 1887 912 mortuum
1913 875 2008 914 ve-

385 939 657 1007 hiculum,
687 941 784 1012 qui
812 959 972 998 versa
999 944 1118 1001 vice
1143 947 1384 1018 capistro
1411 965 1524 1004 non
1551 951 1753 1022 capite,
1783 952 1880 1007 sed
1907 968 2009 1024 pe-

385 1031 547 1087 dibus
572 1033 834 1106 alligatus
863 1037 1140 1095 educitur.

454 1125 631 1182 XXIII.
661 1129 756 1183 Est
783 1147 970 1201 operte
996 1133 1244 1203 pretium
1281 1135 1423 1191 illud
1451 1138 1744 1192 memoriae
1769 1139 2009 1206 tradere,

385 1219 628 1290 qualiter
651 1222 919 1279 Sacerdos
947 1225 1150 1281 Christi
1177 1229 1371 1284 solitus
1393 1235 1514 1286 erat
1532 1231 1600 1286 de
1625 1231 1766 1304 ipsis
1787 1249 2014 1304 quoque

383 1311 622 1384 regibus,
632 1315 1002 1388 triumphare.
1029 1319 1208 1390 Igitur
1226 1338 1355 1376 cum
1378 1324 1618 1394 glorioso
1633 1325 1874 1380 Clotario
1890 1325 2016 1397 regi

385 1407 714 1462 occurrisset
743 1425 811 1464 ex
837 1411 1020 1481 solito,
1052 1429 1156 1468 nec
1182 1419 1370 1470 tamen
1395 1417 1462 1471 de
1484 1423 1673 1473 sancto
1691 1418 1819 1472 Viro
1835 1423 2014 1474 stante

386 1503 515 1553 ante
545 1501 814 1570 palatium
847 1504 898 1558 ei
931 1505 1104 1562 fuerit
1139 1509 1484 1580 nuntiatum,
1523 1527 1682 1566 mora
1715 1512 1856 1566 facta
1884 1517 2017 1567 ante

385 1593 722 1648 vestibulum
752 1613 866 1652 non
896 1605 1332 1670 repraesentatus
1359 1603 1490 1658 inde
1530 1604 1762 1659 domum
1789 1605 2018 1659 reverti-

386 1688 499 1739 tur.
528 1685 778 1758 Sequens
804 1707 917 1744 nox
947 1692 1008 1746 in
1034 1695 1274 1749 oratorio
1293 1696 1498 1768 vigiliis
1525 1697 1770 1768 ducitur,
1797 1715 1894 1753 rex
1922 1698 2018 1753 do-

2109 575 2240 630 dere
2265 574 2481 630 lumine
2503 572 2842 645 gratulatur.

2179 668 2350 722 XXVI.
2382 665 2743 738 Magnoﬂedis
2761 663 2896 737 [Al.,
2914 659 3278 733 Rannoﬂidis]
3297 657 3486 731 puella
3507 673 3634 712 cum
3660 659 3742 711 ta-

2109 761 2256 816 libus
2285 761 2517 832 decepta
2533 759 2867 834 illuderetur
2889 754 3126 824 insidiis,
3149 759 3214 809 ut
3238 752 3456 826 quoties
3479 750 3551 806 ad
3571 749 3744 806 eccle-

2109 855 2250 910 siam
2267 853 2531 908 voluisset
2559 851 2842 920 accedere,
2873 865 3124 920 gressum
3152 845 3333 902 facere
3365 861 3481 900 non
3511 843 3740 908 valeret,

2111 964 2268 1004 servo
2291 946 2388 1002 Dei
2418 946 2478 1000 in
2501 945 2632 1000 villa
2651 945 2851 1000 Savara
2869 943 2936 1013 (b)
2954 945 3291 1014 praesentata
3317 943 3420 994 est.
3437 937 3741 994 Confestim

2110 1045 2176 1096 ut
2194 1040 2378 1096 Sancti
2403 1055 2605 1094 manus
2633 1053 2804 1110 super
2821 1040 2990 1108 caput
3015 1035 3220 1107 puellm
3245 1033 3542 1089 titubantis
3565 1033 3745 1103 impo-

2111 1133 2285 1203 nitur,
2313 1132 2409 1187 tali
2435 1131 2861 1204 investigatione
2881 1129 3130 1184 occultus
3157 1129 3361 1198 hospes
3384 1124 3520 1200 [AI.,
3541 1123 3739 1198 hostis]

2114 1226 2416 1298 detegitur,
2444 1229 2499 1280 et
2527 1241 2586 1279 se
2607 1225 2702 1279 diu
2729 1223 2958 1278 latuisse
2978 1222 3156 1277 multo
3183 1219 3400 1292 gemitu
3419 1219 3740 1274 conﬁtetur.

2112 1337 2214 1374 nec
2239 1319 2298 1374 in
2324 1319 2479 1373 Beati
2503 1316 2805 1390 praesentia
2839 1316 3044 1370 clamat
3077 1312 3306 1387 proprio
3348 1329 3406 1367 se
3445 1329 3609 1384 posse
3649 1330 3740 1368 ce-

2113 1414 2229 1468 lare
2265 1411 2574 1484 prmstigio.
2605 1412 2751 1482 Ergo
2779 1410 2858 1465 ita
2883 1425 2940 1464 se
2969 1407 3258 1481 proditum
3287 1410 3343 1461 et
3381 1421 3746 1478 egressurum

2117 1506 2272 1578 gravi
2308 1505 2506 1560 ardore
2544 1503 2928 1575 conqueritur.
2969 1500 3200 1556 Interim
3238 1515 3354 1554 non
3379 1505 3628 1555 cessante
3655 1517 3744 1554 sa-

2115 1599 2338 1655 cerdote
2362 1614 2536 1653 manu
2562 1597 2743 1652 crucis
2784 1596 3011 1668 signum
3039 1594 3366 1666 depingere,
3397 1593 3746 1665 expectanti-

2114 1693 2220 1747 bus
2248 1692 2511 1746 omnibus
2537 1691 2595 1744 in
2632 1707 2843 1745 musca}
2883 1687 3318 1744 similitudinem
3345 1703 3744 1759 prorumpens,

385 1777 502 1833 lore
545 1785 712 1851 atque
753 1782 924 1838 febris
965 1785 1320 1843 infestatione
1359 1793 1674 1862 torquetur.
1706 1792 1804 1846 Vix
1831 1792 2015 1863 primo
2036 1777 2091 1848 Β
2116 1803 2244 1841 cum
2271 1784 2546 1857 sanguine
2575 1784 2645 1838 de
2673 1783 2904 1837 naribus
2923 1780 3177 1836 muneris
3200 1780 3462 1835 inimicus
3489 1797 3749 1853 egressus

387 1871 630 1927 diluculo
659 1875 728 1929 ad
755 1876 989 1932 domum
1017 1881 1266 1936 ecclesia:
1291 1899 1324 1936 a
1357 1884 1683 1954 proceribus
1718 1901 2016 1940 concursa-

385 1967 515 2034 tur;
551 1984 714 2037 paena
743 1971 894 2042 regis
930 1974 1250 2044 exponitur,
1279 1981 1344 2031 ut
1379 1993 1480 2031 sua
1513 1977 1830 2034 visitatione
1867 1980 2020 2051 regis

387 2057 594 2113 doloris
619 2061 734 2116 vim
756 2064 980 2137 mitiget
1003 2067 1298 2138 optimates
1312 2069 1703 2142 deprecantur.
1721 2073 1842 2127 Mox
1868 2074 2020 2144 apud

391 2151 657 2221 pietatem
699 2155 922 2227 injuriae
973 2176 1140 2214 causa
1179 2163 1556 2234 postponitur,
1595 2165 1694 2236 qui
1735 2169 1865 2221 ante
1915 2182 2020 2221 nec

389 2245 774 2318 nuntiabatur,
803 2251 978 2306 intrat
1005 2253 1312 2309 honoratus
1337 2259 1394 2310 et
1421 2261 1683 2313 exoratus
1723 2259 2017 2329 palatium.

391 2339 508 2394 Rex
524 2340 617 2394 vix
644 2343 886 2414 assurgit
904 2345 972 2399 de
997 2347 1222 2416 lectulo,
1245 2365 1456 2404 caesum
1486 2367 1545 2405 se
1571 2351 1762 2406 divino
1795 2351 2020 2423 ﬂagello

390 2434 774 2503 conqueritur.
804 2437 1073 2494 Allambit
1109 2433 1286 2496 sancti
1323 2443 1636 2514 palliolum,
1667 2449 1882 2500 vestem
1921 2447 2017 2502 Sa-

390 2525 630 2580 cerdotis
665 2527 890 2584 deducit
917 2547 1019 2602 per
1047 2531 1168 2586 loca
1209 2535 1433 2590 doloris.
1465 2537 1698 2608 Culpam
1735 2538 2021 2593 confessus

390 2617 642 2674 criminis
667 2637 798 2676 mox
827 2623 986 2678 dolor
1004 2626 1188 2680 omnis
1205 2627 1473 2698 fugatur:
1496 2629 1666 2701 idque
1695 2635 1884 2686 actum
1915 2637 2016 2700 est,

388 2715 454 2765 ut
477 2713 636 2783 cujus
663 2713 978 2772 incurrerat
1005 2718 1073 2772 de
1101 2723 1428 2792 contemptu
1471 2722 1811 2794 periculum,
1845 2725 2018 2780 senti-

389 2806 480 2858 ret
505 2809 658 2860 tactu
686 2809 1024 2864 remedium.

463 2898 631 2952 XXIV.
679 2900 740 2953 In
779 2917 926 2972 pago
965 2903 1238 2958 Parisiaco
1273 2906 1402 2960 Vico
1439 2907 1590 2961 Novo
1631 2908 1825 2978 (Infra,
1869 2926 2018 2965 num.

393 2989 480 3058 40)
522 3007 613 3044 res
658 2995 812 3062 gesta
855 2998 958 3049 est.
995 2995 1232 3058 Quidam
1275 2997 1334 3052 in
1383 2999 1582 3054 eodem
1631 3001 1750 3055 loco
1803 3001 2022 3074 impetu

392 3082 514 3152 lupi
551 3083 731 3136 rabidi
765 3085 1040 3141 laceratus
1076 3093 1132 3143 et
1157 3095 1314 3144 extra
1338 3107 1568 3147 sensum
1597 3093 1826 3150 effectus
1857 3096 2022 3151 beato

394 3175 676 3231 Sacerdoti
702 3177 1038 3234 miseranter
1057 3183 1277 3238 oblatus
1303 3145 2018 3243 est.Hie—advillvasu;ar:
2042 3145 2096 3218 Ο

392 3267 463 3322 tis
505 3285 802 3326 recurrens
839 3273 1126 3346 suffragia,
1164 3293 1296 3331 mox
1329 3278 1559 3333 brachio
1593 3281 1702 3336 olei
1742 3281 2023 3336 benedicti

391 3360 610 3432 liquore
649 3363 961 3421 circumlita
999 3372 1055 3422 et
1081 3369 1252 3424 sacris
1277 3386 1342 3425 eo
1381 3371 1574 3444 digitis
1617 3375 2024 3430 medicabiliter

390 3457 679 3512 attrectato
731 3459 901 3530 pestis
939 3461 1035 3516 illa
1076 3479 1204 3534 quae
1245 3463 1455 3519 viscera
1499 3467 1690 3522 dolore
1733 3472 2023 3538 grassante

389 3555 729 3620 pervaserat,
760 3553 879 3608 loca
903 3553 1052 3626 fugit
1070 3557 1312 3624 obsessa,
1339 3563 1394 3613 et
1404 3559 1525 3630 jam
1551 3561 1852 3632 putredine
1877 3579 2024 3616 reso-

391 3642 528 3710 luta,
555 3639 748 3714 vigore
775 3646 1011 3716 pristino
1039 3650 1318 3720 restituto,
1342 3651 1462 3707 sine
1488 3655 1841 3710 cunctatione
1869 3656 2024 3710 velut

391 3741 716 3805 experrecto
745 3737 812 3792 de
841 3757 1041 3811 sopore
1069 3742 1227 3797 dolor
1251 3745 1494 3811 recessit,
1527 3763 1688 3801 mens
1715 3748 1900 3803 rediit.

463 3829 610 3884 XXV.
641 3831 778 3884 Item
814 3832 882 3885 de
913 3833 1042 3888 Vico
1068 3836 1306 3890 Mantola
1333 3837 1404 3908 (a)
1433 3839 1694 3894 Waldulﬁ
1728 3841 2023 3911 cujusdam

392 3923 616 3990 ancilla,
640 3940 789 3978 anno
816 3929 872 3980 et
897 3943 1102 3982 novem
1129 3930 1416 3986 mensibus
1444 3931 1600 4003 gravi
1625 3933 1871 3988 caacitate
1901 3951 2026 4006 per-

393 4033 572 4086 cussa,
601 4034 705 4089 per
729 4035 990 4090 soporem
1017 4022 1304 4078 admonita
1331 4029 1398 4079 ut
1435 4025 1719 4080 fimbriam
1755 4027 1940 4082 Sancti
1977 4028 2026 4082 si

395 4114 671 4183 tangeret,
700 4129 832 4167 mox
855 4113 1038 4169 visum
1057 4117 1356 4188 reciperet,
1377 4118 1465 4173 die
1485 4119 1731 4190 quadam
1751 4121 2025 4176 sacerdoti

392 4205 664 4276 occurrit;
695 4207 792 4262 sed
823 4209 1000 4263 multa
1038 4215 1200 4265 nocte
1243 4211 1588 4267 circumdata
1613 4213 1690 4267 ita
1716 4214 2026 4270 constrictis

389 4297 720 4368 luminibus,
753 4305 813 4356 ut
839 4302 990 4357 unde
1017 4303 1204 4359 oleum
1233 4305 1594 4360 benedictum
1627 4307 1900 4378 injiceret,
1933 4308 2022 4362 lu-

387 4392 839 4465 minis:additum
858 4413 972 4451 non
998 4403 1310 4468 praestaret.
1331 4400 1539 4454 Tamen
1559 4401 1822 4471 peruncti
1839 4401 2026 4473 palpe-

2119 1883 2220 1934 est.
2258 1880 2439 1943 Quam
2465 1877 2686 1932 sanitati
2713 1875 3052 1944 restitutam,
3091 1873 3409 1928 monachali
3440 1879 3591 1928 veste
3617 1891 3748 1929 mu-

2117 1976 2312 2040 tatam,
2351 1971 2448 2026 Dei
2490 1969 2715 2025 servitio
2757 1968 3023 2024 traditam
3068 1967 3154 2022 bis
3205 1967 3559 2039 triumphare
3593 1967 3745 2036 fecit,

2119 2065 2278 2120 hoste
2305 2065 2448 2119 victo
2472 2063 2560 2118 vel
2586 2063 2810 2118 saeculo.

2189 2159 2381 2214 XXVII.
2413 2157 2556 2222 Quid
2593 2157 2732 2211 illud
2768 2155 2920 2228 quod
2968 2153 3091 2208 sine
3139 2170 3298 2208 mora
3333 2153 3549 2208 curavit
3585 2153 3744 2208 debi-

2119 2252 2232 2306 lem
2266 2251 2596 2306 dexteram?
2623 2251 2765 2304 Cum
2804 2248 2876 2302 ad
2914 2247 3274 2303 festivitatem
3313 2247 3487 2302 sancti
3528 2247 3752 2302 Martini

2119 2344 2356 2400 Turonis
2383 2342 2724 2412 accessisset,
2754 2357 2980 2414 egresso
3005 2341 3074 2396 de
3115 2340 3456 2395 monasterio
3489 2339 3652 2396 oil'ert
3691 2356 3752 2394 se

2119 2438 2326 2492 mulier
2363 2437 2620 2504 barbara,
2660 2451 2836 2490 manu
2875 2434 3062 2489 nervis
3105 2437 3408 2503 contracta,
3459 2433 3751 2506 postulans

2121 2531 2478 2586 medicinam.
2516 2530 2694 2594 Quam
2735 2528 2839 2582 sub
2883 2527 3071 2582 casula
3109 2527 3412 2598 receptam,
3446 2543 3546 2581 suo
3585 2533 3752 2598 sputo

2120 2625 2323 2679 illitam
2367 2623 2522 2678 velut
2559 2637 2818 2694 sparsum
2859 2620 3057 2674 farinae
3091 2619 3388 2674 collectum
3433 2636 3750 2675 commace-

2121 2719 2228 2772 rat.
2256 2716 2394 2771 Hinc
2431 2715 2732 2770 resudante
2769 2714 3001 2768 dextera
3035 2713 3238 2785 digitos
3273 2712 3455 2768 tendit
3481 2717 3537 2768 et
3574 2712 3751 2784 repli-

2120 2815 2228 2880 cat,
2261 2814 2548 2881 torporem
2582 2811 2896 2863 veteratum
2925 2807 2996 2860 ad
3037 2806 3392 2862 vivacitatem
3430 2806 3750 2862 resuscitat.

2123 2906 2189 2959 Et
2213 2902 2549 2975 priusquam
2568 2900 2785 2956 veniret
2801 2900 2873 2954 ad
2895 2900 3044 2954 beati
3063 2899 3284 2956 Martini
3297 2900 3536 2971 januam
3561 2898 3755 2972 digitis

2123 2997 2238 3052 suis
2275 3001 2564 3051 extensum
2593 2995 2837 3050 reddidit
2859 2994 3202 3048 incolumem
3235 2993 3546 3049 dexteram.
3573 2993 3752 3058 Quam

2121 3108 2252 3145 mox
2279 3091 2524 3144 sentiens
2551 3105 2670 3144 esse
2697 3088 2991 3156 directam,
3017 3087 3319 3142 mulierem
3343 3103 3378 3140 a
3403 3103 3459 3142 se
3493 3086 3755 3159 repulsus

2122 3189 2205 3240 est
2235 3183 2358 3256 [Pro
2384 3183 2638 3256 repulit],
2671 3182 2958 3253 ingressus
2987 3181 3292 3235 basilicam.

2191 3278 2415 3332 XXVIII.
2462 3275 2672 3331 Deinde
2709 3273 3036 3346 egrediente
3075 3273 3143 3329 de
3189 3272 3458 3346 praedicta
3505 3271 3752 3342 basilica,

2123 3387 2254 3424 cum
2293 3387 2351 3424 se
2392 3369 2462 3424 ad
2499 3368 2852 3422 mansionem
2891 3383 3084 3421 servus
3121 3367 3218 3421 Dei
3255 3365 3551 3437 reciperet,
3590 3365 3756 3420 offert

2123 3480 2181 3517 se
2201 3479 2400 3517 manca
2425 3462 2600 3516 altera
2623 3461 2812 3533 palma
2835 3459 3026 3532 digitis
3052 3458 3239 3529 afﬁxa,
3271 3475 3398 3531 qua
3425 3458 3584 3529 prius
3613 3461 3762 3513 tacta

2123 3558 2192 3612 de
2236 3557 2424 3624 saliva,
2475 3555 2680 3610 dehinc
2735 3553 2856 3609 oleo
2894 3555 3189 3624 peruncta,
3239 3551 3494 3624 pristinae
3536 3551 3760 3606 sanitati

2123 3652 2192 3706 de
2220 3648 2488 3722 praesenti
2511 3653 2595 3702 est
2619 3647 2854 3702 reddita.
2887 3647 3028 3700 Nam
3057 3662 3251 3700 causas
3277 3643 3620 3699 inﬁrmitatis
3641 3645 3749 3699 hoc

2123 3747 2244 3797 erat
2269 3747 2458 3797 saneto
2489 3741 2618 3796 Viro
2642 3756 2841 3795 curare
2867 3740 3018 3811 quod
3047 3744 3304 3811 tangere.

2194 3837 2358 3890 XXIX.
2409 3837 2541 3888 Erat
2593 3849 2724 3888 sane
2767 3832 3047 3902 mirabile,
3106 3832 3326 3904 quoties
3373 3833 3616 3888 famulus
3667 3833 3763 3887 Dei

2124 3929 2194 3984 ad
2221 3927 2698 4000 Augustodunum
2725 3927 2988 3980 voluisset
3015 3926 3299 3996 accedere,
3327 3943 3460 3982 mox
3502 3926 3571 3982 ad
3613 3926 3753 3982 San-

2124 4027 2278 4078 ctum
2292 4021 2769 4094 Symphorianum
2785 4021 3070 4075 daemones
3088 4019 3446 4076 nuntiabant.
3469 4021 3534 4075 Et
3561 4035 3762 4074 occur-

2123 4121 2312 4171 rentes
2353 4131 2458 4188 per
2497 4113 2816 4169 Murvinum
2860 4113 3040 4184 (Num.
3087 4114 3196 4184 32),
3243 4113 3380 4168 ﬂetu
3432 4113 3762 4185 gemituque

2125 4209 2443 4264 clamabant
2470 4226 2483 4262 :
2515 4208 2614 4261 Vir
2640 4210 2850 4276 sancte,
2879 4206 2926 4262 si
2967 4206 3037 4262 de
3073 4206 3208 4261 locis
3237 4207 3400 4262 cultis
3425 4223 3528 4260 nos
3555 4206 3755 4260 incon-

2126 4303 2440 4358 sideranter
2478 4300 2708 4374 repellis
2747 4300 2834 4355 vel
2869 4299 3144 4370 habitare,
3197 4299 3439 4355 concede
3493 4299 3762 4354 silvarum

2125 4415 2228 4468 per
2247 4395 2626 4464 solitudinem,
2647 4397 2714 4448 ut
2729 4393 2893 4450 liceat
2917 4392 3137 4448 miseris
3169 4409 3272 4466 per
3297 4393 3516 4448 deserta
3534 4407 3760 4447 securos

386 4484 504 4540 bris
530 4485 772 4557 desuper
799 4492 856 4542 et
889 4489 1022 4544 locis
1063 4491 1295 4564 reliquis
1334 4493 1552 4565 capitis,
1585 4494 1834 4549 oratione
1873 4495 2020 4564 data,
2043 4513 2102 4584 D
2128 4505 2336 4546 errare.
2379 4492 2526 4544 Ante
2571 4491 2697 4542 tuos
2735 4487 2926 4542 oculos
2963 4503 3068 4541 nec
3121 4502 3358 4558 corpora
3408 4503 3514 4541 nos
3557 4486 3758 4555 celant,

385 4593 532 4648 pane
558 4581 614 4632 et
642 4580 753 4634 sale
778 4581 1018 4652 signato,
1048 4585 1272 4640 mulieri
1289 4587 1557 4658 praecepit
1581 4587 1652 4642 ad
1673 4588 2024 4643 mansionem

390 4687 448 4725 se
476 4671 738 4727 condere.
773 4675 894 4745 Ipse
919 4691 952 4728 a
977 4677 1163 4746 primo
1183 4694 1381 4732 somno
1405 4679 1466 4732 in
1490 4681 1732 4735 oratorio
1758 4681 2021 4753 pervigil,

390 4763 536 4818 circa
587 4765 842 4821 medium
879 4768 1057 4823 noctis
1108 4769 1313 4823 mulier
1361 4770 1565 4825 clamat
1628 4773 1906 4844 hospitem
1969 4791 2026 4829 se

389 4857 701 4929 lacrymare
736 4861 988 4932 profuse.
1035 4863 1177 4916 Tum
1222 4878 1454 4917 accenso
1499 4863 1717 4920 lumine
1770 4865 1840 4920 ab
1889 4883 2022 4921 ocu-

393 4949 579 5006 lorum
605 4969 877 5026 compage
897 4955 1079 5010 cernit
1099 4971 1328 5010 manare
1349 4957 1706 5028 sanguinem.
1734 4959 1870 5022 Quae.
1896 4975 2026 5014 cum

393 5043 590 5098 eodem
617 5063 816 5102 cruore
843 5063 1008 5102 mane
1031 5050 1102 5104 ad
1127 5049 1394 5104 Sanctum
1420 5050 1608 5120 rediit,
1629 5051 1726 5105 sed
1749 5051 1868 5123 ipse
1896 5069 2026 5106 cum

392 5153 544 5208 aqua
569 5138 868 5211 palpebras
891 5141 1085 5197 fovens
1120 5148 1176 5198 et
1212 5143 1464 5213 abluens,
1492 5142 1839 5198 orationibus
1864 5144 2023 5198 addi-

390 5229 461 5284 tis
489 5231 684 5286 oculus
713 5249 862 5288 unus
887 5239 1113 5306 apertus
1140 5239 1224 5290 est
1241 5253 1257 5306 ;
1299 5235 1501 5292 deinde
1541 5236 1715 5290 altero
1755 5241 2028 5308 peruncto

391 5323 600 5379 mulier
625 5325 858 5381 domum
887 5329 1210 5384 revertitur.
1243 5329 1454 5384 Dehinc
1479 5329 1674 5384 eadem
1701 5330 1804 5384 sub
1843 5333 2025 5399 nocte,

391 5417 640 5472 nimium
655 5420 781 5474 fuso
797 5436 896 5475 san
903 5421 1095 5492 guine,
1115 5422 1604 5495 appropinquante
1622 5423 1731 5492 die,
1747 5423 2030 5479 Sacerdoti

392 5527 448 5566 se
467 5511 691 5567 obtulit.
711 5512 816 5577 Qui
837 5529 966 5568 cum
995 5515 1062 5570 de
1093 5515 1241 5586 regis
1267 5532 1500 5570 occursu
1517 5515 1748 5570 domum
1779 5521 2028 5571 reverte-

466 5651 538 5721 (a)
569 5653 656 5726 Au
683 5655 930 5708 castrum
971 5653 1234 5709 Medunta
1276 5655 1398 5712 aliis
1443 5655 1830 5726 appellatum?
1872 5655 2031 5711 Certe

395 5721 762 5849 vernacpéum
791 5739 1000 5780 nomen
1023 5727 1251 5796 litantes,
1277 5726 1408 5782 satis
1428 5721 1658 5784 accedit.
1679 5725 1816 5781 Vide
1837 5743 2028 5800 supra,

401 5808 566 5846 num.
671 5835 685 5849 .

401 5808 566 5846 num.
601 5808 685 5850 18.

2125 4600 2226 4639 nec
2253 4597 2504 4638 nemora.
2537 4581 2644 4646 Qui
2686 4581 2956 4635 deﬂentes
2994 4583 3050 4635 et
3085 4579 3274 4636 Sancti
3310 4595 3425 4634 non
3461 4579 3762 4634 tolerantes

2124 4676 2506 4750 praesentiam,
2539 4675 2765 4730 admota
2786 4675 2909 4745 ejus
2936 4673 3166 4729 dextera
3193 4673 3262 4729 de
3291 4673 3529 4728 obsessis
3557 4687 3758 4744 corpo-

2125 4771 2282 4826 ribus
2311 4769 2522 4840 passim
2549 4768 2918 4822 vertebantur
2943 4767 3004 4821 in
3028 4767 3246 4838 fugam,
3273 4771 3330 4822 et
3355 4767 3424 4821 de
3453 4767 3629 4820 salute
3654 4781 3760 4837 po—

2125 4863 2243 4936 puli
2267 4861 2516 4934 projecta
2542 4861 2824 4916 dmmonia
2851 4859 3288 4915 lamentabatur.

2197 4957 2341 5011 XXX.
2369 4956 2717 5010 Producatur
2743 4954 2800 5008 in
2825 4953 3080 5008 medium
3113 4953 3303 5008 nobile
3341 4952 3478 5007 illud
3516 4952 3764 5006 miracu-

2127 5052 2265 5106 lum.
2299 5051 2437 5104 Cum
2459 5049 2857 5120 regrederetur
2885 5046 3138 5118 pontifex
3171 5046 3240 5101 de
3265 5049 3456 5102 sancto
3489 5045 3766 5116 Sympho~

2127 5144 2306 5212 riano,
2357 5142 2580 5197 castello
2619 5139 2886 5196 Avallone
2941 5139 3138 5211 (Supra
3174 5155 3324 5194 num.
3361 5141 3408 5211 1)
3445 5138 3553 5193 iter
3591 5153 3770 5210 agens

2127 5236 2464 5308 ingreditur,
2481 5233 2576 5289 ubi
2589 5249 2818 5289 reorum
2833 5232 3136 5288 multitudo
3149 5231 3450 5288 tenebatur
3460 5231 3742 5303 ergastulo
3751 5271 3764 5284 .

2129 5329 2266 5384 I-line
2317 5345 2348 5383 a
2395 5327 2613 5384 Nicasio
2650 5327 2853 5382 comite
2897 5326 3163 5382 invitatus
3203 5326 3274 5380 ad
3314 5325 3642 5398 prandium,
3671 5323 3770 5378 Vir

2129 5423 2227 5478 Dei
2269 5423 2436 5493 cepit
2475 5422 2544 5476 de
2583 5419 2971 5475 misericordia
3011 5419 3220 5474 habere
3263 5418 3652 5490 colloquium:
3699 5419 3766 5471 ut

2131 5515 2274 5571 datis
2299 5514 2718 5586 ﬁdejussoribus
2745 5513 3074 5570 laxarentur
3099 5513 3169 5568 de
3189 5511 3436 5580 vinculo,
3459 5515 3516 5567 et
3543 5513 3766 5584 partem

2204 5653 2272 5724 (b)
2303 5653 2502 5724 Savara
2545 5653 2786 5722 (Sévres),
2809 5651 3054 5724 duabus
3093 5649 3266 5724 leiucis
3314 5649 3464 5706 infra
3509 5647 3769 5706 Parisios.

2131 5721 2310 5799 prope
2337 5721 2626 5780 Meudonis
2655 5723 2949 5778 castellum
2976 5721 3266 5794 (Meudon).
