4044 6196
265 271 330 322 65
1878 255 2048 318 VITA.
3561 299 3589 322 ρ

265 295 330 322 ου
1890 295 1906 317 ν
1923 295 2048 318 un.
3580 301 3589 314 .

264 376 442 447 culpa:
465 373 703 429 cederet
719 371 950 470 pietatis
969 369 1196 470 intuitu.
1218 371 1383 436 Quod
1400 372 1494 426 ille
1516 372 1704 426 facere
1724 372 1894 470 distu-
1915 383 1973 454 Α
1995 370 2227 470 suipthi]
2253 377 2538 470 matrona,
2562 368 2699 433 dum
2729 383 2988 454 tempore
3016 388 3343 453 litaniarum
3369 417 3488 470 prae
3518 295 3627 459 et:

263 469 324 523 lit
355 467 648 523 obstinato
681 466 901 538 spiritu.
927 466 1087 522 Unde
1115 469 1428 537 antequam
1459 466 1893 536 perpranderet,

262 578 319 616 se
349 561 421 616 de
456 577 664 615 mensa
696 560 938 616 Sanctus
967 559 1268 630 proripuit,
1294 562 1352 613 et
1375 558 1589 614 carceri
1616 559 1898 613 subterra-

263 671 373 709 neo
404 654 764 726 superjectus
795 652 1008 707 diutius
1051 651 1234 707 oravit
1265 669 1394 707 cum
1424 652 1583 718 fletu,
1613 655 1674 706 ut
1701 652 1895 707 divino

259 748 628 802 conferretur
642 746 848 801 auxilio
869 745 1024 816 quod
1039 763 1073 800 a
1091 745 1392 816 temporali
1403 744 1597 815 judice
1616 762 1730 800 non
1751 750 1899 801 esset

260 841 590 896 obtentum.
611 839 702 894 Sic
721 855 917 893 cursus
936 838 1029 892 ille
1047 839 1430 909 lacrymarum
1447 855 1550 909 per
1567 854 1701 892 aera
1717 838 1900 909 surgit

257 935 318 988 in
340 935 574 1000 cmlum,
601 935 659 986 et
689 932 936 1003 gemitus
959 931 1220 1003 pervenit
1240 931 1312 986 ad
1337 934 1551 985 votum.
1577 933 1774 1002 Itaque
1797 932 1894 985 de-

258 1030 501 1099 putatur
527 1026 770 1097 angelus
795 1025 866 1079 ad
899 1024 1188 1079 effectum.
1212 1024 1430 1078 Dehinc
1449 1024 1534 1077 vir
1558 1024 1898 1078 venerabilis

257 1136 423 1192 spem
442 1119 790 1190 promittens
808 1119 1054 1173 inclusos
1071 1118 1352 1172 hortatur.
1372 1118 1483 1172 Nec
1498 1117 1689 1188 perdit
1707 1135 1897 1172 sermo

259 1212 416 1285 quod
444 1213 705 1284 loquitur
727 1229 740 1267 :
765 1212 907 1266 ﬁdes
940 1211 1113 1282 gestis
1143 1210 1433 1281 impletur.
1461 1211 1540 1265 Eo
1568 1210 1897 1265 discedente

255 1323 393 1362 mox
419 1309 763 1359 catenarum
792 1305 950 1359 bacae
977 1304 1053 1375 (a)
1085 1304 1452 1374 franguntur,
1481 1303 1682 1358 vinctae
1702 1305 1898 1375 januaa

257 1402 619 1465 reserantur,
649 1397 771 1452 dies
799 1397 858 1451 in
889 1413 1180 1452 carcerem
1207 1395 1517 1463 reducitur,
1548 1397 1805 1452 damnati
1828 1399 1898 1452 de

257 1492 521 1546 tenebris
553 1492 614 1544 in
645 1491 830 1544 lucem
866 1490 1205 1561 procedunt,
1238 1506 1342 1543 nec
1374 1489 1586 1543 diutius
1615 1507 1784 1560 poena
1814 1495 1895 1545 te-

257 1586 385 1640 nuit
417 1601 568 1656 quos
602 1587 918 1654 torqueret.
952 1583 1043 1638 Sic
1087 1582 1288 1653 erepti,
1321 1581 1564 1637 Parisios
1595 1588 1901 1638 occurrunt

257 1678 544 1751 pontifici,
577 1677 672 1749 qui
712 1676 1184 1748 periclitabantur
1212 1676 1431 1730 inclusi.
1462 1676 1575 1732 Sed
1613 1680 1676 1730 ut
1705 1678 1896 1748 culpa-

1997 464 2136 518 catis
2180 466 2355 520 oculis
2401 486 2517 524 non
2566 477 2759 542 posset
2805 475 2887 531 ire
2933 497 3060 536 cum
3104 490 3337 557 populo,
3369 464 3626 552 audiens

1999 557 2237 612 chorum
2271 562 2635 630 psallentium
2666 583 2796 622 cum
2828 571 3092 644 lacrymis
3114 578 3332 637 domini
3355 585 3625 644 Germani

2000 649 2270 721 implorat
2294 655 2584 710 auxilium.
2619 660 2805 716 Tertia
2835 670 3096 735 sequenti
3129 677 3294 730 nocte
3329 695 3433 748 per
3457 697 3625 754 sopo-
3715 657 3725 665 .

1998 759 2122 797 rem
2153 745 2302 798 visus
2345 751 2430 800 est
2465 749 2516 802 ei
2551 750 2635 804 vir
2670 752 3034 814 beatissimus
3067 768 3253 821 astare
3293 745 3472 843 prope
3511 745 3626 830 lec-

1999 837 2182 890 tulum
2232 841 2289 891 et
2338 840 2499 909 quasi
2558 845 2720 898 caecis
2775 851 2950 905 oculis
3003 855 3202 912 fecisse
3248 837 3624 934 signaculum.

1999 929 2287 999 Evigilans
2314 932 2522 992 mulier
2548 937 2758 993 marito
2789 950 2985 999 narrat
3007 964 3132 1018 quae
3155 929 3324 1022 gesta
3338 962 3488 1013 sunt.
3506 961 3628 1016 Mox

1999 1021 2250 1077 stillante
2273 1026 2554 1096 sanguine
2577 1028 2698 1083 dies
2718 1034 2894 1088 oculis
2915 1021 3191 1112 redditur,
3214 1049 3271 1100 et
3292 1048 3627 1109 diuturnum

2001 1118 2130 1184 post
2159 1117 2418 1172 nubilum
2451 1121 2670 1176 lumina
2698 1140 2901 1182 sereno
2932 1132 3093 1188 radio
3125 1137 3465 1199 micuerunt.
3500 1146 3625 1202 Cla-

2002 1212 2260 1310 rescente
2301 1227 2530 1283 quoque
2567 1215 2657 1269 die
2701 1218 2772 1271 ad
2807 1221 3040 1279 missam
3073 1243 3202 1282 cum
3241 1237 3451 1305 populo
3491 1256 3624 1310 pro-

2001 1300 2260 1371 greditur
2302 1305 2509 1359 mulier
2551 1306 2608 1360 in
2655 1326 2944 1381 processu,
2979 1317 3058 1372 ita
3093 1325 3155 1375 ut
3193 1300 3370 1381 sane-ti
3411 1300 3512 1385 viri
3548 1333 3626 1388 sic

2001 1393 2119 1447 visa
2143 1411 2246 1464 per
2274 1398 2563 1453 somnium
2593 1418 2715 1457 esse
2743 1404 2936 1478 imago
2961 1414 3303 1472 remedium.

2074 1488 2284 1542 XXXIV.
2317 1491 2493 1545 Adest
2541 1511 2645 1549 nec
2692 1498 2884 1553 minus
2922 1503 3208 1563 laudabile
3249 1513 3475 1570 reddita
3515 1518 3628 1574 vita

2003 1578 2320 1636 infantulae.
2355 1584 2495 1638 Cum
2527 1586 2584 1640 in
2612 1589 2891 1648 Turonico
2922 1595 3152 1654 illustris
3176 1603 3276 1658 viri
3298 1606 3482 1663 Pienti
3513 1628 3630 1668 ma-

2001 1675 2169 1726 trona
2190 1676 2457 1745 exposita:
2474 1679 2604 1734 ﬁliae
2624 1683 2968 1742 lamentaret
2983 1697 3258 1766 extrema,
3280 1703 3336 1754 et
3353 1701 3630 1760 obseratis

255 1771 470 1827 bilibus
503 1770 722 1842 aliquid
756 1771 884 1841 plus
912 1770 1220 1837 conferret,
1247 1786 1279 1823 a
1298 1785 1437 1840 rege
1459 1769 1737 1841 quidquid
1766 1771 1900 1825 ﬁsco
1920 1767 1978 1838 B
2004 1766 2179 1819 oculis
2221 1785 2326 1822 nec
2363 1771 2618 1827 anhelitu
2651 1777 2848 1832 mobili
2893 1785 3200 1854 respiraret
3222 1791 3526 1864 infantula,
3555 1798 3629 1854 ad

259 1882 360 1936 pro
392 1864 488 1919 his
521 1863 844 1918 debebatur
874 1863 1140 1917 obtinuit.

325 1959 500 2013 XXXI.
533 1956 754 2011 Dehinc
803 1956 875 2010 ad
925 1959 1186 2010 sanctum
1235 1955 1418 2011 virum
1469 1956 1720 2011 Nicasius
1771 1974 1900 2011 cum

260 2053 433 2106 vellet
449 2065 773 2116 occurrere,
794 2053 852 2103 et
859 2049 983 2120 jam
1003 2052 1398 2120 praesentatus,
1417 2066 1550 2104 mox
1569 2050 1900 2120 gravissimo

262 2161 396 2198 casu
426 2145 486 2198 in
518 2147 676 2197 terra
706 2145 1026 2213 prostratus
1047 2145 1150 2210 est,
1174 2146 1232 2196 et
1252 2159 1399 2213 pene
1422 2143 1688 2196 omnibus
1707 2143 1902 2197 salutis

264 2237 543 2292 destituto
586 2235 823 2302 solatiis,
856 2235 978 2306 ipso
1011 2235 1219 2290 Sancto
1257 2235 1649 2290 intercedente
1681 2236 1900 2290 homini

265 2331 576 2402 desperato
617 2329 796 2383 virtus
831 2332 889 2382 et
927 2345 1126 2382 sensus
1165 2345 1459 2400 regressus
1495 2332 1598 2382 est.
1631 2329 1752 2384 Mox
1779 2330 1898 2382 bal-

264 2428 424 2478 teum
453 2440 571 2494 quo
603 2422 947 2494 cingebatur
977 2425 1036 2475 et
1064 2424 1287 2493 spatam
1326 2439 1430 2493 pro
1467 2439 1708 2476 munere
1731 2422 1902 2477 beato

267 2518 557 2572 Germano
586 2515 940 2570 contradidit
968 2532 980 2570 :
1005 2515 1160 2586 quod
1191 2516 1312 2586 ipse
1344 2531 1536 2570 comes
1563 2515 1696 2570 dato
1717 2515 1902 2587 pretio

269 2613 404 2681 post
430 2609 696 2680 redemit.
726 2607 790 2662 Id
832 2612 1022 2663 actum
1063 2612 1150 2662 est
1190 2612 1251 2663 ut
1279 2610 1433 2680 quod
1464 2609 1622 2680 prius
1651 2609 1900 2663 incarce-

270 2703 413 2757 ratis
437 2702 754 2768 concedere
797 2701 1034 2770 distulit,
1067 2702 1158 2756 hic
1190 2702 1479 2774 duplicato
1511 2704 1712 2756 fenore
1744 2702 1900 2756 debi-

270 2801 361 2851 tor
379 2798 806 2867 compensaret,
827 2799 885 2849 et
903 2799 1070 2850 aucta
1091 2795 1223 2850 dote
1245 2795 1459 2850 damna
1478 2795 1730 2861 sarciret,
1749 2795 1905 2865 prius

270 2906 374 2962 pro
417 2891 498 2944 eis
541 2888 832 2956 differens,
866 2892 994 2961 post
1027 2892 1086 2944 et
1124 2889 1371 2960 seipsum
1416 2889 1726 2943 redimens.
1758 2889 1904 2942 Ante

271 2999 388 3039 non
423 2982 537 3037 illis
564 2981 711 3054 pius,
740 2982 916 3038 modo
958 2985 1016 3036 et
1048 2982 1118 3036 de
1151 2998 1210 3036 se
1238 2982 1515 3053 trepidus,
1550 2981 1746 3036 didicit
1773 2997 1905 3035 casu

267 3077 506 3148 proprio
541 3076 812 3131 aerumnis
841 3092 1170 3131 succurrere
1198 3074 1418 3130 alienis.

2002 1859 2244 1955 sancti‘V
2249 1860 2316 1915 iri
2340 1867 2708 1932 praesentiam
2729 1873 2850 1926 tota
2882 1880 3189 1936 committit
3210 1887 3495 1954 praesidia.
3513 1859 3629 1955 'Qui

2003 1969 2106 2022 per
2124 1952 2361 2008 missum
2383 1956 2668 2028 invitatus,
2695 1970 2975 2034 quantum
2995 1973 3143 2027 valet
3163 1952 3236 2030 ad
3256 1952 3628 2040 conclamatas

2001 2045 2205 2146 puellas
2230 2047 2473 2146 cadaver
2493 2051 2708 2146 [ᾼηεὶᾳ.
2734 2057 2925 2124 Codd.,
2950 2065 3310 2142 cadaverem]
3332 2081 3623 2146 properat.

2003 2137 2278 2241 Erceptus
2302 2142 2502 2241 multis
2518 2144 2764 2216 ﬂetibus,
2790 2151 3127 2223 deplorante
3155 2137 3392 2234 familia,
3426 2137 3629 2241 appro-

2002 2234 2246 2300 pinquat
2278 2234 2544 2290 subsellio
2585 2255 2698 2308 quo
2724 2243 2847 2311 jam
2884 2247 3111 2319 rigebat
3135 2254 3438 2314 infantula.
3461 2234 3625 2319 lla-lo

2003 2322 2116 2376 vim
2143 2324 2280 2378 facit
2303 2329 2613 2396 questibus.
2647 2333 2784 2390 Fere
2810 2341 3099 2399 transacto
3130 2346 3280 2403 inter
3308 2351 3429 2408 haec
3460 2355 3628 2412 unius

2004 2415 2162 2517 horae
2183 2419 2387 2519 spatio,
2411 2423 2608 2519 mobili
2630 2428 2884 2500 singultu
2904 2434 3071 2490 ﬂatus
3091 2443 3295 2510 puellae
3316 2446 3626 2519 reducitur,

2002 2514 2282 2600 viscerum
2313 2514 2497 2569 vitalis
2527 2520 2684 2574 calor
2707 2539 2812 2594 per
2834 2530 3098 2586 membra
3129 2533 3483 2596 diffunditur.
3518 2514 3628 2600 De;

2004 2599 2136 2697 hinc
2161 2601 2449 2674 [paulatim
2484 2611 2739 2670 animata
2772 2623 2971 2688 potum
3002 2628 3259 2697 poposcit
3289 2636 3349 2685 ut
3387 2599 3627 2694 biberet.

2004 2694 2436 2800 "I‘unc'ahbeato
2477 2705 2607 2760 Viro
2653 2725 2802 2778 pane
2841 2694 3192 2784 signato—vel
3218 2724 3391 2779 calice
3421 2727 3627 2800 degus-

2004 2788 2146 2879 tato,
2175 2787 2473 2848 infantulae
2509 2805 2788 2856 revocatae
2819 2805 2890 2859 de
2937 2809 3137 2865 funere
3171 2817 3353 2872 totum
3392 2787 3631 2879 vertitur

2006 2878 2064 2932 in
2105 2881 2367 2938 salutem.
2408 2887 2545 2950 Quae
2581 2896 2709 2961 post
2750 2895 2807 2949 in
2848 2906 3200 2962 monasterio
3231 2909 3415 2966 beatae
3443 2878 3628 2971 Rade-

2008 2973 2216 3042 gundis
2243 2977 2512 3035 felicioris
2537 2984 2665 3039 vitae
2699 2990 3006 3048 terminum
3037 3005 3472 3061 consummavit.

2075 3067 2263 3123 XXXV.
2291 3071 2535 3135 Quidam
2562 3078 2799 3136 clericus
2825 3083 2896 3139 de
2920 3087 3084 3157 juxta
3105 3099 3458 3154 monasterio
3478 3101 3631 3158 beati

336 3140 534 3224 XXXII.
561 3171 799 3224 Prorsus
824 3169 962 3224 illud
993 3168 1240 3240 stuporis
1266 3172 1557 3225 retexatur
1575 3169 1632 3223 in
1664 3169 1894 3240 pagina.
1920 3140 1974 3214 Ο
2001 3158 2269 3262 ξῐίνθείνί
2309 3163 2366 3219 in
2397 3168 2813 3230 ΤθιἪοάθΓίηεθ
2843 3140 3082 3250 (Cluenti;

274 3265 462 3318 Eunte
507 3266 706 3317 sancto
748 3263 870 3318 viro
913 3262 987 3317 ad
1019 3262 1175 3317 beati
1206 3263 1474 3333 martyris
1504 3261 1909 3334 Symphoriani

275 3372 598 3422 occursum,
631 3355 768 3410 dum
814 3357 886 3410 de
928 3356 1050 3410 vico
1084 3355 1415 3411 Cervedone
1456 3355 1514 3410 in
1552 3356 1804 3410 Murvino
1835 3355 1907 3426 (b)

274 3449 666 3522 progreditur,
690 3449 1044 3504 habitatores
1069 3449 1176 3504 loci
1201 3452 1565 3504 occurrentes
1593 3451 1911 3520 suggerunt

275 3547 334 3598 ut
359 3547 623 3615 segetem
648 3543 882 3597 Panitize
914 3543 1071 3614 [An.,
1099 3542 1418 3614 Pistoﬁciae]
1450 3542 1707 3597 mulieris
1725 3541 1908 3596 viduae

277 3637 415 3692 nihil
445 3637 716 3690 habentis
735 3635 968 3703 residui,
994 3653 1121 3707 quae
1142 3636 1212 3690 ab
1241 3635 1386 3690 ursis
1407 3637 1756 3703 vastabatur,
1778 3635 1907 3688 visi-

277 3733 398 3784 tare
421 3729 783 3802 prmciperet,
819 3732 877 3783 et
901 3732 1099 3784 sancto
1129 3742 1230 3784 suo
1257 3729 1507 3784 adventu
1535 3729 1910 3800 repelleretur

276 3822 544 3878 incursio.
581 3822 688 3886 Qui
728 3822 984 3877 concitus
1018 3822 1294 3877 ministris
1323 3822 1693 3876 irridentibus
1723 3821 1796 3876 ad
1824 3823 1905 3876 lo-

277 3933 408 3971 cum
466 3915 819 3987 perducitur,
867 3919 925 3970 et
978 3916 1238 3970 oratione
1299 3916 1434 3970 data
1483 3915 1729 3987 desuper
1777 3915 1912 3969 fecit

276 4009 658 4081 signaculum.
718 4009 860 4063 Hinc
914 4008 1186 4063 instinctu
1243 4009 1434 4064 divino
1481 4009 1540 4063 in
1583 4009 1910 4080 parentales

275 4103 492 4157 bestias
539 4102 733 4156 feralis
777 4101 862 4156 ira
909 4102 1294 4170 succenditur,
1326 4102 1522 4156 odium
1564 4101 1815 4156 nascitur
1850 4101 1909 4156 in

274 4196 510 4262 affectu,
539 4195 597 4249 in
640 4211 782 4266 pace
815 4212 1010 4267 pugna
1040 4195 1434 4251 committitur.
1469 4197 1679 4250 Furore
1713 4195 1909 4249 bestiae

269 4289 361 4345 bis
395 4292 716 4356 armantur,
746 4289 940 4344 statim
978 4290 1324 4360 praefocatur
1352 4307 1499 4344 unus
1533 4306 1694 4344 ursus
1724 4289 1796 4343 ab
1827 4289 1906 4343 al-

273 4387 427 4449 tero,
462 4385 522 4436 et
545 4382 666 4454 ipse
693 4382 788 4454 qui
818 4383 1109 4438 restiterat
1138 4383 1274 4438 dum
1302 4384 1473 4438 vellet
1501 4384 1657 4438 foras
1689 4382 1907 4454 egredi,

271 4475 431 4549 scpis
456 4477 590 4547 palo
635 4477 1031 4532 transfoditur.
1063 4477 1154 4532 Sic
1184 4477 1411 4550 utrique
1444 4481 1760 4532 vastatores
1792 4492 1908 4530 uno
1928 4511 1989 4588 Β

271 4573 582 4626 momento
627 4569 990 4643 perimuntur
1020 4573 1078 4626 et
1114 4569 1220 4643 ipsi
1261 4570 1366 4626 sibi
1407 4571 1708 4626 confestim
1749 4587 1911 4625 arma

272 4664 489 4718 mortis
513 4662 699 4720 effecti
731 4667 880 4720 sunt.
910 4665 1045 4720 Post
1070 4664 1178 4736 ipsi
1208 4664 1474 4719 redeunti
1498 4665 1707 4720 mulier
1734 4665 1913 4736 pelles

273 4773 549 4812 ursorum
590 4757 796 4813 obtulit
840 4775 906 4813 ex
939 4758 1146 4825 studio,
1181 4761 1240 4812 et
1269 4758 1430 4830 quasi
1458 4757 1656 4814 victori
1687 4775 1788 4813 suo
1820 4775 1911 4813 re-

276 4853 597 4924 praesentat
620 4851 886 4924 spolium,
917 4849 1073 4922 quod
1108 4854 1304 4907 tamen
1336 4852 1573 4908 omnino
1604 4851 1722 4925 ipse
1750 4867 1910 4906 recu-

276 4943 430 4998 savit
460 4944 750 5016 accipere;
781 4949 838 5000 et
877 4944 974 5016 qui
1013 4944 1170 5017 prius
1195 4944 1462 5014 riserant,
1495 4945 1773 5018 poenitere
1802 4962 1912 5002 cce.

275 5041 497 5110 perunt
523 5037 782 5093 videntes
808 5039 1168 5094 miraculum.

355 5131 571 5186 XXXIII.
605 5130 674 5186 Et
700 5132 975 5203 quoniam
1004 5132 1074 5188 de
1102 5132 1203 5187 Dei
1241 5131 1394 5188 dono
1432 5149 1548 5188 non
1581 5131 1753 5188 debet
1792 5149 1916 5188 esse

277 5220 579 5281 fastidium
589 5267 602 5294 ,
615 5222 757 5280 illud
774 5225 951 5280 etiam
960 5222 1211 5281 breviter
1223 5224 1481 5281 ducimus
1494 5227 1912 5299 explicandum.

279 5317 614 5373 Beretrudis
659 5319 927 5398 quaedam
973 5319 1180 5374 mulier
1224 5320 1548 5375 Munsunthi
1586 5321 1725 5391 [Al.,
1757 5321 1913 5375 Mun-

329 5440 437 5511 ‘(a)
473 5439 651 5506 Baete,
686 5457 786 5494 seu
827 5441 1040 5508 Baccaz,
1075 5441 1219 5496 lauri
1264 5443 1349 5496 vel
1385 5441 1638 5513 juniperi
1678 5442 1913 5511 fructus,

280 5513 429 5585 item
442 5527 720 5585 gemmas
747 5515 804 5566 et
827 5515 1187 5567 mortuorum
1210 5513 1476 5585 capulum
1498 5513 1799 5584 signiﬁcat,
1825 5514 1916 5569 hic

281 5581 519 5638 insolito
552 5581 784 5653 quidem
815 5584 1152 5639 catenarum
1179 5581 1440 5639 annulos.

357 5653 433 5781 ib)
465 5652 721 5709 Cervedo
766 5654 1031 5726 (Cervon),
1056 5655 1230 5739 .vicus.
1268 5672 1447 5729 prope
1493 5656 1916 5740 Corbiniacum,

357 5776 358 5779 η
384 5740 460 5781 20
476 5725 812 5781 S.-Léonard
827 5725 892 5781 de
908 5725 1196 5781 Corbumu.
1217 5744 1277 5781 in
1293 5729 1477 5781 tractu
1491 5728 1830 5781 Morvmensi
1851 5728 1916 5781 (le

285 5725 460 5810 fulgo
476 5725 812 5810 Sz-Léo'nurd
827 5725 892 5810 _de
908 5725 1204 5810 Cprbigny,‘
1293 5725 1477 5810 tractu
1491 5728 1830 5810 Morvinensi
1851 5728 1920 5810 (te

285 5794 562 5870 Ποιῖυαη),
584 5796 679 5869 qui
704 5799 916 5855 tractus
937 5794 1326 5868 Burgundiam
1351 5815 1383 5852 a
1405 5798 1658 5856 Nivernis
1679 5794 1913 5861 dirimit.

2009 3252 2300 3355 loquimur
2325 3276 2390 3314 ex
2421 3269 2854 3339 consuetudine,
2878 3274 3090 3346 caligas
3110 3279 3455 3355 circinasset,
3481 3252 3635 3344 debi-

2010 3345 2231 3439 Iitatem
2261 3367 2539 3410 manuum
2573 3361 2661 3414 vel
2694 3364 2907 3432 pedum
2941 3345 3196 3428 incurrit.
3228 3345 3340 3431 Sed
3366 3345 3632 3439 dereato

2011 3437 2294 3540 Sylvestro
2323 3462 2549 3515 gressus
2575 3455 2793 3526 recepit
2824 3460 3105 3531 ofﬁcium;
3129 3483 3232 3536 per
3252 3485 3517 3540 soporem
3540 3437 3636 3530 adv-

2010 3534 2262 3588 monitus
2307 3543 2553 3596 occurrit
2596 3552 2792 3603 sancto
2833 3534 3396 3629 Germano‘posce-ns
3439 3566 3636 3623 salutis

2010 3630 2436 3730 compendium.
2455 3637 2502 3689 A
2520 3653 2632 3708 quo
2651 3640 3058 3716 interrogatus,
3073 3666 3303 3708 causam
3316 3658 3494 3730 culpae
3507 3675 3638 3716 con-

2009 3720 2190 3826 fessus
2214 3727 2318 3778 est.
2346 3727 2491 3826 Tum
2518 3729 2766 3803 imperat
2793 3739 3000 3796 clerico
3029 3747 3090 3797 ut
3114 3745 3391 3804 clamaret
3407 3720 3519 3823 per
3537 3769 3636 3826 po-

2011 3816 2229 3886 pulum,
2261 3834 2367 3874 nec
2399 3823 2524 3893 quis
2554 3827 2773 3884 temere
2814 3831 2905 3888 die
2952 3843 3289 3908 operaretur
3313 3816 3631 3906 Dominico.

2012 3908 2156 3977 Quo,
2193 3913 2394 3982 quinto
2437 3915 2528 3971 die
2574 3922 2886 3993 transacto,
2928 3933 3225 4001 superfuso
3267 3937 3393 3993 oleo
3435 3938 3636 3998 debilis

2009 4003 2204 4072 palma
2235 4005 2518 4078 dirigitur,
2551 4017 2610 4067 et
2633 4016 2705 4070 ad
2737 4021 2969 4090 propria
3006 4027 3178 4080 eundi
3208 4045 3337 4085 cum
3372 4032 3635 4092 libertate

2012 4095 2334 4154 dimittitur.

2079 4191 2289 4293 XXXVI.
2324 4196 2386 4293 In
2411 4213 2563 4293 pago
2590 4203 2939 4261 Amoniense
2973 4209 3185 4282 (Mosny
3211 4215 3268 4268 in
3300 4217 3447 4292 Bria)
3481 4223 3636 4293 quod

2013 4287 2238 4378 gestum
2265 4290 2350 4342 est
2374 4291 2699 4362 replicetur.
2735 4297 3047 4371 Rotegiaco
3079 4306 3294 4378 [Rozoy]
3323 4286 3453 4367 villa
3475 4286 3634 4370 Pari-

2011 4376 2176 4432 siaca:
2222 4381 2485 4438 Ecclesiae
2527 4391 2748 4458 septem
2781 4391 2831 4444 ei
2872 4394 2974 4448 viri
3011 4376 3431 4458 debacchantes
3459 4407 3635 4467 oblati

2012 4475 2162 4526 sunt.
2194 4473 2408 4537 Quibus
2452 4481 2660 4535 curatis
2701 4499 2846 4538 unus
2881 4487 2976 4558 qui
3021 4491 3281 4560 graviore
3326 4501 3640 4560 vexabatur

2012 4565 2213 4636 spiritu
2247 4584 2377 4623 cum
2413 4571 2564 4627 exire
2599 4581 2922 4648 cogeretur,
2956 4582 3178 4642 homini
3217 4589 3318 4645 Dei
3347 4596 3639 4664 professus

2013 4661 2118 4726 est,
2151 4663 2382 4732 expulso
2407 4680 2468 4718 se
2508 4665 2579 4721 de
2616 4667 2714 4724 illo
2748 4672 2873 4728 loco
2900 4691 3133 4746 gravem
3159 4661 3638 4749 lamentationem

2016 4847 2286 4947 Germani
2339 4850 2582 4910 transitu
2633 4856 2850 4915 famam
2903 4863 3052 4920 fudit
3102 4885 3207 4939 per
3256 4878 3518 4947 populos,
3581 4886 3640 4938 et

2014 4942 2258 5040 pastoris
2303 4961 2407 5015 pro
2453 4947 2610 5004 obitu
2655 4967 2892 5024 gregem
2941 4960 3120 5015 movit
3162 4963 3219 5018 in
3267 4942 3639 5040 ﬂetumJQui

2017 5037 2212 5090 tamen
2268 5054 2694 5111 energumenus
2742 5048 2847 5103 etsi
2893 5053 3196 5110 seminavit
3247 5037 3636 5142 mendacium,

2017 5131 2280 5200 expulsus
2309 5149 2424 5188 non
2458 5132 2718 5193 defendit
2745 5141 3059 5202 obsessum.

2090 5439 2634 5537 (_c2"1:e1;noldorensisn
2635 5449 2848 5505 tractus
2863 5454 2951 5537 cuj
2960 5471 3023 5511 us
3034 5466 3210 5537 caput
3223 5463 3617 5530 Ternodorum

2017 5512 2540 5604 ggul‘o‘rnoudorum
2566 5517 2902 5604 (Tpnnerre),
2928 5512 2990 5604 in
3033 5512 3375 5604 Burgundiae

2019 5581 2545 5689 ξξξξξξίξξξυὲηξξεῖιξε
2571 5581 2643 5689 id
2669 5581 3642 5689 Π]ρξιᾶέίθτίυιῖιῂῗὶῖδᾘέῖεξτῶἵό

2016 5655 2633 5746 ἕοέιξςίςς-ξαξηςῖζςςξη,
2659 5665 2746 5718 cui
2779 5670 2902 5746 tum
2926 5655 3155 5746 sanctus
3166 5655 3451 5735 's'iiiéé'té?
3467 5655 3648 5746 iiii?

2017 5730 2283 5797 praeerat.
2317 5727 2467 5800 Lege
2497 5730 2683 5789 Vitam
2714 5740 2895 5795 sancti
2922 5727 3158 5802 Joannis
3181 5727 3600 5824 ﬁébih'éxis‘ié'.”
