4044 6196
389 233 456 288 67
1292 229 1585 286 sacres
1619 231 1995 297 GERMANUS,
2037 231 2443 298 PARISIENSIS
2479 215 2854 286 EPISCOPUS.
3682 232 3746 277 es

391 357 490 396 cus
518 337 792 396 membris
817 338 1143 406 dissolutus,
1167 341 1441 408 carpento
1469 337 1786 405 subvectus,
1817 354 2014 409 gressu
2039 353 2096 426 Α
2116 339 2361 411 pecunia
2403 338 2463 393 in
2511 339 2684 393 domo
2715 335 2936 392 lumina
2967 334 3346 406 dispensaret.
3383 331 3497 388 Sed
3539 333 3662 386 haec
3691 331 3748 385 in

391 434 696 490 destitutus
749 437 808 488 et
859 435 1008 487 actu.
1067 433 1188 496 Quo
1239 430 1576 484 sanctiﬁcati
1631 431 1741 485 olei
1795 431 2016 504 liquore
2119 433 2378 488 cubiculo
2407 435 2690 504 praesente
2715 447 2810 485 me
2840 432 3000 501 gesta
3025 432 3174 482 sunt.
3482 430 3486 432 ’

391 529 622 598 perfuso
647 543 778 582 cum
804 525 946 580 cutis
966 541 1191 578 summa
1216 523 1517 594 tetigisset,
1549 524 1713 594 vigor
1737 525 2018 580 medullas

392 620 630 677 introiit.
660 619 876 675 Dehinc
911 617 1172 671 redivivas
1203 632 1410 670 manus
1441 616 1513 670 ad
1547 634 1712 672 usum
1743 617 2016 672 mobilem

393 714 675 769 redeunt:
704 713 935 766 thorace
961 708 1208 780 pectoris
1231 708 1388 764 vitali
1417 711 1686 780 appulsus
1711 711 1776 764 fit
1793 711 2015 778 fortior,

395 823 585 878 genua
615 802 959 860 columnaris
985 801 1346 856 imbecillitas
1366 803 1672 858 roboratur
1693 802 1788 874 (a),
1808 805 2020 874 plantze

395 897 647 955 solidatis
671 895 900 950 basibus
930 894 1321 965 subriguntur.
1356 898 1512 950 Inter
1536 895 1658 950 haec
1687 899 1810 950 tota
1833 913 2018 951 mem-

393 993 628 1047 brorum
676 987 892 1042 fabrica
933 989 1236 1058 reparatur
1276 1005 1288 1043 :
1332 989 1428 1058 qui
1477 989 1721 1044 sanitate
1767 993 2018 1060 recepta,

394 1083 670 1138 redeunte
697 1083 894 1137 sancto
921 1081 1042 1135 viro
1079 1081 1324 1136 occurrit
1350 1081 1409 1136 in
1440 1081 1665 1148 itinere,
1699 1086 2021 1154 praeparato

395 1175 596 1230 exenio
661 1175 875 1247 gratias
925 1174 1145 1230 Christo
1195 1175 1452 1229 referens
1503 1175 1573 1230 de
1623 1175 1850 1230 reddito
1895 1192 2018 1230 cor-

392 1269 646 1342 pusculo.

465 1363 722 1417 XXXVIII.
775 1363 887 1416 Nec
943 1361 1050 1416 hoc
1105 1361 1572 1432 praetereundum
1622 1365 1726 1428 est,
1779 1363 2024 1434 qualiter

397 1455 566 1509 simili
592 1455 800 1509 merito
832 1453 1035 1508 claruit
1063 1455 1238 1509 virtus
1269 1455 1328 1508 in
1357 1455 1559 1510 altero.
1587 1455 1766 1526 Igitur
1791 1456 2023 1510 Emme-

399 1549 608 1619 gesilus
633 1548 702 1601 de
734 1548 856 1602 vico
880 1547 1148 1601 Bucciaco
1172 1547 1265 1619 (ὁ),
1290 1547 1526 1618 quidam
1546 1565 1689 1618 puer
1709 1548 2025 1603 admodum

397 1642 662 1713 parvulus
705 1640 982 1695 membris
1019 1641 1366 1711 paralyticus
1407 1641 1464 1694 in
1508 1642 1647 1695 sella
1675 1641 1918 1696 Parisios
1952 1641 2024 1694 ad

2189 528 2314 581 XLI.
2348 527 2489 581 Cum
2531 525 2604 579 ad
2643 523 3064 596 possessionem
3097 521 3349 576 ecclesia
3389 537 3515 592 qua:
3546 519 3753 574 dicitur

2119 621 2317 674 Inethe
2350 620 2488 690 (AL,
2515 619 2572 672 in
2603 617 2809 688 Ethe),
2841 616 3120 672 Sacerdos
3165 615 3482 680 accederet,
3516 612 3752 684 quidam

2121 714 2171 768 ei
2199 714 2263 767 ﬁt
2290 712 2505 779 obvius,
2540 727 2900 782 conquerens
2929 710 3000 763 de
3034 707 3283 780 quadam
3313 707 3444 761 villa
3476 723 3533 760 se
3565 707 3751 761 solum

2120 806 2447 860 incolumen
2477 821 2618 872 esse,
2649 804 2942 859 universos
2970 818 3106 856 vero
3140 801 3360 855 accolas
3390 799 3546 870 gravi
3579 797 3752 853 taedio

2119 899 2404 954 laborare.
2433 898 2604 969 Cujus
2633 896 2874 968 eulogiis
2895 897 2967 950 ad
2990 896 3250 949 inﬁrmos
3272 893 3532 965 portatis,
3557 891 3750 946 statim

2121 992 2193 1046 ab
2215 991 2445 1062 aegrotis
2463 993 2709 1062 languor
2724 991 2912 1044 omnis
2931 991 3164 1060 fugatus
3181 991 3284 1055 est,
3305 989 3362 1040 et
3379 986 3563 1056 primo
3583 988 3754 1056 gustu

2122 1085 2480 1156 eulogiarum
2521 1084 2757 1138 morbus
2783 1099 2912 1136 cum
2943 1099 3094 1154 pane
3121 1083 3493 1151 consumptus
3523 1082 3626 1132 est.
3661 1077 3754 1132 Sic

2121 1178 2232 1231 fuit
2259 1179 2331 1231 ab
2361 1177 2457 1230 illa
2483 1178 2651 1230 turba
2677 1193 2806 1230 cum
2835 1192 2960 1230 esca
2990 1176 3204 1230 sanitas
3229 1172 3604 1228 manducata!

2192 1271 2342 1324 XLII.
2369 1273 2510 1324 Item
2539 1286 2668 1324 cum
2697 1269 2943 1324 Parisios
2976 1269 3049 1324 ad
3077 1267 3371 1322 basilicam
3413 1265 3599 1320 beata:
3626 1281 3755 1319 cru-

2125 1363 2202 1418 cis
2227 1364 2292 1436 (e)
2319 1363 2404 1418 vir
2430 1363 2528 1417 Dei
2555 1363 2915 1434 procederet,
2948 1362 3156 1416 mulier
3183 1360 3484 1432 parvulum
3515 1359 3572 1412 in
3613 1358 3758 1411 albis

2127 1457 2328 1512 ultimo
2367 1456 2506 1510 ﬂatu
2544 1456 2922 1527 palpitantem
2966 1458 3024 1509 et
3051 1455 3175 1525 jam
3207 1454 3590 1524 migraturum
3620 1455 3756 1505 ante

2127 1550 2398 1606 Sanctum
2430 1549 2689 1621 exposuit
2716 1549 2911 1604 dicens
2939 1566 2953 1603 :
2987 1549 3082 1602 Pie
3108 1549 3295 1614 Pater,
3321 1545 3363 1600 si
3388 1546 3560 1600 velles
3586 1544 3659 1598 ad
3681 1545 3760 1598 la-

2127 1645 2484 1698 mentantem
2529 1642 2832 1712 respicere,
2868 1645 3056 1695 mater
3099 1640 3302 1694 ﬂebilis
3339 1656 3452 1694 non
3497 1639 3756 1693 orbarer.

399 1738 660 1789 sanctum
686 1735 870 1788 virum
891 1734 1157 1787 manibus
1177 1733 1558 1804 bajulantium
1581 1735 1803 1788 delatus
1825 1738 1910 1788 est
1931 1733 2022 1805 (c).
2046 1721 2102 1792 B
2126 1737 2319 1806 Neque
2346 1736 2479 1789 hinc
2505 1736 2796 1789 discedere
2820 1737 3022 1788 malles
3048 1735 3278 1805 plenam
3309 1731 3524 1803 gemitu
3551 1747 3758 1785 vacua-

401 1829 513 1882 Nec
549 1828 746 1882 dextra
782 1827 981 1898 vigens
1010 1827 1229 1894 mobili,
1264 1844 1368 1880 nec
1409 1828 1608 1898 planta
1640 1843 1881 1898 surgens
1911 1829 2023 1881 sta-

401 1919 520 1988 bili,
563 1938 668 1976 nec
711 1921 908 1991 lingua
955 1938 1165 1975 sonans
1210 1920 1464 1986 volubili,
1500 1921 1675 1975 totius
1720 1920 2030 1975 debilitatis

401 2030 660 2070 marcore
683 2014 954 2084 captivus,
979 2014 1410 2084 quodammodo
1434 2014 1556 2068 sine
1583 2019 1803 2068 naturae
1826 2014 2028 2068 ordine

401 2107 460 2162 in
509 2125 703 2186 rerum
753 2111 960 2160 natura
1002 2108 1298 2178 praafusus.
1342 2107 1522 2172 Quem
1567 2109 1806 2163 Sanctus
1845 2107 2025 2162 conti-

402 2201 624 2256 nuatim
672 2218 777 2272 per
833 2200 1087 2254 triduum
1139 2217 1300 2254 sacro
1350 2199 1559 2254 liniens
1602 2202 1750 2268 oleo,
1799 2199 2031 2254 sanitati

401 2295 709 2348 restituens
737 2309 850 2348 uno
891 2294 994 2347 sub
1021 2297 1319 2348 momento
1350 2310 1507 2362 voce,
1542 2311 1739 2361 manu,
1768 2293 2027 2364 vestigio.

403 2389 648 2442 Cunctos
679 2391 879 2458 stupor
908 2386 1291 2458 amplectitur,
1325 2387 1543 2441 clamor
1573 2387 1630 2440 in
1662 2387 1866 2442 coelum
1900 2387 2032 2440 edu-

403 2481 549 2535 citur
577 2497 810 2535 omnem
843 2483 1026 2534 artem
1057 2479 1413 2534 medicorum
1446 2483 1706 2534 sanctum
1735 2497 2030 2551 superasse

405 2575 778 2628 Germanum.

474 2668 680 2721 XXXIX.
713 2669 856 2721 Item
908 2666 979 2720 de
1031 2666 1238 2721 eodem
1285 2667 1406 2722 vico
1447 2667 1718 2722 Bucciaco
1767 2666 2030 2738 quredam

403 2759 650 2816 occurrit
691 2758 936 2813 Parisios
973 2759 1052 2813 ita
1092 2776 1270 2813 manu
1311 2762 1624 2826 contracta,
1658 2763 1718 2814 ut
1752 2759 2032 2830 unguium

403 2870 646 2908 acumen
688 2854 942 2922 palmam
984 2853 1203 2906 foraret
1237 2852 1296 2907 in
1337 2853 1621 2907 intimam.
1658 2853 1761 2916 Qui
1807 2855 2032 2906 tantum

406 2947 519 3001 oris
568 2945 652 2998 sui
696 2944 865 2998 ducta
907 2945 1082 2998 saliva
1127 2945 1350 3014 pollice,
1386 2961 1694 2999 nervorum
1735 2944 2030 3000 distentio-

406 3055 560 3104 nem,
590 3053 798 3091 manus
822 3037 1105 3090 reformat
1130 3036 1466 3108 imaginem.

2129 1833 2247 1883 tam
2276 1829 2346 1882 de
2375 1829 2580 1882 fructu.
2615 1831 2681 1882 Et
2709 1828 2814 1882 nisi
2849 1827 3085 1882 festines
3112 1843 3460 1893 succurrere,
3486 1825 3644 1879 vides
3669 1825 3756 1877 in-

2128 1922 2352 1976 felicem
2376 1924 2750 1992 extorquente
2771 1923 2957 1976 morte
2980 1920 3102 1992 rapi
3127 1922 3323 1974 natum
3347 1919 3416 1973 ab
3435 1919 3628 1972 ubere.
3649 1918 3760 1971 Aut

2129 2015 2309 2069 ﬁlium
2330 2015 2586 2081 restitue,
2608 2017 2706 2069 aut
2726 2015 2942 2085 pariter
2960 2031 3090 2068 cum
3105 2013 3227 2085 ipso
3247 2014 3643 2068 funeraturam
3663 2026 3757 2064 me

2131 2108 2344 2163 obtine.
2379 2108 2638 2179 Indulge,
2672 2111 2887 2178 pastor,
2929 2107 3154 2161 misera).
3199 2122 3373 2177 quam
3417 2122 3551 2158 suus
3596 2104 3762 2158 dolor

2131 2202 2267 2256 facit
2293 2201 2592 2256 audacem.
2617 2202 2740 2265 Qua
2767 2199 3034 2254 ﬂebiliter
3054 2202 3345 2271 poscente,
3366 2215 3498 2254 mox
3521 2201 3583 2251 ut
3603 2197 3760 2252 Beati

2133 2295 2367 2350 dextera
2394 2311 2564 2365 supra
2591 2294 2946 2364 expirantem
2985 2293 3211 2364 signum
3245 2292 3426 2346 crucis
3451 2291 3758 2362 impressit,

2133 2387 2295 2460 quasi
2328 2387 2468 2458 vigil
2501 2387 2571 2441 de
2614 2404 2818 2458 sopore
2855 2388 2943 2440 lac
2978 2387 3177 2446 matris
3217 2384 3468 2456 expetiit,
3512 2384 3606 2456 qui
3635 2384 3762 2455 jam

2133 2481 2382 2552 frigebat
2411 2481 2468 2534 in
2509 2482 2732 2535 funere.
2766 2483 2846 2534 Ita
2876 2483 3176 2535 momento
3211 2479 3488 2550 temporis
3517 2477 3663 2532 ﬁlius
3689 2477 3761 2532 de

2132 2575 2334 2630 mortis
2365 2575 2548 2641 fauce,
2576 2577 2764 2628 mater
2803 2573 3021 2628 tollitur
3062 2573 3132 2628 de
3166 2589 3431 2626 moerere.
3467 2571 3606 2626 Hinc
3651 2571 3759 2625 cir-

2133 2672 2424 2723 cumstans
2479 2668 2724 2739 populus
2778 2670 3010 2738 stupore
3059 2665 3400 2732 concutitur,
3453 2665 3648 2736 fragor
3701 2665 3761 2718 in

2133 2765 2325 2833 partes
2344 2761 2638 2827 attollitur,
2661 2761 2875 2832 gratias
2901 2760 3154 2816 Creatori
3187 2759 3504 2814 referentes
3529 2757 3597 2812 de
3619 2773 3764 2829 pra:-

2134 2855 2251 2909 mio
2301 2857 2558 2926 tempore
2605 2853 2930 2909 Sacerdotis
2971 2851 3280 2925 praecipuo,
3327 2870 3358 2906 a
3399 2867 3512 2924 quo
3547 2851 3765 2907 morbis

2127 2948 2348 3019 jugiter
2375 2951 2434 3002 et
2456 2947 2738 3002 mortibus
2768 2947 3102 3018 imperetur.

2203 3042 2376 3095 XLIII.
2420 3041 2636 3095 Deinde
2677 3041 2986 3096 accedente
3029 3041 3087 3095 in
3136 3039 3373 3094 Bradeia
3422 3039 3543 3094 vico
3591 3038 3765 3111 (Brie-

477 3090 578 3185 XL.
602 3129 833 3184 Retinet
857 3129 978 3200 ejus
1007 3131 1233 3183 laureas
1251 3090 1316 3184 ξι
1337 3146 1516 3202 pagus
1538 3130 1833 3186 Bituricus.
1857 3131 2036 3201 Igitur
2053 3090 2110 3164 Ο
2134 3134 2554 3197 Comte-Robert,
2592 3134 2652 3188 in
2693 3133 2862 3204 Bria),
2901 3133 3033 3206 pagi
3074 3133 3361 3201 Parisiaci,
3402 3133 3576 3187 missa
3593 3090 3761 3187 \c'ele-

407 3223 606 3280 Pastor
633 3223 818 3278 bonus
848 3240 978 3277 cum
1005 3223 1076 3276 de
1106 3221 1228 3277 vico
1255 3223 1574 3294 Novigento
1607 3224 1679 3278 ad
1707 3225 1902 3278 Vicum
1931 3226 2036 3279 No-

408 3333 539 3372 vum
567 3317 644 3388 (d)
671 3315 934 3371 visitandi
975 3315 1128 3386 regis
1166 3333 1303 3371 cura
1337 3316 1504 3370 solita
1543 3317 1912 3388 pervenisset,
1948 3318 2033 3371 of-

408 3411 522 3466 fert
533 3427 592 3464 se
617 3409 884 3482 quadam
903 3410 1094 3464 vetula
1114 3425 1400 3465 annorum
1415 3409 1503 3464 bis
1527 3415 1806 3481 quaterna
1829 3427 2036 3481 gerens

409 3506 468 3560 in
515 3503 768 3559 creeitate
813 3503 1112 3558 curricula.
1157 3503 1328 3574 Cujus
1361 3521 1532 3574 super
1571 3505 1765 3558 oculos
1807 3504 2034 3575 signum

411 3599 619 3654 nostrae
635 3596 1050 3667 redemptionis
1071 3596 1348 3651 Sacerdos
1369 3597 1692 3668 imponens,
1713 3597 1962 3669 imperat
1977 3601 2038 3651 ut

410 3707 658 3761 sequens
687 3689 796 3743 iret
831 3706 946 3760 qua
972 3689 1236 3744 Pontifex
1273 3692 1560 3760 pergeret.
1588 3692 1782 3745 Altera
1807 3708 2036 3762 quoque

411 3783 504 3838 die
525 3798 654 3838 cum
673 3781 947 3852 praedicto
965 3787 1291 3836 occurreret
1311 3782 1362 3836 ei
1385 3799 1451 3836 ex
1468 3783 1794 3854 improviso,
1815 3784 2040 3854 sangui-
2070 3810 2073 3811 ν

413 3893 548 3930 nem
567 3879 906 3929 manantem
925 3873 996 3928 de
1018 3875 1233 3929 lumine
1253 3877 1415 3946 largo
1437 3877 1598 3931 fonte
1617 3877 1857 3931 salutem
1875 3893 2038 3931 suam

414 3969 560 4026 oculi
580 3968 994 4040 lacrymabant.
1017 3967 1154 4032 Quae
1172 3968 1323 4022 inter
1336 3969 1586 4040 reliquos
1603 3973 1826 4024 astante
1841 3973 2038 4026 sancto

413 4062 533 4118 viro
559 4061 923 4132 conspicitur.
949 4061 1056 4125 Qui
1087 4061 1294 4116 tollens
1328 4078 1386 4115 se
1419 4061 1489 4116 de
1525 4079 1812 4132 consessu,
1834 4064 2035 4118 mulie-

414 4171 538 4216 rem
571 4158 789 4228 utpote
821 4171 1032 4209 cmcam
1064 4155 1240 4210 trahit
1267 4155 1324 4210 in
1361 4155 1755 4224 diversorium,
1793 4173 1907 4228 quo
1935 4157 2040 4212 sibi

415 4253 540 4306 erat
567 4249 909 4305 cubiculum.
930 4248 1102 4320 Cujus
1128 4247 1347 4303 lumina
1375 4265 1526 4319 aqua
1555 4249 1750 4320 tepida
1777 4250 1892 4304 suis
1916 4267 2036 4306 ma-

399 4333 582 4400 'nibus
612 4343 870 4411 abluens,
897 4341 1050 4397 diem
1075 4341 1289 4397 refudit
1312 4342 1370 4396 in
1407 4341 1600 4397 oculis.
1632 4342 1768 4408 Qum
1796 4360 1926 4398 mox
1953 4345 2039 4398 lu-

2133 3229 2317 3295 brata,
2342 3231 2399 3282 et
2416 3228 2474 3282 in
2497 3227 2745 3282 sacrario
2773 3227 3048 3282 cathedra
3077 3227 3380 3298 deportata
3401 3225 3636 3281 offertur
3661 3243 3764 3297 pa-

2134 3321 2371 3393 ralytica
2399 3321 2793 3377 universorum
2828 3321 3222 3378 membrorum
3257 3321 3532 3375 damnata
3558 3335 3767 3392 gerens

2137 3415 2344 3482 ofﬁcia,
2365 3415 2585 3469 nullum
2606 3414 2864 3485 vigorem
2880 3415 3135 3468 retinens
3155 3415 3365 3486 plantze
3386 3415 3470 3468 vel
3495 3414 3762 3468 dexterae.

2135 3508 2257 3563 Mox
2277 3509 2497 3562 habens
2517 3508 2574 3562 in
2599 3525 2666 3562 eo
2686 3508 2976 3576 ﬁduciam,
3002 3507 3098 3580 qui
3121 3508 3275 3563 dona
3301 3508 3406 3562 sibi
3436 3491 3597 3580 larga
3624 3523 3768 3579 pra:-

2137 3602 2344 3669 stabat,
2373 3619 2500 3656 eam
2525 3605 2586 3656 ut
2609 3601 2792 3656 vitalis
2821 3601 2930 3656 olei
2956 3601 3358 3656 benedictione
3381 3601 3764 3673 superlinivit;

2139 3695 2331 3749 statim
2369 3695 2604 3750 morbus
2641 3694 2974 3762 excluditur,
3013 3695 3252 3749 salubris
3284 3695 3447 3766 vigor
3477 3693 3764 3763 illabitur;

2138 3787 2521 3858 recreatisque
2532 3788 2855 3855 visceribus,
2872 3787 3074 3842 melius
3085 3789 3404 3843 renascitur
3414 3789 3490 3843 sal
3501 3784 3577 3842 uti
3591 3803 3768 3859 quam

2140 3881 2407 3951 germini,
2441 3883 2566 3952 plus
2597 3882 2898 3952 acquirens
2925 3899 2990 3936 ex
3019 3899 3260 3937 munere
3290 3897 3462 3953 quam
3495 3881 3768 3952 sumpsis-

2139 3976 2226 4028 set
2270 3971 2512 4044 origine.
2557 3977 2640 4028 Ita
2689 3978 2750 4028 ut
2797 3975 2912 4029 suis
2955 3979 3156 4047 postea
3201 3976 3469 4030 manibus
3512 3973 3768 4029 tunicam

2141 4068 2349 4122 Sancto
2375 4069 2592 4122 faceret
2621 4067 2780 4138 quasi
2803 4069 3094 4139 acquisitaa
3117 4068 3416 4123 tributaria
3443 4066 3764 4123 medicinze.

2209 4160 2379 4215 XLIV.
2425 4160 2681 4216 Tradidit
2723 4161 3018 4216 memoria)
3069 4161 3222 4234 quod
3261 4162 3426 4234 juvat
3467 4162 3526 4216 in
3575 4161 3764 4216 laude.

2140 4255 2336 4324 Itaque
2348 4254 2708 4325 Audegisilus
2724 4255 2913 4326 major
2925 4255 3129 4311 domus
3144 4256 3320 4327 regia:
3336 4272 3465 4311 cum
3483 4257 3768 4328 quartana

2142 4351 2276 4418 typo
2312 4346 2560 4418 graviter
2593 4352 2881 4419 ageretur,
2921 4349 3164 4404 occurrit
3202 4350 3372 4405 beato
3411 4349 3553 4416 viro,
3581 4347 3767 4402 ﬁdens

417 4455 542 4494 cem
571 4437 816 4507 inspicit,
844 4436 1026 4491 sancti
1049 4436 1152 4491 viri
1181 4436 1391 4508 digitos
1409 4435 1677 4491 insatiata
1699 4436 1908 4508 gaudio
1929 4435 2042 4492 suis
2060 4459 2119 4532 D
2143 4439 2214 4494 de
2242 4440 2540 4495 beneﬁcio.
2565 4443 2746 4496 Homo
2770 4442 2868 4496 Dei
2904 4442 2962 4496 in
2990 4460 3089 4497 sua
3115 4444 3257 4498 cella
3285 4442 3540 4514 deputat,
3560 4445 3769 4497 etcum

416 4527 700 4588 immersit
735 4529 1012 4598 faucibus,
1055 4529 1382 4601 pariterque
1417 4529 1694 4586 ministris
1729 4547 2038 4602 compunc-

2143 4549 2258 4588 uno
2285 4533 2528 4589 diacono
2557 4534 2808 4589 residere
2823 4535 2988 4606 jubet
3009 4536 3308 4591 inclusum.
3329 4537 3470 4590 Tum
3494 4534 3691 4591 anxius
3713 4539 3774 4590 et

419 4622 574 4679 tione
603 4620 946 4676 deﬂentibus
981 4621 1174 4695 videre
1203 4641 1263 4678 se
1293 4622 1592 4679 hominem
1619 4625 1716 4696 qui
1747 4622 1908 4682 caecis
1937 4641 2041 4697 pro
2135 4626 2406 4698 jejunans
2443 4627 2724 4698 minister,
2759 4628 2897 4700 quid
2943 4630 3158 4686 faceret
3191 4629 3476 4702 excogitat
3513 4627 3772 4700 trepidus

493 4759 569 4833 (α)
611 4761 696 4816 Ita
734 4758 867 4833 Mss.
911 4756 1090 4833 codd.
1137 4759 1471 4833 Legendum
1517 4765 1712 4816 tamen
1759 4761 1985 4820 videtur
2025 4780 2038 4820 :

426 4831 644 4891 Thorax
661 4831 896 4902 pectoris
919 4831 1078 4884 vitali
1093 4832 1264 4902 pulsu
1281 4835 1342 4900 ﬁt
1363 4833 1560 4900 fortior
1582 4847 1815 4899 genuum
1842 4836 2041 4890 colum-

421 4902 974 5030 na-ﬁstimbecillitas,
1011 4903 1119 4956 etc.
1153 4917 1167 4957 :
1201 4901 1308 4956 nisi
1345 4901 1495 4957 forte
1533 4918 1724 4973 genua
1766 4903 2041 4974 adjective

423 4990 588 5030 suma
617 4990 701 5030 ur.

617 4990 701 5030 ω’.

423 4990 896 5176 εῃξῖἕὲιέέοὶδοιιε
923 5041 1174 5116 (Poissy),
1206 5043 1378 5115 paulo
1413 5059 1584 5116 supra
1617 5043 1920 5116 Lutetiam,
1955 5047 2039 5104 in-

423 5125 513 5176 ter
581 5132 870 5176 eauanam
897 5119 955 5170 et
981 5115 1318 5170 Matronam.

422 5115 513 5176 ter
540 5115 870 5190 Sequanam
897 5115 955 5170 et
981 5115 1318 5190 Matronam.

480 5190 562 5318 ISc)
599 5182 662 5246 In
689 5187 964 5314 (pluribus
998 5187 1122 5242 Mss.
1159 5185 1250 5240 hic
1293 5187 1622 5241 inseruntur
1665 5182 1773 5241 ista
1813 5184 1987 5242 verba
2026 5201 2039 5242 :

527 5279 590 5317 er
611 5259 684 5316 tri
731 5275 865 5314 uum
891 5274 1048 5318 voce,
1076 5274 1274 5318 manu.
1305 5257 1564 5318 vestigio.
1591 5257 1809 5318 pudore
1834 5275 2039 5314 concu-

429 5283 458 5312 ‹‹
480 5257 590 5318 Per
611 5257 865 5330 triduum
891 5274 1048 5324 voce,
1076 5274 1274 5330 manu,
1305 5257 1564 5330 vestigio,
1591 5257 1809 5330 pudore
1834 5275 2040 5314 concu-

423 5334 582 5410 titur,
597 5347 810 5410 rumor
839 5329 895 5410 in
927 5331 1120 5400 partes
1145 5328 1389 5410 tollitur,_
1409 5327 1624 5410 gratias
1649 5330 2042 5410 creatoris-re-

423 5399 696 5470 ferentes,
729 5399 1026 5472 hominem
1053 5417 1087 5454 a
1113 5415 1225 5471 quo
1244 5399 1460 5454 morbis
1473 5399 1692 5472 jugiter
1711 5404 1767 5455 et
1789 5401 2044 5456 moribus

421 5477 760 5533 imperetur.
799 5495 827 5522 »
871 5471 984 5528 Sed
1031 5487 1160 5526 cum
1202 5473 1359 5528 textu
1403 5488 1518 5527 non
1557 5471 1709 5528 bene
1753 5473 2043 5528 cohaerere

421 5548 707 5607 videntur.

497 5617 966 5691 (leortunatus,
993 5628 1196 5691 supra,
1220 5629 1378 5691 num.
1409 5615 1496 5691 26,
1517 5615 1882 5691 mentionem
1911 5615 2048 5691 fecit

419 5683 538 5749 Vici
557 5683 696 5764 Novi
713 5683 1315 5764 quemjugtgl’arisios
1328 5684 1616 5764 locat._Hic
1629 5684 1786 5764 idem
1807 5685 2044 5745 omnino

423 5775 546 5831 esse
577 5753 800 5819 videtur
825 5753 978 5834 ap’ud
1005 5753 1277 5817 Bituricas
1301 5773 1338 5814 a
1361 5755 1614 5835 quodam
1637 5757 1850 5817 Gallico
1875 5773 2044 5836 para-

2143 4763 2373 4848 phraste
2395 4782 2700 4848 perperam
2721 4763 3009 4848 quaesitus,
3029 4785 3161 4848 cum
3179 4769 3346 4848 so_lita
3364 4784 3500 4848 cura
3521 4770 3769 4848 asangm

2143 4837 2429 4910 Germano
2456 4837 2796 4910 visitaretu’r.
2829 4839 3018 4910 Fuerit
3041 4839 3283 4910 proinde
3314 4840 3522 4910 mulier
3553 4839 3647 4894 illa
3677 4838 3766 4893 Βία

2143 4908 2441 4962 turicensis
2489 4907 2762 4978 dioecesis,
2806 4909 2907 4964 sed
2951 4905 3318 4982 ne'uaquam
3361 4905 3765 4982 Novigentum,

2143 4980 2229 5034 vel
2282 4979 2447 5034 Vicus
2507 4981 2710 5035 Novus.
2768 4979 2960 5036 Sancti
3023 4926 3321 5037 glodoaldi
3370 4981 3550 5037 vicus.
3597 4981 3765 5037 vulgo

2143 4980 2229 5052 vel
2282 4979 2447 5052 Vicus
2488 4981 2710 5052 Novus.
2768 4979 2960 5036 Sancti
3023 4979 3321 5037 Clodbaldi
3370 4979 3550 5047 vicus,
3597 4981 3769 5052 vulgo

2143 5050 2514 5124 Saint-C‘loud,
2549 5051 3106 5124 olim_Novigentum
3147 5052 3460 5124 dicebatur.
3497 5053 3644 5124 Yero
3676 5050 3765 5124 ta-

2143 5136 2278 5195 men
2329 5120 2652 5195 similcuest
2705 5120 3092 5195 hunc'locum
3143 5122 3644 5195 interpretandum
3695 5121 3768 5178 de

2143 5191 2656 5266 Novigentogsilvm
2704 5191 3360 5266 YincensijVincennés)
3403 5193 3684 5266 proximo,
3733 5211 3771 5266 a

2145 5279 2257 5332 quo
2308 5264 2645 5337 non__longe
2689 5263 2862 5337 distat
2912 5263 3054 5322 Villa
3101 5266 3258 5321 Nova
3305 5263 3486 5321 sancti
3535 5265 3770 5337 Georgii

2143 5333 2527 5405 communiter
2554 5333 2860 5405 appellata.

2216 5404 2282 5476 (e)
2319 5405 2553 5460 Basilica
2588 5404 2797 5460 sanctae
2834 5406 3045 5474 Crucis,
3081 5405 3221 5462 alias
3249 5406 3430 5462 sancti
3463 5407 3771 5476 Vincentii,

2144 5491 2296 5528 nunc
2338 5477 2520 5532 sancti
2556 5477 2824 5532 Germani
2868 5477 3174 5544 Pratensis,
3212 5478 3271 5532 in
3309 5478 3580 5534 suburbio
3609 5479 3771 5534 Pari-

2145 5545 2336 5600 siensi.
2385 5547 2560 5620 Lege
2629 5549 2817 5604 Vitam
2885 5550 3066 5604 sancti
3128 5549 3454 5605 Droctrovei
3523 5550 3769 5620 abbatis,

2145 5632 2304 5700 pum.
2342 5619 2914 5700 l3._§m_anuep_si_um
2954 5621 3480 5700 integpretatiq_est
3514 5621 3574 5700 id
3613 5621 3774 5700 quod

2143 5688 2531 5765 in_non_nullis
2561 5690 2686 5765 Mss.
2727 5691 3018 5765 Editisque
3051 5688 3210 5751 libris
3248 5691 3498 5764 additur,
3534 5695 3594 5752 in
3627 5688 3767 5755 sub.

2145 5759 2300 5821 υνδερ
2322 5759 2558 5838 ejusdem
2584 5764 2818 5824 civitatis
2839 5759 3093 5842 positam.
