4044 6196
241 230 306 280 69
1834 221 1858 281 ς

1965 232 2003 280 ι.
3534 240 3599 296 70

241 335 388 391 unde
428 337 726 389 curaretur
768 331 1056 390 inﬁrmus.
1086 333 1294 389 Idcirco
1327 333 1740 390 febricitantem
1782 337 1867 390 vi-
1891 340 2052 420 Ates
2085 352 2099 388 :
2126 336 2276 390 Bone
2301 341 2510 409 pastor,
2541 339 2724 396 adhuc
2755 341 2907 415 quod
2935 343 3066 401 huic
3091 343 3376 418 languidae
3416 349 3598 404 medi-

237 445 363 486 rum
391 427 493 482 Dei
529 427 686 482 Servi
715 427 955 482 rachena
974 428 1045 498 (a)
1071 427 1324 499 undique
1351 427 1681 483 obvolutum
1709 445 1866 484 com-

235 521 396 593 ponit
421 521 546 592 ejus
569 520 631 574 in
659 521 886 576 lectulo.
915 521 1124 575 Eadem
1148 537 1374 593 quoque
1404 521 1495 576 die
1521 527 1674 577 tactu
1699 523 1869 579 vestis

233 613 436 668 nobilis
481 613 645 684 quasi
690 613 910 686 impetu
945 614 1214 684 fluminis,
1241 615 1320 669 ita
1362 599 1656 686 quartanae
1697 616 1868 671 febris

227 707 380 778 ignis
412 706 602 762 omnis
639 707 948 763 exstinctus
975 713 1076 762 est.
1107 708 1175 763 Et
1205 708 1481 764 redeunte
1507 709 1575 763 de
1607 709 1864 780 prandio,

229 806 479 855 reserato
518 799 796 872 cubiculo,
833 817 1002 856 sanus
1046 801 1292 856 surrexit
1339 817 1370 856 e
1412 801 1636 871 lectulo,
1675 803 1865 858 exsul-

225 898 384 948 tante
425 893 687 948 ministro
715 910 820 965 pro
853 893 1106 949 sanitatis
1130 895 1389 965 praemio,
1418 899 1553 951 tunc
1580 896 1685 952 sibi
1709 913 1864 952 reso-

224 985 343 1040 luto
367 985 617 1056 jejunio.
651 986 738 1042 Sic
766 991 919 1042 tactu
949 987 1104 1042 Beati
1133 987 1299 1043 vestis
1335 989 1574 1044 salutem
1603 995 1866 1060 operatus

226 1083 307 1132 est
331 1078 568 1134 absens.

290 1169 449 1224 XLV.
500 1169 890 1242 Exsequamur
923 1169 1139 1224 itineris
1183 1170 1396 1240 accepti
1431 1170 1715 1226 viaticum.
1755 1173 1862 1226 Ita-

221 1277 334 1332 que
379 1279 514 1318 cum
551 1263 787 1317 Pictavis
830 1263 1092 1333 (Poitt'ers)
1120 1262 1210 1317 vir
1243 1263 1340 1318 Dei
1374 1264 1446 1318 ad
1483 1264 1713 1320 beatum
1738 1280 1866 1320 con-

219 1355 498 1411 fessorem
534 1357 985 1428 proﬁcisceretur
1030 1356 1324 1426 Hilarium,
1365 1358 1627 1428 quaedam
1674 1359 1864 1413 Baudo

223 1449 376 1504 Feifa
399 1450 473 1504 de
507 1451 650 1505 Sene
678 1450 943 1505 Corbiaco
970 1451 1236 1520 (Secorbi),
1268 1449 1399 1504 villa
1423 1450 1574 1505 inter
1601 1451 1743 1506 duos
1771 1452 1862 1506 vix

218 1543 456 1598 advecta
497 1543 551 1597 ei
578 1548 978 1614 repraesentata
1007 1548 1108 1613 est,
1141 1560 1270 1614 quae
1309 1547 1431 1598 erat
1456 1549 1633 1615 muta,
1667 1545 1864 1601 clauda

219 1635 301 1690 vel
343 1651 572 1690 manca.
602 1635 820 1705 Lingua
848 1635 1066 1707 rigebat
1101 1636 1426 1706 immobilis,
1457 1637 1712 1694 anhelitu
1736 1639 1860 1710 pal-

1968 427 2110 482 cinae
2137 429 2311 484 restat
2338 429 2622 502 impende.
2643 435 2783 491 Nam
2801 437 2905 492 tibi
2926 438 3207 494 credimus
3225 447 3596 512 reservatum,

1966 522 2117 576 unde
2135 525 2354 577 teneres
2373 527 2741 599 prmconium,
2757 534 2823 586 ut
2840 531 3098 588 restituta
3115 533 3327 588 familia
3349 535 3604 608 acquirat

1965 631 2000 669 a
2025 616 2307 670 sacerdote
2333 619 2483 688 quod
2511 620 2698 676 amisit
2725 623 2793 678 de
2822 625 3098 694 germine.
3132 616 3286 682 Tunc
3313 628 3492 699 pietas
3519 629 3606 686 in-

1967 707 2143 778 signis
2181 709 2487 766 advocatur
2525 712 2582 767 in
2625 714 2898 787 lacrymas
2917 735 2935 787 ;
2981 735 3115 774 mox
3141 721 3211 775 ad
3235 721 3457 776 militiae
3483 739 3600 778 sum

1965 799 2205 872 belliger
2242 818 2399 856 arma
2439 807 2802 878 convertitur,
2831 815 2886 865 et
2919 811 2990 866 ad
3025 812 3391 870 obtinendam
3425 815 3600 872 victo-

1967 892 2108 948 riam
2137 911 2332 965 preces
2357 895 2522 952 offert
2547 898 2707 953 fortis
2735 907 2943 958 orator.
2965 905 3120 960 Tunc
3145 907 3232 961 vir
3256 907 3455 963 beatus
3481 925 3602 964 sur-

1967 1003 2107 1058 gens
2145 988 2215 1042 ab
2257 990 2544 1061 oratione,
2585 993 2708 1048 oleo
2758 994 3051 1052 benedicto
3100 999 3220 1054 loca
3273 1017 3602 1073 perungens

1965 1079 2182 1152 capitis,
2201 1081 2262 1136 in
2287 1082 2571 1139 Trinitatis
2597 1086 2829 1142 nomine
2857 1089 3008 1142 trino
3035 1091 3268 1162 depulso
3298 1094 3593 1166 languore,

1965 1174 2153 1228 statim
2197 1176 2489 1246 patefactis
2543 1178 2769 1234 aurium
2829 1183 3235 1257 oculorumque
3297 1188 3594 1258 meatibus,

1964 1267 2359 1337 plaudentibus
2391 1270 2669 1326 universis
2693 1278 2852 1329 muta
2884 1275 3090 1348 loquax
3124 1277 3321 1334 effecta
3345 1285 3448 1336 est.
3478 1282 3598 1345 Quo

1961 1359 2110 1414 facto
2151 1362 2530 1433 negotiatores
2578 1365 2814 1421 civitatis
2857 1369 3177 1425 Nannetica:
3225 1373 3463 1444 quisque
3495 1374 3597 1428 sui

1963 1454 2298 1522 remedium,
2327 1457 2646 1527 pecuniam,
2675 1464 2739 1513 ut
2772 1461 2976 1531 potuit,
3004 1469 3196 1519 sancto
3223 1465 3342 1519 viro
3369 1466 3596 1538 dispen-

1962 1547 2193 1602 sandam
2217 1550 2560 1620 pauperibus
2590 1552 2787 1608 devote
2813 1554 2899 1608 vel
2924 1555 3129 1612 obtulit
3156 1559 3242 1614 vel
3272 1558 3497 1614 direxit.

2031 1640 2199 1695 XLIX.
2241 1641 2638 1714 Leudegesilus
2675 1646 2762 1700 vir
2804 1646 3022 1703 illuster
3065 1649 3232 1720 juxta
3285 1653 3436 1723 quod
3476 1653 3598 1725 ipse

219 1728 461 1799 pitante,
487 1745 619 1798 pars
643 1733 764 1782 erat
783 1733 902 1783 tota
921 1729 990 1783 de
1010 1729 1230 1799 funere,
1259 1735 1324 1784 ut
1341 1730 1661 1786 videntibus
1686 1731 1862 1786 oculis
1882 1725 1938 1795 B
1960 1733 2244 1804 professus
2281 1739 2384 1804 est,
2413 1752 2542 1791 cum
2574 1738 2776 1809 aliquis
2811 1755 2880 1794 ex
2913 1741 3130 1797 familia
3155 1761 3256 1799 sua
3280 1745 3482 1800 domus
3505 1746 3596 1802 in-

219 1822 512 1892 reliquum
533 1826 678 1876 esset
703 1821 1006 1876 cadaveris.
1029 1823 1210 1893 Super
1235 1839 1404 1894 quam
1425 1824 1862 1879 misericorditer

217 1915 280 1967 ut
313 1915 557 1985 signum
597 1931 768 1968 sacrae
810 1915 992 1968 crucis
1030 1915 1325 1985 expressit,
1354 1916 1648 1971 confestim
1678 1919 1861 1974 omnis

219 2008 377 2079 vigor
425 2023 534 2079 per
588 2007 845 2062 membra
893 2007 1249 2077 diffunditur,
1295 2023 1568 2064 venarum
1618 2009 1861 2067 fluxuosi

219 2100 386 2154 rivuli
414 2101 785 2168 suscitantur,
818 2116 1122 2155 nervorum
1147 2099 1439 2156 imbecillis
1465 2106 1664 2174 stupor
1687 2121 1857 2160 excu-

221 2194 374 2261 titur,
435 2193 792 2248 naturalibus
841 2193 1088 2248 motibus
1136 2194 1208 2248 ad
1261 2193 1486 2250 vitalem
1530 2212 1698 2251 usum
1744 2202 1861 2254 tota

217 2286 432 2341 fabrica
476 2291 800 2342 renovatur.
828 2287 950 2341 Mox
987 2287 1198 2358 linguae
1234 2287 1516 2358 plectrum
1540 2290 1855 2361 resolvitur,

221 2379 537 2450 digitorum
575 2379 750 2450 glomi
787 2365 1120 2448 tenduntur,
1165 2380 1376 2451 pedum
1415 2381 1575 2438 bases
1611 2383 1856 2440 solidan-

221 2475 333 2536 tur,
365 2477 549 2526 totam
574 2489 704 2543 quin
735 2472 1015 2527 viscerum
1042 2473 1251 2528 molem
1279 2473 1386 2527 hoc
1411 2475 1520 2529 fuit
1547 2476 1698 2548 apud
1726 2494 1856 2531 san-

219 2570 380 2619 ctum
429 2564 706 2619 vivificare
750 2564 900 2635 quod
953 2569 1208 2636 tangere.
1259 2567 1396 2630 Quae
1441 2568 1858 2625 convalescente

221 2657 446 2712 medela
469 2657 633 2712 tertia
672 2657 765 2712 die
805 2657 877 2712 ad
915 2657 1199 2714 civitatem
1239 2660 1439 2715 Sancto
1477 2661 1682 2732 gratias
1708 2661 1855 2718 refe-

218 2766 349 2805 rens
377 2751 497 2804 suis
521 2750 772 2806 occurrit
799 2751 1072 2822 vestigiis.

287 2841 463 2896 XLVI.
495 2841 697 2912 Operae
735 2842 984 2914 pretium
1023 2842 1273 2899 creditur
1311 2843 1480 2898 etiam
1520 2844 1662 2900 illud
1704 2845 1855 2902 inse-

219 2948 340 2989 rere
385 2935 700 2990 curationis
736 2934 1106 3006 praeconium.
1147 2937 1296 3008 Pago
1331 2937 1728 2994 Vindocinensi
1771 2941 1858 3010 (Le

225 3029 588 3100 Vendomois),
615 3029 702 3082 vir
739 3028 937 3084 beatus
983 3027 1122 3083 dum
1168 3030 1508 3101 praeteriret,
1555 3031 1614 3086 in
1665 3033 1858 3088 Ransi-

216 3120 421 3176 donem
443 3091 709 3192 (Ranscé),
733 3121 1000 3176 manendi
1026 3091 1210 3193 gratia
1237 3091 1569 3180 declinavit:
1592 3125 1690 3179 ubi
1715 3127 1856 3182 tanti
1876 3091 1931 3165 Ο

218 3214 392 3270 robur
419 3215 834 3272 benedictionis
872 3215 1128 3286 invaluit,
1160 3220 1224 3271 ut
1269 3217 1534 3288 stipulam
1573 3217 1764 3273 lectuli
1796 3220 1857 3275 in

216 3324 328 3381 quo
346 3310 434 3364 vir
468 3313 699 3364 sanctus
727 3307 1022 3380 requievit,
1053 3309 1308 3380 quisquis
1335 3310 1580 3366 ﬁdeliter
1601 3311 1852 3384 abstulit,

216 3402 430 3458 donum
465 3402 706 3457 medelas
742 3401 1066 3474 portaverit,
1094 3406 1151 3457 et
1179 3402 1248 3458 de
1290 3403 1503 3459 semine
1530 3405 1706 3476 paleas
1731 3405 1853 3461 fru-

218 3511 346 3568 gem
371 3500 620 3552 meteret
648 3495 964 3552 medicinre.

285 3587 485 3641 XLVII.
515 3585 733 3641 Reddat
765 3585 857 3640 hic
896 3585 1286 3641 testimonium
1323 3587 1525 3643 nobilis
1553 3587 1687 3644 facti
1723 3590 1856 3646 urbs

219 3682 543 3736 Nannetum
577 3680 798 3750 (Nautes
833 3679 894 3734 in
934 3681 1261 3752 Armorica).
1289 3681 1410 3746 Quo
1440 3681 1524 3736 vir
1562 3683 1658 3738 Dei
1695 3700 1854 3739 acceo

219 3775 374 3844 dens,
393 3773 668 3845 religioso
687 3773 996 3828 admodum
1015 3779 1283 3846 exceptus
1304 3775 1595 3847 obsequio,
1614 3779 1858 3834 occurrit

217 3869 272 3923 ei
293 3869 457 3924 Tecla
484 3867 740 3922 Damiani
758 3871 1017 3922 matrona
1044 3867 1291 3924 hominis
1317 3870 1566 3941 prompti
1590 3871 1852 3943 negotiis,

214 3963 543 4035 supplicans
563 3966 629 4016 ut
655 3961 844 4016 virum
870 3977 1036 4016 suum
1063 3966 1161 4018 aut
1184 3963 1305 4034 ipse
1336 3969 1547 4036 pastor,
1574 3969 1674 4020 aut
1698 3965 1856 4020 missi

212 4055 301 4111 sui
327 4055 708 4128 requirerent.
739 4055 860 4119 Quo
885 4055 1020 4128 quia
1046 4055 1154 4128 ipsi
1178 4056 1288 4112 fuit
1314 4073 1566 4114 accessus
1593 4058 1852 4130 difﬁcilis,

212 4167 346 4206 cum
376 4149 730 4204 chrismariis
759 4149 828 4219 (b)
865 4149 980 4202 suis
1009 4148 1311 4205 diaconum
1336 4151 1560 4208 direxit.
1589 4153 1695 4217 Qui
1719 4169 1852 4226 per-

211 4260 452 4300 currens
489 4241 561 4296 ad
594 4241 890 4297 hominem
919 4246 983 4296 ut
1021 4241 1126 4297 sibi
1158 4243 1384 4316 jussum
1408 4244 1612 4316 fuerat,
1640 4246 1855 4302 infirmi

211 4337 430 4394 viscera
459 4335 664 4408 tangit.
694 4336 883 4392 Altera
906 4335 996 4392 die
1031 4342 1293 4393 exoratus
1329 4338 1450 4410 ipse
1478 4341 1734 4396 sacerdos
1758 4357 1851 4396 ac-

205 4432 364 4488 cedit
391 4430 464 4486 ad
494 4429 762 4498 debilem,
792 4429 890 4501 qui
918 4430 1128 4502 duplici
1155 4431 1259 4487 sub
1287 4435 1517 4503 tortore,
1541 4432 1673 4488 hinc
1701 4451 1932 4539 pres-D

207 4542 305 4582 sus
341 4523 692 4593 valetudine,
739 4522 873 4579 inde
911 4524 1178 4596 podagras
1221 4526 1456 4582 vulnere
1502 4527 1856 4584 cruciabatur

207 4619 392 4676 homo
409 4617 766 4674 miserandus
785 4617 1112 4689 procaciter.
1134 4620 1278 4674 Tum
1297 4619 1564 4676 Sacerdos
1582 4620 1854 4678 Altissimi

207 4712 516 4768 infirmum
541 4711 664 4767 oleo
691 4710 988 4768 benedicto
1013 4713 1302 4785 perunxit.
1332 4715 1409 4768 Eo
1448 4719 1735 4771 momento
1765 4716 1856 4772 de-

207 4806 352 4862 bilis
383 4805 572 4861 statim
598 4805 858 4861 manibus
896 4805 1121 4863 directis
1146 4806 1458 4880 longinquo
1488 4808 1556 4866 de
1582 4809 1855 4881 languore

211 4915 423 4974 gressu
449 4899 681 4955 solidato
709 4899 1005 4972 prosilivit.
1655 4953 1662 4960 ,

281 4985 516 5046 XLVIII.
555 4989 663 5044 Sed
698 4992 764 5044 ut
789 4989 1174 5062 duplicaretur
1209 4991 1268 5046 in
1304 5007 1421 5046 una
1448 4992 1614 5048 domo
1642 4997 1853 5065 myste-

209 5085 394 5152 rium,
427 5087 488 5138 et
510 5099 636 5155 quae
664 5083 952 5155 praecessit
991 5083 1052 5138 in
1088 5089 1246 5157 patre
1289 5085 1512 5141 medela
1536 5085 1858 5158 perveniret

211 5177 284 5234 ad
323 5176 570 5249 prolem,
597 5175 868 5233 habentes
894 5176 1090 5246 ﬁliam,
1117 5177 1362 5233 offerunt
1388 5178 1460 5250 ei,
1491 5179 1721 5235 nomine
1749 5181 1858 5235 Ma-

211 5271 370 5327 riam
408 5285 637 5338 amcam,
675 5271 906 5326 surdam
947 5275 1004 5327 et
1043 5277 1282 5327 mutam.
1325 5263 1858 5345 Exponunt'vivum

214 5363 459 5420 cadaver
490 5361 624 5436 [Αι.,
651 5363 994 5438 cadaverem]
1029 5369 1159 5421 ante
1196 5367 1374 5423 sancti
1401 5367 1636 5440 vestigia
1663 5368 1854 5425 dicen-

285 5485 367 5571 (ᾳ)
407 5485 518 5571 Allii
555 5485 806 5571 scribunt
841 5487 1113 5571 radiante,
1142 5487 1250 5571 sed
1289 5493 1597 5571 utrumque
1623 5495 1860 5571 rectene

215 5556 393 5633 verbo
433 5556 628 5633 Grmco
656 5555 798 5633 ῥάχηρ
825 5557 976 5629 quod
1008 5558 1345 5633 divulsiones
1373 5555 1670 5633 significat.
1702 5555 1858 5618 Unde

211 5628 644 5704 rechana,_vilis
690 5628 749 5704 ei:
776 5621 959 5704 lacera
981 5629 1154 5704 vestis
1181 5630 1368 5704 Vossio
1397 5621 1467 5704 de
1492 5632 1650 5704 Vitiis
1685 5649 1856 5704 serm.

217 5700 468 5758 videtur.
493 5699 602 5759 Sed
636 5697 822 5764 aptior
860 5699 993 5757 huic
1026 5700 1146 5760 loco
1185 5701 1435 5760 Menardi
1471 5703 1650 5760 nostri
1678 5703 1858 5760 inter-

219 5771 465 5850 pretatto
497 5770 559 5830 in
597 5770 869 5830 Concord.
896 5771 1101 5850 tegul.,
1133 5788 1266 5848 pag.
1297 5775 1422 5846 921,
1449 5773 1552 5832 ubi
1592 5777 1860 5834 rachanas

1959 1831 2212 1882 curreret
2239 1832 2440 1900 typum
2468 1830 2855 1904 cujuscunque
2874 1833 3046 1888 febris
3067 1841 3167 1891 aut
3190 1837 3403 1908 aliquid
3428 1838 3601 1912 frigo-

1959 1919 2056 1988 ris,
2083 1919 2274 1973 lavans
2309 1921 2432 1974 illas
2457 1922 2668 1979 litteras
2695 1941 2833 1996 quas
2868 1927 2928 1980 in
2957 1927 3368 2001 subscriptione
3394 1948 3598 1988 manus

1959 2011 2144 2066 Sancti
2193 2013 2562 2085 depinxerat,
2605 2018 2973 2090 quamplures
3031 2039 3161 2076 suos
3228 2024 3333 2079 hac
3377 2026 3599 2082 medela

1959 2105 2125 2160 saluti
2152 2107 2415 2164 restituit.

2029 2193 2090 2250 L.
2127 2195 2378 2250 Breviter
2413 2196 2500 2251 his
2544 2201 2856 2269 perstrictis
2896 2219 3309 2277 prosequamur
3345 2225 3414 2264 ex
3457 2209 3594 2265 reli-

1958 2287 2105 2358 quis.
2141 2288 2421 2343 Chusinus
2452 2290 2685 2361 quidam
2729 2293 3041 2367 incongrue
3092 2299 3229 2354 dum
3276 2301 3365 2356 die
3403 2303 3594 2358 Domi-

1957 2379 2083 2434 nico
2127 2397 2272 2453 equo
2309 2397 2506 2437 curam
2541 2383 2916 2458 impenderet,
2957 2390 3126 2445 missa
3161 2409 3335 2450 manu
3373 2395 3431 2449 in
3470 2397 3595 2450 vul-

1957 2489 2094 2529 nere
2130 2474 2339 2545 digitus
2366 2475 2488 2546 ejus
2523 2477 2817 2535 intumuit.
2848 2482 3004 2550 Hinc,
3039 2493 3326 2556 grassante
3356 2489 3594 2559 fervore,

1955 2571 2073 2620 tota
2113 2583 2244 2637 pars
2281 2567 2498 2623 brachii
2536 2571 2824 2628 relaxatur
2861 2578 3182 2645 putredine.
3211 2580 3317 2645 Qui
3342 2599 3446 2653 per
3470 2584 3592 2638 Bel-

1957 2675 2079 2712 sam
2129 2658 2226 2728 (La
2275 2662 2494 2732 Beauce)
2542 2663 2742 2720 Sancto
2796 2667 3096 2724 itinerante
3139 2675 3203 2726 ut
3246 2674 3318 2728 ad
3361 2675 3593 2731 domum

1860 2778 1866 2784 ι
1957 2768 2119 2806 suam
2161 2752 2464 2808 diverteret
2507 2756 2768 2826 precibus
2812 2759 2947 2813 fusis
2989 2753 3252 2819 obtinuit.
3299 2767 3423 2822 Mox
3473 2769 3596 2839 ejus

1955 2843 2252 2899 brachium
2277 2845 2364 2900 vir
2388 2846 2484 2900 Dei
2511 2863 2656 2918 aqua
2684 2850 2883 2905 callida
2907 2853 3183 2924 confovit;
3212 2856 3447 2930 insuper
3471 2861 3596 2916 oleo

1954 2937 2248 2994 benedicto
2273 2955 2601 3012 perungens
2630 2945 2996 3016 superpositis
3025 2947 3200 3002 caulis
3229 2950 3378 3006 foliis
3402 2953 3596 3010 miriti-

1955 3047 2052 3086 cus
2089 3032 2343 3087 medicus
2378 3033 2648 3105 alligavit.
2694 3036 2782 3091 Sic
2829 3037 3105 3111 quidquid
3146 3041 3327 3099 inerat
3367 3046 3593 3118 ulceris,

1955 3125 2196 3196 pretiosa
2235 3143 2372 3181 cura
2419 3127 2699 3183 restinxit.
2745 3131 2875 3186 Post
2918 3133 3037 3204 ipse
3085 3137 3290 3206 gratias
3345 3139 3595 3198 referens

1955 3224 2146 3274 sancto
2173 3219 2294 3275 viro
2319 3221 2563 3276 occurrit
2589 3222 2686 3276 tali
2713 3229 2940 3280 curatus
2964 3227 3323 3301 malagmate.

2027 3308 2111 3362 LI.
2166 3310 2304 3364 Item
2352 3325 2547 3366 servus
2594 3311 2863 3382 ecclesias,
2903 3315 3168 3374 Libanius
3209 3321 3460 3393 nomine,
3503 3323 3594 3380 die

1956 3401 2246 3457 Dominico
2283 3419 2476 3474 sepem
2512 3403 2828 3461 inconsulte
2869 3407 3007 3462 dum
3050 3411 3354 3484 clauderet,
3389 3429 3594 3491 manus

1957 3493 2008 3548 ei
2033 3499 2332 3551 contractae
2373 3500 2505 3551 sunt
2528 3497 2742 3553 ultione
2771 3503 3038 3570 praesenti
3067 3519 3080 3558 :
3113 3505 3212 3576 qui
3236 3507 3306 3562 ad
3333 3515 3593 3566 sanctum

1955 3587 2140 3642 virum
2186 3587 2424 3643 Parisios
2465 3590 2663 3644 morbo
2705 3593 3012 3665 castigante
3058 3601 3359 3669 percurrit.
3411 3602 3591 3667 Quem

1955 3681 2066 3736 olei
2098 3681 2380 3737 benedicti
2409 3681 2628 3754 liquore
2661 3685 2958 3756 perfusum
3000 3705 3065 3744 ac
3107 3695 3361 3764 mysterii
3406 3697 3592 3768 potius

1954 3780 2251 3847 unguento
2305 3792 2627 3848 respersum
2679 3779 2866 3836 addita
2916 3783 3168 3840 oratione
3219 3787 3593 3847 incolumitati

1954 3869 2220 3926 restituit.

2027 3959 2136 4014 LII.
2178 3961 2286 4014 Per
2330 3959 2686 4032 singulorum
2731 3964 3069 4038 compendia
3111 3977 3343 4028 currant
3398 3986 3593 4030 rerum

1955 4051 2248 4109 miracula.
2277 4053 2531 4126 Namque
2559 4056 2834 4112 Andulfus
2871 4059 3130 4118 Ecclesiae
3161 4065 3451 4124 Parisiacae
3476 4069 3591 4127 cle-

1955 4145 2104 4201 ricus
2141 4146 2282 4202 dum
2317 4147 2406 4204 die
2447 4149 2892 4206 Resurrectionis
2938 4152 3021 4225 [Id
3057 4163 3136 4212 est
3178 4159 3266 4214 die
3299 4161 3589 4238 Dominico]

1953 4239 2012 4295 in
2029 4240 2251 4296 vincula
2270 4257 2370 4296 sua
2392 4258 2566 4298 nuces
2584 4243 2654 4298 ab
2673 4243 2873 4300 arbore
2903 4253 3211 4321 excuteret,
3232 4269 3337 4325 pro
3356 4271 3422 4309 eo
3440 4258 3594 4327 quod

1954 4339 2216 4406 operatus
2245 4340 2330 4390 est
2353 4336 2412 4391 in
2438 4336 2528 4392 die
2554 4335 3000 4410 illuminationis,
3022 4345 3271 4400 caecitate
3295 4363 3594 4418 percussus

1954 4431 2057 4498 est,
2087 4433 2143 4484 et
2169 4429 2330 4484 vultu
2361 4429 2660 4486 tenebroso
2687 4431 2936 4502 perstitit
2969 4435 3105 4488 anni
3148 4439 3348 4509 spatio.
3381 4442 3595 4501 Dehinc

1953 4521 2212 4577 Pontifici
2253 4522 2492 4592 oblatus,
2539 4527 2595 4578 et
2633 4527 2824 4579 sancto
2865 4527 3124 4599 unguine
3167 4533 3448 4608 perfusus,
3483 4535 3596 4595 diei

1955 4631 2150 4671 rursus
2178 4615 2452 4684 redditus,
2482 4621 2540 4672 et
2564 4616 2868 4674 sacerdotis
2901 4636 3168 4680 serenum
3191 4631 3456 4701 purgavit
3477 4632 3593 4690 cle-

1955 4709 2060 4764 rici
2099 4708 2382 4765 nubilum.
2411 4710 2500 4766 Sic
2525 4711 2803 4786 quidquid
2839 4713 3100 4773 minister
3131 4720 3319 4778 amisit
3345 4725 3592 4784 medica-

1953 4801 2086 4859 bilis
2112 4803 2322 4874 praasul
2346 4803 2610 4862 obtinuit.

2025 4893 2160 4948 Llll.
2201 4893 2268 4948 Et
2311 4894 2446 4966 quia
2489 4900 2751 4952 crescunt
2792 4914 3002 4970 genera
3044 4899 3448 4965 miraculorum
3491 4923 3596 4984 per

1954 4989 2242 5058 tempora;
2282 5004 2412 5044 cum
2447 4989 2569 5062 regi
2599 4993 3028 5062 prmsentandus
3059 4997 3143 5052 vir
3169 4997 3366 5058 beatus
3394 5019 3592 5065 occura

1956 5084 2107 5136 reret
2129 5080 2260 5137 villa
2285 5083 2568 5154 Roteiaco,
2592 5085 2830 5141 clericus
2849 5086 2902 5144 ei
2921 5089 3189 5162 nequitias
3210 5093 3411 5166 spiritu
3433 5113 3598 5159 vexa-

1956 5184 2048 5235 tus
2089 5175 2408 5234 adducitur.
2440 5179 2597 5235 Unde
2639 5180 2876 5252 expulso
2917 5181 3236 5242 adversario
3277 5187 3597 5254 videntibus

1957 5272 2472 5340 circumstantibus,
2502 5271 2656 5328 velut
2691 5273 2808 5328 avis
2841 5277 3072 5347 parvula
3112 5277 3182 5336 de
3219 5282 3403 5356 capite
3427 5305 3593 5348 ener-

1960 5369 2215 5444 gumeni,
2238 5363 2442 5424 umbra
2463 5365 2676 5438 fugata,
2697 5369 3008 5441 egreditur.
3025 5372 3206 5438 Quam
3231 5376 3370 5436 dum
3389 5383 3596 5458 reliqui

1957 5489 2062 5574 pro
2084 5489 2360 5574 lectorum
2393 5484 2759 5574 operimentis
2785 5493 3214 5574 u‘surpat:_§libi
3241 5501 3439 5574 tamen
3446 5504 3592 5574 γνοε.

1958 5557 2028 5618 sii
2052 5561 2325 5642 expositio
2351 5557 2610 5642 quadrat,
2637 5565 2703 5616 ut
2729 5559 2790 5617 in
2818 5557 2984 5618 lib.'n
3015 5563 3154 5622 Vitae
3187 5578 3393 5627 sancte
3421 5557 3596 5632 Rade-

1960 5630 2186 5705 κιιηᾶῖβι
2215 5630 2386 5705 ιιιιωῖ
2408 5630 2462 5705 4-

1959 5701 2099 5832 ὲέἓ)
2129 5701 2468 5762 Chrismaria
2507 5717 2641 5761 vasa
2685 5709 2850 5768 erant
2889 5705 2958 5766 ad
3001 5709 3391 5787 recipiendum
3428 5714 3592 5800 (:th
