4044 6196
447 273 506 329 Ἠ
1345 274 1636 330 SANCTUS
1672 271 2049 338 GERMANUS,
2090 269 2498 327 PARISIENSIS
2535 267 2910 328 EPISCOPUS.
3737 271 3802 329 7'2

431 398 535 455 per
563 381 796 437 domum
825 377 1151 438 volitantem
1189 382 1644 453 insequerentur,
1677 379 1797 452 ipse
1835 379 2069 435 Sanctus
2090 393 2148 464 Α
2167 380 2353 452 potuit
2388 397 2400 435 :
2439 377 2812 451 manibusque
2849 379 3146 435 contractis
3191 379 3262 434 ad
3303 377 3570 453 reliquias
3607 381 3803 451 sancti,

431 475 550 532 suis
591 491 714 532 eam
751 475 1012 531 contrivit
1051 475 1297 547 vestigiis
1329 492 1341 528 :
1374 479 1430 528 et
1465 489 1594 528 cum
1633 475 1776 546 pede
1820 474 2067 546 compri-

434 575 711 636 meretur,
740 585 1005 624 conversa
1031 572 1114 624 est
1146 570 1376 638 repente
1417 567 1586 622 fallax
1621 567 1682 621 in
1713 567 2067 638 sanguinem,

435 663 725 735 geminato
755 662 1058 734 praeconio,
1088 665 1152 715 ut
1191 677 1293 715 nec
1332 659 1660 730 calcaretur,
1690 665 1746 716 et
1783 663 1869 716 sui
1911 679 2072 718 casus

432 754 1018 812 indicio-multifarius
1059 753 1260 808 artifex
1299 753 1460 809 ﬁeret
1498 755 1744 826 sanguis,
1777 772 1907 812 reus
1941 773 2094 810 san--

438 852 678 924 guinum
689 891 701 904 .

506 945 633 998 LIV.
681 941 956 997 Producat
999 959 1180 1013 pagus
1221 940 1538 997 Oximensis
1577 941 1648 1011 (a)
1692 941 1842 996 inter
1881 945 2072 997 nostra

435 1037 586 1110 quod
613 1051 780 1089 suum
805 1039 907 1104 est,
931 1051 1000 1089 ne
1027 1039 1288 1090 teneatur
1307 1035 1368 1088 in
1389 1033 1626 1089 obscuro
1651 1035 1964 1106 posteritati
1985 1052 2074 1090 res

436 1128 689 1186 luminis.
722 1127 1011 1199 Siquidem
1046 1128 1133 1182 vir
1169 1127 1552 1183 sanctissimus
1590 1128 1660 1182 ad
1699 1127 1888 1182 villam
1917 1129 2070 1182 Tasi-

435 1222 642 1277 liacum
675 1221 1104 1292 (Ville-Taillac)
1131 1238 1262 1275 cum
1291 1221 1622 1276 declinasset
1648 1220 1872 1288 itinere,
1905 1219 2072 1276 offer-

435 1320 532 1370 tur
555 1315 608 1370 ei
635 1313 842 1369 mulier
866 1313 956 1367 cui
983 1313 1194 1385 duplex
1219 1313 1450 1368 morbus
1479 1318 1618 1380 erat,
1649 1313 1780 1368 inde
1809 1319 2073 1380 vetustas,

436 1408 570 1464 hinc
609 1408 846 1462 caecitas.
885 1407 1134 1462 Salutem
1164 1407 1453 1478 deprecari
1479 1406 1662 1461 verbis
1701 1407 2077 1462 trementibus

437 1501 669 1572 incepit.
717 1501 837 1564 Qua
882 1501 1288 1572 supplicatione
1327 1505 1512 1555 motus
1555 1501 1700 1555 senis
1737 1501 1990 1555 mulieris
2023 1505 2080 1556 et

438 1593 639 1649 debilis
666 1593 916 1648 oratione
941 1594 1296 1664 praecedente
1331 1592 1453 1648 oleo
1491 1593 1805 1665 superfuso,
1831 1595 2078 1648 lucernae

439 1687 735 1742 oculorum
761 1686 1006 1740 reddunt
1037 1687 1266 1741 luminis
1291 1686 1500 1756 radios,
1533 1691 1588 1741 et
1613 1686 1754 1756 datis
1781 1687 2082 1757 speculari-

2168 491 2343 530 manu
2379 473 2568 529 mariti
2608 477 2828 544 portata
2866 477 2969 528 est.
3002 474 3152 528 Inter
3187 473 3310 528 11ωο
3335 473 3469 530 dicti
3507 474 3804 545 paenitens,

2169 568 2470 623 miserante
2509 567 2602 638 pio
2633 566 2750 621 viro
2787 567 2950 621 saluti
2991 567 3223 622 reducta
3257 571 3359 637 est,
3391 567 3662 623 conﬁtens
3686 568 3810 639 ejus

2171 662 2433 731 despectu
2463 659 2568 714 sibi
2594 660 2954 731 repentinum
2980 660 3273 715 accessisse
3297 660 3634 732 periculum.

2241 754 2416 808 LVIII.
2446 755 2512 808 Et
2552 753 2822 825 quoniam
2861 770 2962 808 suo
2999 753 3200 808 merito
3239 754 3454 808 semina
3485 756 3680 810 salutis
3707 771 3812 826 per

2171 863 2412 918 quaeque
2455 847 2578 902 loca
2617 847 2870 918 dispersa
2905 851 3055 914 sunt,
3099 846 3334 918 contigit
3373 851 3440 901 ut
3475 848 3812 902 venerabilis

2171 940 2442 995 Flameris
2485 939 2628 994 abba
2668 940 2736 994 de
2777 939 2996 994 Cadone
3041 939 3287 1010 (Chinon,
3331 955 3502 1011 supra
3543 941 3811 1013 Ligerim)

2172 1032 2468 1100 Turonico,
2515 1049 2688 1087 manu
2737 1031 2884 1086 beati
2932 1033 3192 1087 Germani
3235 1015 3608 1104 subscriptam
3649 1049 3812 1089 acce-

2172 1125 2344 1196 pisset
2371 1125 2686 1197 epistolam.
2703 1124 2958 1190 Quicum
2989 1141 3156 1180 suum
3182 1125 3526 1180 monachum
3551 1143 3654 1198 per
3673 1127 3815 1181 duos

2174 1235 2350 1273 annos
2369 1217 2621 1273 febribus
2646 1219 3020 1273 decubantem
3046 1218 3116 1273 ad
3141 1218 3414 1273 lectulum
3437 1220 3708 1290 visitaret,
3731 1236 3816 1275 re-

2176 1312 2350 1384 quirit
2373 1311 2634 1366 inﬁrmus
2657 1312 2810 1367 unde
2834 1311 3075 1366 venisset
3095 1311 3322 1383 pagina.
3345 1313 3652 1384 Respondit
3669 1313 3814 1368 abba

2176 1423 2208 1459 a
2233 1405 2469 1460 Domino
2493 1406 2770 1460 Germano
2797 1405 2900 1459 sibi
2929 1405 3097 1459 fuisse
3129 1405 3418 1461 directam.
3447 1407 3626 1470 Quam
3653 1407 3817 1478 petiit

2178 1499 2281 1554 sibi
2317 1497 2553 1570 porrigi.
2581 1499 2686 1563 Qui
2725 1498 2792 1554 de
2820 1497 3227 1569 subscriptione
3255 1499 3302 1569 ej
3313 1516 3376 1552 us
3402 1499 3600 1571 lingua
3625 1499 3812 1556 deter-

2181 1610 2320 1666 gens
2337 1593 2603 1661 litteram,
2627 1592 2774 1646 salus
2797 1592 3085 1646 descendit
3107 1592 3167 1645 in
3190 1592 3418 1664 viscera,
3443 1599 3498 1648 et
3515 1593 3814 1648 atramenti

2177 1686 2398 1758 pictura
2451 1690 2652 1740 cuncta
2697 1685 2828 1740 vicit
2879 1689 3192 1756 unguenta.
3231 1686 3386 1740 Unde
3439 1686 3816 1758 approbatum

442 1781 550 1836 bus
573 1780 820 1835 tenebrae
845 1779 1136 1851 fugerunt.
1157 1780 1275 1843 Qua
1295 1780 1632 1846 illuminata,
1651 1780 1763 1833 Deo
1781 1779 2079 1835 reddentes
2100 1767 2156 1838 Β
2181 1784 2266 1834 est
2295 1779 2567 1850 languido
2595 1783 2925 1850 recuperato
2949 1783 3014 1832 ut
3041 1778 3293 1832 dicamus
3319 1780 3718 1850 communiter,
3747 1780 3816 1834 de

445 1874 682 1945 gloriam
707 1879 811 1944 p‘er
835 1889 1008 1944 quem
1041 1873 1292 1928 Christus
1318 1877 1603 1944 operatur,
1633 1877 1879 1928 astantes
1905 1873 2081 1928 sancti

445 1966 710 2022 Germani
737 1966 1046 2037 praeconati
1076 1969 1209 2020 sunt
1234 1966 1458 2021 merita.

515 2061 621 2115 LV.
651 2059 1054 2115 Dinumerandi
1091 2065 1226 2114 sunt
1261 2060 1464 2129 morbi,
1487 2064 1551 2114 ut
1585 2060 1925 2131 praedicetur
1958 2061 2082 2115 fons

443 2153 668 2209 medici.
701 2152 989 2223 Daningus
1029 2151 1244 2207 Ardulﬁ
1286 2152 1434 2208 ﬁlius
1471 2153 1550 2208 ita
1584 2153 1784 2224 capite,
1817 2153 1992 2208 oculis
2028 2159 2085 2208 et

443 2247 576 2303 totis
617 2246 886 2318 hydropis
920 2245 1119 2300 morbo
1155 2249 1348 2301 tensus
1386 2251 1506 2301 erat
1543 2245 1868 2316 visceribus,
1909 2251 1975 2300 ut
2024 2246 2084 2300 in

445 2341 588 2397 utris
625 2339 1053 2394 similitudinem
1095 2339 1256 2410 quasi
1291 2345 1441 2394 totus
1476 2345 1673 2394 venter
1711 2343 1875 2410 esset,
1907 2355 2082 2411 pene-

445 2433 604 2490 tratis
637 2432 899 2487 vitalibus
923 2431 1076 2487 velut
1111 2433 1321 2487 vitrum
1357 2433 1672 2504 perluceret
1706 2432 1911 2487 infecta
1945 2433 2086 2488 cutis

445 2525 802 2581 intrinsecus.
831 2524 937 2589 Qui
961 2542 995 2578 a
1023 2525 1254 2580 medicis
1283 2525 1629 2596 desperatus,
1655 2525 1726 2580 ad
1766 2525 1921 2580 Beati
1949 2543 2084 2580 con-

447 2619 596 2691 fugit
623 2623 876 2674 extrema
915 2623 1064 2674 sorte
1099 2618 1437 2674 remedium.
1465 2619 1645 2683 Quem
1679 2635 1812 2674 mox
1837 2620 2089 2674 vestibus

449 2718 687 2769 exutum
718 2716 774 2766 et
803 2711 974 2766 sacris
1011 2711 1275 2766 manibus
1303 2717 1665 2782 perunctum,
1697 2712 1967 2784 hydrOpis
1996 2713 2086 2767 in-

449 2807 637 2862 clusus
669 2806 857 2876 liquor
891 2805 1110 2877 liquore
1144 2805 1517 2872 consumitur,
1550 2809 1606 2859 et
1639 2821 1785 2876 aqua
1810 2805 2090 2860 infusione

450 2900 558 2955 olei
586 2899 913 2954 desiccatur.
939 2898 1026 2954 Sic
1052 2898 1220 2953 modo
1246 2897 1566 2954 admirabili
1590 2915 1693 2952 nec
1719 2899 1929 2953 humor
1953 2899 2090 2954 foris

450 3008 708 3064 egressus
761 2995 865 3060 est,
901 3007 1007 3046 nec
1049 2991 1203 3046 intus
1245 2993 1490 3062 languor
1533 2995 1787 3046 retentus
1829 2997 1933 3061 est,
1971 2997 2090 3047 arte

451 3083 800 3158 praedicabili
823 3085 1125 3138 humorem
1154 3099 1225 3138 ex
1261 3083 1502 3138 humore
1533 3083 1748 3139 siccari.

525 3179 654 3232 LVI.
685 3179 824 3232 Item
855 3194 986 3232 cum
1031 3177 1100 3232 ad
1133 3176 1422 3231 basilicam
1455 3177 1908 3232 beatissimorum
1950 3181 2086 3234 Ger-
2111 3133 2166 3208 C

451 3271 589 3327 vasii
635 3276 693 3326 et
721 3270 958 3326 Protasii
995 3270 1326 3342 vigilaturus
1367 3271 1674 3338 accederet,
1702 3272 1934 3343 quidam
1977 3289 2087 3327 cae-

453 3382 552 3421 cus
599 3363 807 3420 institit
849 3363 1294 3419 misericordiam
1346 3365 1658 3436 postulans.
1711 3365 1814 3419 Cui
1861 3366 1946 3419 vir
1993 3367 2090 3420 Dei

452 3459 728 3534 praecepit
753 3458 904 3514 inter
927 3457 1105 3512 altare
1130 3462 1187 3512 et
1211 3462 1534 3513 sanctorum
1561 3457 1825 3530 reliquias
1848 3463 1915 3514 ut
1934 3458 2089 3529 jace-

451 3558 560 3610 ret.
589 3554 714 3618 Quo
747 3556 972 3625 peracto
1004 3550 1190 3623 primo
1231 3550 1498 3622 diluculo,
1531 3567 1664 3606 mox
1700 3567 1872 3622 super
1906 3552 2094 3606 oculos

454 3649 683 3720 signum
727 3646 908 3701 crucis
953 3644 1161 3714 intulit,
1205 3644 1304 3699 lux
1354 3645 1577 3700 effulsit.
1620 3647 1688 3700 Et
1739 3649 1888 3700 totus
1937 3645 2096 3700 labor

456 3740 663 3796 medici
683 3755 878 3794 curam
902 3739 1110 3793 virtute
1137 3737 1318 3792 crucis
1333 3738 1632 3810 impendit.

529 3833 683 3887 LVII.
715 3831 913 3888 Mulier
939 3831 1008 3886 de
1037 3831 1336 3886 Oximense
1361 3835 1560 3902 petens
1584 3831 2034 3903 redemptionem
2063 3849 2096 3885 a

460 3931 652 3984 sancto
679 3925 820 3996 viro,
843 3941 954 3998 qua
982 3929 1151 3994 sorte,
1177 3923 1322 3978 nihil
1351 3925 1604 3996 accipere
1631 3924 1858 3980 meruit.
1887 3925 2095 3980 Dehinc

461 4020 796 4076 Britannum
817 4018 1212 4090 presbyterum
1245 4035 1348 4089 pro
1373 4017 1701 4074 inﬁrmitate
1736 4018 1968 4073 rectoris
2005 4036 2098 4090 pa-

461 4115 586 4170 tria
615 4129 732 4168 sua:
768 4111 1220 4168 benedictionem
1249 4111 1506 4182 praedicti
1544 4115 1601 4166 et
1641 4111 1908 4184 reliquias
1935 4129 2099 4184 expe-

461 4209 572 4264 tiit.
593 4207 700 4272 Qui
723 4206 831 4262 iter
855 4221 1022 4260 suum
1049 4205 1364 4276 egrediens,
1385 4205 1737 4260 mansionem
1757 4206 1816 4260 in
1841 4205 1968 4260 villa
1987 4221 2100 4277 qua

461 4301 729 4376 praedicta
765 4299 972 4354 mulier
1010 4298 1298 4354 habitabat
1337 4298 1598 4354 obtinuit.
1639 4300 1821 4363 Quam
1863 4301 2100 4354 maritus

461 4397 735 4451 allocutus
759 4399 826 4449 ut
852 4393 996 4448 sicut
1020 4392 1115 4447 alii
1138 4397 1195 4448 et
1218 4392 1326 4464 ipsi
1351 4392 1422 4447 ad
1449 4393 1716 4465 reliquias
1741 4393 1935 4448 domui
1961 4394 2098 4449 Ger-

2181 1873 2363 1928 Sancti
2389 1871 2798 1944 subscriptione
2827 1871 2930 1926 sibi
2959 1873 3198 1927 salutem
3223 1871 3472 1927 linxisse.

2253 1968 2378 2022 LIX.
2409 1965 2618 2020 Dehinc
2647 1982 2778 2020 cum
2815 1965 2886 2020 ad
2919 1967 3238 2020 Carnonam
3274 1965 3526 2035 (Charo-y,
3553 1966 3610 2020 in
3637 1971 3818 2021 tractu

2181 2059 2538 2130 Wastinensi)
2578 2059 2870 2114 castellum
2907 2059 3224 2128 accederet;
3267 2058 3494 2130 quidam
3538 2076 3594 2114 se
3631 2060 3680 2114 ei
3727 2060 3816 2114 iu-

2185 2154 2330 2224 gerit
2365 2170 2540 2207 manu
2575 2157 2858 2207 contracta
2885 2152 3080 2206 debilis
3107 2169 3210 2222 pro
3243 2168 3310 2206 eo
3339 2152 3490 2223 quod
3521 2153 3611 2207 die
3637 2153 3822 2207 Domi-

2183 2247 2308 2301 nico
2349 2245 2562 2318 aliquid
2611 2250 2876 2317 operatus
2919 2245 3008 2300 sit.
3053 2245 3232 2309 Quem
3277 2244 3547 2317 praecepit
3593 2245 3652 2300 in
3690 2245 3822 2300 villa

2184 2340 2406 2395 Cariaco
2454 2339 2699 2410 (Chevry)
2743 2343 2869 2409 post
2917 2354 2975 2393 se
3029 2337 3301 2392 festiuum
3349 2355 3662 2393 occurrere.
3699 2339 3821 2404 Quo

2186 2433 2503 2502 accedente,
2535 2432 2670 2486 dum
2711 2431 2916 2501 digitos
2951 2431 3073 2502 ejus
3115 2447 3270 2486 sacro
3297 2437 3644 2503 perungeret
3675 2432 3821 2500 oleo,

2187 2526 2371 2580 subito
2399 2525 2541 2580 sicca
2565 2525 2752 2597 palma
2781 2524 3065 2580 revirescit
3099 2541 3168 2580 ex
3193 2526 3386 2580 altera.
3415 2525 3652 2580 Astricta
3679 2526 3823 2580 cutis

2188 2618 2403 2673 ossibus
2453 2619 2866 2673 intercurrente
2925 2619 3165 2672 humore
3223 2617 3490 2672 relaxavit
3535 2618 3822 2674 articulos.

2187 2713 2472 2766 Juncturzn
2521 2727 2666 2784 pene
2717 2711 3009 2782 disjunctae
3059 2711 3434 2767 retenduntur
3484 2711 3543 2764 in
3593 2711 3823 2782 digitos,

2189 2805 2416 2860 ariditas
2443 2805 2708 2860 diuturna
2747 2803 2956 2858 suffusa
2993 2803 3300 2859 reﬁorescit
3337 2805 3396 2858 in
3422 2820 3581 2872 vena,
3609 2805 3826 2859 statim-

2189 2913 2300 2970 que
2323 2898 2554 2954 vulnere
2582 2899 2770 2953 clausa
2803 2897 3036 2952 dextera
3060 2897 3208 2954 inter
3233 2915 3434 2954 manus
3464 2897 3665 2954 medici
3691 2915 3828 2954 sana

2189 2992 2444 3047 redditur
2471 2996 2526 3046 et
2551 2991 2814 3047 distensa.

2261 3085 2362 3139 LX.
2396 3085 2610 3140 Accidit
2643 3089 2708 3140 ut
2733 3088 2956 3139 sanctus
2981 3084 3066 3139 vir
3093 3101 3352 3140 remeans
3379 3087 3446 3142 de
3479 3087 3826 3158 Namnetico,

2191 3177 2424 3233 domum
2451 3177 2732 3233 Nunnichi
2771 3177 3002 3233 illustris
3035 3176 3144 3250 [Αἰ.
3174 3179 3407 3252 illuster]
3441 3179 3746 3236 illustraret
3773 3187 3832 3235 et

2189 3271 2442 3344 vestigia.
2498 3272 2574 3326 De
2625 3271 2784 3343 cujus
2835 3275 2986 3327 veste
3035 3276 3322 3340 matrona,
3377 3277 3537 3344 rapto
3589 3272 3832 3330 fideliter

2191 3364 2304 3434 ﬁlo,
2336 3364 2588 3420 recondit
2629 3364 2686 3418 in
2723 3365 2995 3434 oratorio;
3033 3381 3163 3436 quin
3190 3365 3570 3420 valetudinem
3607 3365 3830 3421 irruens

2199 3456 2568 3531 [incurrens],
2619 3457 2825 3529 vigiliis
2884 3459 2944 3512 in
3003 3458 3218 3513 honore
3275 3459 3454 3514 sancti
3503 3459 3835 3516 solemniter

2193 3551 2484 3607 celebratis
2519 3567 2583 3606 ac
2617 3551 2786 3606 missa
2824 3555 3078 3606 revocata
3119 3552 3189 3623 (b)
3227 3551 3295 3607 de
3333 3553 3599 3624 praesenti
3637 3557 3834 3608 curata

2195 3649 2299 3700 est.
2331 3645 2408 3700 Ita
2445 3645 2802 3700 Beatissimus
2838 3661 2955 3700 non
2994 3645 3178 3700 solum
3215 3663 3390 3701 manu
3432 3647 3646 3703 sanavit
3679 3648 3834 3720 quod

2193 3739 2400 3810 tetigit,
2430 3739 2527 3793 sed
2553 3739 2877 3794 nominatus
2903 3755 3066 3794 curas
3095 3739 3317 3811 sparsit.

2267 3833 2392 3887 LXI.
2421 3831 2590 3887 Attila
2618 3833 2702 3887 vir
2725 3832 2942 3888 illuster
2969 3849 3033 3888 ac
3061 3833 3266 3906 regalis
3294 3835 3439 3888 aulae
3470 3833 3830 3904 domesticus,

2196 3941 2463 3981 corruens
2499 3925 2558 3979 in
2593 3925 2818 3995 balneo,
2848 3925 2982 3980 laeso
3022 3926 3267 3998 graviter
3304 3927 3562 3996 brachio,
3594 3943 3832 4000 compu-

2197 4023 2411 4074 truerat
2453 4018 2574 4090 ipsa
2617 4023 2732 4073 tota
2779 4035 2982 4074 manus
3029 4020 3100 4074 ab
3151 4020 3412 4076 humero.
3459 4020 3566 4085 Qui
3615 4021 3838 4076 medico

2197 4111 2447 4167 adhibito
2487 4112 2626 4167 dum
2663 4127 2858 4167 curam
2903 4113 3049 4168 velet
3097 4113 3449 4186 impendere,
3486 4119 3652 4186 rupta
3695 4130 3842 4170 vena

2197 4205 2474 4261 viscerum
2523 4223 2670 4278 pene
2723 4206 2908 4260 omnis
2961 4207 3018 4260 in
3063 4211 3353 4262 momento
3419 4208 3548 4262 vitae
3605 4209 3844 4280 sanguis

2199 4299 2406 4354 effusus
2448 4303 2548 4354 est.
2605 4300 2904 4354 Nuntiatur
2953 4300 3206 4356 Pontiﬁci
3261 4301 3553 4356 hominem
3604 4317 3724 4357 esse
3779 4301 3844 4358 in

2197 4393 2418 4448 funere.
2447 4393 2676 4448 Pietatis
2719 4393 2987 4465 impulsu,
3019 4395 3264 4450 occurrit
3301 4395 3506 4451 senior.
3537 4395 3715 4460 Quem
3751 4395 3843 4450 la-

462 4490 618 4546 mani
643 4491 1024 4543 occurrerent.
1052 4487 1188 4551 Quae
1214 4486 1470 4560 despexit
1493 4503 1596 4558 pro
1623 4503 1689 4544 eo
1716 4487 1868 4559 quod
1894 4487 1945 4543 ei
1971 4504 2099 4542 sau-
2121 4510 2180 4582 D
2203 4487 2410 4559 crymis
2455 4487 2909 4542 conclamantum
2949 4487 3068 4543 sine
3112 4488 3227 4543 ulla
3271 4505 3369 4560 spe
3421 4489 3595 4544 oculis
3642 4489 3850 4545 clausis

464 4588 587 4638 ctus
622 4581 708 4636 vir
745 4581 1194 4654 redemptionem
1233 4598 1348 4636 non
1387 4581 1636 4637 dederat.
1674 4581 1780 4637 Sed
1819 4581 2008 4637 statim
2044 4582 2105 4636 in

463 4677 587 4733 loco
613 4691 726 4748 quo
752 4675 904 4730 stetit
928 4675 1082 4730 velut
1105 4675 1218 4730 ﬁxa
1243 4675 1432 4747 stipite
1455 4691 1712 4747 gressum
1737 4691 1964 4732 movere
1990 4691 2106 4730 non

539 4799 1174 4881 (a)__V_icus_9ximens_is
1202 4800 1496 4881 (Hyesme),
1545 4800 1604 4854 in
1639 4801 1998 4881 Normannia,
2037 4817 2106 4881 ex

467 4872 644 4932 sancti
682 4873 892 4928 Ebrultl
925 4872 1262 4928 monasterio
1297 4887 1506 4926 nomen
1545 4872 1780 4943 accepit,
1809 4873 2107 4928 vemacule

465 4945 887 5004 Saint-Euroul.

541 5017 609 5088 (b)
638 5015 862 5088 Phrasis
883 5013 1148 5088 inusitata
1178 5017 1234 5069 et
1269 5012 1573 5088 Fortunato
1598 5013 1913 5088 peculiaris,
1945 5015 2015 5070 ab
2041 5032 2108 5071 eo

465 5084 678 5146 iterum
711 5087 772 5141 in
806 5086 906 5140 lib.
936 5103 954 5139 ι
979 5085 1129 5156 Vitas,
1153 5089 1358 5156 sanctae
1396 5084 1788 5156 Badegundis,
1819 5101 1982 5140 num.
2021 5088 2104 5156 l4,

469 5161 761 5228 usurpata,
806 5157 904 5212 sed
945 5155 1250 5228 utrobique
1270 5155 1352 5228 Ain
1376 5155 1573 5228 libris
1603 5155 1767 5228 editis
1811 5155 2110 5228 depravata

465 5225 796 5287 foedissime.
837 5229 996 5282 Hunc
1033 5225 1223 5280 locum
1263 5225 1458 5280 Surius
1495 5225 1901 5280 recentiorum—
1913 5243 2105 5282 exem-

467 5299 718 5374 plarium
737 5299 907 5374 ﬁdem
919 5303 1147 5374 secutus
1164 5297 1243 5374 ita
1263 5296 1512 5374 exhibet,
1533 5297 1793 5374 «Vigiliis
1812 5297 1874 5351 in
1894 5298 2110 5374 honore

469 5367 648 5427 sancti
683 5371 882 5424 eodem
913 5369 975 5423 in
1012 5367 1255 5422 oratorio
1283 5369 1478 5422 devote
1509 5367 1800 5422 celebratis
1829 5385 1891 5422 ac
1921 5369 2107 5437 missa,

471 5441 540 5498 de
566 5441 831 5512 prmsenti
858 5444 1052 5495 curata
1087 5443 1193 5512 est.
1217 5459 1245 5488 »
1273 5437 1514 5512 Omnino
1539 5455 1672 5493 vero
1697 5440 2111 5512 exemplaribus

469 5509 789 5569 veterrimis
816 5512 875 5565 in
903 5517 1156 5564 nostram
1179 5509 1479 5564 lectionem
1507 5511 1837 5565 coeuntibus
1864 5509 2106 5566 subscri-

469 5585 742 5642 bendum.
797 5581 942 5646 Quid
984 5597 1122 5654 ergo
1171 5583 1336 5636 missa
1381 5581 1678 5654 revocata?
1728 5583 1940 5654 Nempe
1992 5582 2112 5638 dies

471 5657 648 5739 festus
687 5669 877 5737 annua
914 5652 1201 5739 “vertigine
1253 5667 1572 5739 recurrens.
1625 5653 1806 5739 Patet"
1835 5652 1904 5735 ex
1951 5669 2108 5739 conc:

469 5725 890 5800 Pistensispap.
914 5727 944 5782 3
969 5740 982 5780 :
1006 5744 1034 5774 «
1056 5723 1355 5800 Communi
1379 5723 1581 5800 placito
1611 5724 2114 5800 constituimus,_ut

469 5811 650 5878 usque
697 5797 766 5856 ad
798 5793 1028 5858 missam
1073 5793 1268 5870 (sancti
1297 5793 1581 5872 Remigii),
1617 5795 1724 5854 hoc
1763 5801 1819 5854 et
1846 5793 2114 5856 kalendas

2205 4597 2534 4653 Oppressum
2579 4580 2794 4636 invenit
2845 4581 3186 4652 expositum.
3231 4582 3401 4653 Cujus
3451 4583 3542 4637 vix
3591 4583 3858 4654 adaperit

2205 4675 2391 4729 fauces
2426 4691 2556 4729 cum
2597 4673 2806 4729 cultelli
2849 4675 3172 4742 manubrio,
3200 4675 3453 4731 oratione
3497 4676 3653 4748 prius
3693 4676 3854 4746 data,

2207 4796 2426 4874 Octob”
2459 4798 2704 4874 spatium
2741 4799 2991 4874 habeant
3017 4801 3098 4856 illi
3125 4801 3308 4874 quiin
3335 4801 3467 4874 istis,
3495 4799 3862 4874 temporibus

2207 4869 2814 4942 istas‘deprtedationes
2833 4875 2890 4926 et
2916 4872 3022 4927 alia
3049 4869 3196 4928 male
3219 4873 3367 4928 facta
3393 4869 3764 4928 criminaliter
3795 4877 3862 4928 et

2205 4940 2732 5016 publiceffecerunt,
2755 4945 2818 4996 ut
2843 4943 2975 4998 inde
2991 4945 3140 5016 apud
3158 4944 3468 5016 Dominum
3491 4947 3548 4998 et
3573 4944 3731 5016 apud
3753 4961 3862 4999 eos

2209 5013 2449 5087 (quibus)
2503 5013 2886 5087 malefecerunt
2936 5031 2993 5069 se
3024 5013 3362 5087 ‘paciﬁcent.
3413 5034 3442 5068 ω
3497 5016 3558 5070 In
3607 5013 3857 5086 capitul.

2206 5084 2306 5139 lib.
2337 5099 2408 5156 n,
2424 5100 2547 5156 cap.
2583 5087 2667 5154 l0,
2695 5085 2921 5139 Carolus
2949 5087 3033 5140 Ma

2209 5155 2465 5210 concedit
2490 5155 2748 5228 spatium
2786 5171 2962 5228 usque
2996 5173 3028 5210 a

3117 5103 3181 5140 us
3204 5089 3449 5141 monetae
3475 5087 3862 5142 emendanda:

3103 5157 3334 5212 missam
3370 5157 3546 5211 sancti
3582 5157 3816 5213 Martini
3839 5175 3858 5228 ;

2209 5231 2266 5307 et
2303 5243 2425 5307 cap.
2454 5229 2547 5307 2Q,
2574 5227 3250 5307 pontibusjresarciendis
3294 5229 3365 5307 ad
3401 5227 3862 5307 missam__sapcti

2209 5298 2466 5371 Andreae.
2497 5297 2552 5371 Si
2585 5297 2760 5371 igitur
2789 5298 3172 5371 missaﬂsancti
3203 5299 3470 5371 Remigii,
3497 5299 3673 5354 sancti
3699 5299 3860 5355 Mar-

2209 5368 2334 5448 tini,
2354 5367 2526 5448 sancti
2547 5369 2788 5448 Andreae
2811 5385 2914 5448 pro
2926 5369 3026 5448 die
3051 5370 3186 5448 ipsis
3206 5367 3397 5448 dicato
3409 5367 3673 5448 sumitur,
3696 5374 3763 5448 ut
3785 5387 3866 5428 ex

2209 5439 2342 5492 locis
2380 5439 2634 5494 adductis
2679 5439 3043 5495 manifestum
3073 5439 3196 5510 est,
3229 5445 3378 5496 recte
3414 5445 3472 5496 et
3512 5442 3584 5496 ad
3623 5445 3866 5498 textum

2209 5510 2471 5584 apposite
2487 5511 2857 5584 Fortunatum
2886 5512 2978 5567 hic
2993 5513 3061 5567 de
3087 5513 3488 5584 anniversario,
3506 5516 3570 5566 ut
3601 5514 3864 5584 loquun-

2211 5585 2323 5650 tur,
2351 5581 2476 5657 festi
2513 5582 2688 5657 sancti
2730 5583 3262 5657 Germanigrecursu
3300 5581 3659 5657 interpretari
3675 5581 3864 5650 licet,

2209 5665 2316 5706 nec
2347 5651 2510 5706 aliter
2541 5655 2772 5708 fortasse
2811 5654 2962 5709 licet.
2995 5655 3134 5709 Cum
3175 5655 3327 5710 enim
3367 5651 3628 5712 de'sacro
3657 5661 3867 5714 sancto

2211 5721 2396 5800 missae
2425 5723 2693 5800 sacriﬁcio
2719 5725 2765 5780 is
2789 5727 2984 5780 auctor
3007 5727 3152 5800 agit,
3167 5743 3283 5784 non
3308 5727 3522 5785 recedit
3543 5727 3614 5784 ab
3645 5727 3868 5800 usitatq

2211 5793 2480 5872 loquendi
2507 5811 2689 5866 more,
2721 5813 2910 5872 supra,
2937 5793 3099 5856 num.
3129 5793 3218 5858 43.
