4044 6196
229 301 294 354 73
1838 305 1872 357 ν

1979 342 2006 358 ι.
3527 305 3591 361 τι

225 407 419 462 intulit
452 408 503 462 ei
533 408 591 463 in
618 424 714 464 ore
740 409 1040 482 paululum
1082 425 1244 482 aquae
1287 410 1508 483 frigidae
1546 411 1740 482 semel,
1772 429 1861 466 se-
1887 412 2207 496 Aclamore
2251 412 2632 483 prosequitur,
2693 412 2870 466 multa
2907 413 3025 484 ipse
3069 413 3474 485 concrepitans,
3529 421 3590 468 ut

229 502 414 556 eundo
441 503 530 556 vel
571 505 755 558 tertio.
795 503 1026 558 Interim
1065 508 1390 576 exspectans
1428 506 1553 577 quis
1594 510 1740 561 esset
1780 506 1861 560 rei

231 596 433 664 exitus,
467 597 672 652 assedit
707 597 852 651 circa
893 597 1186 653 lectulum.
1219 600 1515 654 Transacto.
1547 600 1664 655 fere
1703 601 1861 668 hora,

229 689 480 743 redivivo
519 691 772 762 singultu
808 691 1161 746 exanimatus
1199 694 1535 761 concutitur,
1576 710 1638 748 ac
1682 693 1865 748 mollis

229 788 386 837 motu
418 784 702 838 anhelitus
729 789 986 839 evocatus
1013 785 1321 840 reducitur.
1355 787 1621 841 Faucium
1650 791 1866 841 meatus

228 877 496 930 relaxatis
525 877 829 932 visceribus
863 878 1064 948 spiritu
1105 879 1515 935 intercurrente
1557 880 1862 949 reducitur,

228 970 506 1042 paulatim
565 971 978 1040 convalescens,
1030 971 1142 1025 vita
1191 973 1260 1027 de
1313 977 1493 1027 morte
1544 974 1863 1029 revertitur.

231 1063 448 1117 Dehinc
479 1064 640 1135 quasi
671 1064 741 1118 de
769 1081 966 1135 sopore
996 1066 1439 1136 expergefactus,
1462 1067 1774 1138 interrogat
1797 1068 1868 1122 ad

230 1161 398 1227 caput
442 1157 566 1227 ejus
606 1158 732 1228 quis
771 1158 897 1212 fuit.
927 1157 1131 1212 Adesse
1161 1159 1436 1214 domuum
1464 1162 1806 1215 Germanum
1836 1178 1867 1214 a

224 1251 728 1305 circumstantibus
782 1251 1006 1306 dicitur.
1073 1253 1323 1307 Postulat
1394 1271 1628 1308 manum
1683 1254 1864 1309 Sancti

224 1344 332 1397 sibi
361 1344 667 1414 dignanter
692 1344 929 1414 porrigi,
961 1343 1038 1397 ita
1059 1344 1332 1416 incipiens
1351 1347 1556 1418 alloqui
1588 1364 1600 1402 :
1632 1348 1864 1416 Donme,

225 1442 289 1490 tu
347 1453 442 1491 me
497 1438 764 1492 revocasti
822 1438 990 1509 longo
1049 1442 1280 1493 euntem
1347 1439 1566 1495 itinere.
1638 1441 1863 1495 Statim-

226 1547 343 1601 que
384 1531 591 1585 obtulit
638 1531 918 1586 sacculum
967 1532 1202 1604 plenum
1238 1534 1475 1603 pecunia
1520 1538 1575 1588 et
1616 1533 1868 1588 balteum

223 1625 406 1694 ampli
427 1625 716 1695 ponderis,
743 1642 884 1696 quos
902 1625 1245 1697 pauperibus
1266 1629 1525 1698 erogaret
1548 1628 1866 1683 mercedem

227 1719 360 1771 vitae
387 1718 479 1771 vel
510 1718 726 1789 gratiae.

1964 506 2118 576 loqui
2145 506 2285 560 solet
2310 506 2613 578 calamitas.
2644 507 2796 560 Tunc
2824 508 3000 561 sancti
3021 508 3282 562 Germani
3310 524 3482 561 manu
3511 508 3591 562 Iu-

1965 615 2097 653 men
2125 599 2182 653 in
2221 598 2403 652 locum
2444 599 2753 668 reducitur,
2784 605 2838 653 et
2876 600 2944 653 ab
2973 617 3038 654 eo
3075 602 3144 654 ad
3176 601 3401 655 beatum
3429 602 3590 672 Sym-

1964 692 2307 764 phorianum
2361 692 2644 761 dirigitur.
2692 693 2794 755 Qui
2837 709 2939 763 pro
2987 693 3107 763 ipso
3146 694 3344 748 tandiu
3389 694 3594 766 vigiliis

1966 785 2188 852 institit,
2220 787 2394 840 donec
2420 785 2658 838 amissus
2683 787 2877 839 oculus
2919 791 3161 857 purgata
3195 788 3433 858 pristina
3469 806 3590 842 ma-

1968 880 2093 934 cula
2135 879 2322 934 addito
2361 877 2633 932 beneficio
2665 878 2942 949 integrior
2986 881 3260 951 redditur,
3301 887 3356 936 et
3394 883 3594 936 melius

1968 975 2113 1029 redit
2139 977 2266 1044 post
2298 973 2551 1042 vulnera,
2586 988 2758 1042 quam
2786 974 2936 1042 quod
2959 977 3123 1027 natus
3150 978 3268 1028 erat
3295 992 3398 1044 per
3425 980 3592 1030 natu-

1968 1085 2110 1122 ram.
2151 1068 2252 1132 Qui
2289 1066 2643 1121 Florentinus
2682 1067 3042 1133 (Florentinus
3068 1070 3227 1135 episc.
3259 1070 3588 1140 Matiscon.),

1969 1162 2230 1232 deinceps
2256 1161 2551 1216 Matiscone
2581 1159 2809 1228 (Mclcon)
2842 1160 3130 1214 ordinatus
3157 1163 3239 1214 est
3277 1161 3588 1232 episcopus.

2041 1256 2186 1309 LXV.
2231 1255 2447 1317 Quanta
2499 1268 2628 1305 vero
2679 1252 2849 1305 fuerit
2895 1253 3067 1306 virtus
3120 1254 3239 1322 ejus
3295 1255 3588 1325 signaculi,

1968 1350 2125 1404 adest
2150 1348 2298 1401 inter
2326 1347 2540 1416 reliqua
2558 1361 2646 1398 res
2661 1345 2766 1398 ista
2793 1345 3097 1399 testimonii
3124 1363 3250 1416 quae
3267 1349 3595 1417 producitur

1968 1444 2027 1496 in
2056 1440 2330 1513 sequenti.
2355 1441 2494 1494 Cum
2521 1439 2587 1492 de
2614 1437 2840 1492 basilica
2865 1439 3039 1493 sancti
3066 1439 3284 1494 Martini
3309 1441 3379 1494 ad
3405 1442 3594 1497 villam

1969 1540 2172 1591 sanetae
2201 1532 2445 1590 ecclesiae
2471 1532 2756 1587 Severiaco
2787 1532 3000 1602 (Sivray
3031 1533 3181 1603 apud
3209 1534 3472 1605 Turones)
3502 1551 3590 1589 re-

1969 1633 2239 1698 curreret,
2265 1628 2435 1697 adjun
2444 1627 2524 1697 git
2537 1626 2597 1680 in
2624 1625 2824 1681 itinere
2845 1628 3149 1697 quemdam
3169 1631 3492 1684 Amantium
3506 1630 3596 1700 ju-

1968 1740 2187 1793 venem,
2214 1738 2384 1794 quem
2415 1720 2788 1790 deprehendit
2829 1738 2862 1772 a
2899 1721 3106 1775 Iudaeis
3132 1722 3260 1776 duci
3297 1740 3508 1778 nexum
3534 1724 3593 1778 in

301 1813 460 1866 LXII.
498 1813 746 1883 Pergens
783 1813 1257 1883 Augustodunum
1307 1815 1392 1868 vir
1427 1818 1650 1869 sanctus
1698 1816 1864 1870 Bota-
1888 1798 1942 1870 Β
1967 1818 2182 1872 ferreis.
2210 1815 2534 1887 Requiritur
2564 1815 2699 1886 quid
2749 1814 2962 1868 fecerit.
3003 1816 3148 1869 Puer
3183 1817 3470 1887 respondit
3498 1833 3591 1872 ve-

230 1907 392 1977 giaco
429 1907 642 1975 (Rosoy,
693 1905 751 1960 in
788 1906 931 1977 Bria)
983 1907 1120 1961 dum
1169 1909 1446 1978 pervenit,
1497 1908 1772 1980 comperit
1797 1909 1866 1962 ab

227 1999 464 2053 Abbone
511 2000 785 2070 quosdam
838 2003 1085 2055 retrusos
1131 2000 1192 2054 in
1236 2018 1479 2057 carcere.
1531 2003 1708 2073 Igitur
1762 2019 1865 2074 pro

228 2093 590 2148 absolvendis
613 2094 851 2164 supplex
875 2094 1106 2148 tribuno
1134 2095 1427 2165 suggerit;
1459 2096 1554 2150 sed
1579 2097 1668 2150 ille
1692 2096 1869 2150 durus

231 2203 351 2240 non
379 2186 601 2240 annuit.
646 2187 783 2241 Hinc
823 2187 940 2258 ipse
986 2192 1146 2241 cauto
1181 2189 1408 2242 consilio
1450 2189 1586 2243 dum
1635 2189 1768 2243 dicit
1810 2206 1866 2243 se

231 2296 502 2350 campum
533 2280 858 2346 circumire,
881 2281 1060 2336 currit
1086 2282 1320 2336 devotus
1343 2283 1414 2336 ad
1441 2298 1742 2337 carcerem.
1770 2283 1868 2337 Ita-

234 2390 347 2444 que
398 2373 471 2427 ad
529 2374 878 2428 exorandum
927 2375 1254 2445 provolutus
1317 2376 1619 2442 sternitur,
1677 2375 1867 2446 ibique

237 2470 494 2538 tempore
545 2470 822 2522 nocturno
871 2473 1082 2523 catenas
1143 2469 1406 2524 discussae
1450 2473 1601 2536 sunt,
1655 2469 1868 2523 validus

234 2560 505 2614 tormenti
553 2561 708 2632 rigor
745 2562 816 2616 ad
862 2563 1179 2633 fragmenta
1220 2563 1498 2634 redigitur
1525 2579 1650 2618 sera
1687 2562 1868 2635 gravis

236 2653 495 2723 illiditur,
521 2655 694 2725 postis
709 2655 936 2710 cardine
963 2655 1207 2725 vellitur,
1239 2656 1427 2728 feralis
1453 2673 1643 2711 carcer
1683 2657 1865 2711 reclu-

239 2747 416 2816 ditur,
461 2748 709 2803 damnati
761 2749 830 2803 ad
877 2749 1070 2804 vitales
1113 2767 1276 2804 auras
1318 2751 1475 2821 quasi
1519 2751 1758 2805 redeunt
1801 2749 1868 2821 de

238 2841 518 2912 sepulcro.
557 2844 634 2896 Ita
661 2842 724 2896 tit
763 2845 827 2896 ut
864 2843 915 2897 ei
957 2844 1257 2914 Rotagiaco
1295 2844 1572 2898 matutino
1615 2846 1869 2914 tempore

238 2936 484 3006 ingressi
525 2940 883 2991 occurrerent
924 2953 937 2990 :
983 2939 1038 2991 et
1077 2938 1175 3008 qui
1217 2938 1418 2991 Sancto
1458 2954 1572 2990 non
1612 2935 1872 3007 praestitit

240 3046 342 3101 pro
368 3029 644 3083 absolutis
669 3029 798 3097 reis,
832 3029 1093 3084 tribunus
1121 3047 1252 3085 reus
1281 3031 1508 3085 effectus
1535 3033 1636 3085 est.

306 3123 487 3176 LXIII.
513 3123 694 3194 Igitur
720 3125 1051 3178 cunctorum
1083 3123 1245 3178 saluti
1274 3140 1497 3195 semper
1525 3125 1740 3178 instans
1759 3124 1869 3178 sol-

239 3215 447 3284 licitus,
479 3231 614 3269 cum
645 3215 913 3270 Bituricas
955 3215 1225 3288 (Bourges)
1271 3217 1588 3272 accessisset
1629 3235 1732 3288 pro
1777 3235 1868 3272 or-

242 3309 538 3364 dinatione
591 3309 787 3364 Felicis
837 3309 1112 3380 episcopi,
1181 3311 1523 3381 praedicante
1588 3311 1872 3366 sacerdote

242 3403 492 3474 Sigerius
533 3402 765 3473 quidam
804 3403 1011 3457 Judeus
1051 3403 1182 3457 ﬁdei
1221 3409 1569 3459 sacramento
1608 3407 1872 3476 percepto

240 3513 545 3551 conversus
571 3500 655 3550 est
683 3537 696 3564 ,
727 3495 940 3550 habens
963 3496 1022 3550 in
1047 3496 1328 3551 Judaismo
1367 3498 1742 3552 Mammonam
1778 3515 1874 3552 no-

241 3589 393 3644 mine
423 3590 749 3661 conjugem.
781 3589 916 3652 Quae
945 3605 1072 3644 cum
1100 3589 1166 3644 de
1196 3591 1553 3646 conversione
1590 3605 1693 3645 nec
1720 3607 1876 3646 men-

241 3685 454 3739 tionem
479 3682 776 3753 reciperet,
809 3684 865 3737 et
889 3699 993 3754 per
1021 3682 1220 3737 missos
1264 3683 1416 3738 Beati
1455 3684 1741 3738 admonita
1780 3701 1871 3740 re-

241 3779 487 3849 fugeret,
518 3777 663 3830 facta
685 3775 754 3829 ab
781 3791 846 3830 eo
878 3776 1071 3846 vigilia
1098 3777 1298 3831 Doctor
1314 3776 1433 3847 ipse
1459 3778 1741 3848 profectus
1770 3781 1870 3833 est.

242 3872 375 3934 Qum
403 3885 540 3924 cum
562 3869 792 3923 beatum
827 3869 1012 3923 virum
1049 3885 1152 3924 nec
1190 3869 1311 3923 visu
1352 3869 1520 3924 vellet
1557 3870 1870 3940 intendere,

242 3967 464 4018 cantato
495 3978 664 4016 cursu
692 3961 893 4029 tertiae,
921 3977 1154 4016 manum
1187 3978 1348 4017 suam
1376 3960 1630 4018 Pontifex
1656 3964 1726 4018 ad
1753 3980 1874 4018 mu-

238 4057 395 4112 lieris
417 4057 669 4110 frontem
706 4055 1006 4125 dignanter
1033 4055 1299 4124 admovit,
1328 4056 1552 4127 pietatis
1581 4074 1650 4112 ex
1679 4074 1872 4129 opere.

240 4150 443 4206 Statim
466 4167 501 4203 a
531 4147 1020 4203 circumstantibus
1058 4149 1126 4203 de
1163 4149 1418 4204 mulieris
1464 4151 1691 4205 naribus
1724 4151 1871 4204 scin-

242 4243 461 4299 tillante
489 4242 623 4312 igne
649 4241 838 4296 fumus
865 4241 1058 4314 egredi
1083 4242 1232 4296 visus
1253 4245 1357 4311 est,
1383 4246 1449 4297 ut
1466 4243 1679 4298 cunctis
1705 4245 1877 4298 clare-

235 4338 424 4405 Iieret,
454 4335 632 4406 ejecto
659 4334 982 4389 insidiatore
1003 4335 1303 4390 mulierem
1333 4352 1513 4408 usque
1540 4341 1673 4391 tunc
1716 4337 1875 4405 illum

238 4429 414 4486 saluti
443 4445 562 4483 suae
586 4445 930 4501 repugnasse
955 4446 1058 4500 per
1095 4430 1366 4485 obsidem.
1395 4430 1549 4484 Tunc
1577 4434 1877 4484 exonerata

1893 3169 1946 3243 C

1966 1911 2168 1966 raciter
2192 1910 2262 1964 ob
2289 1911 2393 1963 hoc
2421 1910 2548 1964 duci
2575 1909 2634 1962 in
2661 1907 2916 1977 vinculis,
2947 1908 3081 1979 quia
3109 1926 3166 1962 se
3195 1916 3478 1966 recusaret
3509 1911 3592 1966 le-

1969 2005 2132 2076 gibus
2157 2004 2319 2058 subdi
2350 2003 2611 2058 Judaicis.
2642 2003 2795 2056 Tunc
2834 2001 3259 2058 dissimulabant
3282 2021 3411 2057 cum
3442 2004 3593 2058 clave

1965 2098 2139 2153 Judaei
2183 2097 2404 2152 vincula
2454 2096 2588 2150 ferri
2641 2111 2909 2150 reserare.
2960 2096 3120 2150 Facto
3166 2114 3198 2149 a
3242 2100 3431 2151 sancto
3474 2098 3591 2151 viro

1967 2192 2208 2262 desuper
2232 2190 2411 2245 crucis
2441 2189 2750 2260 signaculo,
2784 2205 2917 2242 mox
2942 2187 3077 2242 ferri
3119 2206 3239 2243 sera
3285 2191 3589 2246 revellitur.

2038 2286 2209 2340 LXVI.
2256 2284 2452 2339 Itidem
2494 2300 2625 2338 cum
2667 2282 2902 2336 Parisios
2947 2282 3015 2336 ad
3057 2282 3342 2337 basilicam
3369 2289 3588 2340 sancto-

1968 2395 2098 2433 rum
2134 2378 2379 2433 Gervasii
2435 2381 2490 2432 et
2527 2375 2762 2431 Protasii
2797 2376 2993 2430 orandi
3033 2393 3198 2430 causa
3241 2379 3590 2447 procederet,

1961 2472 2153 2543 januis
2183 2471 2454 2526 obseratis
2479 2470 2764 2541 ingressus
2794 2468 2872 2522 illi
2898 2473 3138 2540 negatus
3165 2473 3264 2524 est.
3303 2472 3456 2525 Tunc
3501 2489 3591 2526 re—

1969 2564 2187 2637 quisitis
2229 2564 2493 2631 clavibus,
2527 2580 2630 2617 nec
2666 2563 2801 2634 ipsis
2837 2562 3239 2632 aperientibus,
3278 2564 3355 2617 sic
3377 2581 3592 2619 resera-

1967 2658 2050 2712 vit
2075 2657 2384 2728 pessulum,
2413 2657 2559 2711 facto
2585 2656 2764 2710 crucis
2791 2655 3102 2726 signaculo.
3144 2656 3351 2726 Stupor
3373 2659 3592 2714 animos

1969 2751 2169 2805 invasit
2205 2749 2469 2820 praesenti
2507 2749 2796 2816 miraculo,
2828 2747 3034 2818 aperiri
3077 2748 3144 2802 de
3188 2748 3394 2804 virtute
3444 2753 3594 2822 quod

1969 2845 2118 2898 clave
2146 2844 2286 2897 duce
2323 2858 2437 2896 non
2463 2841 2667 2912 potuit.
2698 2841 2826 2894 llaec
2861 2855 3086 2910 quoque
3124 2843 3438 2896 veneranda
3456 2860 3598 2913 pren-

1971 2941 2127 2992 sente
2155 2952 2246 2990 me
2276 2939 2432 3007 gesta
2458 2939 2608 2989 sunt.

2040 3030 2233 3084 LXVII.
2266 3030 2334 3083 Et
2363 3027 2496 3099 quia
2531 3027 2695 3082 beato
2733 3026 2852 3080 viro
2893 3025 3115 3079 nullum
3160 3025 3371 3080 obstitit
3405 3030 3598 3083 metal-

1972 3123 2111 3192 lum,
2143 3139 2273 3176 cum
2297 3121 2470 3192 ligna,
2499 3137 2649 3190 saxa,
2682 3120 3023 3173 ferramenta
3049 3122 3177 3173 ante
3203 3119 3393 3190 ipsum
3418 3122 3596 3178 soluta

1973 3221 2124 3285 sunt,
2177 3214 2375 3269 accidit
2427 3231 2537 3268 una
2586 3213 2808 3267 dierum
2854 3211 3077 3266 Parisiis
3106 3213 3422 3269 orationem
3466 3233 3596 3271 cum

1973 3310 2131 3365 daret
2158 3309 2227 3363 ad
2256 3308 2463 3362 ostium
2488 3307 2743 3375 carceris,
2761 3305 3018 3377 sequenti
3046 3311 3207 3360 nocte
3235 3307 3404 3362 trusis
3431 3327 3600 3380 appa-

1974 3406 2060 3458 ret
2084 3403 2278 3458 lumen
2312 3401 2371 3455 in
2419 3416 2660 3455 carcere.
2693 3399 2850 3453 Visus
2889 3401 2974 3453 est
3014 3399 3093 3453 eis
3118 3399 3419 3456 admonere
3446 3406 3598 3473 quod

1971 3497 2228 3551 foderent
2252 3500 2317 3550 ut
2343 3494 2477 3549 foris
2502 3493 2891 3564 procederent.
2923 3491 3030 3555 Qui
3070 3492 3314 3545 dicentes
3351 3493 3421 3547 ad
3459 3495 3599 3550 invio

1974 3606 2098 3645 cem
2123 3590 2396 3644 domuum
2423 3588 2765 3641 Germanum
2785 3601 2844 3639 se
2872 3584 3090 3651 vidisse,
3121 3588 3177 3638 et
3201 3585 3363 3656 signa
3388 3587 3598 3660 singuli

1973 3683 2243 3737 referunt.
2272 3683 2499 3734 Inventa
2521 3683 2670 3733 costa
2695 3678 2763 3733 de
2790 3678 3023 3748 pecude,
3042 3677 3316 3732 fodientes
3335 3687 3598 3737 amovent

1971 3775 2236 3848 lapidem,
2265 3778 2321 3828 et
2347 3772 2615 3844 praedicto
2639 3771 2818 3825 amico
2852 3770 2949 3825 Dei
2991 3774 3295 3824 occurrunt
3319 3772 3388 3826 ad
3420 3775 3595 3830 eccle-

1974 3869 2115 3924 siam
2160 3867 2438 3922 matutino
2477 3868 2749 3935 tempore,
2780 3880 2910 3918 cum
2951 3862 3160 3917 rediret
3201 3863 3271 3917 ad
3315 3866 3593 3936 requiem.

1974 3963 2062 4017 Sic
2092 3962 2285 4016 multis
2311 3977 2476 4015 causa
2501 3957 2690 4012 salutis
2741 3956 2848 4010 fuit
2885 3956 3072 4027 imago
3114 3956 3416 4028 Pontificis,
3446 3966 3502 4014 et
3529 3961 3600 4016 ad

1974 4055 2151 4109 vicem
2179 4053 2326 4109 beati
2354 4051 2502 4107 Petri
2529 4051 2684 4106 dedit
2712 4049 2889 4105 nostri
2915 4049 3223 4105 Sacerdotis
3258 4049 3378 4122 ipsa
3415 4051 3599 4124 ﬁgura

1973 4148 2238 4203 remedia.

2047 4241 2260 4295 LXVIII.
2319 4237 2530 4294 Dehinc
2585 4237 2694 4292 illis
2749 4235 2972 4306 ereptis,
3029 4234 3289 4290 tribunus
3363 4238 3597 4294 civitatis

1975 4334 2168 4390 saevire
2195 4332 2363 4404 ccepit
2393 4331 2454 4386 in
2494 4331 2721 4399 milites,
2759 4330 3033 4400 deputans
3059 4344 3255 4382 eorum
3294 4328 3463 4386 fuisse
3502 4349 3597 4388 ne-

1977 4427 2329 4501 gligentiam,
2360 4426 2514 4497 quod
2539 4425 2658 4478 viro
2685 4421 3029 4476 sanctissimo
3055 4421 3355 4491 deputatur
3373 4423 3442 4478 ad
3474 4426 3595 4497 glo-

238 4523 467 4579 inimici
516 4523 682 4591 fasce,
730 4523 1011 4594 respirans
1056 4523 1304 4578 confessa
1348 4526 1432 4578 est
1472 4539 1768 4594 nunquam
1819 4524 2140 4612 seDriam.
2193 4522 2470 4576 Conversa
2503 4517 2561 4572 in
2600 4514 2855 4571 custodes
2895 4513 3186 4568 iracundia
3225 4517 3453 4588 judicis,
3499 4522 3599 4591 qui

237 4618 410 4690 prius
427 4616 631 4670 faciem
654 4615 802 4671 beati
837 4616 944 4670 viri
976 4617 1219 4687 potuisse
1253 4617 1590 4687 conspicere.
1633 4617 1751 4680 Qua
1774 4633 1874 4688 pe-

237 4714 408 4767 tente
457 4726 521 4764 ac
570 4712 853 4780 precante,
910 4709 1055 4764 efﬁci
1103 4708 1417 4764 Christiana
1466 4726 1595 4763 cum
1652 4711 1881 4781 propria

237 4805 425 4860 domo
447 4803 781 4874 promeruit,
835 4806 892 4857 et
933 4802 1092 4874 quasi
1134 4802 1316 4874 capite
1359 4803 1580 4859 subdito
1622 4805 1879 4875 exemplo

238 4899 376 4969 ejus
402 4897 567 4951 multi
591 4897 917 4952 Iudaeorum
944 4897 1194 4952 conversi
1223 4901 1373 4952 sunt.

314 4990 495 5046 LXIV.
527 4991 693 5044 Decet
717 4990 809 5044 hic
834 4990 974 5046 illud
998 4990 1190 5062 inseri,
1233 4989 1478 5061 qualiter
1517 4990 1882 5062 peregrinula

235 5084 316 5140 sit
342 5087 602 5139 revocata
621 5083 720 5138 lux
733 5084 900 5138 oculi.
927 5085 1117 5155 Itaque
1139 5099 1383 5156 pergens
1407 5085 1882 5155 Augustodunum

234 5194 356 5251 pro
390 5176 737 5231 ordinatione
767 5177 984 5249 Syagrii
1023 5177 1292 5249 episcopi,
1322 5177 1436 5232 huc
1461 5176 1610 5233 inter
1639 5177 1884 5249 reliquos

240 5273 406 5327 cives
447 5269 803 5325 Florentinus
838 5269 1055 5325 illuster
1091 5287 1194 5342 pro
1229 5286 1501 5326 consensu
1547 5270 1765 5326 delatus
1802 5274 1886 5326 est

237 5364 472 5422 habens
516 5379 742 5418 naavum
778 5362 839 5418 in
883 5363 1044 5418 oculo
1083 5363 1418 5435 speciositati
1462 5364 1741 5436 derogans
1778 5363 1882 5417 ali-

237 5458 603 5533 quantulum
612 5473 685 5512 ne
700 5457 906 5513 ﬂorens
921 5457 1224 5512 haberetur
1239 5457 1299 5512 in
1315 5457 1494 5512 vultu.
1511 5459 1728 5512 Interea
1747 5457 1905 5528 dum,

237 5551 450 5609 laudes
476 5551 859 5607 acclamantur
871 5547 1147 5623 episcopo,
1169 5567 1202 5605 a
1227 5551 1472 5622 quodam
1496 5549 1789 5622 ignorante
1816 5567 1886 5606 ex

241 5645 564 5718 improviso
593 5643 907 5716 percutitur
931 5643 1131 5699 eodem
1176 5643 1233 5698 in
1280 5644 1460 5714 oculo,
1492 5644 1791 5717 evulsoque
1817 5643 1886 5700 de

245 5739 380 5797 loco
411 5738 585 5811 coepit
609 5754 780 5809 supra
802 5738 1087 5818 maxillam
1111 5737 1281 5793 dubio
1305 5738 1556 5810 pendere
1585 5754 1714 5794 cum
1741 5738 1884 5793 visu.

246 5835 364 5903 Qui
393 5848 564 5891 cursu
611 5819 986 5906 praeprOpero'
1011 5831 1081 5886 ad
1115 5829 1344 5888 beatum
1379 5833 1722 5889 Germanum
1759 5848 1890 5888 cum

634 5931 909 5996 PATROL.
956 5927 1187 5993 LXXII.

1979 4617 2233 4672 solebant
2259 4626 2560 4679 asservare,
2587 4607 2817 4663 tradidit
2849 4607 3146 4662 servandos
3187 4609 3246 4662 in
3272 4627 3512 4684 carcere,
3546 4621 3603 4671 et

1978 4709 2174 4765 ablatis
2203 4705 2445 4762 clavibus
2473 4703 2652 4774 judex
2678 4701 2743 4755 ﬁt
2769 4705 2951 4755 custos
2977 4701 3320 4758 custodibus.
3370 4705 3598 4761 Interim

1979 4804 2067 4858 vir
2108 4803 2304 4856 beatus
2342 4797 2635 4853 tribunum
2675 4798 2834 4849 vocat
2884 4794 2953 4848 ad
2997 4794 3320 4865 prandium.
3347 4800 3423 4851 Ac
3463 4799 3598 4854 dum

1980 4895 2192 4968 pariter
2215 4894 2473 4948 sederent
2496 4891 2556 4945 in
2582 4889 2780 4945 eodem
2808 4887 3079 4957 convivio,
3103 4889 3173 4942 ad
3199 4905 3453 4945 mensam
3480 4909 3604 4947 san-

1981 4989 2057 5044 cti
2084 4988 2190 5043 viri
2213 4988 2516 5042 occurrunt
2539 4989 2595 5039 et
2612 4983 2718 5053 ipsi
2743 4982 2842 5053 qui
2857 4982 3082 5038 fuerant
3104 4982 3260 5036 missi
3285 5000 3388 5054 pro
3413 4985 3523 5039 reis
3541 4985 3603 5041 in

1982 5081 2271 5153 compede.
2300 5079 2488 5135 Claves
2513 5077 2726 5132 habens
2769 5075 2829 5129 in
2872 5074 3133 5129 manibus
3177 5092 3307 5130 cum
3344 5076 3606 5135 tribunus

1984 5177 2053 5232 de
2081 5174 2287 5246 ereptis
2320 5173 2415 5226 vix
2454 5171 2707 5226 crederet
2740 5168 2892 5240 quod
2928 5167 3160 5235 videret,
3190 5185 3498 5239 agnoscens
3547 5190 3608 5230 se

1984 5270 2060 5324 sic
2105 5266 2404 5323 custodisse
2443 5264 2702 5318 similiter
2752 5261 2896 5316 sicut
2943 5265 2998 5316 et
3047 5259 3252 5316 milites
3301 5280 3605 5338 carcerem,

1985 5362 2115 5418 data
2138 5359 2383 5415 vicissim
2405 5358 2588 5426 venia,
2623 5356 2788 5426 culpa
2813 5353 3015 5410 transit
3039 5353 3101 5408 in
3125 5355 3388 5426 gratiam.

2055 5455 2220 5510 LXIX.
2280 5451 2486 5507 Inferat
2548 5446 2862 5504 Aurelianis
2923 5447 3185 5520 (Orléans)
3256 5451 3443 5508 nobile
3506 5454 3610 5510 viri

1983 5547 2352 5623 praeconium.
2381 5546 2500 5610 Qua
2525 5543 2594 5600 de
2620 5541 2841 5597 civitate
2867 5540 2951 5596 vir
2987 5546 3208 5596 sanctus
3243 5546 3610 5616 progrediens

1987 5645 2384 5700 damnatorum
2421 5654 2580 5693 voces
2616 5634 2898 5691 exaudivit
2932 5635 2993 5690 in
3037 5651 3275 5704 carcere,
3309 5654 3422 5708 quo
3461 5642 3610 5695 certe

1987 5737 2418 5793 subterraneum
2470 5729 2786 5787 habebatur
2844 5729 3212 5801 ergastulum.
3267 5731 3385 5794 Quo
3443 5746 3614 5802 super

1989 5830 2293 5888 ascendens
2334 5832 2390 5885 et
2426 5826 2736 5900 prostratus
2780 5822 3054 5880 accubans
3108 5812 3414 5878 orationem
3461 5824 3616 5886 dedit

3261 5924 3294 5979 3
