4044 6196
421 295 486 346 75
1045 370 1058 376 _
1328 291 1620 348 SANC'I‘US
1656 291 2032 360 GERMANUS,
2073 289 2482 348 PARISIENSIS
2518 289 2893 349 EPISCOPUS.
3719 285 3787 341 76

418 399 633 454 amicus
659 399 864 456 Christi
890 416 1020 456 cum
1047 399 1328 472 lacrymis.
1368 402 1599 454 Prorsus
1641 399 1874 454 obtentu
1917 416 2042 454 ora-
2067 415 2126 487 Α
2147 399 2332 470 digus,
2363 399 2628 470 explicari
2653 416 2767 454 non
2796 397 3025 469 poterit,
3053 413 3159 454 nec
3187 397 3232 453 si
3259 397 3430 453 totius
3455 398 3651 470 populi
3677 416 3790 455 vox

417 493 528 548 culi
554 493 874 568 insequenti
900 499 1064 550 nocte
1089 509 1308 548 carcere
1333 491 1608 564 patefacto
1649 493 1718 548 ab
1757 493 2047 548 basilicam

417 587 593 642 sancti
643 588 844 644 Aniani
894 587 1244 659 confugiunt.
1291 587 1358 640 Et
1405 585 1488 641 ita
1537 587 1734 642 beatus
1786 586 2046 642 Pontifex

419 681 676 753 quamvis
697 680 1090 753 praetereundo
1113 682 1238 750 post
1263 695 1321 734 se
1347 679 1580 752 reliquit
1619 679 1974 752 suffragium.

492 777 634 832 LXX.
690 777 810 830 Non
854 773 1146 830 fastidium
1213 773 1286 828 sit
1347 773 1544 828 audire
1595 775 1747 846 quod
1799 773 2048 830 Christus

417 871 650 941 praestat
693 866 970 938 ﬁdelibus,
1022 867 1162 922 dum
1208 867 1616 922 miraculorum
1657 867 1828 923 simul
1868 867 2046 922 virtus

418 962 615 1017 crescit
637 963 692 1016 et
715 977 1008 1016 numerus.
1044 963 1236 1033 Itaque
1265 961 1626 1016 Sanctissimo
1646 960 1890 1016 occurrit
1916 959 2044 1032 qui-

416 1055 546 1110 dam
596 1054 862 1124 Parisius,
917 1054 1078 1126 cujus
1127 1055 1289 1126 quasi
1337 1071 1568 1128 pugnus
1621 1053 2049 1110 extuberaverat

415 1149 627 1218 oculus,
656 1153 721 1203 ut
743 1147 913 1202 etiam
939 1147 1121 1204 dictus
1146 1151 1407 1220 vergeret
1449 1148 1509 1202 in
1537 1147 1702 1203 ruina
1745 1151 1876 1220 post
1918 1147 2045 1202 vul-

413 1259 569 1298 nera.
601 1243 721 1308 Quo
745 1245 1022 1314 regnante
1045 1241 1130 1295 vir
1155 1241 1251 1296 Dei
1276 1241 1346 1298 de
1375 1241 1550 1296 saliva
1567 1242 1679 1297 oris
1705 1241 1794 1297 sui
1819 1241 2047 1297 oculum

410 1335 683 1406 illiniens,
712 1335 992 1391 medelam
1020 1335 1225 1390 lumini
1252 1335 1530 1391 revocavit
1558 1339 1614 1390 et
1638 1335 1900 1408 gratiam.

481 1429 650 1484 LXXI.
705 1430 949 1484 Moverta
1007 1427 1118 1500 [Αι.
1171 1429 1436 1500 Noverca]
1506 1430 1766 1502 quaedam
1827 1428 2049 1484 Parisiis

411 1523 699 1595 pustulam
723 1522 938 1578 habens
965 1522 1024 1577 in
1048 1522 1300 1590 brachio,
1331 1523 1578 1578 cruciata
1605 1522 1912 1592 doloribus,
1951 1539 2046 1592 oc-

412 1633 644 1672 currens
690 1617 852 1672 beato
905 1615 1047 1688 viro,
1087 1615 1212 1688 pari
1251 1616 1625 1672 medicamine
1662 1621 1815 1672 tactu
1863 1615 2049 1670 salivae

415 1713 608 1765 curata
632 1714 735 1766 est.

2144 493 2205 547 in
2231 509 2344 548 uno
2373 509 2430 549 se
2462 493 2726 564 glutinet.
2752 492 2858 558 Qui
2892 492 3222 564 frequenter
3271 494 3571 547 contentus
3599 493 3790 548 casula

2145 587 2232 640 vel
2256 587 2466 657 tunica,
2501 585 2774 658 quidquid
2803 589 2923 641 erat
2963 585 3193 656 residui,
3221 585 3442 640 nudum
3475 602 3789 658 pauperem

2145 679 2437 750 vestiebat,
2458 683 2521 734 ut
2533 681 2695 751 inops
2714 679 2997 734 ealeﬁeret
3014 679 3286 750 largitore
3301 679 3545 752 algente.
3567 681 3791 744 Quanta

2147 773 2317 828 etiam
2341 773 2514 828 fuerit
2531 773 2942 844 redemptionis
2956 773 3174 844 effusio,
3194 773 3522 828 nullatenus
3547 773 3793 845 explica-

2145 867 2301 921 bitur
2319 867 2406 922 vel
2430 867 2552 921 loco
2579 867 2664 922 vel
2690 883 2952 922 numero.
2983 867 3139 923 Unde
3171 869 3302 922 sunt
3329 867 3612 939 contiguae
3640 883 3786 938 gen-

2145 962 2232 1015 tes
2253 959 2314 1014 in
2337 960 2750 1032 testimonium,
2779 961 3057 1032 Hispanus
3101 960 3319 1030 Scotus,
3361 959 3534 1030 Brito,
3564 961 3788 1029 Wasco,

2148 1053 2312 1121 Saxo,
2335 1053 2684 1124 Burgundio,
2703 1071 2833 1108 cum
2859 1054 2931 1109 ad
2957 1069 3172 1109 nomen
3201 1053 3356 1108 Beati
3383 1056 3792 1109 concurrerent

2147 1145 2397 1218 undique
2416 1145 2695 1201 liberandi
2705 1147 2848 1218 jugo
2875 1146 3104 1202 servitii.
3123 1147 3264 1202 Cum
3284 1162 3418 1202 vero
3433 1145 3792 1218 aliquatenus

2145 1239 2290 1295 nihil
2331 1242 2478 1296 esset
2513 1257 2632 1311 prae
2676 1240 2958 1310 manibus,
3010 1239 3186 1295 tristis
3239 1240 3439 1296 sedens
3486 1243 3544 1294 et
3586 1240 3792 1295 anxius

2149 1333 2392 1389 severior
2413 1333 2706 1403 in,vultu,
2751 1337 3009 1390 austerus
3054 1337 3175 1388 erat
3223 1333 3492 1406 alloquio.
3539 1335 3691 1389 Tunc
3741 1335 3791 1388 si

2147 1427 2402 1482 fortassis
2424 1427 2494 1482 ab
2512 1427 2703 1500 aliquo
2729 1428 3066 1483 invitaretur
3089 1427 3160 1482 ad
3185 1427 3511 1498 prandium,
3541 1427 3790 1498 compel-

2147 1521 2297 1577 lebat
2323 1521 2582 1577 convivas
2607 1525 2705 1576 aut
2733 1522 3024 1577 ministros
3048 1520 3326 1594 proprios,
3352 1524 3414 1575 ut
3435 1521 3790 1577 conferentes

2149 1615 2360 1686 pariter
2389 1615 2536 1671 unde
2563 1616 2647 1670 vel
2674 1633 2852 1670 unum
2881 1616 3163 1688 captivum
3206 1614 3431 1670 servitio
3455 1615 3788 1682 liberarent,

2149 1712 2207 1763 et
2233 1709 2311 1763 sic
2333 1709 2750 1780 aliquantulum
2780 1709 3092 1765 Sacerdotis
3133 1709 3438 1780 respiraret
3462 1708 3690 1763 animus
3717 1725 3790 1763 ex

423 1858 432 1865 ,
485 1803 678 1860 LXXII.
720 1802 831 1858 Sed
875 1803 922 1858 si
947 1819 1324 1876 exsequamur
1373 1804 1782 1860 miraculorum
1829 1803 2051 1876 singula
2071 1789 2126 1861 B
2149 1818 2412 1857 moerere.
2443 1803 2602 1866 Quod
2629 1803 2675 1857 si
2701 1803 2972 1858 Dominus
3003 1801 3214 1874 aliquid
3235 1818 3339 1874 per
3366 1818 3570 1856 manus
3598 1801 3790 1857 Sancti

415 1912 543 1969 quae
566 1897 681 1951 suis
708 1897 878 1969 gestis
902 1898 1172 1969 praesenti
1189 1898 1506 1953 ﬂoruerunt
1523 1897 1582 1952 in
1608 1897 1740 1968 vita,
1774 1898 1894 1952 haec
1924 1897 2044 1953 sine

415 1989 528 2044 ﬁne
563 1992 696 2046 sunt
737 1995 936 2062 coepta,
981 2007 1102 2046 non
1145 1991 1252 2046 erit
1301 1992 1504 2047 modus
1533 1991 1592 2046 in
1636 1991 1866 2063 pagina.
1905 1991 2047 2056 Quia

415 2099 787 2156 quacumque
823 2083 1106 2139 Pontiﬁcis
1133 2101 1191 2140 se
1220 2085 1495 2140 convertit
1541 2085 1864 2156 praesentia,
1893 2085 2047 2140 nulla

414 2176 744 2232 morborum
770 2177 1072 2249 generibus
1110 2177 1291 2233 defuit
1325 2177 1610 2234 medicina
1651 2182 1708 2234 et
1748 2182 1959 2250 quanta
1989 2196 2046 2235 se

413 2271 743 2326 obtulerunt
768 2271 1165 2343 languentium
1189 2271 1442 2340 vulnera,
1472 2271 1670 2327 salutis
1686 2271 1839 2327 fudit
1856 2276 1941 2328 tot
1965 2290 2048 2329 se-

415 2363 592 2419 mina.
620 2364 870 2436 Namque
897 2364 1083 2436 prima
1120 2364 1408 2420 Pontiﬁcis
1446 2381 1827 2438 exsequamur
1852 2366 1938 2421 vel
1967 2367 2049 2422 ul-

414 2456 576 2524 tima,
615 2473 746 2512 cum
771 2474 874 2530 per
899 2457 1128 2514 salivam
1151 2458 1267 2514 oris
1291 2457 1375 2512 sui
1413 2458 1596 2514 multa
1621 2462 1814 2516 curata
1835 2459 2050 2515 fuerint

415 2550 627 2623 ulcera,
655 2555 894 2622 purgata
915 2551 1030 2606 sint
1065 2567 1469 2624 energumena.
1487 2554 1630 2609 Ante
1657 2569 1830 2626 quem
1854 2555 2050 2626 quam-

415 2643 497 2700 vis
517 2645 732 2701 occulte
765 2645 1010 2702 venisset
1043 2645 1220 2701 hostis
1258 2645 1533 2718 nequitia,
1561 2646 1750 2702 statim
1787 2662 1847 2702 se
1871 2646 2050 2701 mani-

412 2738 634 2794 festavit
663 2737 1022 2794 fraudulenta
1047 2739 1266 2796 fallacia
1293 2757 1307 2796 :
1337 2757 1402 2795 ac
1428 2741 1498 2796 de
1533 2745 1838 2812 conspectu
1871 2739 2047 2796 sancti

412 2830 519 2887 viri
541 2831 676 2903 quia
699 2831 867 2886 celari
891 2847 1009 2887 non
1033 2835 1313 2904 poterant,
1338 2848 1443 2888 nec
1461 2833 1780 2890 tolerabant
1801 2849 2050 2906 praesen-

411 2924 572 2995 tiam,
600 2923 838 2980 terribili
865 2925 1090 2980 ululatu
1117 2942 1218 2980 sua
1259 2926 1565 2997 gemebant
1605 2926 1888 2996 incendia,
1917 2943 2046 2998 pas-

417 3017 526 3070 sim
552 3032 658 3088 per
683 3017 804 3071 loca
841 3017 1131 3072 volitantia
1157 3018 1516 3089 exponebant
1544 3022 1602 3074 et
1634 3019 1891 3088 crimina,
1923 3036 2047 3076 sus-

416 3107 580 3182 pensi
598 3125 701 3180 per
716 3124 846 3164 aera
869 3125 883 3164 :
899 3109 1228 3180 frequenter
1240 3127 1346 3165 nec
1359 3111 1694 3182 interrogati
1712 3112 2051 3168 conﬁteban-

417 3203 513 3256 tur
537 3203 594 3256 et
617 3201 871 3257 nomina.
896 3201 1038 3256 Cum
1068 3218 1218 3274 saepe
1247 3219 1348 3258 suo
1374 3203 1622 3275 impulsu
1649 3205 1954 3261 currebant
1977 3205 2048 3260 ad

416 3296 676 3349 sanctum
710 3294 896 3349 virum
934 3295 1235 3352 crucianda
1259 3296 1558 3353 daemonia.
1587 3297 1758 3370 Cujus
1787 3298 2049 3356 minister

418 3403 530 3458 quo
555 3387 677 3442 loco
699 3387 886 3443 Sancti
912 3388 1142 3445 tenebat
1165 3389 1452 3458 baculum,
1485 3389 1599 3445 illic
1625 3407 2048 3464 energumenus

417 3480 702 3552 pendebat
738 3479 1010 3554 religatus
1049 3498 1182 3538 aere
1211 3482 1451 3556 vinculo,
1479 3487 1537 3540 et
1581 3484 1743 3556 quasi
1767 3485 1937 3542 clavis
1961 3487 2045 3542 af-

304 3621 314 3628 .
417 3572 531 3628 ﬁxo
556 3574 854 3631 tenebatur
877 3575 1135 3648 vestigio.

489 3666 704 3722 LXXIII.
731 3669 798 3722 Et
826 3667 961 3740 quia
1002 3669 1192 3724 sancto
1235 3669 1354 3725 viro
1399 3687 1549 3743 saepe
1589 3669 1808 3727 inimici
1847 3671 2046 3728 tende-

418 3757 626 3812 bantur
645 3757 886 3830 insidiaa,
926 3763 990 3814 ut
1020 3763 1120 3815 aut
1143 3777 1323 3834 equus
1347 3761 1571 3834 lapsum
1597 3763 1932 3822 incurreret.
1963 3766 2051 3820 vel

421 3864 614 3924 ramus
637 3849 854 3905 arboris
891 3853 1167 3923 tangeret,
1211 3855 1310 3908 aut
1347 3871 1496 3927 aqua
1528 3856 1688 3912 vallis
1727 3857 1815 3912 vel
1843 3857 2072 3929 glacies-

417 3940 736 4014 periculum
759 3947 1084 4015 generaret;
1113 3961 1248 4001 mox
1272 3946 1371 4019 qui
1395 3950 1494 4003 aut
1517 3949 1718 4021 quanti
1745 3952 1846 4004 aut
1870 3950 2050 4023 quali-

420 4037 507 4112 ter
533 4034 714 4090 totum
753 4036 1128 4108 energumina
1164 4038 1378 4094 factum
1421 4056 1591 4096 omne
1633 4042 2052 4099 conﬁtebantur

423 4129 482 4182 et
507 4143 832 4182 numerum.
867 4128 1007 4183 Cum
1033 4145 1165 4186 vero
1189 4132 1392 4202 pedem
1419 4134 1645 4190 efferret
1671 4135 1740 4191 de
1769 4136 1939 4192 domo
1966 4137 2053 4192 vel

424 4219 675 4291 ecclesia,
705 4220 922 4276 videres
944 4223 1161 4294 strages
1185 4223 1512 4281 daemonum
1537 4230 1668 4282 ante
1691 4228 1836 4284 tanti
1856 4229 2050 4284 Ponti-

421 4312 542 4370 ﬁcis
557 4330 620 4368 ac
636 4313 1067 4386 triumphatoris
1085 4315 1367 4374 obtutum.
1389 4319 1676 4376 Cadebant
1697 4320 1843 4377 circa
1865 4322 2052 4378 Sancti

421 4407 748 4462 catervatim
770 4407 1006 4482 vestigia
1029 4408 1263 4466 diversis
1288 4411 1472 4467 modis
1495 4412 1704 4469 effusa:
1729 4413 1851 4470 haec
1865 4418 2046 4485 muta,

2144 1895 2583 1968 dispensandum
2598 1895 2858 1952 alicunde
2877 1896 3168 1969 dirigeret,
3197 1912 3332 1952 mox
3351 1895 3412 1950 in
3427 1894 3629 1968 spiritu
3642 1911 3790 1966 pra:-

2147 1991 2340 2046 videns
2365 1991 2558 2046 solitus
2598 1993 2720 2046 erat
2763 1990 2949 2046 dicere
2989 2007 3002 2044 :
3037 1989 3252 2045 Gratias
3299 2006 3536 2061 agamus
3581 1989 3788 2044 divinae

2145 2084 2492 2154 Clementiae,
2518 2100 2656 2138 nam
2699 2083 2848 2139 unde
2890 2083 2989 2138 ﬁat
3016 2083 3334 2154 redemptio
3361 2082 3787 2154 appropinqua—

2146 2179 2244 2233 vit.
2275 2177 2553 2234 Continuo
2583 2177 2704 2232 sine
2736 2177 3108 2248 ambiguitate
3148 2193 3398 2248 praesens
3440 2175 3787 2247 probabatur

2147 2272 2398 2328 effectus.
2429 2272 2588 2336 Quod
2618 2271 2755 2326 dum
2793 2271 3100 2342 accepisset
3141 2271 3201 2326 in
3227 2270 3510 2340 manibus,
3539 2269 3790 2324 resoluta

2149 2383 2292 2438 ruga
2315 2365 2518 2424 frontis
2553 2365 2711 2420 vultu
2750 2365 2995 2420 ﬂorebat
3031 2364 3239 2434 senior,
3272 2381 3468 2435 gressu
3509 2363 3786 2434 pergebat

2147 2459 2403 2530 alacrior,
2431 2459 2626 2530 lingua
2652 2459 2862 2514 ﬂuebat
2879 2457 3186 2530 jucundior
3205 2474 3220 2513 :
3236 2461 3297 2512 ut
3327 2457 3584 2513 crederes
3607 2456 3792 2511 homi-

2147 2569 2283 2611 nem
2309 2569 2411 2624 pro
2441 2552 2786 2610 redimendis
2809 2552 2930 2608 aliis
2956 2569 3014 2608 se
3039 2553 3226 2623 ipsum
3253 2552 3539 2608 servitutis
3562 2550 3787 2606 vinculo

2147 2647 2529 2703 liberandum.

2219 2772 2409 2826 LXXV.
2432 2771 2566 2836 Quis
2579 2787 2712 2826 vero
2727 2771 2899 2842 digne
2915 2773 3137 2842 repetat
3155 2773 3366 2842 quanta
3392 2768 3568 2824 virtus
3596 2767 3792 2823 verbo-

2148 2880 2279 2919 rum
2299 2864 2370 2918 ab
2388 2880 2486 2920 ore
2507 2864 2798 2919 rotabatur
2821 2881 2948 2919 cum
2972 2863 3307 2936 praedicaret
3324 2863 3384 2918 in
3404 2861 3702 2934 populum,
3726 2863 3792 2915 ut

2149 2957 2306 3012 omni
2327 2957 2661 3012 litteratura:
2677 2960 3003 3014 nasceretur
3028 2960 3241 3029 stupor,
3271 2959 3328 3012 et
3355 2955 3516 3011 ﬁeret
3539 2956 3599 3009 in
3637 2971 3794 3009 com-

2147 3067 2322 3106 mune
2350 3051 2630 3122 generalis
2665 3050 3044 3122 compunctio,
3072 3054 3242 3122 atque
3287 3066 3356 3104 ex
3401 3065 3496 3104 ore
3549 3048 3789 3104 dicentis

2070 3155 2124 3230 C
2149 3145 2407 3200 crederes
2433 3147 2496 3198 ut
2520 3144 2690 3200 verba
2713 3145 3096 3199 formarentur
3119 3143 3190 3198 ab
3225 3142 3450 3215 angelo,
3483 3142 3620 3196 dum
3656 3141 3788 3212 plus

2148 3253 2320 3310 quam
2346 3237 2518 3292 homo
2541 3237 2868 3308 loqueretur
2895 3237 3198 3292 translatus
3217 3237 3277 3292 in
3297 3238 3508 3294 mentis
3531 3253 3786 3307 excessu,

2148 3347 2279 3386 cum
2329 3330 2541 3385 abrasis
2593 3331 2829 3386 maculis
2874 3330 3196 3386 sinceritate
3232 3330 3515 3403 dogmatis
3559 3335 3790 3402 pectora

2148 3422 2348 3496 plebis,
2377 3426 2604 3496 cogeret
2631 3423 2836 3479 divinis
2859 3424 3164 3497 eifragrare
3189 3423 3518 3496 pigmentis.

2219 3554 2434 3610 LXXVI.
2464 3553 2570 3619 Qui
2593 3553 2852 3626 equitans
2895 3552 2957 3608 in
2997 3552 3222 3621 itinere,
3269 3569 3494 3625 semper
3532 3554 3644 3610 Deo
3689 3553 3790 3611 ali-

2150 3645 2288 3720 quid
2314 3649 2412 3702 aut
2427 3647 2601 3724 ,verbo
2628 3646 2868 3702 contulit
2882 3649 2980 3701 aut
2997 3645 3266 3717 cantavit,
3286 3663 3516 3702 cursum
3545 3647 3616 3720 (a)
3633 3648 3790 3703 nudo

2149 3739 2330 3812 capite
2355 3740 2566 3811 dicens,
2597 3739 2702 3796 etsi
2727 3739 2828 3795 nix
2852 3744 2950 3794 aut
2991 3739 3176 3794 imber
3212 3743 3462 3812 urgeret.
3485 3740 3624 3795 Cum
3655 3757 3790 3797 vero

2154 3833 2308 3889 venit
2329 3833 2401 3888 ad
2415 3849 2672 3888 mensam
2696 3832 2993 3888 confestim
3019 3833 3260 3888 recitans
3307 3833 3486 3892 adfuit
3523 3833 3792 3891 minister

2154 3925 2341 3982 divina
2365 3925 2665 3998 colloquia,
2695 3929 2759 3980 ut
2785 3926 2936 3982 inter
2979 3925 3090 3980 cibi
3132 3926 3343 3984 fercula
3385 3927 3563 3982 animi
3594 3929 3790 3999 pastus

2152 4018 2422 4074 alimento
2456 4019 2586 4091 plus
2627 4021 2974 4075 saturaretur
3009 4019 3258 4076 conviva.
3293 4021 3522 4076 Nullum
3562 4023 3789 4093 tempus

2151 4110 2501 4185 interpolans
2527 4127 2640 4185 quo
2656 4128 2774 4168 non
2799 4115 2898 4168 aut
2920 4111 3048 4168 aliis
3073 4113 3386 4186 prodesset,
3408 4117 3507 4169 aut
3531 4130 3650 4170 non
3663 4114 3790 4186 ipse

2150 4205 2474 4278 proﬁceret.

2162 4399 2168 4405 ί
2219 4323 2456 4379 LXXVII.
2496 4325 2775 4390 Quantam
2808 4341 2940 4381 vero
2978 4324 3302 4398 vigiliarum
3337 4342 3530 4382 curam
3559 4343 3792 4400 semper

2146 4413 2506 4487 impenderet
2529 4417 2654 4490 quis
2680 4419 2951 4474 enarret?
2989 4420 3100 4474 Aut
3137 4418 3405 4475 toleratos
3441 4421 3662 4492 algores
3689 4437 3788 4477 ar-

424 4497 877 4594 clamantia;
931 4501 1024 4557 illa
1049 4502 1182 4575 ﬁxa,
1215 4504 1339 4560 haec
1387 4504 1625 4562 lubrica.
1679 4507 1749 4562 Et
1791 4507 1942 4564 velut
1982 4509 2054 4566 ad
2071 4520 2132 4594 D
2153 4507 2289 4565 dore
2315 4508 2448 4566 ﬁdei
2471 4511 2779 4582 praedicet?
2807 4527 2938 4567 cum
2961 4511 3292 4583 frequenter
3313 4513 3375 4569 in
3398 4513 3604 4570 lectulo
3629 4517 3793 4572 ante-

417 4587 673 4680 judicem
700 4592 838 4646 dum
873 4597 1032 4664 gesta
1070 4595 1352 4654 referrent
1386 4598 1636 4671 propria,
1680 4615 1799 4656 non
1824 4587 2118 4674 eﬂ‘ugie-—
2154 4603 2584 4676 quamreliquos
2596 4604 2664 4660 de
2686 4620 2886 4676 sopore
2903 4607 3294 4662 commoneret
3314 4607 3790 4680 assurgere,quin

423 4679 564 4736 bant
589 4683 892 4739 tormenta.
917 4686 1027 4742 Sed
1049 4689 1122 4742 ad
1148 4689 1338 4745 Sancti
1356 4693 1707 4762 praconium
1733 4697 1944 4766 quanta
1969 4697 2055 4752 est

425 4772 550 4830 hee
566 4773 832 4846 laudatio,
855 4793 987 4831 cum
1012 4777 1374 4838 ineﬁ'abiliter
1392 4785 1572 4841 multa
1595 4787 1654 4842 et
1681 4788 1958 4860 stupenda
1980 4789 2050 4844 ab

428 4881 496 4924 eo
517 4865 720 4924 ﬂerent
741 4867 844 4924 sub
869 4873 1162 4927 momento
1180 4872 1210 4927 ?

499 4961 714 5018 LXXIV.
744 4962 1026 5020 Caeterum
1054 4964 1425 5040 eleemosynis
1448 4971 1724 5042 quantum
1742 4972 1916 5031 fuerit
1927 4991 2055 5048 pro-

502 5075 574 5157 (ᾳ)
602 5076 928 5160 Scriptores
943 5079 1162 5160 antiqui
1191 5097 1382 5160 cursus
1409 5099 1508 5140 seu
1535 5085 1793 5160 decursus
1818 5091 2053 5160 nomine

430 5145 846 5228 divinapfﬁcia,
886 5148 1000 5228 sive
1041 5145 1230 5228 horas,
1273 5156 1336 5228 ut
1377 5158 1601 5228 vocant,
1649 5159 1946 5215 canonicas
1966 5145 2054 5218 ἦιξ-

429 5215 779 5296 telligebant,
809 5215 960 5290 quod
980 5215 1368 5296 persolvantur
1390 5215 1639 5296 quotidie
1663 5244 1727 5282 ac
1755 5215 2054 5287 decurran-

430 5290 547 5367 tur.
587 5289 804 5367 Regula
826 5289 1030 5367 sancti
1057 5293 1298 5367 Macarii,
1325 5289 1446 5367 cap.
1473 5299 1505 5352 9
1535 5313 1549 5351 :
1585 5318 1612 5347 «
1639 5299 1879 5354 Cursum
1923 5317 2050 5356 mo-

429 5358 662 5437 nasterii
687 5361 1066 5484 sig-peremnia
1091 5358 1324 5435 diliges;
1365 5358 1465 5448 qui
1497 5382 1630 5422 vero
1655 5369 1861 5440 saepius
1889 5387 2051 5429 orare

429 5428 689 5484 voluerit.
795 5446 1035 5484 errorem
1049 5432 1299 5484 inveniet
1321 5437 1764 5484 mlsericnrdinm
1783 5441 1986 5484 Ωιινίςῆ
2017 5464 2047 5484 ι.

428 5428 689 5512 voluerit,
715 5428 1040 5512 uberiorem
1049 5428 1767 5512 inveniet:misericordiam
1783 5428 2047 5498 Christi.»

431 5498 775 5585 InVi‘taims:
805 5502 994 5585 sancti,
1008 5503 1252 5585 Serenici
1267 5505 1484 5585 abbatis
1510 5509 1720 5585 (stacqu
1738 5527 1812 5585 vn
1828 5513 2049 5585 Bened.)

427 5568 552 5639 haec
581 5568 878 5639 leguntur:
917 5593 946 5622 «
973 5573 1035 5628 In
1059 5575 1327 5630 orationis
1349 5568 1541 5632 autem
1568 5581 1753 5636 studio
1779 5584 1969 5636 tantus
1985 5568 2052 5638 il1

427 5637 549 5724 lum
588 5637 775 5724 fervor
795 5643 1144 5715 accenderat,
1186 5649 1250 5724 ut
1274 5646 1496 5724 absque
1534 5651 1804 5720 peculiari
1843 5654 2052 5724 suppli-

427 5711 649 5794 catione
684 5711 1011 5794 gemanurn
1053 5711 1163 5794 seq
1193 5711 1562 5794 Gallicanum;
1617 5724 1675 5776 et
1728 5711 2048 5794 sanctorum

426 5775 658 5842 Patrum
684 5781 968 5840 Benedicti
995 5801 1092 5842 seu
1125 5783 1457 5844 Columbam
1490 5775 1718 5848 cursum
1736 5775 1909 5850 *hB'rié
1919 5775 2048 5857 1:17;

2153 4695 2428 4767 quaginta
2446 4696 2696 4768 psalmos
2719 4698 2808 4755 vel
2833 4697 3097 4770 amplius,
3126 4697 3440 4756 indefessus
3463 4700 3525 4755 in
3563 4701 3788 4772 templo

2154 4787 2242 4844 sui
2266 4789 2509 4860 pectoris
2531 4791 2768 4847 Domino
2794 4792 3136 4848 decantaret.
3163 4792 3270 4849 Sed
3303 4793 3430 4865 quis
3471 4792 3614 4848 illud
3656 4793 3787 4849 fur-

2153 4883 2278 4936 tum
2299 4881 2434 4938 felix
2458 4881 2602 4954 1.4L,
2627 4884 2869 4957 felicem]
2911 4885 3000 4942 vel
3033 4885 3230 4944 auditu
3277 4885 3519 4943 senserit
3543 4886 3631 4942 vel
3655 4883 3789 4944 visu

2152 4974 2608 5048 deprehenderit,
2633 4994 2765 5035 cum
2788 4979 2911 5052 ipse
2950 4979 3021 5037 de
3059 4979 3262 5036 lectulo
3297 4979 3628 5052 frequenter
3656 4977 3788 5038 sine

2253 5091 2302 5148 is
2343 5092 2581 5149 Domino
2621 5094 2964 5153 decantaret.
2993 5115 3022 5151 »
3069 5095 3176 5152 Ubi
3213 5095 3486 5153 particula
3509 5110 3604 5151 seu
3629 5096 3789 5152 utro-

2151 5163 2321 5236 bique
2344 5165 2659 5288 copulativa
2698 5169 2802 5235 est,
2846 5183 2952 5223 nec
2975 5183 3172 5248 cursus
3208 5163 3495 5222 Romanus
3521 5166 3614 5221 hic
3638 5166 3790 5222 alius

2151 5235 2418 5308 estaGal
2440 5251 2621 5308 icano.
2643 5237 2785 5308 Nam
2809 5238 2988 5294 Gallos
3002 5239 3138 5308 olim
3164 5239 3448 5293 Romanos
3471 5237 3790 5308 appellatos

2151 5254 2238 5288 est
2263 5254 2298 5289 a
2319 5254 2621 5292 uaulcano.
2643 5254 2785 5292 nam
2809 5254 2988 5294 uanos
3002 5254 3138 5293 eum
3164 5254 3448 5293 uomanos
3471 5254 3783 5309 appellatos

2148 5303 2211 5380 in
2234 5305 2373 5360 Vitae
2417 5307 2610 5380 sancti
2626 5307 2920 5380 Samsonis
2961 5307 3157 5380 episc.,
3184 5308 3452 5380 praefat,
3472 5312 3783 5380 rgpag.fl65,

2151 5374 2581 5451 observavimus
2593 5376 2690 5451 (ἱηΔ
2702 5378 2860 5434 Actis
2894 5374 3078 5451 sanet.
3097 5374 3235 5451 οιὲοἰῖΔ
3247 5381 3428 5451 sancti
3439 5374 3444 5376 ⁷
3459 5374 3781 5451 Benedicti).

2149 5444 2228 5499 De
2256 5461 2423 5502 cursu
2447 5444 2652 5503 Gallico
2675 5448 2886 5506 iterum
2904 5449 3120 5506 mentio
3135 5450 3201 5503 ﬁt
3221 5448 3283 5503 in
3305 5449 3431 5504 Vita
3453 5444 3634 5504 sancti
3655 5444 3786 5506 We.-

2149 5513 2485 5596 larici_abb.,
2513 5519 2947 5596 apudhsurium,
2991 5525 3029 5596 I_
3056 5519 3256 5596 april”
3279 5535 3462 5596 num,
3492 5519 3580 5575 14.
3606 5521 3786 5596 Porro

2314 5587 2419 5642 hac
2443 5585 2576 5644 voce
2598 5589 2857 5663 usitatius
2884 5585 3033 5662 apud
3053 5585 3398 5663 Cragorium
3420 5589 3652 5658 Turon.,
3680 5591 3786 5663 qui

2145 5653 2358 5740 librum
2377 5675 2556 5740 unum
2581 5659 2660 5740 de
2667 5653 2938 5740 cursibus
2959 5653 3344 5740 ecclesiasticis
3381 5677 3417 5718 α
3457 5676 3518 5721 se
3545 5653 3784 5738 compo-

2147 5727 2319 5788 situm
2343 5727 2404 5786 in
2426 5729 2528 5788 lib.
2557 5747 2592 5788 ι
2615 5731 2756 5790 Hist.
2785 5735 3214 5791 commemorat.
