4042 6184
248 274 318 333 77
1096 294 1103 305 ι
1858 272 2029 330 VITA.
3553 278 3617 331 78

246 386 471 458 caligis,
487 402 561 441 ne
577 383 961 442 sentireturab
975 383 1188 458 aliquo,
1202 385 1455 457 perrexit
1468 383 1529 439 in
1554 383 1883 454 oratorium,
1910 400 1968 470 Α
1989 384 2273 454 premeret
2302 380 2454 437 illata
2479 379 2801 438 necessitas.
2834 382 3067 438 Paratus
3085 397 3191 455 pro
3210 380 3616 453 misericordia,

244 480 475 536 nullum
486 480 595 535 sibi
614 479 846 557 cupiens
859 482 1063 534 testem
1072 480 1132 533 in
1145 479 1285 534 illud
1311 478 1404 551 [Al
1408 520 1421 534 .
1430 521 1447 542 ,
1468 477 1649 551 illum]
1671 478 1890 533 furtum

242 578 460 647 praeter
482 573 771 628 Christum
795 588 1110 628 occurrere.
1140 572 1246 637 Qui
1274 572 1556 628 celebrata
1580 571 1769 643 vigilia
1795 586 1884 626 re-

246 684 451 723 means
479 667 553 722 ad
577 666 848 721 lectulum
877 666 1042 737 quasi
1071 664 1215 720 nihil
1246 664 1446 737 egerit,
1477 669 1613 720 tunc
1636 664 1885 736 primum

247 760 510 832 reliquos
537 759 827 815 excitaret.
858 760 1078 824 Quanta
1112 774 1244 814 vero
1281 759 1352 814 ad
1385 758 1740 830 psallendum
1781 757 1887 812 fuit

242 854 586 921 constantia,
618 853 756 908 dum
783 852 937 908 velut
973 851 1111 908 feni
1146 852 1334 923 rigore
1366 851 1569 908 induta
1597 868 1726 907 caro
1751 851 1884 906 sub-

241 946 493 1016 sisteret,
537 962 667 1001 cum
708 961 844 1001 saxa
882 943 1066 1017 frigus
1106 945 1472 1015 decrustaret,
1521 949 1577 1000 et
1619 961 1794 1016 aquas
1828 944 1888 999 in

242 1044 498 1095 crustam
525 1040 806 1096 verteret?
833 1038 939 1103 Qui
964 1055 1097 1094 cum
1122 1038 1237 1094 suis
1263 1038 1569 1094 visceribus
1596 1038 1889 1093 dimicaret

241 1139 301 1190 et
329 1133 604 1201 vinceret,
632 1148 779 1205 pene
816 1132 1069 1204 seipsum
1102 1132 1454 1204 obliviscens,
1481 1137 1547 1187 ut
1583 1131 1887 1188 domestico

244 1231 540 1283 tormento
564 1229 828 1298 superato
858 1242 1092 1298 corpore
1112 1226 1182 1282 de
1201 1242 1259 1282 se
1285 1225 1643 1297 triumphum
1666 1226 1727 1281 in
1749 1241 1885 1297 pace

240 1321 431 1376 factus
456 1324 677 1391 martyr
694 1319 1013 1391 acquireret
1041 1336 1055 1374 :
1083 1323 1168 1390 ut,
1189 1336 1247 1375 se
1274 1318 1625 1374 mutantibus
1647 1318 1882 1389 clericis,

242 1414 370 1469 sine
401 1413 782 1471 vicissitudine
822 1414 943 1484 ipse
973 1413 1305 1469 decantandi
1345 1413 1731 1469 modulamina
1769 1429 1886 1467 non

241 1506 461 1563 ﬁniret.
490 1508 630 1562 Cum
657 1522 805 1579 pene
834 1506 942 1561 hoc
965 1505 1370 1562 incredibiliter
1387 1506 1595 1562 dicitur
1615 1506 1767 1578 quod
1786 1507 1888 1561 sci-

243 1606 381 1657 tur:
412 1600 547 1672 quia
572 1600 738 1655 tertia
762 1599 941 1655 noctis
968 1600 1107 1654 hora
1128 1599 1456 1671 ingrediens
1481 1600 1540 1654 in
1571 1599 1882 1670 ecclesiam,

241 1710 363 1749 non
392 1698 478 1749 est
508 1709 767 1765 egressus
794 1693 1031 1748 ulterius
1056 1692 1422 1764 psallentium
1448 1693 1518 1748 ab
1547 1693 1766 1762 ordine,
1794 1693 1887 1749 do-

1988 492 2213 547 semper
2240 492 2474 531 currens
2506 492 2610 547 pro
2635 476 2817 545 venia,
2845 480 3007 546 pater
3038 480 3094 531 et
3118 481 3305 548 pastor
3327 475 3524 549 pOpuli
3548 477 3621 533 ad

1988 585 2046 624 se
2083 569 2292 624 alienas
2333 585 2525 624 causas
2563 569 2907 625 transferens
2943 573 3000 623 et
3038 570 3316 641 querelas,
3358 574 3457 625 aut
3516 586 3619 642 pro

1985 666 2146 733 parte
2188 661 2503 733 mitigabat,
2534 661 2752 717 dolores
2791 661 3137 732 compatiens
3184 668 3281 717 aut
3340 666 3617 735 quantum

1986 762 2174 829 posset
2200 774 2269 813 ex
2294 762 2410 813 toto
2439 757 2672 813 curabat
2701 758 2866 813 corde
2897 757 3254 814 subveniens.

2058 852 2324 907 LXXVIII.
2374 853 2434 905 In
2481 855 2705 906 tantum
2754 866 2979 923 quoque
3026 850 3193 905 sacris
3245 850 3615 923 ampliﬁcatus

1986 945 2360 1019 provectibus,
2394 944 2565 1000 etiam
2591 945 2742 999 diem
2771 944 2922 998 beati
2947 943 3036 998 sui
3060 944 3330 999 transitus
3359 945 3441 1000 ita
3465 962 3613 1017 pras-

1986 1039 2128 1095 dixit
2148 1043 2212 1094 ut
2243 1039 2557 1094 subdimus.
2586 1040 2730 1093 Ante
2755 1037 2972 1108 aliquos
3000 1037 3117 1092 dies
3145 1055 3277 1093 nam
3305 1055 3507 1093 vocans
3544 1040 3615 1093 ad

1986 1149 2044 1187 se
2100 1132 2387 1187 notarium
2439 1147 2626 1200 suum,
2681 1130 2926 1201 imperat
2972 1129 3033 1183 in
3083 1130 3403 1187 cubiculum
3445 1148 3616 1204 supra

1984 1225 2193 1281 lectum
2249 1241 2417 1280 suum
2464 1223 2706 1279 scribere
2753 1223 2861 1277 hoc
2907 1224 3317 1296 tantummodo,
3373 1225 3469 1281 sed
3509 1241 3611 1279 ne-

1985 1318 2289 1374 scientibus
2343 1319 2394 1387 (v
2439 1317 2715 1372 Kalendas
2758 1315 2969 1385 Junias)
3022 1316 3284 1373 omnibus
3331 1318 3467 1390 quid
3508 1319 3614 1373 hoc

1986 1416 2164 1483 esset;
2210 1416 2335 1483 post
2377 1411 2499 1481 ejus
2539 1411 2771 1467 Sanctus
2808 1410 3080 1465 discessus
3123 1411 3498 1468 manifestavit
3545 1415 3614 1470 de

1986 1506 2220 1576 saeculo;
2250 1522 2384 1560 nam
2427 1521 2613 1577 neque
2649 1505 2756 1560 hoc
2795 1503 3067 1559 Dominus
3106 1504 3371 1560 familiari
3409 1506 3614 1563 animae

1984 1599 2329 1655 abscondere
2367 1600 2625 1671 pertulit.
2663 1598 2915 1669 Denique
2945 1598 3142 1653 eadem
3177 1598 3420 1671 diefpost
3445 1617 3611 1672 pera-

1986 1697 2140 1747 ctum
2164 1692 2426 1764 praelium
2462 1694 2663 1748 Beatus
2695 1693 2958 1763 migravit
2993 1693 3064 1747 ad
3092 1692 3397 1749 Christum.
3430 1694 3523 1749 His
3560 1701 3616 1751 et

244 1803 351 1842 nec
403 1788 741 1843 clarescente
792 1786 901 1854 die,
958 1786 1284 1842 decantatus
1327 1786 1653 1841 solemniter
1690 1803 1886 1841 cursus
1908 1777 1962 1848 B
1986 1785 2367 1841 consimilibus
2414 1786 2613 1841 studiis
2652 1790 2954 1857 occupatus
2992 1802 3056 1840 ac
3104 1803 3330 1858 semper
3361 1787 3615 1844 intentus

243 1880 547 1936 universus
573 1882 1063 1935 consummaretur
1088 1895 1158 1935 ex
1187 1895 1420 1935 08.110118.
1450 1881 1592 1936 Cum
1615 1896 1748 1935 VBI‘O
1783 1880 1884 1935 d0-

244 1990 410 2029 mum
438 1974 841 2046 regrederetur
859 1972 1129 2045 fatigatus
1153 1977 1316 2029 aetate
1336 1973 1423 2029 vel
1449 1973 1682 2045 frigore,
1710 1978 1809 2029 aut
1823 1973 1887 2028 il-

244 2069 363 2123 lata
403 2067 759 2122 diversorum
798 2066 1146 2138 inquietabat
1171 2067 1480 2138 suggestio,
1511 2072 1610 2122 aut
1654 2067 1725 2121 ab
1765 2067 1887 2139 ipso

244 2160 650 2233 requirebatur
680 2159 775 2214 ubi
799 2159 1079 2231 praeberet
1108 2159 1445 2232 suffragium
1476 2176 1489 2215 :
1519 2163 1585 2215 ut
1610 2160 1780 2216 etiam
1817 2160 1887 2216 ad

242 2254 509 2326 requiem
566 2252 881 2324 reclinanti,
904 2253 991 2308 vel
1016 2253 1313 2325 paululum
1338 2254 1407 2309 de
1434 2254 1679 2326 querelis
1698 2270 1887 2309 occur-

245 2347 502 2404 rentium
522 2346 866 2402 afﬂictarum
885 2347 974 2401 vel
995 2362 1335 2418 pauperum,
1356 2362 1496 2402 crux
1515 2350 1809 2419 pararetur
1827 2346 1887 2401 in

244 2440 486 2511 lectulo;
514 2444 861 2512 postponens
899 2455 1026 2494 suas
1065 2438 1320 2511 injurias,
1370 2454 1442 2495 ne
1485 2444 1887 2512 suggerentem

271 2669 283 2679 .
318 2598 391 2669 (a)
417 2597 499 2652 De
539 2596 1009 2679 sanctiGermani
1052 2597 1211 2652 obitu
1237 2595 1545 2678 Gregorius
1565 2599 1799 2679 Turon.,
1827 2598 1888 2653 in

248 2667 347 2724 lib.
377 2686 431 2737 v,
466 2684 595 2737 cap.
627 2670 681 2737 8,
715 2672 793 2722 ita
819 2667 1044 2722 scribit:
1078 2689 1105 2720 ‹‹
1146 2670 1221 2723 Eo
1254 2684 1405 2723 anno
1442 2669 1648 2737 (primo
1678 2670 1889 2724 scilicet

248 2685 347 2750 ω)ἲ
377 2686 431 2737 v,
466 2685 595 2748 cap,
617 2685 681 2749 οδ,
715 2685 1044 2749 uasorum;
1078 2689 1105 2748 ε(
1146 2685 1221 2723 ιιο
1254 2685 1405 2723 anno
1442 2685 1648 2739 (primo
1678 2685 1888 2724 sciiicet

245 2740 594 2795 Childeberti
606 2755 871 2810 junioris,
890 2739 1096 2794 Christi
1114 2741 1257 2810 526),
1280 2745 1337 2795 et
1352 2740 1551 2795 beatus
1576 2740 1888 2795 Germanus

245 2812 599 2883 Parisiorum
637 2810 932 2883 episcopus
971 2811 1192 2883 transiit
1236 2827 1249 2865 :
1296 2810 1357 2865 in
1402 2810 1563 2881 cujus
1604 2812 1887 2883 exsequiis

246 2828 599 2866 rariSiorum
622 2828 932 2936 tepiscopus
971 2828 1192 2866 transui
1236 2828 1249 2865 :
1296 2828 1357 2865 in
1402 2828 1563 2881 cujus
1604 2828 1885 2883 exsequiis

246 2883 443 2962 multis
466 2882 621 2936 virtu
650 2882 793 2962 'nus,
821 2897 960 2962 quas
984 2881 1044 2935 in
1071 2897 1316 2962 corpore.
1342 2886 1613 2952 gesserat,
1641 2883 1748 2962 hoc
1774 2882 1885 2937 mi-

246 2954 509 3009 raculum
552 2952 1038 3007 conﬁrmationem
1077 2952 1226 3007 fecit.
1273 2953 1412 3007 Nam
1441 2953 1765 3008 carcerariis
1801 2971 1888 3008 ac-

248 3024 651 3097 clamantibus,
680 3040 885 3097 corpus
913 3023 973 3077 in
991 3024 1185 3097 platea
1211 3029 1583 3097 aggravatum
1608 3030 1711 3097 est,
1740 3025 1887 3080 solu-

243 3096 554 3178 tisque_eis
579 3095 796 3178 “rursus
824 3095 950 3178 sine
991 3095 1181 3176 labore
1219 3096 1480 3178 levatur:
1512 3096 1620 3166 ipsi
1658 3112 1884 3178 quoque

245 3166 356 3241 qui
374 3167 549 3241 soluti
571 3166 798 3221 fuerant
824 3166 1237 3241 id_obsequiu‘m
1265 3167 1480 3241 funeris
1504 3166 1767 3238 usquead
1789 3166 1886 3241 ba-

500 3238 561 3292 in
597 3254 709 3320 qua
745 3238 996 3319 sepultus
1035 3242 1140 3320 est,
1168 3238 1330 3320 liberi
1369 3238 1884 3320 pcrvgner_unt._Ad

244 3311 575 3381 sepulcrum
602 3313 791 3363 autem
830 3309 951 3379 ejus
971 3309 1190 3390 .multas
1230 3309 1463 3390 virtutes
1485 3309 1751 3391 .Domino.
1778 3310 1881 3365 tri-

243 3381 471 3461 buente
481 3379 773 3461 credentes
792 3384 1165 3461 experiuntur
1188 3396 1201 3434 :
1226 3385 1306 3461 ita
1321 3385 1386 3461 ut
1402 3395 1642 3461 quisque
1662 3397 1709 3461 si
1729 3385 1885 3451 justa

244 3452 483 3525 petierit
520 3451 785 3525 velociter
799 3455 1074 3525 _e_i_ioptata
1111 3456 1378 3525 reportet.
1430 3451 1501 3525 Si
1527 3451 1653 3525 quis
1691 3456 1884 3525 tamen

246 3521 510 3578 strenuas
532 3522 776 3594 virtutes
790 3521 946 3594 illius
969 3538 1110 3594 quas
1134 3521 1196 3594 in
1214 3537 1458 3594 corpore
1475 3521 1623 3592 fecit,
1652 3523 1883 3578 sollicite

245 3594 716 3666 vultinquirere,
761 3592 1136 3666 librum—vita:
1172 3592 1331 3648 illius
1366 3592 1466 3666 qui
1505 3610 1539 3647 a
1579 3594 1882 3666 Fortunato

287 3664 581 3737 resbytero
594 3664 941 3737 compositus
961 3668 1064 3736 est,
1091 3664 1307 3737 legens,
1332 3664 1533 3737 cuncta
1558 3665 1880 3737 reperiet.»

244 3681 581 3793 presbytero
598 3681 941 3736 compositus
961 3681 1064 3736 θεῖ,
1091 3681 1307 3737 legens,
1332 3681 1533 3746 cuncta
1558 3681 1832 3746 reperiet.-
1852 3684 1880 3717 η

292 3742 316 3790 t
334 3736 435 3792 lib.
457 3736 529 3791 de
543 3736 885 3807 Glor.conf.,
916 3752 1037 3807 cap.
1070 3738 1137 3791 90
1167 3755 1181 3792 :
1215 3755 1243 3789 ‹‹
1269 3736 1644 3807 Ingrediente,
1674 3741 1881 3807 inquit,

247 3807 569 3888 Chilperico
586 3823 723 3879 rege
740 3806 802 3888 in
1042 3806 1401 3888 Parisiacam,
1421 3806 1691 3888 postridie
1711 3806 1885 3879 quam

246 3892 353 3935 ne:
385 3878 679 3952 ingressus
705 3882 790 3935 est
831 3878 1133 3951 civitatem,
1166 3878 1506 3951 paralyticus
1532 3878 1632 3952 qui
1654 3878 1881 3951 inpor-

1986 1880 2103 1934 fere
2131 1879 2523 1951 octogenarius
2551 1896 2654 1951 per
2678 1879 2874 1934 orbem
2897 1878 3169 1934 mirandis
3198 1880 3416 1936 actibus
3442 1882 3611 1937 ascis-

1986 1972 2197 2028 candus
2246 1972 2608 2044 martyribus,
2640 1974 2903 2044 apostolis
2944 1972 3359 2045 aggregandus,
3406 1975 3614 2046 gloriﬁ-

1987 2066 2196 2120 candus
2222 2065 2459 2136 meritis,
2487 2066 2841 2121 coronandus
2865 2066 2927 2121 in
2954 2065 3198 2138 populis,
3228 2072 3453 2139 ereptus
3488 2085 3612 2123 cor-

1986 2175 2159 2230 poreo
2176 2158 2417 2228 vinculo,
2441 2159 2803 2215 immaculato
2827 2159 3031 2232 spiritu
3046 2159 3225 2214 beatis
3246 2160 3377 2215 ﬁdei
3393 2161 3615 2217 dotibus

1986 2252 2390 2324 perpetualiter
2418 2253 2689 2324 victurus,
2728 2254 2907 2307 victor
2944 2252 3178 2308 evolavit
3212 2253 3283 2309 ad
3325 2254 3511 2324 ccelos,
3542 2255 3613 2328 (a)

1986 2349 2260 2417 regnante
2291 2346 2527 2402 Domino
2552 2351 2745 2403 nostro
2769 2348 2900 2402 Jesu
2923 2345 3163 2417 Christo,
3187 2346 3279 2402 cui
3307 2352 3394 2403 est
3413 2348 3612 2421 gloria,
3706 2408 3717 2412 κ

1986 2438 2171 2494 honor
2198 2443 2255 2495 et
2277 2444 2523 2511 potestas
2558 2440 2618 2496 in
2644 2440 2849 2496 saecula
2875 2440 3232 2496 saeculorum.
3265 2443 3466 2498 Amen.

1984 2595 2103 2651 ticu
2124 2595 2575 2670 basilicazpsancti
2604 2597 2915 2670 Vincentii,
2932 2597 2993 2653 in
3022 2615 3134 2670 qua
3157 2599 3355 2655 beatus
3393 2600 3618 2656 Germa-

1986 2683 2095 2741 nus
2120 2667 2422 2741 requiescit
2447 2669 2508 2741 in
2532 2685 2785 2741 corpore,
2812 2667 3111 2738 reeidebat,
3134 2670 3419 2741 dirigitur.
3449 2693 3478 2721 ››
3510 2673 3617 2727 Ad-

1988 2738 2073 2793 dit
2113 2738 2409 2813 Aimoiiius
2447 2740 2507 2813 in
2540 2738 2650 2793 lib.—
2678 2756 2738 2813 in
2779 2741 2849 2794 de
2890 2742 3039 2813 Cest.
3080 2738 3298 2810 Franci,
3352 2758 3476 2813 cap.
3526 2746 3613 2812 I6,

1990 2828 2024 2881 «_
2049 2809 2355 2881 quodcum
2380 2810 2848 2881 reginuntiatum
2879 2811 3025 2865 foret
3052 2826 3259 2881 magna
3286 2809 3440 2865 eum—
3454 2809 3618 2868 devo-

1985 2879 2140 2956 tione
2166 2879 2299 2956 i_ll_uc
2327 2879 2649 2956 adveniens,
2674 2886 2736 2956 et
2758 2886 2914 2956 tanto
2943 2879 3175 2956 gavisus
3194 2882 3467 2956 miraculo
3493 2884 3616 2956 ejus

1987 2950 2339 3032 epitaphium
2381 2952 2469 3006 his
2509 2952 2762 3034 distichis
2797 2950 3075 3026 rhytrhice
3109 2954 3442 3026 composuit,
3476 2950 3615 3011 nvab

1985 3026 2249 3078 Aimoino
2274 3024 2509 3079 fortasse
2534 3024 2813 3079 exnolitis.

2034 3039 2249 3077 111101110
2274 3039 2509 3079 Ιοῐνιεεεε
2534 3039 2813 3095 εχροιιῐιε.

2040 3119 2380 3184 Epitaphium
2407 3121 2575 3170 sancti
2598 3122 2840 3171 Germani
2875 3135 2971 3186 per
2997 3120 3347 3185 Chilperin
3372 3138 3560 3189 regem.

2108 3200 2355 3267 Ec_clesize
2377 3201 2669 3267 speculum,
2694 3202 2875 3265 patrias
2901 3202 3070 3267 vigor,
3094 3216 3183 3252 ara
3204 3215 3418 3267 reorum

2168 3262 2233 3312 Et
2254 3262 2477 3330 pater—et
2502 3262 2754 3330 medicus,
2783 3262 3240 3330 pastor'amorqu‘e
3268 3267 3462 3330 gregis,

2106 3324 2393 3390 Germanus
2417 3326 2605 3376 virtute
2624 3326 2748 3387 ﬁde,
2772 3324 2952 3388 corde,
2982 3341 3072 3377 ore
3096 3324 3297 3390 be‘atus‘,

2169 3388 2333 3454 Carne
2353 3392 2503 3454 tenet
2525 3390 2802 3454 tumulum,
2827 3389 3015 3454 mentis
3041 3390 3243 3454 honore
3271 3388 3472 3454 polum,

2106 3448 2309 3524 Vigﬂcui
2337 3450 2467 3523 dura
2489 3450 2618 3500 nihil
2642 3448 2939 3502 nocuerunt
2960 3448 3317 3524 tata‘sepulci‘i
3347 3467 3361 3500 :

2169 3511 2308 3578 Vivit
2330 3512 2490 3578 enim,
2514 3527 2637 3578 nam
2662 3527 2804 3578 mors
2828 3527 2985 3577 quem
3009 3514 3126 3578 tulit
3146 3511 3260 3578 ipsa
3282 3513 3449 3566 timet.

2105 3573 2483 3643 Crevitadhuc’
2490 3575 2675 3643 potius
2692 3573 2862 3640 justus
2885 3580 3003 3641 post
3023 3573 3244 3643 funera;
3263 3590 3386 3627 nam
3411 3577 3501 3643 qui

2168 3590 2278 3623 'evu
2299 3590 2470 3625 aanuc
2484 3590 2675 3686 fponus
2692 3590 2862 3640 justus
2885 3590 3003 3641 post
3023 3590 3241 3639 iunera;
3263 3590 3352 3626 nar

2168 3636 2345 3709 Fictile
2366 3651 2461 3689 vas
2508 3641 2668 3709 uerat,
2679 3652 2899 3709 gemma
2926 3638 3152 3709 superba
3175 3639 3352 3709 micat.

2107 3698 2271 3809 quus
2288 3712 2445 3771 Opem
2464 3713 2524 3750 ac
2542 3698 2784 3751 meritum
2810 3701 2973 3773 muris
2989 3698 3298 3774 ’datayerba
3315 3703 3614 3768 loquuntur,

2214 3761 2417 3809 edditus
2446 3767 2499 3809 et
2520 3776 2673 3809 αωοιε
2697 3763 2945 3809 praedicat
2966 3777 3058 3809 ore
3083 3763 3211 3809 dies.

2214 3761 2417 3827 additus
2446 3767 2499 3812 et
2520 3776 2673 3827 ctecis
2695 3763 2945 3827 praedicat
2966 3777 3058 3814 ore
3083 3763 3211 3814 dies.

2107 3822 2255 3894 Nqnc
2282 3823 2375 3894 vir-
2387 3822 2715 3894 apostolicus
2730 3826 2940 3894 rapiens
2965 3826 3030 3877 de
3059 3840 3215 3894 carne
3246 3830 3519 3894 tropaeum,

2165 3885 2193 3936 J
2198 3899 2287 3937 ure
2312 3885 2615 3953 triumphali
2638 3885 2865 3941 conﬁdet
2884 3903 3007 3943 arce
3025 3890 3152 3956 poli.

245 4060 3606 4107 mw:

1132 4268 1767 4407 SANCTI
1890 4272 2745 4438 GERMANI,
2814 4164 2823 4173 ⁸

1422 4507 1971 4594 PARISIENSIS
2024 4508 2455 4603 EPISCOPI,

905 4696 1391 4828 EPISTOLA
1473 4698 1592 4827 All
1654 4698 2417 4867 BBUNIGHILDEM.
2489 4693 2963 4829 REGINAM.

1474 4930 2374 4970 ψ*

308 5077 573 5135 Dominae
619 5077 1073 5137 clementissima:
1111 5083 1282 5155 atque
1325 5078 1876 5155 praecellentissimae,
1898 5092 1958 5169 D
1979 5096 2119 5141 nunc
2144 5087 2349 5156 tempus
2375 5081 2718 5155 acceptabile,
2748 5097 2857 5139 ecce
2882 5096 3023 5139 nunc
3057 5080 3172 5139 dies
3203 5080 3420 5138 salutis.
3451 5076 3609 5137 Nunc

240 5176 297 5228 et
323 5171 496 5227 nobis
515 5188 742 5246 semper
764 5174 1029 5246 piissimaa
1057 5175 1302 5231 dominae
1334 5180 1391 5233 et
1412 5175 1474 5231 in
1498 5176 1717 5233 Christo
1746 5193 1876 5233 san-

240 5270 347 5321 cte
372 5266 638 5322 Ecclesiae
662 5266 793 5323 ﬁliae
818 5268 1168 5325 Brunichildi
1186 5269 1401 5342 reginae
1419 5270 1729 5327 Germanus
1753 5287 1880 5344 pec-

239 5365 416 5415 cator.
467 5358 611 5424 Quia
651 5360 890 5418 charitas
942 5362 1260 5435 congaudet
1308 5363 1530 5419 veritati
1583 5369 1640 5421 et
1688 5364 1880 5421 omnia

239 5453 487 5509 sustinet
523 5457 582 5508 et
622 5470 920 5528 nunquam
960 5456 1198 5526 excedit,
1230 5461 1527 5530 propterea
1555 5474 1624 5515 ex
1667 5460 1874 5515 contri.

238 5544 434 5603 bulato
460 5546 631 5604 corde
661 5554 717 5604 et
740 5565 810 5605 ex
836 5548 1037 5605 intima
1061 5549 1239 5606 animi
1272 5551 1568 5607 dilectione
1604 5553 1879 5610 audemus

242 5640 395 5697 vobis
421 5657 759 5715 suggerere.
775 5642 917 5708 Quia
935 5659 1001 5699 eo
1026 5647 1282 5717 tempore
1308 5646 1532 5719 quando
1550 5646 1741 5702 minor
1760 5649 1879 5704 er‘at

244 5750 520 5793 numerus
547 5734 746 5810 populi
771 5735 1091 5807 Christiani,
1119 5741 1329 5795 etcum
1361 5739 1459 5794 Dei
1494 5740 1704 5796 auxilio
1740 5740 1876 5798 lice-

243 5828 332 5889 bat
354 5828 614 5889 residere
649 5829 927 5905 quietum,
966 5847 1097 5889 cum
1135 5832 1370 5907 apostoli
1410 5832 1670 5893 dicebant
1699 5850 1713 5894 :
1752 5837 1880 5894 Ecce

1980 5193 2012 5234 e
2048 5178 2329 5235 contrario
2380 5182 2499 5234 tam
2534 5177 2787 5234 funestos
2829 5180 2886 5233 et
2926 5176 3209 5232 luctuosos
3247 5178 3378 5231 ante
3420 5175 3610 5232 oculos

1977 5271 2249 5329 habentes
2277 5272 2413 5343 dies,
2442 5271 2646 5328 ﬂenter
2673 5270 2912 5327 dicimus
2946 5288 2959 5325 :
2992 5270 3130 5326 Ecce
3158 5268 3276 5325 dies
3301 5268 3613 5325 tribulatio-

1976 5365 2065 5421 nis
2092 5370 2149 5423 et
2173 5365 2508 5439 perditionis
2541 5369 2748 5421 nostras
2784 5362 3110 5420 adveniunt.
3148 5364 3241 5420 Vte
3277 5363 3438 5419 nobis
3474 5362 3608 5437 quia

1974 5458 2350 5532 peccavimus.
2382 5458 2438 5516 Si
2461 5475 2564 5515 nos
2591 5458 2712 5515 istae
2751 5457 3162 5515 conteruissent
3202 5456 3607 5514 amaritudines

1976 5553 2447 5623 ettribulationes,
2478 5556 2535 5610 et
2554 5552 2776 5626 corpori
2786 5551 3173 5609 exhibuissent
3192 5551 3604 5618 inﬁrmitatem,

1974 5662 2080 5719 per
2102 5647 2475 5720 nosmetipsos
2499 5652 2697 5704 vestrae
2721 5645 3021 5703 debuimus
3059 5661 3352 5702 occurrere
3387 5641 3603 5717 pietati.

1975 5740 2116 5807 Quia
2143 5741 2190 5797 si
2215 5742 2299 5799 fas
2324 5742 2436 5799 dici
2461 5747 2544 5800 est
2572 5741 2933 5815 singulariter
2957 5745 3013 5799 et
3038 5739 3209 5797 vestri
3249 5736 3604 5795 dilectionem

1975 5834 2038 5893 in
2062 5840 2256 5895 nostro
2281 5839 2568 5912 gestamus
2594 5840 2839 5913 pectore,
2869 5840 2924 5894 et
2952 5833 3116 5894 unice
3147 5832 3215 5888 de
3242 5834 3424 5887 vestra
3454 5845 3603 5904 prae-
