4044 6196
451 343 517 394 79
2049 329 2220 388 VITA.
3234 324 3240 336 ‘
3737 331 3804 384 80

449 449 626 505 sentia
651 447 928 521 spirituali
976 447 1252 504 desiderio
1277 443 1546 512 sitientes,
1577 441 1720 497 sicut
1753 440 1995 496 cultores
2022 444 2077 496 et
2097 454 2156 526 Α
2176 440 2494 511 sustinebit,
2525 457 2695 514 quam
2725 456 2842 496 sua:
2869 436 3187 511 cupiditatis
3221 436 3592 494 consuluisset
3624 435 3802 491 avidi-

449 544 758 614 peculiares
796 541 897 597 ﬁlii
921 541 1038 609 Dei,
1077 537 1517 594 ambientissime
1551 552 1647 592 vos
1679 535 1866 590 vivere
1905 539 2074 606 atque

448 637 721 708 proﬁcere
757 636 816 690 in
855 633 1116 689 omnibus
1151 631 1243 702 pie
1283 634 1563 702 optamus.
1603 631 1712 686 Sed
1751 629 2075 702 quicunque

449 730 742 786 hominem
761 729 819 782 in
835 727 1022 781 anima
1037 723 1240 796 diligit,
1269 724 1314 778 si
1337 725 1526 780 minus
1551 723 1726 779 oculis
1759 721 2075 777 carnalibus

451 841 583 880 eum
618 823 764 876 valet
809 817 1038 884 intueri,
1081 833 1209 888 quae
1251 817 1322 871 ad
1351 817 1651 872 animm'et
1692 815 1940 888 corporis
1985 814 2074 868 vel

449 914 876 989 prosperitatem
895 910 1184 982 pertinent
1203 914 1259 965 et
1283 911 1544 980 salutem,
1566 909 1906 965 omnimodis
1929 908 2076 964 litte-

448 1008 594 1064 rario
619 1005 801 1060 ofﬁcio
829 1003 1053 1060 reticeri
1079 1020 1194 1058 non
1211 1003 1396 1059 debet.
1417 1003 1583 1078 Vulgi
1611 1003 1781 1059 verba
1805 1003 2074 1058 iterantes

447 1117 576 1174 quae
601 1117 704 1155 nos
729 1099 975 1154 maxime
1001 1100 1232 1166 terrent,
1260 1100 1458 1151 vestra:
1494 1097 1690 1169 pietati
1717 1097 1777 1150 in
1812 1095 2073 1151 notitiam

447 1193 806 1266 deponimus.
851 1209 979 1264 quae
1024 1193 1102 1247 ita
1147 1192 1490 1262 disseminat,
1545 1189 1935 1262 eloquentium
1975 1205 2075 1244 ora

445 1288 839 1356 detrahuntur,
875 1286 1036 1356 quasi
1069 1291 1254 1340 vestro
1288 1290 1436 1354 voto,
1476 1283 1706 1339 consilio
1749 1288 1804 1338 et
1845 1281 2076 1353 instiga-

442 1383 596 1438 tione
622 1379 892 1434 Dominus
919 1379 1353 1450 gloriosissimus
1383 1377 1696 1450 Sigibertus
1724 1393 1819 1432 rex
1847 1381 1966 1431 tam
1989 1391 2074 1430 ar-

447 1477 557 1530 due
585 1475 730 1529 hanc
750 1472 882 1527 velit
905 1473 1142 1544 perdere
1158 1472 1471 1544 regionem.
1496 1471 1616 1526 Non
1635 1475 1933 1542 propterea
1953 1470 2074 1523 hwc

447 1569 706 1636 dicimus,
745 1565 905 1638 quasi
937 1583 972 1620 a
1007 1567 1170 1620 nobis
1205 1565 1507 1620 credatur:
1543 1564 1638 1619 sed
1672 1563 2071 1635 supplicamus.

446 1665 514 1717 ut
534 1661 691 1716 nulla
724 1658 938 1714 occasio
972 1659 1256 1714 tribuatur
1298 1657 1538 1728 dicendi,
1577 1657 1730 1711 unde
1763 1655 1918 1711 vobis
1953 1659 2074 1710 tam

448 1755 761 1810 maximum
798 1756 856 1808 et
882 1752 1260 1824 periculosum
1295 1754 1600 1834 generetur
1637 1749 2070 1822 blasphemiam.

2173 535 2293 592 tati.
2337 535 2455 607 Ipse
2491 535 2673 590 Judex
2710 537 2956 589 aeternus
2994 550 3146 588 nunc
3184 532 3424 603 judicat,
3467 533 3806 603 perpetuam

2165 629 2526 702 judiciariam
2567 627 2815 700 possidet
2851 630 3190 699 potestatem
3219 643 3234 680 :
3262 642 3378 680 non
3417 623 3807 694 corrumpitur

2172 722 2444 796 praemiis,
2471 727 2570 777 aut
2593 720 2790 793 aspicit
2814 721 2886 775 ad
2909 725 3038 775 vota
3062 719 3392 791 impiorum,
3421 719 3520 774 sed
3544 717 3805 772 conside-

2172 822 2260 872 rat
2279 815 2645 888 cogitationes
2669 814 2946 880 cordium,
2970 817 3026 868 et
3051 813 3250 868 reddet
3275 811 3582 882 unicuique
3606 825 3810 865 secun-

2173 909 2312 965 dum
2333 926 2505 981 opera
2534 925 2653 964 sua.
2689 907 2991 962 Inhonesta
3026 905 3256 960 victoria
3289 909 3373 960 est
3413 905 3648 959 fratrem
3672 903 3806 958 vin-

2173 1020 2319 1074 cere,
2349 1001 2680 1058 domesticas
2708 1001 2904 1056 domos
2927 999 3229 1054 humiliare
3257 1003 3313 1054 et
3335 998 3746 1070 possessionem
3773 1014 3809 1051 a

2171 1096 2501 1170 parentibus
2526 1098 2908 1150 constructam
2939 1097 3210 1148 evertere.
3237 1093 3443 1148 Contra
3469 1091 3805 1162 semetipsos

2170 1194 2432 1263 pugnant
2463 1205 2737 1261 suamque
2771 1187 3097 1242 felicitatem
3141 1185 3521 1241 exterminant
3550 1201 3564 1238 :
3594 1184 3664 1239 de
3705 1198 3810 1238 sua

2171 1283 2486 1356 perditione
2528 1282 2736 1354 gaudet
2766 1280 3083 1335 accelerans
3119 1278 3400 1334 inimicus.
3437 1279 3557 1342 Qua
3591 1276 3701 1331 ﬁde
3750 1279 3812 1330 et

2173 1393 2242 1433 ex
2269 1377 2480 1444 animo,
2506 1392 2620 1448 qua
2647 1374 2942 1430 devotione
2977 1373 3098 1428 haec
3136 1372 3436 1427 scribimus
3461 1371 3573 1425 Deo
3599 1368 3809 1424 sufﬁcit

2173 1487 2355 1540 nosse,
2385 1475 2451 1525 ut
2471 1469 2628 1524 vobis
2657 1468 2805 1522 bona
2842 1467 3032 1522 futura
3064 1465 3414 1537 praeparetis,
3443 1469 3502 1518 et
3531 1479 3632 1518 nos
3671 1478 3808 1518 cum

2174 1565 2286 1618 Deo
2309 1563 2590 1618 absolutos
2615 1578 2735 1617 esse
2754 1561 2842 1616 vel
2865 1559 3164 1632 paululum
3188 1559 3512 1614 sentiamus.
3537 1555 3644 1612 Sed
3671 1555 3810 1627 quia

2160 1641 2553 1712 sacerdotibus
2579 1659 2932 1729 praeceptum
2961 1659 3046 1710 est
3087 1670 3100 1708 :
3137 1656 3205 1709 Ut
3229 1653 3358 1708 tuba
3397 1651 3583 1706 exalia
3628 1664 3808 1704 vocem

2175 1754 2325 1806 tuam
2353 1755 2406 1806 et
2430 1751 2698 1805 annuntia
2712 1749 2912 1820 populo
2937 1763 3050 1803 meo
3069 1762 3230 1817 opera
3249 1762 3462 1812 eorum;
3487 1760 3644 1816 ergo,
3662 1741 3804 1815 piis-

448 1849 603 1904 Licet
627 1848 747 1902 haec
772 1846 927 1919 regio
945 1845 1066 1917 jam
1094 1845 1337 1900 caruisse
1363 1829 1709 1910 felicitatem,
1733 1846 1789 1898 et
1809 1841 2075 1915 perditio-
2093 1829 2150 1901 B
2173 1844 2318 1898 sima
2347 1844 2594 1913 domina,
2624 1842 2922 1913 intelligite
2948 1841 3284 1914 mysterium
3310 1843 3366 1895 et
3397 1845 3584 1894 cavete
3609 1852 3804 1893 exem-

448 1943 538 1998 nis
561 1944 768 1996 nostra:
797 1939 1195 1994 concludamus
1232 1937 1542 1994 terminum
1573 1955 1586 1992 :
1618 1938 1717 1993 sed
1749 1937 1817 1992 de
1859 1936 2078 1992 miseri-

450 2035 636 2092 cordia
663 2050 779 2089 non
803 2032 1239 2104 desperabamus
1261 2031 1468 2101 divina,
1497 2031 1682 2086 adhuc
1705 2030 1937 2086 ultionis
1960 2045 2078 2084 sus-

447 2127 734 2200 pendendi
784 2143 1039 2195 manum,
1090 2126 1229 2180 dum
1280 2125 1688 2180 emendationis
1751 2127 2078 2196 expectatur

447 2221 786 2290 remedium,
808 2219 855 2274 si
872 2235 988 2274 non
1005 2218 1394 2274 dominaretur
1407 2217 1667 2287 intentio,
1690 2233 1818 2288 quae
1834 2221 2076 2272 mortem

449 2317 744 2386 operatur;
767 2305 1045 2384 cupiditas
1062 2327 1190 2383 qum
1207 2311 1368 2366 radix
1384 2315 1467 2366 est
1485 2310 1742 2365 omnium
1759 2311 2040 2365 malorum
2056 2326 2072 2378 ;

447 2407 739 2462 iracundia
776 2422 905 2478 quas
948 2421 1176 2460 sensum
1219 2405 1405 2460 aufert
1449 2403 1786 2476 prudentiae.
1829 2403 2078 2460 Salvator

447 2504 643 2556 noster
670 2498 1022 2572 perspiciens
1049 2515 1166 2553 suae
1191 2497 1468 2570 passionis
1503 2497 1803 2552 imminere
1829 2501 2074 2568 tempus,

448 2594 593 2649 dixit
622 2612 636 2649 :
673 2596 767 2650 Vae
795 2594 999 2647 homini
1028 2607 1127 2664 per
1164 2607 1320 2663 quem
1357 2591 1676 2646 scandalum
1710 2593 1876 2660 venit.
1918 2589 2077 2654 Quod

448 2703 545 2742 ore
567 2685 798 2758 proprio
825 2686 1133 2740 detestatus
1151 2688 1254 2754 est,
1277 2684 1512 2757 impune
1525 2700 1640 2739 non
1659 2701 1820 2756 posse
1845 2699 2076 2738 manere

447 2780 752 2850 credimus,
808 2778 1072 2834 omnibus
1123 2779 1430 2833 clamamus
1479 2794 1676 2834 omnes
1720 2777 2076 2832 conscientiae

447 2891 565 2929 suae
595 2873 962 2946 cogitationes
1001 2875 1057 2927 et
1093 2872 1340 2928 actiones
1378 2872 1734 2926 considerent
1768 2876 1825 2927 et
1849 2874 2078 2926 caveant

445 2983 518 3022 ne
544 2983 675 3021 cum
714 2967 857 3020 Juda
889 2965 1178 3037 proditore
1217 2965 1390 3036 hujus
1430 2964 1913 3019 condemnationis
1954 2980 2074 3018 sor-

447 3059 665 3114 tiantur
683 3058 985 3130 judicium.
1009 3059 1120 3113 Deo
1139 3057 1347 3112 sufﬁcit
1369 3072 1553 3127 nosse,
1576 3057 1841 3128 optabam
1857 3061 1956 3112 aut
1972 3073 2076 3128 pro

445 3151 582 3224 ipsis
607 3151 774 3220 mori,
807 3155 873 3206 ut
897 3151 976 3205 illi
999 3151 1253 3206 viverent
1275 3153 1374 3205 aut
1397 3155 1526 3205 ante
1553 3167 1752 3206 eorum
1779 3151 2075 3207 interitum

447 3261 786 3318 quocunque
811 3261 941 3300 casu
967 3244 1140 3299 vitam
1165 3243 1348 3314 ﬁnire,
1376 3249 1442 3299 ut
1463 3261 1566 3299 nec
1599 3260 1818 3315 eorum,
1849 3261 1954 3300 nec
1981 3260 2074 3299 re-

451 3339 634 3412 gionis
682 3354 1044 3395 cerneremus
1085 3337 1400 3393 interitum.
1448 3337 1556 3393 Sed
1595 3339 1738 3394 alter
1785 3338 1856 3393 ab
1899 3339 2076 3393 altero

449 3433 809 3490 excusatione
849 3432 1047 3502 utitur,
1088 3437 1145 3487 et
1185 3432 1375 3486 nullus
1416 3447 1486 3486 ex
1533 3431 1668 3502 ipsis
1708 3435 1842 3487 ante
1886 3431 2076 3486 oculos

451 3529 549 3584 Dei
568 3527 729 3600 ponit
749 3525 1064 3598 judicium;
1087 3542 1274 3598 neque
1298 3524 1512 3598 aliquid
1533 3525 1631 3580 Dei
1650 3529 1896 3581 reservat
1919 3530 2078 3599 pote-

449 3622 577 3678 stati
595 3621 988 3693 judicandum,
1009 3635 1112 3674 nec
1133 3620 1364 3676 credent
1381 3637 1440 3675 se
1459 3620 1582 3691 jam
1610 3620 1714 3674 sub
1732 3619 1830 3675 Dei
1853 3619 2073 3677 notitia.

447 3715 590 3780 Quia
615 3731 648 3768 a
680 3714 836 3768 nullo
869 3712 1054 3768 audiri
1088 3729 1399 3783 meremur,
1429 3713 1586 3767 vobis
1623 3717 1679 3768 et
1701 3713 1828 3769 ideo
1855 3714 2073 3786 suppli-

449 3823 643 3862 camus
671 3823 686 3860 :
717 3806 850 3877 quia
875 3805 923 3859 si
949 3805 1032 3858 illi
1056 3821 1301 3876 regnum
1325 3805 1696 3877 perdiderint,
1718 3823 1821 3862 nec
1849 3823 1945 3862 vos
1973 3823 2076 3862 nec

449 3899 553 3955 ﬁlii
576 3899 744 3954 vestri
771 3913 1046 3976 magnum
1071 3897 1424 3969 possidebitis
1449 3897 1830 3971 triumphum.
1861 3899 1946 3954 Ad
1970 3899 2076 3954 hoc

447 4010 546 4048 vos
572 3993 694 4047 haec
719 3991 878 4064 regio
913 3989 1220 4062 suscepisse
1261 3991 1595 4063 gratuletur,
1623 3995 1688 4046 ut
1725 4008 1829 4064 per
1863 4009 1958 4047 vos
1986 4009 2073 4047 sa-

449 4088 626 4144 lutem
655 4102 770 4142 non
793 4084 1086 4140 interitum
1112 4084 1402 4156 percipere
1428 4084 1704 4140 videatur.
1737 4087 1797 4141 In
1827 4087 1934 4144 hoc
1970 4104 2074 4160 po-

449 4181 570 4256 puli
613 4177 962 4252 restinguitis
987 4179 1159 4234 verba
1201 4178 1249 4232 si
1280 4178 1549 4251 mitigatis
1589 4179 1860 4252 furorem,
1889 4182 1936 4236 si
1979 4183 2078 4238 Dei

449 4276 630 4333 facitis
666 4276 987 4347 exspectare
1019 4271 1322 4345 judicium.
1366 4273 1428 4327 In
1463 4273 1696 4329 veritate
1729 4291 1994 4347 suggero,
2031 4277 2078 4332 si

451 4373 639 4426 meam
655 4369 929 4424 humilem
947 4383 1062 4422 non
1081 4366 1362 4439 despicitis
1381 4366 1869 4439 supplicationem,
1892 4369 2078 4426 adhuc

453 4465 784 4520 devotorum
829 4465 1146 4516 vestrorum
1185 4460 1497 4533 gaudemus
1537 4461 1908 4533 plenitudine.
1939 4465 2074 4520 Pro-

2095 3196 2150 3269 C

2173 1938 2356 2009 plum.
2373 1939 2434 1992 In
2457 1935 2738 2009 principio
2763 1935 2984 1992 duobus
3003 1935 3272 1993 fratribus
3378 1937 3498 1988 erat
3523 1931 3802 1988 mundus:

2174 2047 2324 2086 unus
2349 2047 2418 2086 ex
2446 2031 2582 2102 ipsis
2606 2031 2740 2086 Cain
2766 2028 3142 2084 fratricidium
3169 2027 3514 2100 perpetravit
3537 2030 3594 2081 et
3623 2040 3807 2096 usque

2175 2129 2336 2196 septu
2341 2125 2499 2196 plum
2511 2123 2826 2197 punitionis
2841 2122 3180 2178 sententiam
3199 2121 3462 2192 suscepit.
3481 2119 3686 2192 Ioseph
3695 2107 3810 2174 fra-

2175 2222 2288 2273 tres
2315 2218 2401 2272 sui
2429 2233 2534 2290 per
2551 2217 2821 2272 invidiam
2838 2215 3234 2284 vendiderunt,
3257 2219 3312 2270 et
3330 2219 3523 2286 postea
3549 2212 3809 2268 servituti

2175 2311 2352 2382 ipsius
2379 2311 2665 2382 subjugati
2689 2315 2842 2366 sunt.
2871 2309 2999 2364 Saul
3024 2313 3278 2363 sanctum
3319 2307 3490 2362 David
3525 2323 3628 2378 per
3657 2307 3804 2362 invi-

2176 2404 2328 2460 diam
2355 2404 2642 2460 nitebatur
2664 2404 2936 2472 occidere,
2966 2403 3083 2474 ipse
3112 2406 3304 2474 postea
3328 2402 3388 2456 in
3413 2418 3544 2456 eum
3580 2401 3805 2456 miseri-

2176 2499 2424 2554 cordiam
2452 2498 2722 2554 exercuit.
2743 2497 2984 2576 Absalon
3010 2497 3243 2552 fratrem
3264 2495 3563 2565 interfecit,
3583 2501 3806 2568 patrem

2178 2607 2209 2646 e
2234 2609 2412 2664 regno
2438 2593 2613 2648 voluit
2647 2594 3044 2668 removere,let
3070 2591 3294 2662 qualem
3333 2589 3578 2660 suscepit
3605 2587 3805 2644 interi-

2176 2691 2236 2742 tu
2244 2704 2300 2742 m
2310 2687 2452 2742 nulli
2462 2687 2706 2741 habetur
2715 2683 3384 2756 incognitumPrascipue
3395 2699 3620 2755 quoque
3632 2681 3809 2736 David

2176 2781 2453 2853 propheta
2479 2779 2700 2835 dicente
2728 2797 2742 2834 :
2777 2780 3040 2846 Quoniam
3063 2779 3162 2847 qui
3175 2779 3419 2848 nequiter
3443 2781 3612 2846 agunt
3633 2780 3809 2831 exter-

2174 2875 2558 2941 minabuntur;
2586 2875 2682 2944 qui
2703 2887 2828 2928 vero
2854 2875 3162 2942 exspectant
3180 2873 3482 2939 Dominum,
3510 2872 3617 2942 ipsi
3643 2870 3810 2925 hiare-

2175 2969 2430 3023 ditabunt
2454 2972 2674 3023 terram.
2705 2965 3002 3046 Apostolus
3030 2965 3233 3020 clamat
3261 2983 3274 3020 :
3307 2966 3414 3032 Qui
3434 2964 3548 3020 odit
3572 2966 3808 3032 fratrem

2173 3077 2348 3126 suum,
2385 3061 2653 3116 homicida
2681 3065 2776 3123 est,
2813 3064 2864 3115 et
2895 3062 2955 3114 in
2995 3060 3222 3114 tenebris
3254 3057 3518 3122 ambulat,
3557 3063 3609 3113 et
3641 3061 3809 3115 nescit

2175 3172 2278 3226 quo
2289 3155 2480 3210 vadat.
2499 3155 2748 3210 Salvator
2771 3152 3068 3208 denuntiat
3087 3170 3100 3206 :
3117 3155 3278 3209 Beati
3291 3154 3526 3224 paciﬁci,
3549 3155 3806 3222 quoniam

2173 3251 2280 3320 ﬁlii
2309 3251 2408 3304 Dei
2449 3249 2800 3303 vocabuntur.
2844 3250 3035 3303 Pacem
3069 3261 3243 3301 meam
3282 3247 3351 3301 do
3401 3245 3568 3309 vobis,
3618 3261 3807 3317 pacem

2174 3358 2348 3398 meam
2371 3342 2616 3412 relinquo
2639 3342 2805 3396 vobis.
2834 3339 2939 3395 Ubi
2965 3343 3050 3396 est
3075 3357 3188 3412 pax
3216 3344 3274 3394 et
3297 3339 3560 3408 Charitas,
3589 3338 3807 3395 ibidem

2175 3441 2260 3492 est
2297 3435 2396 3492 Dei
2431 3435 2631 3506 pietas.
2660 3434 2924 3506 Legimus
2951 3451 3053 3505 per
3077 3433 3279 3489 Esther
3305 3433 3564 3506 reginam
3592 3433 3807 3504 pepulo

2173 3529 2342 3585 fuisse
2376 3544 2696 3584 concessam
2734 3527 2990 3583 salutem.
3026 3527 3088 3582 In
3123 3527 3226 3582 hac
3264 3531 3422 3599 parte
3464 3531 3520 3582 et
3559 3530 3808 3582 vestram

2175 3623 2450 3680 ostendite
2483 3621 2866 3695 prudentiam,
2915 3624 2972 3676 et
3008 3620 3138 3676 ﬁdei
3177 3624 3378 3675 vestra:
3415 3620 3808 3676 salubritatem

2174 3722 2342 3790 atque
2369 3716 2795 3790 perfectionem,
2821 3718 2888 3770 ut
2909 3719 2966 3770 et
2993 3714 3289 3770 dominum
3313 3730 3509 3786 regem
3536 3731 3568 3768 a
3597 3713 3695 3768 Dei
3719 3731 3806 3770 re-

2173 3811 2379 3866 vocetis
2412 3810 2623 3865 offensa
2648 3814 2704 3865 et
2729 3808 3006 3882 populum
3039 3825 3073 3862 a
3109 3811 3270 3880 parte
3299 3825 3400 3862 sua
3424 3806 3608 3863 vivere
3638 3807 3807 3864 liceat

2173 3905 2430 3976 quietum
2466 3904 2643 3960 donec
2673 3903 2851 3958 Iudex
2889 3907 3134 3956 aeternus
3161 3906 3486 3958 consuetam
3526 3901 3807 3957 discernat

2167 3996 2468 4068 justitiam.
2485 3996 2625 4061 Quia
2641 3995 3056 4051 evidentissima
3077 3994 3341 4050 omnibus
3355 3999 3530 4068 patet,
3557 3995 3655 4067 qui
3675 3995 3807 4050 cha-

2174 4090 2401 4146 ritatem
2447 4090 2758 4148 fraternam
2807 4090 3097 4162 postponit
3142 4089 3380 4162 despicit
3435 4087 3804 4157 consortium,

2174 4201 2290 4239 non
2302 4183 2606 4256 acquiescit
2619 4183 2862 4238 veritati.
2879 4183 3086 4238 Omnes
3102 4184 3396 4256 prophetas
3409 4187 3605 4238 contra
3615 4181 3808 4254 ipsum

2175 4277 2304 4350 loqu
2314 4282 2504 4348 untur,
2527 4293 2724 4333 omnes
2741 4276 2976 4350 apostoli
2994 4277 3182 4348 ipsum
3199 4277 3566 4346 detestantur,
3585 4279 3642 4331 et
3655 4275 3810 4330 Deus

2176 4372 2532 4444 omnipotens
2557 4370 2676 4444 ipse
2701 4371 2852 4443 quod
2881 4370 3168 4426 constituit
3184 4370 3480 4442 judicabit.
3509 4367 3812 4436 Praemissa

2176 4465 2506 4522 salutatione
2545 4464 2811 4537 obsequia
2845 4464 3250 4536 supplicamus,
3287 4469 3354 4519 ut
3386 4465 3623 4519 latorem
3661 4478 3812 4534 prae-

452 4559 647 4629 pterea
670 4555 792 4609 haec
813 4555 1008 4610 dolens
1033 4555 1234 4626 scribo,
1259 4555 1392 4628 quia
1413 4555 1575 4611 video
1605 4556 1848 4628 qualiter
1871 4558 2074 4629 prazci-
2095 4569 2155 4644 D
2177 4559 2442 4630 sentium,
2468 4575 2694 4616 servum
2722 4563 2972 4615 vestrum
2993 4558 3418 4630 Gundulphum,
3447 4554 3812 4613 commenda-

453 4649 711 4722 pitantur
738 4650 796 4701 et
822 4663 984 4718 reges
1023 4652 1081 4700 et
1116 4648 1330 4720 populi,
1369 4653 1433 4705 ut
1458 4651 1556 4704 Dei
1578 4649 1871 4707 incurrant
1897 4651 2074 4708 oﬁ‘en-

455 4759 597 4798 sam.
626 4742 708 4796 Ita
731 4739 976 4812 legimus
1009 4757 1022 4794 :
1063 4741 1371 4810 Quicunque
1401 4744 1461 4796 in
1489 4744 1697 4798 brachii
1731 4747 1820 4800 sui
1848 4747 2076 4812 fortitu-

454 4837 580 4892 dine
613 4836 874 4906 speravit,
901 4837 1062 4888 antea
1087 4835 1444 4900 confusionem
1469 4851 1633 4904 quam
1656 4839 1936 4894 victoriam
1957 4856 2081 4912 pro-

453 4932 670 4986 meruit.
717 4927 1048 4998 Quicunque
1082 4925 1424 4982 adminiculo
1454 4927 1638 5000 gentis
1677 4929 1785 4985 sibi
1821 4932 2080 5004 adjuvari

454 5039 618 5098 posse
638 5019 887 5088 conﬁdit,
905 5023 1069 5075 antea
1087 5019 1403 5091 periculum
1425 5022 1624 5076 mortis
1641 5039 1814 5095 quam
1839 5028 2080 5085 salutem

455 5115 790 5190 promeruit.
807 5112 1139 5186 Quicunque
1155 5116 1389 5187 propter
1402 5115 1624 5188 copiam
1637 5117 1762 5173 auri
1777 5121 1836 5174 et
1857 5123 2084 5194 argenti

459 5210 710 5272 elevatur
723 5207 784 5264 in
799 5207 1141 5288 superbiam,
1156 5211 1322 5266 antea
1335 5208 1692 5268 desolationis
1711 5213 2078 5289 opprobrium

2176 4657 2301 4708 tum
2327 4653 2598 4721 habeatis,
2616 4656 2672 4708 et
2697 4671 2826 4727 qua:
2851 4671 2956 4727 per
2983 4655 3250 4711 eumdem
3270 4653 3442 4710 verbo
3469 4650 3811 4707 mandamus

2177 4746 2387 4818 absque
2421 4747 2774 4804 haesitatione
2811 4749 3104 4806 credentes
3145 4745 3448 4819 recipiatis,
3481 4749 3538 4802 et
3563 4743 3810 4814 implere

2177 4857 2294 4897 non
2319 4840 2638 4912 despiciatis
2674 4845 2732 4897 et
2773 4842 3093 4914 elaboratis,
3133 4841 3376 4914 qualiter
3409 4841 3479 4896 de
3503 4842 3688 4894 vestra
3713 4852 3810 4892 sa-

2179 4937 2298 4992 lute
2326 4933 2490 4990 nobis
2534 4935 2738 5007 gaudia
2767 4937 3113 5010 praeparatis.
3149 4935 3292 4992 Illud
3326 4934 3574 5008 petimus
3600 4935 3668 4988 ut
3701 4947 3814 5004 per

2179 5034 2378 5086 vestrm
2427 5029 2650 5102 pietatis
2699 5030 3036 5104 rescriptum
3063 5047 3147 5088 ex
3195 5029 3458 5086 omnibus
3501 5025 3815 5102 jucundari

2179 5137 2520 5182 mereamur.
