4044 6196
240 424 3611 467 m

1313 608 2566 727 PRIVILEGIUM

708 811 1214 944 llthlSTEllll
1297 809 1587 943 SANGTI
1673 809 2085 950 GERMANL
2161 810 2672 946 PARISIENSIS
2759 814 3162 956 EPISCthl.

285 1064 436 1111 srva
505 1063 752 1111 casam
790 1057 815 1086 ⁸
873 1063 999 1120 QUA
1065 1062 1428 1120 enarramus,

1492 1061 1871 1108 PARISIENSIS
1944 1061 2303 1120 EPISCOPUS,
2371 1064 2795 1110 IMMUNITATES
2864 1065 3162 1112 CONCEDIT
3229 1065 3569 1113 PARISIENSI

1136 1143 1428 1190 BASILICE
1471 1142 1722 1188 SANCTE
1763 1142 1972 1190 CRUCIS
2016 1143 2094 1187 ET
2137 1143 2355 1189 SANCTI
2394 1145 2729 1190 VINCENTII.

361 1271 459 1338 (Ex
475 1270 770 1342 Brequigny
791 1284 950 1341 opere
967 1271 1052 1324 cui
1069 1271 1247 1328 titulus
1264 1287 1276 1326 :
1295 1269 1606 1340 Diplomata,
1621 1267 1834 1332 chartis,
1850 1267 2081 1334 epistolae
2101 1270 2152 1321 et
2169 1269 2269 1324 alia
2289 1273 2626 1328 monumenta
2644 1271 2710 1326 ad
2729 1285 2816 1327 res
2833 1271 3132 1327 Franciscas
3141 1273 3502 1341 pertinentia.)

315 1541 378 1594 2i
407 1539 554 1610 Aug.
579 1541 788 1595 566.—
808 1539 1060 1595 Dominis
1078 1540 1210 1596 viris
1233 1539 1570 1612 apostolicis,
1594 1537 1800 1594 sanctis
1825 1543 1882 1594 et
1902 1548 1960 1623 Α
1980 1538 2311 1610 recordatio,
2341 1542 2397 1595 et
2424 1540 2494 1594 ob
2526 1555 2780 1596 amorem
2811 1539 2958 1598 illius
2995 1539 3198 1596 terruit
3235 1555 3328 1596 me
3355 1542 3511 1596 tanta
3535 1557 3616 1597 se-

233 1631 302 1686 in
319 1633 545 1687 Christo
561 1633 849 1706 fratribus,
865 1635 1129 1690 omnibus
1145 1634 1420 1708 episcopis
1438 1633 1709 1688 Parisiace
1730 1633 1883 1688 urbis

233 1743 375 1780 cum
423 1727 604 1798 gratia
631 1727 727 1782 Dei
763 1728 986 1796 futuris,
1017 1733 1074 1784 et
1101 1728 1294 1784 celesti
1319 1727 1634 1782 visitatione
1671 1727 1879 1797 ditatis,

235 1820 565 1876 Germanus
591 1824 870 1893 peccator.
903 1821 1177 1879 Omnibus
1202 1838 1318 1878 non
1350 1821 1592 1877 habetur
1635 1821 1884 1892 incogni-

235 1917 390 1979 tum,
414 1914 597 1985 qualis
618 1931 682 1969 ac
711 1918 954 1986 quantus
980 1916 1127 1970 circa
1157 1915 1494 1970 monasteria
1521 1917 1578 1970 et
1605 1914 1880 1985 ecclesias,

233 2010 336 2060 aut
375 2023 513 2078 erga
545 2008 722 2063 Deum
749 2008 1072 2064 timentium
1090 2009 1342 2064 virorum
1361 2009 1529 2064 fuerit
1553 2008 1744 2063 inclite
1769 2023 1884 2064 me-

235 2100 426 2154 morie
455 2100 890 2172 gloriosissimus
910 2102 1301 2158 Childebertus
1325 2119 1446 2172 rex,
1473 2102 1633 2174 cujus
1661 2118 1885 2157 summa

233 2193 624 2248 benivolentia
637 2195 1048 2266 multisjargita
1063 2200 1147 2251 est
1165 2196 1387 2268 copiosa
1400 2195 1691 2264 beneﬁcia,
1710 2199 1766 2251 et
1783 2195 1885 2250 im-

238 2287 511 2342 munitati
529 2291 718 2342 nostre
737 2289 1098 2345 stabilitatem
1119 2293 1470 2362 perpetuam.
1494 2289 1714 2347 Scilicet
1737 2289 1886 2362 cogi-

241 2384 366 2435 tans
405 2381 560 2452 quia,
602 2381 699 2454 qui
736 2381 840 2438 ista
881 2383 1210 2454 temporalia
1253 2387 1564 2440 reservaret
1595 2383 1881 2451 metenda,

239 2474 348 2528 sibi
363 2475 548 2528 multo
566 2475 787 2546 majora
799 2492 831 2530 a
845 2477 956 2531 Deo
969 2475 1048 2531 illi
1060 2475 1525 2548 attribuerentur,
1540 2476 1585 2532 si
1605 2477 1675 2531 ob
1691 2476 1738 2548 ej
1748 2493 1832 2532 us.
1844 2517 1856 2532 .
1868 2517 1882 2532 .

244 2567 350 2634 (Sic
373 2568 530 2638 apud
552 2569 917 2640 Bulliardum)
935 2569 1194 2626 ecclesias
1213 2575 1270 2626 et
1291 2570 1503 2643 templa
1521 2571 1804 2640 fundaret,
1829 2572 1888 2625 et

242 2661 539 2730 egentium
577 2661 827 2733 inopiam
853 2666 1211 2734 sustentaret,
1235 2667 1292 2720 et
1327 2681 1432 2736 pro
1463 2664 1688 2736 magnis
1714 2679 1887 2735 parva

241 2753 494 2824 otferret,
536 2757 704 2826 atque
749 2773 852 2827 pro
899 2757 1138 2812 terrenis
1184 2757 1407 2812 celestia
1458 2757 1882 2828 adipisceretur.

244 2847 406 2902 Unde
425 2850 484 2901 et
507 2848 670 2902 nobis
693 2849 765 2902 ob
793 2849 1098 2920 sepultura:
1123 2866 1238 2904 suae
1262 2849 1530 2905 meritum
1559 2849 1746 2921 aliqua
1771 2866 1805 2903 a
1827 2865 1885 2904 se

245 2940 604 2996 considerare
640 2919 929 2996 mandavit
975 2946 1034 2998 et
1075 2941 1423 3000 considerata
1467 2919 1672 2999 cessit:
1693 2919 1960 3016 ItaqueB

243 3033 472 3088 inclitus
515 3033 618 3088 iste
662 3035 922 3106 princeps
957 3030 1200 3090 Parisius
1238 3035 1528 3090 basilicam
1573 3035 1632 3090 in
1669 3036 1886 3092 honore

243 3131 452 3181 sancta:
498 3127 678 3182 crucis
726 3131 783 3182 et
831 3129 1025 3184 domni
1067 3129 1343 3184 Vincentii
1397 3129 1485 3185 vel
1538 3131 1887 3204 reliquorum

242 3223 568 3276 sanctorum
607 3221 667 3276 in
715 3239 890 3277 unum
930 3223 1256 3279 membrum
1300 3224 1634 3292 construxit,
1679 3227 1736 3280 et
1778 3224 1886 3280 sibi

245 3314 602 3386 sepulturam
633 3315 771 3370 inibi
799 3315 1106 3386 collocavit,
1139 3333 1202 3372 ac
1226 3317 1503 3390 largitatis
1525 3334 1643 3373 sua:
1668 3318 1886 3389 copiam

244 3425 350 3480 per
375 3409 700 3464 testamenti
721 3409 805 3464 sui
831 3409 1103 3481 paginam
1127 3411 1293 3466 nobis
1316 3411 1525 3468 habere
1549 3411 1812 3480 decrevit,
1832 3415 1890 3466 et

245 3501 494 3556 habendi
534 3503 805 3558 meritum
847 3504 972 3558 loco
1010 3503 1152 3559 tanti
1193 3504 1406 3560 ordinis
1441 3505 1751 3561 constituit.
1781 3505 1888 3560 Sed

247 3595 382 3650 dum
403 3597 617 3668 pagina
635 3597 956 3654 testamenti
975 3597 1061 3653 sui
1079 3600 1136 3653 et
1155 3599 1336 3656 cordis
1353 3598 1492 3654 ﬁdes
1510 3599 1613 3654 sub
1639 3599 1888 3654 humana

247 3689 556 3762 fragilitate
596 3690 985 3763 temporaliter
1016 3691 1253 3764 vigeret,
1288 3695 1494 3764 agente
1530 3691 1589 3747 in
1623 3707 1890 3763 quorum-

248 3783 378 3838 dam
405 3783 728 3854 calliditate,
756 3800 830 3840 ne
855 3787 1067 3840 aeterna
1093 3784 1174 3840 illi
1203 3785 1550 3842 tribueretur
1573 3785 1886 3854 beatitudo,

247 3893 308 3931 ac
334 3877 615 3948 scriptum
641 3893 756 3932 non
785 3877 1084 3932 sortiretur
1109 3877 1390 3948 effectum,
1411 3878 1691 3952 simulque
1717 3878 1890 3933 abbas

245 3975 298 4024 et
327 3969 702 4042 congregatio
729 3971 996 4042 deputata
1021 3988 1138 4026 non
1178 3971 1556 4044 perciperent,
1585 3989 1650 4028 ac
1679 3971 1886 4027 sterili-

245 4067 361 4120 tate
390 4064 568 4119 victus
606 4067 662 4118 et
697 4064 929 4121 vestitus
969 4064 1316 4138 deperirent,
1351 4065 1572 4122 monuit
1611 4082 1704 4122 me
1743 4064 1890 4121 illius

313 4253 737 4338 {Privilegiu‘m
764 4254 872 4338 hoc
912 4254 1287 4338 immunitatis
1316 4255 1535 4337 primus
1559 4255 1708 4338 typis
1735 4273 1892 4338 man-

245 4325 372 4379 dari
400 4325 622 4379 curavit
647 4325 902 4380 Breulius
926 4342 1055 4379 cum
1081 4326 1230 4381 notis
1258 4325 1392 4393 suis,
1423 4325 1482 4380 in
1510 4325 1757 4382 editione
1779 4329 1893 4383 His-

246 4397 411 4470 toriae
437 4395 686 4470 Δία)ρίηῇ
713 4397 984 4470 (Αἰγηοῷηί
997 4399 1173 4470 illisa,
1199 4414 1256 4467 ρ.
1287 4399 1356 4470 74
1383 4413 1519 4470 seq.,
1551 4399 1682 4453 edit.
1716 4401 1892 4470 1603),

245 4467 303 4520 in
333 4484 512 4540 quam
543 4467 682 4521 illud
709 4467 963 4522 inseruit.
985 4467 1516 4541 codicem_Airnoini
1545 4467 1900 4541 manuscrin

251 4539 380 4593 turn
417 4554 533 4607 quo
575 4554 707 4610 usus
744 4541 848 4610 est,
886 4554 1003 4610 nos
1029 4539 1137 4610 ipsi
1176 4539 1420 4594 vidimus
1461 4540 1519 4594 in
1555 4539 1898 4595 bibliotheca

251 4610 501 4664 abbatiae
527 4609 708 4662 sancti
744 4609 1008 4664 Germani
1037 4609 1070 4663 ὁ,
1092 4610 1269 4665 Pratis
1299 4613 1355 4665 et
1378 4611 1581 4665 saeculo
1609 4627 1666 4665 χι
1691 4611 1892 4666 tribui-

251 4697 406 4735 mus.
433 4681 496 4734 ln
516 4695 584 4734 eo
601 4679 662 4734 ﬁt
682 4681 906 4752 mentio
925 4681 1195 4752 praecepti
1222 4681 1600 4737 immanitatis
1618 4699 1652 4736 a
1669 4682 1894 4738 Childe-

250 4753 418 4805 berto
445 4750 714 4818 concessi,
740 4755 797 4804 at
821 4751 897 4806 ibi
930 4750 1329 4822 transcriptum
1359 4769 1474 4807 non
1510 4753 1896 4809 est.Chartam

251 4822 466 4893 saepius
487 4837 738 4876 recusam
757 4839 790 4876 a
806 4822 1053 4877 Gerardo
1070 4823 1274 4878 Dubois
1297 4824 1454 4887 (Hist.
1470 4825 1672 4887 eccles.,
1692 4828 1895 4889 Paria,

253 4894 455 4966 (gbfug,
501 4909 621 4966 cap,
669 4895 742 4963 6),
774 4893 990 4948 Cointio
1023 4893 1246 4963 (Annal.
1284 4897 1484 4958 eccles.,
1516 4899 1556 4950 ι.
1599 4898 1670 4958 ΙΙ,
1693 4913 1755 4966 p.
1785 4897 1894 4964 63)‘,

248 4963 546 5038 Felibiano
566 4963 758 5038 27(Hist.
799 4967 1000 5038 Paris”
1029 4969 1070 5020 t.
1099 4968 1196 5038 HI,
1222 4982 1282 5035 p.
1330 4969 1433 5036 l6),
1464 4969 1519 5038 et
1555 4966 1680 5038 aliis
1693 4963 1800 5038 qui
1828 4963 1898 5022 de

249 5034 1052 5115 antiquitatibus-Parisiorum
1078 5034 1371 5115 scripsere,
1394 5034 1638 5115 vulgavit
1666 5034 1897 5115 tandem

251 5107 776 5179 Bullia_rdus_(Hist.
803 5109 860 5164 S.
905 5109 1161 5164 Germani
1201 5123 1236 5161 α
1274 5110 1476 5163 Pratis.
1500 5107 1685 5178 prob”
1715 5125 1777 5178 p.
1822 5110 1896 5179 2),

252 5193 324 5250 ex
365 5177 744 5250 originali,_ut
769 5181 946 5250 vocat,
979 5179 1396 5250 depromptam,
1438 5177 1668 5233 exarato
1693 5177 1751 5233 in
1782 5177 1900 5234 cor-

253 5248 387 5328 tice,
429 5252 488 5330 et
529 5247 682 5330 quod
715 5247 834 5330 ipse
877 5247 1131 5330 Breulius
1168 5247 1404 5330 viderat.
1443 5250 1647 5330 Magna
1687 5250 1794 5330 fuit
1831 5251 1901 5306 de

253 5320 582 5393 sinceritate
643 5319 814 5393 hujus
882 5320 1123 5393 chartte
1155 5319 1580 5393 controversia;
1617 5321 1901 5393 praecipue

255 5391 410 5444 inter
473 5390 520 5443 J.
561 5390 870 5445 Lanuuium
917 5395 975 5445 et
1027 5391 1167 5446 Rob.
1213 5390 1688 5456 Quatermairium
1713 5393 1756 5453 ’ρ
1790 5390 1900 5448 llic

255 5460 589 5534 notabimus
631 5477 646 5514 :
679 5461 1082 5534 Nabillonium,
1109 5463 1204 5529 _cui
1235 5463 1368 5534 jura
1402 5463 1903 5534 Sangermanensis

256 5531 590 5586 monasterii
631 5531 784 5586 cordi
817 5548 936 5588 esse
973 5531 1310 5600 debuerunt,
1343 5551 1458 5589 non
1496 5531 1696 5589 ausum
1732 5535 1902 5591 fuisse

256 5602 510 5658 veritatis
535 5602 706 5673 hujus
731 5603 1094 5660 instrumenti
1121 5621 1180 5660 se
1197 5609 1532 5660 assertorem
1561 5607 1902 5662 constituere

1911 4291 1967 4365 C

1981 1633 2188 1688 curitas
2229 1632 2508 1706 simulque
2532 1634 2756 1706 pietatis
2779 1637 2836 1690 et
2861 1633 3108 1689 caritatis
3133 1633 3398 1706 affectus;
3422 1635 3512 1690 ille
3539 1638 3618 1690 et—

1981 1725 2134 1782 enim
2160 1730 2290 1798 post
2309 1727 2506 1797 Deum,
2537 1727 2673 1782 dum
2699 1731 3032 1800 superesset,
3061 1727 3168 1783 fuit
3186 1731 3379 1783 nostra
3403 1728 3616 1783 immu-

1981 1820 2126 1874 nitas
2154 1823 2210 1874 et
2233 1819 2519 1887 securitas,
2543 1837 2652 1892 pax
2688 1825 2745 1876 et
2782 1821 3132 1892 recuperatio
3157 1838 3221 1875 ac
3249 1822 3619 1893 sequestratio

1983 1913 2168 1968 omnis
2201 1929 2233 1967 a
2272 1912 2417 1968 civili
2456 1914 2704 1986 negotio.
2746 1916 2853 1970 Nos
2887 1931 3020 1968 vero
3063 1915 3123 1969 in
3167 1915 3274 1970 hac
3320 1933 3382 1972 re
3424 1915 3618 1988 pietati

1982 2006 2132 2062 illius
2158 2007 2532 2076 consulentes,
2553 2011 2609 2062 et
2628 2009 2963 2062 caeterorum
2985 2009 3206 2080 Regum
3228 2009 3366 2064 velle
3382 2009 3621 2065 stabiliri

1985 2103 2267 2169 conantes,
2297 2100 2585 2156 caritatem
2624 2101 2891 2156 fraternae
2933 2101 3246 2157 dilectionis
3279 2107 3480 2158 vestra:
3513 2121 3618 2158 no-

1983 2193 2202 2248 hiscum
2248 2194 2506 2248 volumus
2551 2195 2902 2266 concordari,
2941 2195 3206 2268 quatinus
3255 2195 3405 2252 illius
3444 2197 3620 2253 sancti

1983 2286 2088 2342 loci
2117 2287 2301 2341 honor
2328 2286 2727 2342 celeberrimus
2755 2290 2812 2342 et
2851 2289 3130 2344 memoria
3149 2289 3270 2360 jam
3299 2289 3432 2344 dicti
3468 2291 3625 2362 prin-

1985 2380 2122 2452 cipis
2144 2379 2369 2452 gloriosi
2398 2379 2610 2436 eniteat
2627 2381 2826 2436 eodem
2851 2381 2910 2436 in
2937 2382 3058 2436 loco
3087 2383 3351 2438 omnibus
3369 2383 3490 2456 ejus
3519 2383 3624 2442 invi

1985 2473 2355 2546 temporibus,
2384 2474 2700 2547 habeatque
2735 2476 2999 2531 abbatem
3033 2492 3100 2531 ex
3127 2477 3360 2549 propria
3383 2494 3620 2548 congre-

1985 2567 2210 2640 gatione
2247 2567 2368 2640 ipsa
2399 2565 2650 2638 ecclesia,
2679 2569 2774 2640 qui
2813 2570 2916 2624 sub
2956 2570 3363 2642 gubernatione
3396 2588 3621 2644 regum,

1982 2677 2088 2732 per
2127 2661 2504 2716 successiones
2547 2662 2812 2718 eumdem
2850 2663 3037 2717 locum
3077 2663 3398 2734 provideat;
3441 2665 3624 2736 sitque

1984 2753 2198 2810 alienus
2223 2754 2476 2825 pontifex
2507 2754 2690 2808 omnis
2709 2755 3050 2810 Parisiorum
3069 2756 3141 2810 ab
3167 2756 3366 2810 eodem
3391 2757 3533 2826 loco,
3563 2760 3626 2812 ut

1983 2863 2100 2902 non
2123 2847 2387 2918 deinceps
2415 2847 2662 2919 aliquam
2699 2851 3035 2919 potestatem
3075 2849 3133 2903 in
3159 2849 3423 2904 omnibus
3447 2850 3518 2905 ad
3545 2850 3625 2922 ip-

1984 2958 2111 2996 sum
2137 2941 2324 2995 locum
2342 2940 2757 3012 pertinentibus
2777 2941 2988 2997 habeat
2999 2960 3016 3011 ;
3041 2941 3321 3014 simulque
3341 2943 3624 2999 sancimus

1984 3036 2050 3088 ut
2085 3033 2276 3088 nullus
2314 3033 2803 3105 metropolitanus,
2853 3037 2952 3089 aut
2997 3034 3200 3106 aliquis
3236 3035 3624 3108 suﬂ'raganeus

1986 3127 2124 3198 ejus,
2163 3143 2326 3182 causa
2363 3127 2598 3198 alicujus
2635 3127 3004 3208 ordinationis
3041 3128 3172 3184 illuc
3214 3127 3436 3201 ingredi
3473 3147 3622 3202 prae-

1985 3224 2189 3291 sumat,
2225 3219 2333 3275 nisi
2367 3221 2722 3276 solummodo
2757 3222 2827 3276 ab
2863 3222 3066 3277 abbate
3108 3222 3362 3294 ejusdem
3398 3223 3506 3279 loci
3533 3241 3630 3278 vo-

1987 3317 2144 3369 catus
2165 3313 2385 3370 venerit
2409 3313 2482 3368 ad
2508 3314 2820 3369 sanctitatis
2849 3315 3169 3371 misterium
3199 3316 3624 3388 celebrandum,

1985 3411 2084 3462 aut
2117 3407 2190 3462 ad
2225 3407 2480 3462 ecclesias
2519 3408 2942 3476 consecrandas,
2972 3411 3071 3463 aut
3103 3409 3174 3464 ad
3210 3410 3628 3466 benedictiones

1988 3500 2318 3556 clericorum
2353 3501 2440 3555 vel
2469 3502 2881 3556 monachorum
2908 3501 3312 3572 instituendas;
3341 3504 3492 3574 quod
3526 3505 3626 3559 de-

1987 3594 2172 3650 bitum
2191 3609 2430 3650 renuere
2455 3593 2774 3648 nullatenus
2799 3594 2986 3649 debet.
3009 3594 3289 3650 Caeterum
3307 3596 3574 3668 quicquid
3593 3613 3628 3652 a

1988 3687 2078 3742 die
2097 3686 2384 3758 praesenti,
2413 3688 2530 3740 tam
2556 3703 2589 3740 a
2617 3689 2872 3758 tempore
2903 3703 3055 3758 meo,
3079 3704 3252 3760 quam
3269 3692 3327 3744 et
3345 3705 3626 3744 successo—

1991 3797 2118 3836 rum
2156 3795 2416 3834 meorum
2441 3766 2699 3836 omnium
2733 3780 2794 3835 in
2832 3781 2961 3836 sede
2999 3781 3342 3837 Parisiorum
3372 3781 3627 3838 residen-

1990 3873 2133 3928 tium
2167 3873 2581 3946 episcoporum,
2611 3875 2697 3929 vel
2726 3891 2759 3928 a
2783 3875 2962 3930 Deum
2994 3874 3326 3930 timentibus
3352 3875 3626 3948 principi-

1987 3968 2094 4022 bus
2132 3967 2385 4038 ejusdem
2423 3967 2626 4041 plebis,
2669 3967 2729 4023 in
2768 3967 2937 4038 fiscis,
2979 3967 3140 4037 villis,
3178 3969 3351 4042 agris,
3391 3970 3452 4025 in
3492 3987 3629 4026 auro

1988 4061 2076 4118 vel
2111 4063 2349 4134 argento
2371 4061 2544 4118 fuerit
2565 4061 2891 4134 delegatum
2918 4063 3005 4118 vel
3038 4062 3332 4132 donatum,
3366 4066 3428 4118 ut
3452 4064 3523 4118 ad
3549 4064 3630 4119 in-

1991 4253 2420 4326 Episcoporum,
2448 4269 2578 4324 quae
2610 4252 2731 4326 fere
2756 4269 2954 4326 omnes
2979 4253 3120 4326 nulli
3147 4253 3408 4326 episcopo
3436 4254 3628 4308 sedem

1996 4323 2156 4380 suam
2181 4323 2488 4396 assignant,
2516 4327 2578 4378 ut
2616 4323 2762 4396 infra
2787 4323 3215 4396 declarabimlls.
3242 4323 3412 4380 Sic’et
3436 4325 3631 4379 Gerar-

1996 4397 2101 4452 dus
2129 4394 2354 4463 Dubois,
2381 4395 2480 4466 qui
2505 4395 2807 4466 conﬁctum
2835 4394 3060 4466 conjicit
3085 4395 3480 4466 apographum
3506 4400 3633 4466 post

1999 4471 2256 4547 tempora
2275 4465 2546 4547 “Gregorii
2581 4481 2743 4547 papae
2768 4465 2860 4518 VII
2889 4465 3014 4547 (Ub‘z'
3036 4481 3224 4535 supra,
3339 4467 3454 4547 92)..
3474 4465 3633 4547 Quod

1997 4538 2042 4592 si
2071 4535 2232 4592 nobis
2267 4537 2352 4591 fas
2388 4535 2461 4592 sit
2497 4535 2833 4608 sententiam
2872 4537 3124 4590 nostram
3166 4535 3386 4608 aperire
3409 4535 3493 4592 'de
3527 4539 3633 4593 hoc

1997 4609 2394 4680 instrumento,
2445 4607 2840 4680 apogl‘aphum
2887 4607 3357 4680 censemus’non
3402 4609 3630 4680 quidem

1997 4679 2153 4734 omni
2179 4695 2247 4733 ex
2273 4681 2432 4750 parte
2467 4677 2790 4750 conﬂatum,
2811 4677 2908 4732 sed
2933 4677 3077 4750 forte
3103 4678 3161 4733 in
3187 4677 3446 4750 pluribus
3474 4681 3631 4747 locis,

1999 4755 2147 4804 certe
2187 4751 2244 4822 in
2275 4748 2786 4822 ’subscriptionibus
2826 4749 3010 4822 quoad
3043 4748 3208 4822 sedes
3242 4751 3632 4822 episc0porum

1997 4820 2492 4894 subscribentium,
2503 4820 2895 4894 adulteratam
2909 4821 2979 4875 ab
2995 4820 3260 4894 imperito
3275 4820 3517 4892 falsario,
3535 4823 3633 4894 qui

1999 4893 2208 4946 chartm
2235 4892 2408 4946 ﬁdem
2436 4891 2688 4962 abstulit.
2711 4890 3036 4946 Fatebimur
3052 4890 3243 4962 plures
3272 4909 3342 4948 ex
3367 4890 3636 4948 Romanis

1995 4963 2356 5034 pontiﬁcibus
2379 4961 2738 5034 privilegium
2759 4961 2816 5016 in
2837 4979 2903 5016 ea
2924 4961 3253 5034 contentum
3275 4965 3635 5018 confirmasse

1999 5032 2198 5089 seculis
2239 5050 2296 5088 xI
2332 5032 2392 5088 et
2432 5049 2510 5087 xu
2553 5033 2718 5104 (Gell.
2758 5034 2966 5096 christ”
3004 5032 3065 5089 2'
3100 5034 3259 5102 edit.,
3295 5037 3338 5088 t.
3368 5035 3483 5099 νη,
3524 5035 3632 5091 col.

1998 5105 2144 5178 417).
2188 5106 2329 5178 Cum
2364 5120 2516 5178 vero,
2549 5103 2737 5178 seculo
2775 5120 2883 5158 xvn
2907 5104 3250 5178 frequenter
3286 5105 3632 5178 impetitum,

1998 5175 2186 5231 litium
2229 5175 2579 5230 infinitarum
2616 5175 2742 5247 fons
2778 5177 2922 5230 esset
2954 5175 3262 5247 perpetuus
3304 5175 3452 5232 inter
3487 5178 3638 5232 Pari-

2000 5248 2210 5304 sienses
2248 5247 2526 5302 antistites
2558 5249 2617 5300 et
2643 5246 3155 5316 Sangermanenses
3180 5247 3412 5303 abbates
3437 5252 3493 5304 et
3519 5266 3640 5304 mo-

1999 5320 2229 5386 nachos,
2243 5318 2392 5373 inter
2412 5320 2678 5388 utrosque
2700 5317 3256 5388 intervenitconcord
3264 5318 3314 5372 ia
3329 5336 3479 5374 anno
3502 5323 3636 5376 1668

2003 5391 2428 5471 (ᾷαΠηςςῘιτηζςί...
2455 5389 2549 5470 ubi
2588 5387 2802 5471 supra),
2839 5391 2897 5442 et
2937 5387 3107 5471 missa
3147 5389 3528 5471 disputatione
3567 5393 3638 5446 de

2001 5458 2320 5534 sinceritate
2344 5458 2670 5534 primigenii
2697 5458 3042 5530 decumenti,
3065 5458 3368 5534 unicuique
3381 5463 3512 5534 jura
3537 5479 3636 5517 sua

2001 5533 2062 5588 in
2089 5529 2440 5605 postremum
2464 5529 2746 5602 assignate
2771 5533 2920 5586 sunt.

258 5673 488 5767 (‘Ar't'nanL
519 5657 740 5767 1355qu
757 5657 814 5730 ﬁt.
841 5657 969 5767 pp.
988 5657 1738 5767 ea};castissima;
1748 5657 1899 5760 agi;

2066 5704 2084 5726 "
2113 5701 2328 5753 Launoii
2363 5701 2647 5767 inquisitio,
2671 5703 2726 5767 in
2766 5703 3002 5767 chartam
3039 5703 3392 5767 immanitatis
3423 5705 3478 5753 S.
3517 5705 3638 5754 Ger-

261 5749 314 5820 t._
334 5747 405 5806 Π,
431 5759 507 5820 p._
529 5746 598 5820 δέ
629 5749 692 5820 et
724 5747 856 5820 seq.)
891 5763 996 5817 pro
1037 5747 1233 5803 ﬁctitio
1271 5746 1602 5820 apographo
1637 5749 1902 5804 habuisse

263 5815 318 5869 id
340 5815 511 5902 Aquod
547 5815 1281 5902 Bulliardoailtog’raphum
1305 5815 1505 5902 Visam—
1537 5823 1640 5902 est.
1660 5821 1902 5902 falsum

262 5889 457 5943 autem
493 5889 779 5961 praecipue
813 5889 1275 5963 arguit’Gointius
1299 5907 1370 5949 ex
1399 5890 1906 5966 subscriptionibus

2001 5763 2718 5830 mani,1657,_Quatermai_rii
2760 5765 2950 5816 Privil.
2985 5767 3038 5814 S.
3073 5765 3323 5830 Germani,
3348 5778 3641 5830 propugna-

2007 5833 2135 5890 tum,
2163 5827 2385 5894 1657,63
2417 5828 2662 5880 Germani
2683 5827 2817 5893 jura
2839 5831 3182 5894 prapugnata,
3210 5828 3350 5887 1668,
3362 5828 3481 5894 'etc.
