  <div class='ocr_page' id='page_1' title='image "/cluster/home/n/w/nwhite01/storage/ocr_20150623/72/hvd.32044054758768/047.png"; bbox 0 0 4044 6196; ppageno 0'>
   <div class='ocr_carea' id='block_1_1' title="bbox 371 371 3736 434">
    <p class='ocr_par' dir='ltr' id='par_1_1' title="bbox 371 371 3736 434">
     <span class='ocr_line' id='line_1_1' title="bbox 371 371 3736 434; baseline 0.004 -13"><span class='ocrx_word' id='word_1_1' title='bbox 371 374 436 431; x_wconf 83' lang='lat'>83</span> <span class='ocrx_word' id='word_1_2' title='bbox 1375 371 1606 427; x_wconf 59' lang='lat' dir='ltr'>SANCTI</span> <span class='ocrx_word' id='word_1_3' title='bbox 1645 371 1943 426; x_wconf 77' lang='lat' dir='ltr'><strong>GERMANI</strong></span> <span class='ocrx_word' id='word_1_4' title='bbox 1981 371 2388 428; x_wconf 74' lang='lat' dir='ltr'>PARISIENSIS</span> <span class='ocrx_word' id='word_1_5' title='bbox 2427 371 2740 428; x_wconf 84' lang='lat' dir='ltr'>EPISCOPI.</span> <span class='ocrx_word' id='word_1_6' title='bbox 3669 374 3736 434; x_wconf 68' lang='grc'>84·</span> 
     </span>
    </p>
   </div>
   <div class='ocr_carea' id='block_1_2' title="bbox 365 446 3738 573">
    <p class='ocr_par' dir='ltr' id='par_1_2' title="bbox 365 446 3738 573">
     <span class='ocr_line' id='line_1_2' title="bbox 365 446 3738 573; baseline -0.001 -27"><span class='ocrx_word' id='word_1_7' title='bbox 365 446 594 563; x_wconf 81' lang='lat' dir='ltr'>tegrum</span> <span class='ocrx_word' id='word_1_8' title='bbox 637 485 844 544; x_wconf 89' lang='lat' dir='ltr'>habeat</span> <span class='ocrx_word' id='word_1_9' title='bbox 885 484 1028 557; x_wconf 91' lang='lat' dir='ltr'>volo,</span> <span class='ocrx_word' id='word_1_10' title='bbox 1074 501 1234 558; x_wconf 90' lang='lat' dir='ltr'>rogo,</span> <span class='ocrx_word' id='word_1_11' title='bbox 1277 482 1531 555; x_wconf 88' lang='lat' dir='ltr'>conjuro.</span> <span class='ocrx_word' id='word_1_12' title='bbox 1564 482 1791 540; x_wconf 84' lang='lat' dir='ltr'>Decrevi</span> <span class='ocrx_word' id='word_1_13' title='bbox 1831 482 2001 539; x_wconf 91' lang='lat' dir='ltr'>etiam</span> <span class='ocrx_word' id='word_1_14' title='bbox 2023 499 2082 573; x_wconf 76' lang='grc' dir='ltr'><strong>Α</strong></span> <span class='ocrx_word' id='word_1_15' title='bbox 2103 482 2280 538; x_wconf 89' lang='lat' dir='ltr'>cetius</span> <span class='ocrx_word' id='word_1_16' title='bbox 2303 481 2694 555; x_wconf 81' lang='lat' dir='ltr'>Lugdunensis</span> <span class='ocrx_word' id='word_1_17' title='bbox 2718 481 3012 556; x_wconf 90' lang='lat' dir='ltr'>episcopus</span> <span class='ocrx_word' id='word_1_18' title='bbox 3040 480 3100 540; x_wconf 92' lang='lat' dir='ltr'>in</span> <span class='ocrx_word' id='word_1_19' title='bbox 3125 483 3331 542; x_wconf 86' lang='lat' dir='ltr'>Christi</span> <span class='ocrx_word' id='word_1_20' title='bbox 3362 447 3612 558; x_wconf 85' lang='lat' dir='ltr'>nomine,</span> <span class='ocrx_word' id='word_1_21' title='bbox 3640 503 3738 561; x_wconf 82' lang='lat' dir='ltr'>pe-</span> 
     </span>
    </p>
   </div>
   <div class='ocr_carea' id='block_1_3' title="bbox 365 576 2000 656">
    <p class='ocr_par' dir='ltr' id='par_1_3' title="bbox 365 576 2000 656">
     <span class='ocr_line' id='line_1_3' title="bbox 365 576 2000 656; baseline -0.005 -16"><span class='ocrx_word' id='word_1_22' title='bbox 365 599 470 656; x_wconf 89' lang='lat' dir='ltr'>per</span> <span class='ocrx_word' id='word_1_23' title='bbox 506 583 652 640; x_wconf 89' lang='lat' dir='ltr'>hanc</span> <span class='ocrx_word' id='word_1_24' title='bbox 693 582 966 638; x_wconf 90' lang='lat' dir='ltr'>cartulam</span> <span class='ocrx_word' id='word_1_25' title='bbox 1001 576 1375 634; x_wconf 89' lang='lat' dir='ltr'>immunitatis</span> <span class='ocrx_word' id='word_1_26' title='bbox 1403 579 1462 632; x_wconf 90' lang='lat' dir='ltr'>et</span> <span class='ocrx_word' id='word_1_27' title='bbox 1499 576 1782 647; x_wconf 85' lang='lat' dir='ltr'>cessionis,</span> <span class='ocrx_word' id='word_1_28' title='bbox 1809 593 2000 634; x_wconf 88' lang='lat' dir='ltr'>meam</span> 
     </span>
    </p>
   </div>
   <div class='ocr_carea' id='block_1_4' title="bbox 366 670 1999 748">
    <p class='ocr_par' dir='ltr' id='par_1_4' title="bbox 366 670 1999 748">
     <span class='ocr_line' id='line_1_4' title="bbox 366 670 1999 748; baseline -0.004 -15"><span class='ocrx_word' id='word_1_29' title='bbox 366 676 654 733; x_wconf 84' lang='lat' dir='ltr'>basilicam</span> <span class='ocrx_word' id='word_1_30' title='bbox 683 675 939 748; x_wconf 84' lang='lat' dir='ltr'>superius</span> <span class='ocrx_word' id='word_1_31' title='bbox 968 675 1346 728; x_wconf 81' lang='lat' dir='ltr'>memoratam</span> <span class='ocrx_word' id='word_1_32' title='bbox 1385 670 1506 726; x_wconf 88' lang='lat' dir='ltr'>sine</span> <span class='ocrx_word' id='word_1_33' title='bbox 1535 673 1826 743; x_wconf 87' lang='lat' dir='ltr'>gestorum</span> <span class='ocrx_word' id='word_1_34' title='bbox 1855 670 1999 726; x_wconf 89' lang='lat' dir='ltr'>obli-</span> 
     </span>
    </p>
   </div>
   <div class='ocr_carea' id='block_1_5' title="bbox 368 765 2002 842">
    <p class='ocr_par' dir='ltr' id='par_1_5' title="bbox 368 765 2002 842">
     <span class='ocr_line' id='line_1_5' title="bbox 368 765 2002 842; baseline -0.005 -15"><span class='ocrx_word' id='word_1_35' title='bbox 368 771 593 842; x_wconf 87' lang='lat' dir='ltr'>gatione</span> <span class='ocrx_word' id='word_1_36' title='bbox 635 784 884 824; x_wconf 90' lang='lat' dir='ltr'>manere.</span> <span class='ocrx_word' id='word_1_37' title='bbox 915 768 982 820; x_wconf 89' lang='lat' dir='ltr'>Et</span> <span class='ocrx_word' id='word_1_38' title='bbox 1022 765 1156 838; x_wconf 84' lang='lat' dir='ltr'>quia</span> <span class='ocrx_word' id='word_1_39' title='bbox 1201 765 1258 820; x_wconf 93' lang='lat' dir='ltr'>id</span> <span class='ocrx_word' id='word_1_40' title='bbox 1299 767 1468 820; x_wconf 92' lang='lat' dir='ltr'>antea</span> <span class='ocrx_word' id='word_1_41' title='bbox 1506 765 1850 820; x_wconf 85' lang='lat' dir='ltr'>consuetudo</span> <span class='ocrx_word' id='word_1_42' title='bbox 1885 781 2002 820; x_wconf 92' lang='lat' dir='ltr'>non</span> 
     </span>
    </p>
   </div>
   <div class='ocr_carea' id='block_1_6' title="bbox 363 857 1999 931">
    <p class='ocr_par' dir='ltr' id='par_1_6' title="bbox 363 857 1999 931">
     <span class='ocr_line' id='line_1_6' title="bbox 363 857 1999 931; baseline -0.005 -11"><span class='ocrx_word' id='word_1_43' title='bbox 363 863 492 931; x_wconf 75' lang='lat' dir='ltr'>fuit,</span> <span class='ocrx_word' id='word_1_44' title='bbox 524 866 580 919; x_wconf 92' lang='lat' dir='ltr'>et</span> <span class='ocrx_word' id='word_1_45' title='bbox 605 861 772 918; x_wconf 91' lang='lat' dir='ltr'>modo</span> <span class='ocrx_word' id='word_1_46' title='bbox 797 878 830 914; x_wconf 93' lang='lat' dir='ltr'>a</span> <span class='ocrx_word' id='word_1_47' title='bbox 852 859 1080 930; x_wconf 82' lang='lat' dir='ltr'>regibus</span> <span class='ocrx_word' id='word_1_48' title='bbox 1106 860 1164 914; x_wconf 92' lang='lat' dir='ltr'>et</span> <span class='ocrx_word' id='word_1_49' title='bbox 1197 857 1548 931; x_wconf 86' lang='lat' dir='ltr'>principibus</span> <span class='ocrx_word' id='word_1_50' title='bbox 1575 857 1718 913; x_wconf 91' lang='lat' dir='ltr'>mihi</span> <span class='ocrx_word' id='word_1_51' title='bbox 1753 861 1838 914; x_wconf 89' lang='lat' dir='ltr'>est</span> <span class='ocrx_word' id='word_1_52' title='bbox 1863 874 1999 913; x_wconf 87' lang='lat' dir='ltr'>con-</span> 
     </span>
    </p>
   </div>
   <div class='ocr_carea' id='block_1_7' title="bbox 367 947 2001 1026">
    <p class='ocr_par' dir='ltr' id='par_1_7' title="bbox 367 947 2001 1026">
     <span class='ocr_line' id='line_1_7' title="bbox 367 947 2001 1026; baseline -0.004 -13"><span class='ocrx_word' id='word_1_53' title='bbox 367 974 604 1026; x_wconf 80' lang='lat' dir='ltr'>cessum,</span> <span class='ocrx_word' id='word_1_54' title='bbox 643 955 992 1009; x_wconf 79' lang='lat' dir='ltr'>voluntatem</span> <span class='ocrx_word' id='word_1_55' title='bbox 1031 952 1258 1026; x_wconf 89' lang='lat' dir='ltr'>pietatis</span> <span class='ocrx_word' id='word_1_56' title='bbox 1299 955 1501 1008; x_wconf 75' lang='lat' dir='ltr'>vestrm</span> <span class='ocrx_word' id='word_1_57' title='bbox 1539 951 1599 1007; x_wconf 91' lang='lat' dir='ltr'>in</span> <span class='ocrx_word' id='word_1_58' title='bbox 1642 953 1749 1006; x_wconf 88' lang='lat' dir='ltr'>hoc</span> <span class='ocrx_word' id='word_1_59' title='bbox 1792 947 2001 1024; x_wconf 91' lang='lat' dir='ltr'>scripto</span> 
     </span>
    </p>
   </div>
   <div class='ocr_carea' id='block_1_8' title="bbox 363 1023 1999 1122">
    <p class='ocr_par' dir='ltr' id='par_1_8' title="bbox 363 1023 1999 1122">
     <span class='ocr_line' id='line_1_8' title="bbox 363 1023 1999 1122; baseline -0.004 -16"><span class='ocrx_word' id='word_1_60' title='bbox 363 1023 779 1122; x_wconf 60' lang='lat' dir='ltr'>pretermutei‘e</span> <span class='ocrx_word' id='word_1_61' title='bbox 815 1046 994 1115; x_wconf 89' lang='lat' dir='ltr'>nolui,</span> <span class='ocrx_word' id='word_1_62' title='bbox 1031 1023 1129 1102; x_wconf 80' lang='lat' dir='ltr'>sed</span> <span class='ocrx_word' id='word_1_63' title='bbox 1175 1045 1234 1101; x_wconf 91' lang='lat' dir='ltr'>in</span> <span class='ocrx_word' id='word_1_64' title='bbox 1269 1045 1535 1100; x_wconf 90' lang='lat' dir='ltr'>omnibus</span> <span class='ocrx_word' id='word_1_65' title='bbox 1571 1061 1675 1116; x_wconf 90' lang='lat' dir='ltr'>per</span> <span class='ocrx_word' id='word_1_66' title='bbox 1698 1061 1794 1100; x_wconf 89' lang='lat' dir='ltr'>vos</span> <span class='ocrx_word' id='word_1_67' title='bbox 1831 1023 1999 1100; x_wconf 87' lang='lat' dir='ltr'>robo-</span> 
     </span>
    </p>
   </div>
   <div class='ocr_carea' id='block_1_9' title="bbox 360 1139 2002 1212">
    <p class='ocr_par' dir='ltr' id='par_1_9' title="bbox 360 1139 2002 1212">
     <span class='ocr_line' id='line_1_9' title="bbox 360 1139 2002 1212; baseline -0.002 -15"><span class='ocrx_word' id='word_1_68' title='bbox 360 1141 493 1212; x_wconf 90' lang='lat' dir='ltr'>rari,</span> <span class='ocrx_word' id='word_1_69' title='bbox 526 1144 585 1196; x_wconf 88' lang='lat' dir='ltr'>et</span> <span class='ocrx_word' id='word_1_70' title='bbox 622 1140 964 1197; x_wconf 86' lang='lat' dir='ltr'>conformari</span> <span class='ocrx_word' id='word_1_71' title='bbox 990 1155 1252 1212; x_wconf 87' lang='lat' dir='ltr'>exposco,</span> <span class='ocrx_word' id='word_1_72' title='bbox 1281 1143 1345 1194; x_wconf 92' lang='lat' dir='ltr'>ut</span> <span class='ocrx_word' id='word_1_73' title='bbox 1375 1139 1642 1210; x_wconf 88' lang='lat' dir='ltr'>deinceps</span> <span class='ocrx_word' id='word_1_74' title='bbox 1667 1142 1856 1194; x_wconf 87' lang='lat' dir='ltr'>ratum</span> <span class='ocrx_word' id='word_1_75' title='bbox 1876 1155 2002 1210; x_wconf 89' lang='lat' dir='ltr'>per-</span> 
     </span>
    </p>
   </div>
   <div class='ocr_carea' id='block_1_10' title="bbox 362 1232 2002 1307">
    <p class='ocr_par' dir='ltr' id='par_1_10' title="bbox 362 1232 2002 1307">
     <span class='ocr_line' id='line_1_10' title="bbox 362 1232 2002 1307; baseline -0.003 -16"><span class='ocrx_word' id='word_1_76' title='bbox 362 1237 607 1291; x_wconf 80' lang='lat' dir='ltr'>maneat.</span> <span class='ocrx_word' id='word_1_77' title='bbox 635 1237 704 1290; x_wconf 90' lang='lat' dir='ltr'>Et</span> <span class='ocrx_word' id='word_1_78' title='bbox 735 1235 781 1290; x_wconf 89' lang='lat' dir='ltr'>si</span> <span class='ocrx_word' id='word_1_79' title='bbox 823 1234 950 1307; x_wconf 85' lang='lat' dir='ltr'>quis</span> <span class='ocrx_word' id='word_1_80' title='bbox 986 1250 1236 1306; x_wconf 86' lang='lat' dir='ltr'>unquam</span> <span class='ocrx_word' id='word_1_81' title='bbox 1272 1233 1464 1303; x_wconf 90' lang='lat' dir='ltr'>fuerit,</span> <span class='ocrx_word' id='word_1_82' title='bbox 1491 1233 1588 1305; x_wconf 88' lang='lat' dir='ltr'>qui</span> <span class='ocrx_word' id='word_1_83' title='bbox 1627 1235 1824 1287; x_wconf 89' lang='lat' dir='ltr'>contra</span> <span class='ocrx_word' id='word_1_84' title='bbox 1853 1232 2002 1287; x_wconf 90' lang='lat' dir='ltr'>hanc</span> 
     </span>
    </p>
   </div>
   <div class='ocr_carea' id='block_1_11' title="bbox 361 1325 2004 1398">
    <p class='ocr_par' dir='ltr' id='par_1_11' title="bbox 361 1325 2004 1398">
     <span class='ocr_line' id='line_1_11' title="bbox 361 1325 2004 1398; baseline -0.003 -13"><span class='ocrx_word' id='word_1_85' title='bbox 361 1328 824 1385; x_wconf 86' lang='lat' dir='ltr'>deliberationem</span> <span class='ocrx_word' id='word_1_86' title='bbox 868 1343 1079 1394; x_wconf 88' lang='lat' dir='ltr'>meam,</span> <span class='ocrx_word' id='word_1_87' title='bbox 1112 1343 1286 1398; x_wconf 91' lang='lat' dir='ltr'>quam</span> <span class='ocrx_word' id='word_1_88' title='bbox 1320 1342 1427 1398; x_wconf 89' lang='lat' dir='ltr'>ego</span> <span class='ocrx_word' id='word_1_89' title='bbox 1452 1343 1555 1398; x_wconf 90' lang='lat' dir='ltr'>pro</span> <span class='ocrx_word' id='word_1_90' title='bbox 1581 1325 1863 1380; x_wconf 86' lang='lat' dir='ltr'>ﬁrmitatis</span> <span class='ocrx_word' id='word_1_91' title='bbox 1891 1328 2004 1380; x_wconf 88' lang='lat' dir='ltr'>stu-</span> 
     </span>
    </p>
   </div>
   <div class='ocr_carea' id='block_1_12' title="bbox 361 1418 2002 1494">
    <p class='ocr_par' dir='ltr' id='par_1_12' title="bbox 361 1418 2002 1494">
     <span class='ocr_line' id='line_1_12' title="bbox 361 1418 2002 1494; baseline -0.004 -16"><span class='ocrx_word' id='word_1_92' title='bbox 361 1422 453 1478; x_wconf 94' lang='lat' dir='ltr'>dio</span> <span class='ocrx_word' id='word_1_93' title='bbox 491 1438 622 1477; x_wconf 90' lang='lat' dir='ltr'>eum</span> <span class='ocrx_word' id='word_1_94' title='bbox 662 1420 1083 1494; x_wconf 82' lang='lat' dir='ltr'>metropolitani</span> <span class='ocrx_word' id='word_1_95' title='bbox 1123 1423 1180 1476; x_wconf 88' lang='lat' dir='ltr'>et</span> <span class='ocrx_word' id='word_1_96' title='bbox 1220 1419 1568 1491; x_wconf 88' lang='lat' dir='ltr'>reliquorum</span> <span class='ocrx_word' id='word_1_97' title='bbox 1606 1418 2002 1491; x_wconf 90' lang='lat' dir='ltr'>episcoporum</span> 
     </span>
    </p>
   </div>
   <div class='ocr_carea' id='block_1_13' title="bbox 361 1511 2002 1583">
    <p class='ocr_par' dir='ltr' id='par_1_13' title="bbox 361 1511 2002 1583">
     <span class='ocr_line' id='line_1_13' title="bbox 361 1511 2002 1583; baseline -0.003 -13"><span class='ocrx_word' id='word_1_98' title='bbox 361 1515 592 1570; x_wconf 90' lang='lat' dir='ltr'>consilio</span> <span class='ocrx_word' id='word_1_99' title='bbox 643 1531 707 1572; x_wconf 87' lang='lat' dir='ltr'>ac</span> <span class='ocrx_word' id='word_1_100' title='bbox 758 1514 1013 1570; x_wconf 88' lang='lat' dir='ltr'>suasione</span> <span class='ocrx_word' id='word_1_101' title='bbox 1064 1513 1284 1568; x_wconf 86' lang='lat' dir='ltr'>decrevi</span> <span class='ocrx_word' id='word_1_102' title='bbox 1336 1511 1723 1580; x_wconf 86' lang='lat' dir='ltr'>conscribere,</span> <span class='ocrx_word' id='word_1_103' title='bbox 1777 1527 2002 1583; x_wconf 86' lang='lat' dir='ltr'>quoquo</span> 
     </span>
    </p>
   </div>
   <div class='ocr_carea' id='block_1_14' title="bbox 360 1605 2003 1682">
    <p class='ocr_par' dir='ltr' id='par_1_14' title="bbox 360 1605 2003 1682">
     <span class='ocr_line' id='line_1_14' title="bbox 360 1605 2003 1682; baseline -0.003 -17"><span class='ocrx_word' id='word_1_104' title='bbox 360 1611 616 1682; x_wconf 89' lang='lat' dir='ltr'>tempore</span> <span class='ocrx_word' id='word_1_105' title='bbox 643 1607 834 1664; x_wconf 85' lang='lat' dir='ltr'>venire</span> <span class='ocrx_word' id='word_1_106' title='bbox 863 1606 1246 1680; x_wconf 82' lang='lat' dir='ltr'>temptaverit,</span> <span class='ocrx_word' id='word_1_107' title='bbox 1277 1608 1375 1660; x_wconf 90' lang='lat' dir='ltr'>aut</span> <span class='ocrx_word' id='word_1_108' title='bbox 1404 1605 1658 1662; x_wconf 86' lang='lat' dir='ltr'>fortassis</span> <span class='ocrx_word' id='word_1_109' title='bbox 1689 1605 1880 1660; x_wconf 89' lang='lat' dir='ltr'>locum</span> <span class='ocrx_word' id='word_1_110' title='bbox 1917 1622 2003 1661; x_wconf 89' lang='lat' dir='ltr'>re-</span> 
     </span>
    </p>
   </div>
   <div class='ocr_carea' id='block_1_15' title="bbox 357 1689 2000 1776">
    <p class='ocr_par' dir='ltr' id='par_1_15' title="bbox 357 1689 2000 1776">
     <span class='ocr_line' id='line_1_15' title="bbox 357 1689 2000 1776; baseline -0.002 -18"><span class='ocrx_word' id='word_1_111' title='bbox 357 1702 618 1776; x_wconf 87' lang='lat' dir='ltr'>fragandi</span> <span class='ocrx_word' id='word_1_112' title='bbox 659 1701 948 1776; x_wconf 90' lang='lat' dir='ltr'>quesierit,</span> <span class='ocrx_word' id='word_1_113' title='bbox 977 1701 1038 1756; x_wconf 90' lang='lat' dir='ltr'>in</span> <span class='ocrx_word' id='word_1_114' title='bbox 1061 1699 1263 1773; x_wconf 86' lang='lat' dir='ltr'>primis</span> <span class='ocrx_word' id='word_1_115' title='bbox 1287 1717 1321 1754; x_wconf 92' lang='lat' dir='ltr'>a</span> <span class='ocrx_word' id='word_1_116' title='bbox 1343 1689 1638 1754; x_wconf 86' lang='lat' dir='ltr'>liminibus</span> <span class='ocrx_word' id='word_1_117' title='bbox 1678 1702 2000 1754; x_wconf 90' lang='lat' dir='ltr'>sanctarum</span> 
     </span>
    </p>
   </div>
   <div class='ocr_carea' id='block_1_16' title="bbox 361 1791 1998 1866">
    <p class='ocr_par' dir='ltr' id='par_1_16' title="bbox 361 1791 1998 1866">
     <span class='ocr_line' id='line_1_16' title="bbox 361 1791 1998 1866; baseline -0.004 -13"><span class='ocrx_word' id='word_1_118' title='bbox 361 1795 722 1853; x_wconf 86' lang='lat' dir='ltr'>ecclesiarum</span> <span class='ocrx_word' id='word_1_119' title='bbox 741 1795 810 1851; x_wconf 84' lang='lat' dir='ltr'>ab</span> <span class='ocrx_word' id='word_1_120' title='bbox 831 1794 1094 1851; x_wconf 91' lang='lat' dir='ltr'>omnibus</span> <span class='ocrx_word' id='word_1_121' title='bbox 1109 1792 1384 1866; x_wconf 87' lang='lat' dir='ltr'>episcopis</span> <span class='ocrx_word' id='word_1_122' title='bbox 1402 1796 1459 1848; x_wconf 89' lang='lat' dir='ltr'>et</span> <span class='ocrx_word' id='word_1_123' title='bbox 1477 1792 1861 1848; x_wconf 88' lang='lat' dir='ltr'>sacerdotibus</span> <span class='ocrx_word' id='word_1_124' title='bbox 1882 1791 1998 1862; x_wconf 88' lang='lat' dir='ltr'>Dei,</span> 
     </span>
    </p>
   </div>
   <div class='ocr_carea' id='block_1_17' title="bbox 2102 577 3738 654">
    <p class='ocr_par' dir='ltr' id='par_1_17' title="bbox 2102 577 3738 654">
     <span class='ocr_line' id='line_1_17' title="bbox 2102 577 3738 654; baseline 0.003 -21"><span class='ocrx_word' id='word_1_125' title='bbox 2102 579 2256 635; x_wconf 60' lang='lat' dir='ltr'>tenta</span> <span class='ocrx_word' id='word_1_126' title='bbox 2295 577 2599 649; x_wconf 89' lang='lat' dir='ltr'>apostolico</span> <span class='ocrx_word' id='word_1_127' title='bbox 2625 577 2838 634; x_wconf 90' lang='lat' dir='ltr'>domno</span> <span class='ocrx_word' id='word_1_128' title='bbox 2869 581 2926 633; x_wconf 92' lang='lat' dir='ltr'>et</span> <span class='ocrx_word' id='word_1_129' title='bbox 2964 578 3138 635; x_wconf 89' lang='lat' dir='ltr'>fratre</span> <span class='ocrx_word' id='word_1_130' title='bbox 3162 595 3291 636; x_wconf 89' lang='lat' dir='ltr'>meo</span> <span class='ocrx_word' id='word_1_131' title='bbox 3317 581 3597 636; x_wconf 88' lang='lat' dir='ltr'>Germano</span> <span class='ocrx_word' id='word_1_132' title='bbox 3621 581 3738 654; x_wconf 88' lang='lat' dir='ltr'>epi-</span> 
     </span>
    </p>
   </div>
   <div class='ocr_carea' id='block_1_18' title="bbox 2102 669 3736 746">
    <p class='ocr_par' dir='ltr' id='par_1_18' title="bbox 2102 669 3736 746">
     <span class='ocr_line' id='line_1_18' title="bbox 2102 669 3736 746; baseline 0.003 -21"><span class='ocrx_word' id='word_1_133' title='bbox 2102 686 2274 742; x_wconf 84' lang='lat' dir='ltr'>scopo</span> <span class='ocrx_word' id='word_1_134' title='bbox 2317 673 2376 726; x_wconf 89' lang='lat' dir='ltr'>et</span> <span class='ocrx_word' id='word_1_135' title='bbox 2410 669 2621 726; x_wconf 88' lang='lat' dir='ltr'>domna</span> <span class='ocrx_word' id='word_1_136' title='bbox 2658 670 3031 742; x_wconf 88' lang='lat' dir='ltr'>Ulthrogothe</span> <span class='ocrx_word' id='word_1_137' title='bbox 3071 672 3291 744; x_wconf 88' lang='lat' dir='ltr'>regina,</span> <span class='ocrx_word' id='word_1_138' title='bbox 3319 676 3488 746; x_wconf 89' lang='lat' dir='ltr'>atque</span> <span class='ocrx_word' id='word_1_139' title='bbox 3523 675 3736 730; x_wconf 90' lang='lat' dir='ltr'>domna</span> 
     </span>
    </p>
   </div>
   <div class='ocr_carea' id='block_1_19' title="bbox 2099 763 3736 836">
    <p class='ocr_par' dir='ltr' id='par_1_19' title="bbox 2099 763 3736 836">
     <span class='ocr_line' id='line_1_19' title="bbox 2099 763 3736 836; baseline 0.003 -18"><span class='ocrx_word' id='word_1_140' title='bbox 2099 763 2471 819; x_wconf 87' lang='lat' dir='ltr'>Chrodesinta</span> <span class='ocrx_word' id='word_1_141' title='bbox 2495 779 2560 818; x_wconf 90' lang='lat' dir='ltr'>ac</span> <span class='ocrx_word' id='word_1_142' title='bbox 2578 763 2924 835; x_wconf 87' lang='lat' dir='ltr'>Chroberga,</span> <span class='ocrx_word' id='word_1_143' title='bbox 2949 765 3416 822; x_wconf 89' lang='lat' dir='ltr'>constitutionem</span> <span class='ocrx_word' id='word_1_144' title='bbox 3443 767 3610 836; x_wconf 88' lang='lat' dir='ltr'>hanc,</span> <span class='ocrx_word' id='word_1_145' title='bbox 3633 768 3736 823; x_wconf 89' lang='lat' dir='ltr'>sci-</span> 
     </span>
    </p>
   </div>
   <div class='ocr_carea' id='block_1_20' title="bbox 2100 855 3736 928">
    <p class='ocr_par' dir='ltr' id='par_1_20' title="bbox 2100 855 3736 928">
     <span class='ocr_line' id='line_1_20' title="bbox 2100 855 3736 928; baseline 0.004 -18"><span class='ocrx_word' id='word_1_146' title='bbox 2100 855 2278 911; x_wconf 91' lang='lat' dir='ltr'>liceta</span> <span class='ocrx_word' id='word_1_147' title='bbox 2313 855 2564 927; x_wconf 89' lang='lat' dir='ltr'>presenti</span> <span class='ocrx_word' id='word_1_148' title='bbox 2603 858 2859 928; x_wconf 87' lang='lat' dir='ltr'>tempore</span> <span class='ocrx_word' id='word_1_149' title='bbox 2883 873 2917 910; x_wconf 90' lang='lat' dir='ltr'>a</span> <span class='ocrx_word' id='word_1_150' title='bbox 2941 858 3356 914; x_wconf 88' lang='lat' dir='ltr'>successoribus</span> <span class='ocrx_word' id='word_1_151' title='bbox 3382 859 3576 916; x_wconf 87' lang='lat' dir='ltr'>domui</span> <span class='ocrx_word' id='word_1_152' title='bbox 3606 861 3736 916; x_wconf 89' lang='lat' dir='ltr'>Ger-</span> 
     </span>
    </p>
   </div>
   <div class='ocr_carea' id='block_1_21' title="bbox 2101 948 3738 1026">
    <p class='ocr_par' dir='ltr' id='par_1_21' title="bbox 2101 948 3738 1026">
     <span class='ocr_line' id='line_1_21' title="bbox 2101 948 3738 1026; baseline 0.002 -22"><span class='ocrx_word' id='word_1_153' title='bbox 2101 949 2254 1004; x_wconf 89' lang='lat' dir='ltr'>mani</span> <span class='ocrx_word' id='word_1_154' title='bbox 2281 948 2526 1020; x_wconf 88' lang='lat' dir='ltr'>episc0pi</span> <span class='ocrx_word' id='word_1_155' title='bbox 2555 949 2832 1022; x_wconf 86' lang='lat' dir='ltr'>perpetuo</span> <span class='ocrx_word' id='word_1_156' title='bbox 2863 951 3292 1020; x_wconf 85' lang='lat' dir='ltr'>custodiendam</span> <span class='ocrx_word' id='word_1_157' title='bbox 3315 953 3509 1026; x_wconf 87' lang='lat' dir='ltr'>relegi,</span> <span class='ocrx_word' id='word_1_158' title='bbox 3538 957 3596 1010; x_wconf 90' lang='lat' dir='ltr'>et</span> <span class='ocrx_word' id='word_1_159' title='bbox 3619 971 3738 1009; x_wconf 89' lang='lat' dir='ltr'>ma-</span> 
     </span>
    </p>
   </div>
   <div class='ocr_carea' id='block_1_22' title="bbox 2101 1042 3736 1122">
    <p class='ocr_par' dir='ltr' id='par_1_22' title="bbox 2101 1042 3736 1122">
     <span class='ocr_line' id='line_1_22' title="bbox 2101 1042 3736 1122; baseline 0.004 -24"><span class='ocrx_word' id='word_1_160' title='bbox 2101 1060 2208 1098; x_wconf 90' lang='lat' dir='ltr'>nus</span> <span class='ocrx_word' id='word_1_161' title='bbox 2235 1058 2362 1098; x_wconf 89' lang='lat' dir='ltr'>mee</span> <span class='ocrx_word' id='word_1_162' title='bbox 2392 1042 2805 1115; x_wconf 88' lang='lat' dir='ltr'>subscriptione</span> <span class='ocrx_word' id='word_1_163' title='bbox 2830 1045 3186 1122; x_wconf 84' lang='lat' dir='ltr'>corroboravi</span> <span class='ocrx_word' id='word_1_164' title='bbox 3212 1049 3404 1102; x_wconf 88' lang='lat' dir='ltr'>notato</span> <span class='ocrx_word' id='word_1_165' title='bbox 3423 1047 3514 1103; x_wconf 89' lang='lat' dir='ltr'>die</span> <span class='ocrx_word' id='word_1_166' title='bbox 3542 1047 3590 1104; x_wconf 73' lang='grc' dir='ltr'>ι).</span> <span class='ocrx_word' id='word_1_167' title='bbox 3607 1049 3736 1122; x_wconf 83' lang='lat' dir='ltr'>Pre-</span> 
     </span>
    </p>
   </div>
   <div class='ocr_carea' id='block_1_23' title="bbox 2101 1137 3734 1211">
    <p class='ocr_par' dir='ltr' id='par_1_23' title="bbox 2101 1137 3734 1211">
     <span class='ocr_line' id='line_1_23' title="bbox 2101 1137 3734 1211; baseline 0.003 -19"><span class='ocrx_word' id='word_1_168' title='bbox 2101 1139 2347 1192; x_wconf 85' lang='lat' dir='ltr'>textatus</span> <span class='ocrx_word' id='word_1_169' title='bbox 2369 1137 2772 1194; x_wconf 89' lang='lat' dir='ltr'>Cabillonensis</span> <span class='ocrx_word' id='word_1_170' title='bbox 2797 1137 3111 1211; x_wconf 89' lang='lat' dir='ltr'>episcopus,</span> <span class='ocrx_word' id='word_1_171' title='bbox 3142 1139 3606 1196; x_wconf 89' lang='lat' dir='ltr'>deliberationem</span> <span class='ocrx_word' id='word_1_172' title='bbox 3635 1159 3734 1196; x_wconf 89' lang='lat' dir='ltr'>su-</span> 
     </span>
    </p>
   </div>
   <div class='ocr_carea' id='block_1_24' title="bbox 2100 1230 3732 1306">
    <p class='ocr_par' dir='ltr' id='par_1_24' title="bbox 2100 1230 3732 1306">
     <span class='ocr_line' id='line_1_24' title="bbox 2100 1230 3732 1306; baseline 0.003 -20"><span class='ocrx_word' id='word_1_173' title='bbox 2100 1230 2290 1303; x_wconf 89' lang='lat' dir='ltr'>perius</span> <span class='ocrx_word' id='word_1_174' title='bbox 2332 1231 2820 1302; x_wconf 85' lang='lat' dir='ltr'>comprehensam,</span> <span class='ocrx_word' id='word_1_175' title='bbox 2853 1235 3092 1304; x_wconf 84' lang='lat' dir='ltr'>rogante</span> <span class='ocrx_word' id='word_1_176' title='bbox 3127 1236 3184 1288; x_wconf 90' lang='lat' dir='ltr'>et</span> <span class='ocrx_word' id='word_1_177' title='bbox 3216 1237 3478 1306; x_wconf 90' lang='lat' dir='ltr'>presente</span> <span class='ocrx_word' id='word_1_178' title='bbox 3519 1235 3732 1291; x_wconf 92' lang='lat' dir='ltr'>domno</span> 
     </span>
    </p>
   </div>
   <div class='ocr_carea' id='block_1_25' title="bbox 2102 1325 3737 1400">
    <p class='ocr_par' dir='ltr' id='par_1_25' title="bbox 2102 1325 3737 1400">
     <span class='ocr_line' id='line_1_25' title="bbox 2102 1325 3737 1400; baseline 0.001 -20"><span class='ocrx_word' id='word_1_179' title='bbox 2102 1325 2379 1380; x_wconf 89' lang='lat' dir='ltr'>Germano</span> <span class='ocrx_word' id='word_1_180' title='bbox 2401 1325 2684 1396; x_wconf 90' lang='lat' dir='ltr'>episcopo,</span> <span class='ocrx_word' id='word_1_181' title='bbox 2705 1325 3019 1396; x_wconf 87' lang='lat' dir='ltr'>gaudenter</span> <span class='ocrx_word' id='word_1_182' title='bbox 3037 1326 3256 1398; x_wconf 89' lang='lat' dir='ltr'>suscepi</span> <span class='ocrx_word' id='word_1_183' title='bbox 3283 1327 3651 1400; x_wconf 89' lang='lat' dir='ltr'>relegendam</span> <span class='ocrx_word' id='word_1_184' title='bbox 3678 1331 3737 1384; x_wconf 90' lang='lat' dir='ltr'>et</span> 
     </span>
    </p>
   </div>
   <div class='ocr_carea' id='block_1_26' title="bbox 2103 1417 3736 1494">
    <p class='ocr_par' dir='ltr' id='par_1_26' title="bbox 2103 1417 3736 1494">
     <span class='ocr_line' id='line_1_26' title="bbox 2103 1417 3736 1494; baseline 0.004 -22"><span class='ocrx_word' id='word_1_185' title='bbox 2103 1417 2404 1490; x_wconf 87' lang='lat' dir='ltr'>subscripsi</span> <span class='ocrx_word' id='word_1_186' title='bbox 2439 1421 2638 1473; x_wconf 90' lang='lat' dir='ltr'>notato</span> <span class='ocrx_word' id='word_1_187' title='bbox 2677 1419 2788 1475; x_wconf 90' lang='lat' dir='ltr'>die.</span> <span class='ocrx_word' id='word_1_188' title='bbox 2817 1417 2973 1474; x_wconf 80' lang='lat' dir='ltr'>Felix</span> <span class='ocrx_word' id='word_1_189' title='bbox 2999 1419 3412 1476; x_wconf 87' lang='lat' dir='ltr'>Aurelianensis</span> <span class='ocrx_word' id='word_1_190' title='bbox 3437 1422 3736 1494; x_wconf 90' lang='lat' dir='ltr'>episcopus</span> 
     </span>
    </p>
   </div>
   <div class='ocr_carea' id='block_1_27' title="bbox 2095 1512 3735 1584">
    <p class='ocr_par' dir='ltr' id='par_1_27' title="bbox 2095 1512 3735 1584">
     <span class='ocr_line' id='line_1_27' title="bbox 2095 1512 3735 1584; baseline 0.004 -18"><span class='ocrx_word' id='word_1_191' title='bbox 2095 1512 2261 1584; x_wconf 84' lang='lat' dir='ltr'>juxta</span> <span class='ocrx_word' id='word_1_192' title='bbox 2297 1526 2637 1567; x_wconf 89' lang='lat' dir='ltr'>consensum</span> <span class='ocrx_word' id='word_1_193' title='bbox 2666 1515 2722 1567; x_wconf 89' lang='lat' dir='ltr'>et</span> <span class='ocrx_word' id='word_1_194' title='bbox 2748 1513 3216 1568; x_wconf 87' lang='lat' dir='ltr'>deliberationem</span> <span class='ocrx_word' id='word_1_195' title='bbox 3248 1515 3441 1570; x_wconf 91' lang='lat' dir='ltr'>domni</span> <span class='ocrx_word' id='word_1_196' title='bbox 3468 1515 3735 1572; x_wconf 89' lang='lat' dir='ltr'>Germani</span> 
     </span>
    </p>
   </div>
   <div class='ocr_carea' id='block_1_28' title="bbox 2104 1605 3739 1680">
    <p class='ocr_par' dir='ltr' id='par_1_28' title="bbox 2104 1605 3739 1680">
     <span class='ocr_line' id='line_1_28' title="bbox 2104 1605 3739 1680; baseline 0.002 -20"><span class='ocrx_word' id='word_1_197' title='bbox 2104 1605 2162 1660; x_wconf 90' lang='lat' dir='ltr'>in</span> <span class='ocrx_word' id='word_1_198' title='bbox 2187 1609 2462 1678; x_wconf 91' lang='lat' dir='ltr'>perpetuo</span> <span class='ocrx_word' id='word_1_199' title='bbox 2487 1623 2836 1676; x_wconf 89' lang='lat' dir='ltr'>mansuram,</span> <span class='ocrx_word' id='word_1_200' title='bbox 2864 1607 3168 1680; x_wconf 88' lang='lat' dir='ltr'>subscripsi</span> <span class='ocrx_word' id='word_1_201' title='bbox 3193 1611 3387 1664; x_wconf 87' lang='lat' dir='ltr'>notato</span> <span class='ocrx_word' id='word_1_202' title='bbox 3413 1609 3524 1664; x_wconf 90' lang='lat' dir='ltr'>die.</span> <span class='ocrx_word' id='word_1_203' title='bbox 3543 1611 3739 1666; x_wconf 81' lang='lat' dir='ltr'>Eufra-</span> 
     </span>
    </p>
   </div>
   <div class='ocr_carea' id='block_1_29' title="bbox 2102 1697 3738 1775">
    <p class='ocr_par' dir='ltr' id='par_1_29' title="bbox 2102 1697 3738 1775">
     <span class='ocr_line' id='line_1_29' title="bbox 2102 1697 3738 1775; baseline 0.003 -22"><span class='ocrx_word' id='word_1_204' title='bbox 2102 1697 2230 1754; x_wconf 90' lang='lat' dir='ltr'>nius</span> <span class='ocrx_word' id='word_1_205' title='bbox 2269 1699 2622 1755; x_wconf 87' lang='lat' dir='ltr'>Nivernensis</span> <span class='ocrx_word' id='word_1_206' title='bbox 2663 1699 2978 1772; x_wconf 84' lang='lat' dir='ltr'>episcOpus,</span> <span class='ocrx_word' id='word_1_207' title='bbox 3008 1705 3246 1774; x_wconf 85' lang='lat' dir='ltr'>rogante</span> <span class='ocrx_word' id='word_1_208' title='bbox 3277 1702 3490 1758; x_wconf 90' lang='lat' dir='ltr'>domno</span> <span class='ocrx_word' id='word_1_209' title='bbox 3517 1707 3738 1775; x_wconf 91' lang='lat' dir='ltr'>aposto-</span> 
     </span>
    </p>
   </div>
   <div class='ocr_carea' id='block_1_30' title="bbox 2100 1792 3734 1870">
    <p class='ocr_par' dir='ltr' id='par_1_30' title="bbox 2100 1792 3734 1870">
     <span class='ocr_line' id='line_1_30' title="bbox 2100 1792 3734 1870; baseline 0.004 -24"><span class='ocrx_word' id='word_1_210' title='bbox 2100 1792 2206 1846; x_wconf 91' lang='lat' dir='ltr'>lico</span> <span class='ocrx_word' id='word_1_211' title='bbox 2233 1793 2514 1848; x_wconf 88' lang='lat' dir='ltr'>Germano</span> <span class='ocrx_word' id='word_1_212' title='bbox 2555 1793 2836 1866; x_wconf 90' lang='lat' dir='ltr'>episcopo,</span> <span class='ocrx_word' id='word_1_213' title='bbox 2873 1794 3018 1849; x_wconf 90' lang='lat' dir='ltr'>hanc</span> <span class='ocrx_word' id='word_1_214' title='bbox 3051 1794 3516 1852; x_wconf 87' lang='lat' dir='ltr'>deliberationem</span> <span class='ocrx_word' id='word_1_215' title='bbox 3557 1797 3734 1870; x_wconf 84' lang='lat' dir='ltr'>relegi</span> 
     </span>
    </p>
   </div>
   <div class='ocr_carea' id='block_1_31' title="bbox 359 1877 3736 1962">
    <p class='ocr_par' dir='ltr' id='par_1_31' title="bbox 359 1877 3736 1962">
     <span class='ocr_line' id='line_1_31' title="bbox 359 1877 3736 1962; baseline 0 -16"><span class='ocrx_word' id='word_1_216' title='bbox 359 1893 476 1946; x_wconf 89' lang='lat' dir='ltr'>tam</span> <span class='ocrx_word' id='word_1_217' title='bbox 523 1889 801 1962; x_wconf 88' lang='lat' dir='ltr'>presentis</span> <span class='ocrx_word' id='word_1_218' title='bbox 848 1889 1120 1961; x_wconf 89' lang='lat' dir='ltr'>temporis</span> <span class='ocrx_word' id='word_1_219' title='bbox 1169 1903 1342 1959; x_wconf 89' lang='lat' dir='ltr'>quam</span> <span class='ocrx_word' id='word_1_220' title='bbox 1392 1885 1603 1953; x_wconf 88' lang='lat' dir='ltr'>futuri,</span> <span class='ocrx_word' id='word_1_221' title='bbox 1656 1886 1730 1940; x_wconf 90' lang='lat' dir='ltr'>sit</span> <span class='ocrx_word' id='word_1_222' title='bbox 1777 1877 2074 1948; x_wconf 83' lang='lat' dir='ltr'>excom-B</span> <span class='ocrx_word' id='word_1_223' title='bbox 2099 1890 2156 1942; x_wconf 90' lang='lat' dir='ltr'>et</span> <span class='ocrx_word' id='word_1_224' title='bbox 2201 1885 2525 1958; x_wconf 89' lang='lat' dir='ltr'>subscripsi,</span> <span class='ocrx_word' id='word_1_225' title='bbox 2567 1889 2762 1942; x_wconf 89' lang='lat' dir='ltr'>notato</span> <span class='ocrx_word' id='word_1_226' title='bbox 2815 1887 2926 1942; x_wconf 92' lang='lat' dir='ltr'>die.</span> <span class='ocrx_word' id='word_1_227' title='bbox 2969 1888 3331 1944; x_wconf 90' lang='lat' dir='ltr'>Domicianus</span> <span class='ocrx_word' id='word_1_228' title='bbox 3373 1891 3736 1946; x_wconf 85' lang='lat' dir='ltr'>Carnotensis</span> 
     </span>
    </p>
   </div>
   <div class='ocr_carea' id='block_1_32' title="bbox 358 1977 1991 2053">
    <p class='ocr_par' dir='ltr' id='par_1_32' title="bbox 358 1977 1991 2053">
     <span class='ocr_line' id='line_1_32' title="bbox 358 1977 1991 2053; baseline -0.004 -14"><span class='ocrx_word' id='word_1_229' title='bbox 358 1983 698 2053; x_wconf 88' lang='lat' dir='ltr'>municatus,</span> <span class='ocrx_word' id='word_1_230' title='bbox 746 1985 804 2039; x_wconf 88' lang='lat' dir='ltr'>et</span> <span class='ocrx_word' id='word_1_231' title='bbox 839 1982 1057 2038; x_wconf 90' lang='lat' dir='ltr'>alienus</span> <span class='ocrx_word' id='word_1_232' title='bbox 1093 1997 1127 2035; x_wconf 91' lang='lat' dir='ltr'>a</span> <span class='ocrx_word' id='word_1_233' title='bbox 1161 1997 1318 2053; x_wconf 89' lang='lat' dir='ltr'>pace,</span> <span class='ocrx_word' id='word_1_234' title='bbox 1358 1983 1416 2036; x_wconf 90' lang='lat' dir='ltr'>et</span> <span class='ocrx_word' id='word_1_235' title='bbox 1451 1980 1511 2034; x_wconf 91' lang='lat' dir='ltr'>in</span> <span class='ocrx_word' id='word_1_236' title='bbox 1552 1979 1742 2034; x_wconf 91' lang='lat' dir='ltr'>futuro</span> <span class='ocrx_word' id='word_1_237' title='bbox 1773 1977 1991 2050; x_wconf 87' lang='lat' dir='ltr'>judicio</span> 
     </span>
    </p>
   </div>
   <div class='ocr_carea' id='block_1_33' title="bbox 357 2071 1992 2145">
    <p class='ocr_par' dir='ltr' id='par_1_33' title="bbox 357 2071 1992 2145">
     <span class='ocr_line' id='line_1_33' title="bbox 357 2071 1992 2145; baseline -0.004 -13"><span class='ocrx_word' id='word_1_238' title='bbox 357 2094 486 2132; x_wconf 90' lang='lat' dir='ltr'>cum</span> <span class='ocrx_word' id='word_1_239' title='bbox 532 2076 737 2132; x_wconf 90' lang='lat' dir='ltr'>sanctis</span> <span class='ocrx_word' id='word_1_240' title='bbox 777 2077 833 2131; x_wconf 89' lang='lat' dir='ltr'>et</span> <span class='ocrx_word' id='word_1_241' title='bbox 869 2075 1064 2130; x_wconf 90' lang='lat' dir='ltr'>amicis</span> <span class='ocrx_word' id='word_1_242' title='bbox 1101 2074 1220 2142; x_wconf 87' lang='lat' dir='ltr'>Dei,</span> <span class='ocrx_word' id='word_1_243' title='bbox 1251 2073 1309 2128; x_wconf 92' lang='lat' dir='ltr'>in</span> <span class='ocrx_word' id='word_1_244' title='bbox 1350 2089 1592 2145; x_wconf 91' lang='lat' dir='ltr'>quorum</span> <span class='ocrx_word' id='word_1_245' title='bbox 1634 2073 1849 2128; x_wconf 88' lang='lat' dir='ltr'>honore</span> <span class='ocrx_word' id='word_1_246' title='bbox 1884 2071 1992 2127; x_wconf 89' lang='lat' dir='ltr'>hec</span> 
     </span>
    </p>
   </div>
   <div class='ocr_carea' id='block_1_34' title="bbox 355 2165 1992 2242">
    <p class='ocr_par' dir='ltr' id='par_1_34' title="bbox 355 2165 1992 2242">
     <span class='ocr_line' id='line_1_34' title="bbox 355 2165 1992 2242; baseline -0.004 -16"><span class='ocrx_word' id='word_1_247' title='bbox 355 2169 690 2242; x_wconf 91' lang='lat' dir='ltr'>conscriptio</span> <span class='ocrx_word' id='word_1_248' title='bbox 717 2169 864 2224; x_wconf 88' lang='lat' dir='ltr'>facta</span> <span class='ocrx_word' id='word_1_249' title='bbox 896 2171 1000 2238; x_wconf 90' lang='lat' dir='ltr'>est,</span> <span class='ocrx_word' id='word_1_250' title='bbox 1031 2183 1227 2224; x_wconf 89' lang='lat' dir='ltr'>meum</span> <span class='ocrx_word' id='word_1_251' title='bbox 1252 2184 1316 2222; x_wconf 90' lang='lat' dir='ltr'>ac</span> <span class='ocrx_word' id='word_1_252' title='bbox 1345 2165 1706 2222; x_wconf 90' lang='lat' dir='ltr'>dominorum</span> <span class='ocrx_word' id='word_1_253' title='bbox 1731 2181 1992 2220; x_wconf 90' lang='lat' dir='ltr'>meorum</span> 
     </span>
    </p>
   </div>
   <div class='ocr_carea' id='block_1_35' title="bbox 356 2258 1994 2336">
    <p class='ocr_par' dir='ltr' id='par_1_35' title="bbox 356 2258 1994 2336">
     <span class='ocr_line' id='line_1_35' title="bbox 356 2258 1994 2336; baseline -0.003 -16"><span class='ocrx_word' id='word_1_254' title='bbox 356 2263 920 2336; x_wconf 83' lang='lat' dir='ltr'>metropolitanorum</span> <span class='ocrx_word' id='word_1_255' title='bbox 933 2279 1030 2318; x_wconf 91' lang='lat' dir='ltr'>seu</span> <span class='ocrx_word' id='word_1_256' title='bbox 1047 2261 1443 2334; x_wconf 91' lang='lat' dir='ltr'>episcoporum</span> <span class='ocrx_word' id='word_1_257' title='bbox 1456 2258 1804 2332; x_wconf 88' lang='lat' dir='ltr'>presentium</span> <span class='ocrx_word' id='word_1_258' title='bbox 1823 2275 1994 2332; x_wconf 91' lang='lat' dir='ltr'>super</span> 
     </span>
    </p>
   </div>
   <div class='ocr_carea' id='block_1_36' title="bbox 354 2353 1989 2427">
    <p class='ocr_par' dir='ltr' id='par_1_36' title="bbox 354 2353 1989 2427">
     <span class='ocr_line' id='line_1_36' title="bbox 354 2353 1989 2427; baseline -0.004 -15"><span class='ocrx_word' id='word_1_259' title='bbox 354 2373 414 2414; x_wconf 88' lang='lat' dir='ltr'>se</span> <span class='ocrx_word' id='word_1_260' title='bbox 439 2357 630 2414; x_wconf 89' lang='lat' dir='ltr'>adesse</span> <span class='ocrx_word' id='word_1_261' title='bbox 655 2355 861 2412; x_wconf 87' lang='lat' dir='ltr'>sentiat</span> <span class='ocrx_word' id='word_1_262' title='bbox 879 2355 1180 2427; x_wconf 90' lang='lat' dir='ltr'>judicium,</span> <span class='ocrx_word' id='word_1_263' title='bbox 1211 2358 1268 2410; x_wconf 92' lang='lat' dir='ltr'>et</span> <span class='ocrx_word' id='word_1_264' title='bbox 1294 2353 1366 2408; x_wconf 91' lang='lat' dir='ltr'>sit</span> <span class='ocrx_word' id='word_1_265' title='bbox 1397 2353 1701 2408; x_wconf 86' lang='lat' dir='ltr'>anathema</span> <span class='ocrx_word' id='word_1_266' title='bbox 1725 2368 1989 2407; x_wconf 86' lang='lat' dir='ltr'>marana-</span> 
     </span>
    </p>
   </div>
   <div class='ocr_carea' id='block_1_37' title="bbox 355 2444 1988 2521">
    <p class='ocr_par' dir='ltr' id='par_1_37' title="bbox 355 2444 1988 2521">
     <span class='ocr_line' id='line_1_37' title="bbox 355 2444 1988 2521; baseline -0.003 -15"><span class='ocrx_word' id='word_1_267' title='bbox 355 2451 474 2507; x_wconf 88' lang='lat' dir='ltr'>tha.</span> <span class='ocrx_word' id='word_1_268' title='bbox 506 2451 576 2506; x_wconf 81' lang='lat' dir='ltr'>At</span> <span class='ocrx_word' id='word_1_269' title='bbox 605 2449 835 2521; x_wconf 91' lang='lat' dir='ltr'>insuper</span> <span class='ocrx_word' id='word_1_270' title='bbox 859 2452 920 2504; x_wconf 91' lang='lat' dir='ltr'>ut</span> <span class='ocrx_word' id='word_1_271' title='bbox 944 2449 1050 2504; x_wconf 92' lang='lat' dir='ltr'>hec</span> <span class='ocrx_word' id='word_1_272' title='bbox 1077 2447 1290 2505; x_wconf 84' lang='lat' dir='ltr'>cartula</span> <span class='ocrx_word' id='word_1_273' title='bbox 1318 2446 1626 2501; x_wconf 82' lang='lat' dir='ltr'>ﬁrmiorem</span> <span class='ocrx_word' id='word_1_274' title='bbox 1664 2445 1839 2518; x_wconf 91' lang='lat' dir='ltr'>possit</span> <span class='ocrx_word' id='word_1_275' title='bbox 1866 2444 1988 2502; x_wconf 89' lang='lat' dir='ltr'>adi-</span> 
     </span>
    </p>
   </div>
   <div class='ocr_carea' id='block_1_38' title="bbox 351 2539 1989 2618">
    <p class='ocr_par' dir='ltr' id='par_1_38' title="bbox 351 2539 1989 2618">
     <span class='ocr_line' id='line_1_38' title="bbox 351 2539 1989 2618; baseline -0.004 -18"><span class='ocrx_word' id='word_1_276' title='bbox 351 2543 494 2618; x_wconf 89' lang='lat' dir='ltr'>pisci</span> <span class='ocrx_word' id='word_1_277' title='bbox 529 2542 974 2616; x_wconf 90' lang='lat' dir='ltr'>plenitudinem,</span> <span class='ocrx_word' id='word_1_278' title='bbox 1023 2539 1581 2613; x_wconf 87' lang='lat' dir='ltr'>comprovincialium</span> <span class='ocrx_word' id='word_1_279' title='bbox 1624 2539 1989 2595; x_wconf 90' lang='lat' dir='ltr'>dominorum</span> 
     </span>
    </p>
   </div>
   <div class='ocr_carea' id='block_1_39' title="bbox 353 2633 1990 2710">
    <p class='ocr_par' dir='ltr' id='par_1_39' title="bbox 353 2633 1990 2710">
     <span class='ocr_line' id='line_1_39' title="bbox 353 2633 1990 2710; baseline -0.004 -16"><span class='ocrx_word' id='word_1_280' title='bbox 353 2637 742 2710; x_wconf 90' lang='lat' dir='ltr'>episcoporum</span> <span class='ocrx_word' id='word_1_281' title='bbox 763 2638 819 2691; x_wconf 88' lang='lat' dir='ltr'>et</span> <span class='ocrx_word' id='word_1_282' title='bbox 847 2635 1089 2690; x_wconf 85' lang='lat' dir='ltr'>fratrum</span> <span class='ocrx_word' id='word_1_283' title='bbox 1117 2651 1376 2690; x_wconf 90' lang='lat' dir='ltr'>meorum</span> <span class='ocrx_word' id='word_1_284' title='bbox 1403 2633 1866 2705; x_wconf 88' lang='lat' dir='ltr'>presbyterorum</span> <span class='ocrx_word' id='word_1_285' title='bbox 1891 2648 1990 2689; x_wconf 89' lang='lat' dir='ltr'>seu</span> 
     </span>
    </p>
   </div>
   <div class='ocr_carea' id='block_1_40' title="bbox 349 2725 1991 2800">
    <p class='ocr_par' dir='ltr' id='par_1_40' title="bbox 349 2725 1991 2800">
     <span class='ocr_line' id='line_1_40' title="bbox 349 2725 1991 2800; baseline -0.005 -13"><span class='ocrx_word' id='word_1_286' title='bbox 349 2731 718 2787; x_wconf 88' lang='lat' dir='ltr'>diaconorum</span> <span class='ocrx_word' id='word_1_287' title='bbox 759 2727 1264 2800; x_wconf 88' lang='lat' dir='ltr'>conscriptionibus</span> <span class='ocrx_word' id='word_1_288' title='bbox 1316 2727 1496 2798; x_wconf 89' lang='lat' dir='ltr'>ipsam</span> <span class='ocrx_word' id='word_1_289' title='bbox 1534 2725 1684 2780; x_wconf 90' lang='lat' dir='ltr'>volui</span> <span class='ocrx_word' id='word_1_290' title='bbox 1733 2725 1991 2780; x_wconf 89' lang='lat' dir='ltr'>corrobo-</span> 
     </span>
    </p>
   </div>
   <div class='ocr_carea' id='block_1_41' title="bbox 351 2817 1986 2887">
    <p class='ocr_par' dir='ltr' id='par_1_41' title="bbox 351 2817 1986 2887">
     <span class='ocr_line' id='line_1_41' title="bbox 351 2817 1986 2887; baseline -0.005 -7"><span class='ocrx_word' id='word_1_291' title='bbox 351 2840 497 2880; x_wconf 88' lang='lat' dir='ltr'>rare.</span> <span class='ocrx_word' id='word_1_292' title='bbox 542 2826 744 2878; x_wconf 87' lang='lat' dir='ltr'>Actum</span> <span class='ocrx_word' id='word_1_293' title='bbox 787 2820 1028 2876; x_wconf 88' lang='lat' dir='ltr'>Parisius</span> <span class='ocrx_word' id='word_1_294' title='bbox 1069 2819 1311 2887; x_wconf 80' lang='lat' dir='ltr'>civitate,</span> <span class='ocrx_word' id='word_1_295' title='bbox 1356 2819 1458 2874; x_wconf 92' lang='lat' dir='ltr'>sub</span> <span class='ocrx_word' id='word_1_296' title='bbox 1505 2819 1597 2874; x_wconf 91' lang='lat' dir='ltr'>die</span> <span class='ocrx_word' id='word_1_297' title='bbox 1636 2835 1711 2874; x_wconf 83' lang='lat' dir='ltr'>xu</span> <span class='ocrx_word' id='word_1_298' title='bbox 1753 2817 1986 2873; x_wconf 88' lang='lat' dir='ltr'>Kalend.</span> 
     </span>
    </p>
   </div>
   <div class='ocr_carea' id='block_1_42' title="bbox 351 2911 1990 2988">
    <p class='ocr_par' dir='ltr' id='par_1_42' title="bbox 351 2911 1990 2988">
     <span class='ocr_line' id='line_1_42' title="bbox 351 2911 1990 2988; baseline -0.005 -15"><span class='ocrx_word' id='word_1_299' title='bbox 351 2915 709 2988; x_wconf 88' lang='lat' dir='ltr'>septembris,</span> <span class='ocrx_word' id='word_1_300' title='bbox 760 2930 909 2969; x_wconf 90' lang='lat' dir='ltr'>anno</span> <span class='ocrx_word' id='word_1_301' title='bbox 964 2919 994 2970; x_wconf 79' lang='lat'><strong>5</strong></span> <span class='ocrx_word' id='word_1_302' title='bbox 1045 2912 1358 2969; x_wconf 88' lang='lat' dir='ltr'>Chariberti</span> <span class='ocrx_word' id='word_1_303' title='bbox 1407 2912 1558 2984; x_wconf 85' lang='lat' dir='ltr'>regis</span> <span class='ocrx_word' id='word_1_304' title='bbox 1583 2911 1629 2966; x_wconf 79' lang='grc'>⁸.</span> <span class='ocrx_word' id='word_1_305' title='bbox 1677 2911 1990 2966; x_wconf 89' lang='lat' dir='ltr'>Germanus</span> 
     </span>
    </p>
   </div>
   <div class='ocr_carea' id='block_1_43' title="bbox 353 3003 1990 3082">
    <p class='ocr_par' dir='ltr' id='par_1_43' title="bbox 353 3003 1990 3082">
     <span class='ocr_line' id='line_1_43' title="bbox 353 3003 1990 3082; baseline -0.005 -17"><span class='ocrx_word' id='word_1_306' title='bbox 353 3013 612 3082; x_wconf 88' lang='lat' dir='ltr'>peccator</span> <span class='ocrx_word' id='word_1_307' title='bbox 661 3009 808 3063; x_wconf 89' lang='lat' dir='ltr'>hanc</span> <span class='ocrx_word' id='word_1_308' title='bbox 861 3007 1132 3062; x_wconf 88' lang='lat' dir='ltr'>cartulam</span> <span class='ocrx_word' id='word_1_309' title='bbox 1177 3005 1437 3060; x_wconf 90' lang='lat' dir='ltr'>cessionis</span> <span class='ocrx_word' id='word_1_310' title='bbox 1485 3007 1543 3059; x_wconf 89' lang='lat' dir='ltr'>et</span> <span class='ocrx_word' id='word_1_311' title='bbox 1583 3003 1908 3060; x_wconf 89' lang='lat' dir='ltr'>emunitatis</span> <span class='ocrx_word' id='word_1_312' title='bbox 1956 3021 1990 3058; x_wconf 89' lang='lat' dir='ltr'>a</span> 
     </span>
    </p>
   </div>
   <div class='ocr_carea' id='block_1_44' title="bbox 354 3097 1990 3173">
    <p class='ocr_par' dir='ltr' id='par_1_44' title="bbox 354 3097 1990 3173">
     <span class='ocr_line' id='line_1_44' title="bbox 354 3097 1990 3173; baseline -0.003 -15"><span class='ocrx_word' id='word_1_313' title='bbox 354 3119 447 3159; x_wconf 92' lang='lat' dir='ltr'>me</span> <span class='ocrx_word' id='word_1_314' title='bbox 471 3103 676 3160; x_wconf 82' lang='lat' dir='ltr'>factam</span> <span class='ocrx_word' id='word_1_315' title='bbox 697 3100 874 3173; x_wconf 88' lang='lat' dir='ltr'>relegi</span> <span class='ocrx_word' id='word_1_316' title='bbox 897 3103 956 3156; x_wconf 89' lang='lat' dir='ltr'>et</span> <span class='ocrx_word' id='word_1_317' title='bbox 973 3098 1295 3170; x_wconf 89' lang='lat' dir='ltr'>subscripsi,</span> <span class='ocrx_word' id='word_1_318' title='bbox 1319 3098 1422 3153; x_wconf 90' lang='lat' dir='ltr'>sub</span> <span class='ocrx_word' id='word_1_319' title='bbox 1445 3097 1534 3154; x_wconf 92' lang='lat' dir='ltr'>die</span> <span class='ocrx_word' id='word_1_320' title='bbox 1554 3113 1666 3170; x_wconf 91' lang='lat' dir='ltr'>quo</span> <span class='ocrx_word' id='word_1_321' title='bbox 1686 3113 1878 3169; x_wconf 89' lang='lat' dir='ltr'>supra.</span> <span class='ocrx_word' id='word_1_322' title='bbox 1900 3097 1990 3154; x_wconf 82' lang='lat' dir='ltr'>Ni.-</span> 
     </span>
    </p>
   </div>
   <div class='ocr_carea' id='block_1_45' title="bbox 2091 1979 3733 2056">
    <p class='ocr_par' dir='ltr' id='par_1_45' title="bbox 2091 1979 3733 2056">
     <span class='ocr_line' id='line_1_45' title="bbox 2091 1979 3733 2056; baseline 0.004 -23"><span class='ocrx_word' id='word_1_323' title='bbox 2091 1979 2409 2056; x_wconf 88' lang='lat' dir='ltr'>episcopus,</span> <span class='ocrx_word' id='word_1_324' title='bbox 2425 1979 2591 2050; x_wconf 86' lang='lat' dir='ltr'>juxta</span> <span class='ocrx_word' id='word_1_325' title='bbox 2615 1996 2955 2040; x_wconf 88' lang='lat' dir='ltr'>consensum</span> <span class='ocrx_word' id='word_1_326' title='bbox 2979 1985 3036 2036; x_wconf 89' lang='lat' dir='ltr'>et</span> <span class='ocrx_word' id='word_1_327' title='bbox 3055 1981 3520 2038; x_wconf 86' lang='lat' dir='ltr'>deliberationem</span> <span class='ocrx_word' id='word_1_328' title='bbox 3541 1985 3733 2040; x_wconf 89' lang='lat' dir='ltr'>fratris</span> 
     </span>
    </p>
   </div>
   <div class='ocr_carea' id='block_1_46' title="bbox 2092 2071 3733 2149">
    <p class='ocr_par' dir='ltr' id='par_1_46' title="bbox 2092 2071 3733 2149">
     <span class='ocr_line' id='line_1_46' title="bbox 2092 2071 3733 2149; baseline 0.004 -23"><span class='ocrx_word' id='word_1_329' title='bbox 2092 2071 2206 2128; x_wconf 91' lang='lat' dir='ltr'>mei</span> <span class='ocrx_word' id='word_1_330' title='bbox 2235 2073 2500 2128; x_wconf 88' lang='lat' dir='ltr'>Germani</span> <span class='ocrx_word' id='word_1_331' title='bbox 2541 2073 2789 2146; x_wconf 91' lang='lat' dir='ltr'>episcopi</span> <span class='ocrx_word' id='word_1_332' title='bbox 2828 2075 3086 2130; x_wconf 91' lang='lat' dir='ltr'>consensi</span> <span class='ocrx_word' id='word_1_333' title='bbox 3121 2079 3178 2130; x_wconf 89' lang='lat' dir='ltr'>et</span> <span class='ocrx_word' id='word_1_334' title='bbox 3204 2076 3510 2149; x_wconf 90' lang='lat' dir='ltr'>subscripsi</span> <span class='ocrx_word' id='word_1_335' title='bbox 3537 2081 3733 2133; x_wconf 89' lang='lat' dir='ltr'>notato</span> 
     </span>
    </p>
   </div>
   <div class='ocr_carea' id='block_1_47' title="bbox 2091 2167 3730 2242">
    <p class='ocr_par' dir='ltr' id='par_1_47' title="bbox 2091 2167 3730 2242">
     <span class='ocr_line' id='line_1_47' title="bbox 2091 2167 3730 2242; baseline 0.002 -20"><span class='ocrx_word' id='word_1_336' title='bbox 2091 2167 2200 2222; x_wconf 90' lang='lat' dir='ltr'>die.</span> <span class='ocrx_word' id='word_1_337' title='bbox 2231 2167 2513 2222; x_wconf 90' lang='lat' dir='ltr'>Donnolus</span> <span class='ocrx_word' id='word_1_338' title='bbox 2550 2167 2988 2224; x_wconf 88' lang='lat' dir='ltr'>Cenomanensis</span> <span class='ocrx_word' id='word_1_339' title='bbox 3025 2169 3352 2242; x_wconf 88' lang='lat' dir='ltr'>episcopus,</span> <span class='ocrx_word' id='word_1_340' title='bbox 3385 2171 3643 2226; x_wconf 89' lang='lat' dir='ltr'>consensi</span> <span class='ocrx_word' id='word_1_341' title='bbox 3670 2175 3730 2226; x_wconf 89' lang='lat' dir='ltr'>et</span> 
     </span>
    </p>
   </div>
   <div class='ocr_carea' id='block_1_48' title="bbox 2091 2259 3730 2335">
    <p class='ocr_par' dir='ltr' id='par_1_48' title="bbox 2091 2259 3730 2335">
     <span class='ocr_line' id='line_1_48' title="bbox 2091 2259 3730 2335; baseline 0.003 -21"><span class='ocrx_word' id='word_1_342' title='bbox 2091 2259 2396 2332; x_wconf 86' lang='lat' dir='ltr'>subscripsi</span> <span class='ocrx_word' id='word_1_343' title='bbox 2413 2263 2608 2315; x_wconf 91' lang='lat' dir='ltr'>notato</span> <span class='ocrx_word' id='word_1_344' title='bbox 2635 2261 2746 2316; x_wconf 91' lang='lat' dir='ltr'>die.</span> <span class='ocrx_word' id='word_1_345' title='bbox 2775 2262 3078 2318; x_wconf 86' lang='lat' dir='ltr'>Caletricus</span> <span class='ocrx_word' id='word_1_346' title='bbox 3103 2265 3386 2334; x_wconf 90' lang='lat' dir='ltr'>peccator,</span> <span class='ocrx_word' id='word_1_347' title='bbox 3406 2264 3574 2335; x_wconf 81' lang='lat' dir='ltr'>juxta</span> <span class='ocrx_word' id='word_1_348' title='bbox 3599 2281 3730 2320; x_wconf 83' lang='lat' dir='ltr'>con-</span> 
     </span>
    </p>
   </div>
   <div class='ocr_carea' id='block_1_49' title="bbox 2091 2353 3726 2428">
    <p class='ocr_par' dir='ltr' id='par_1_49' title="bbox 2091 2353 3726 2428">
     <span class='ocr_line' id='line_1_49' title="bbox 2091 2353 3726 2428; baseline 0.004 -22"><span class='ocrx_word' id='word_1_349' title='bbox 2091 2369 2318 2408; x_wconf 89' lang='lat' dir='ltr'>sensum</span> <span class='ocrx_word' id='word_1_350' title='bbox 2347 2357 2405 2408; x_wconf 87' lang='lat' dir='ltr'>et</span> <span class='ocrx_word' id='word_1_351' title='bbox 2429 2353 2894 2409; x_wconf 87' lang='lat' dir='ltr'>deliberationem</span> <span class='ocrx_word' id='word_1_352' title='bbox 2925 2354 3122 2409; x_wconf 89' lang='lat' dir='ltr'>domni</span> <span class='ocrx_word' id='word_1_353' title='bbox 3150 2355 3420 2410; x_wconf 87' lang='lat' dir='ltr'>Germani</span> <span class='ocrx_word' id='word_1_354' title='bbox 3459 2356 3726 2428; x_wconf 85' lang='lat' dir='ltr'>episcopi,</span> 
     </span>
    </p>
   </div>
   <div class='ocr_carea' id='block_1_50' title="bbox 2091 2447 3730 2522">
    <p class='ocr_par' dir='ltr' id='par_1_50' title="bbox 2091 2447 3730 2522">
     <span class='ocr_line' id='line_1_50' title="bbox 2091 2447 3730 2522; baseline 0.004 -22"><span class='ocrx_word' id='word_1_355' title='bbox 2091 2447 2348 2502; x_wconf 87' lang='lat' dir='ltr'>consensi</span> <span class='ocrx_word' id='word_1_356' title='bbox 2386 2449 2443 2501; x_wconf 90' lang='lat' dir='ltr'>et</span> <span class='ocrx_word' id='word_1_357' title='bbox 2487 2447 2788 2518; x_wconf 90' lang='lat' dir='ltr'>subscripsi</span> <span class='ocrx_word' id='word_1_358' title='bbox 2823 2450 3019 2502; x_wconf 89' lang='lat' dir='ltr'>notato</span> <span class='ocrx_word' id='word_1_359' title='bbox 3060 2447 3171 2503; x_wconf 90' lang='lat' dir='ltr'>die.</span> <span class='ocrx_word' id='word_1_360' title='bbox 3217 2449 3498 2504; x_wconf 87' lang='lat' dir='ltr'>Victurius</span> <span class='ocrx_word' id='word_1_361' title='bbox 3534 2467 3730 2522; x_wconf 89' lang='lat' dir='ltr'>pecca-</span> 
     </span>
    </p>
   </div>
   <div class='ocr_carea' id='block_1_51' title="bbox 2093 2539 3727 2615">
    <p class='ocr_par' dir='ltr' id='par_1_51' title="bbox 2093 2539 3727 2615">
     <span class='ocr_line' id='line_1_51' title="bbox 2093 2539 3727 2615; baseline 0.004 -21"><span class='ocrx_word' id='word_1_362' title='bbox 2093 2543 2202 2610; x_wconf 89' lang='lat' dir='ltr'>tor,</span> <span class='ocrx_word' id='word_1_363' title='bbox 2237 2540 2401 2612; x_wconf 84' lang='lat' dir='ltr'>juxta</span> <span class='ocrx_word' id='word_1_364' title='bbox 2429 2539 2900 2596; x_wconf 86' lang='lat' dir='ltr'>deliberationem</span> <span class='ocrx_word' id='word_1_365' title='bbox 2945 2541 3114 2612; x_wconf 87' lang='lat' dir='ltr'>hanc,</span> <span class='ocrx_word' id='word_1_366' title='bbox 3144 2542 3424 2598; x_wconf 90' lang='lat' dir='ltr'>Germano</span> <span class='ocrx_word' id='word_1_367' title='bbox 3461 2548 3727 2615; x_wconf 78' lang='lat' dir='ltr'>prasente</span> 
     </span>
    </p>
   </div>
   <div class='ocr_carea' id='block_1_52' title="bbox 2089 2633 3726 2708">
    <p class='ocr_par' dir='ltr' id='par_1_52' title="bbox 2089 2633 3726 2708">
     <span class='ocr_line' id='line_1_52' title="bbox 2089 2633 3726 2708; baseline 0.002 -20"><span class='ocrx_word' id='word_1_368' title='bbox 2089 2633 2264 2689; x_wconf 88' lang='lat' dir='ltr'>fratre</span> <span class='ocrx_word' id='word_1_369' title='bbox 2293 2648 2420 2689; x_wconf 91' lang='lat' dir='ltr'>meo</span> <span class='ocrx_word' id='word_1_370' title='bbox 2447 2637 2504 2688; x_wconf 90' lang='lat' dir='ltr'>et</span> <span class='ocrx_word' id='word_1_371' title='bbox 2527 2638 2800 2706; x_wconf 89' lang='lat' dir='ltr'>rogante,</span> <span class='ocrx_word' id='word_1_372' title='bbox 2829 2635 3090 2690; x_wconf 89' lang='lat' dir='ltr'>consensi</span> <span class='ocrx_word' id='word_1_373' title='bbox 3115 2639 3172 2690; x_wconf 92' lang='lat' dir='ltr'>et</span> <span class='ocrx_word' id='word_1_374' title='bbox 3201 2635 3502 2708; x_wconf 90' lang='lat' dir='ltr'>subscripsi</span> <span class='ocrx_word' id='word_1_375' title='bbox 3525 2641 3726 2692; x_wconf 91' lang='lat' dir='ltr'>notato</span> 
     </span>
    </p>
   </div>
   <div class='ocr_carea' id='block_1_53' title="bbox 2091 2727 3730 2804">
    <p class='ocr_par' dir='ltr' id='par_1_53' title="bbox 2091 2727 3730 2804">
     <span class='ocr_line' id='line_1_53' title="bbox 2091 2727 3730 2804; baseline 0.002 -20"><span class='ocrx_word' id='word_1_376' title='bbox 2091 2728 2201 2784; x_wconf 92' lang='lat' dir='ltr'>die.</span> <span class='ocrx_word' id='word_1_377' title='bbox 2252 2727 2653 2784; x_wconf 88' lang='lat' dir='ltr'>Leodebaudus</span> <span class='ocrx_word' id='word_1_378' title='bbox 2703 2731 2966 2804; x_wconf 86' lang='lat' dir='ltr'>peccator</span> <span class='ocrx_word' id='word_1_379' title='bbox 3007 2730 3263 2786; x_wconf 90' lang='lat' dir='ltr'>consensi</span> <span class='ocrx_word' id='word_1_380' title='bbox 3319 2733 3376 2786; x_wconf 89' lang='lat' dir='ltr'>et</span> <span class='ocrx_word' id='word_1_381' title='bbox 3419 2731 3730 2804; x_wconf 90' lang='lat' dir='ltr'>subscripsi</span> 
     </span>
    </p>
   </div>
   <div class='ocr_carea' id='block_1_54' title="bbox 2089 2821 2418 2876">
    <p class='ocr_par' dir='ltr' id='par_1_54' title="bbox 2089 2821 2418 2876">
     <span class='ocr_line' id='line_1_54' title="bbox 2089 2821 2418 2876; baseline 0.003 -1"><span class='ocrx_word' id='word_1_382' title='bbox 2089 2821 2285 2876; x_wconf 88' lang='lat' dir='ltr'>notato</span> <span class='ocrx_word' id='word_1_383' title='bbox 2307 2821 2418 2876; x_wconf 77' lang='lat' dir='ltr'>die.</span> 
     </span>
    </p>
   </div>
   <div class='ocr_carea' id='block_1_55' title="bbox 2157 2914 3731 2986">
    <p class='ocr_par' dir='ltr' id='par_1_55' title="bbox 2157 2914 3731 2986">
     <span class='ocr_line' id='line_1_55' title="bbox 2157 2914 3731 2986; baseline 0.002 -16"><span class='ocrx_word' id='word_1_384' title='bbox 2157 2914 2530 2970; x_wconf 78' lang='lat' dir='ltr'>Amanuensis</span> <span class='ocrx_word' id='word_1_385' title='bbox 2554 2914 2826 2986; x_wconf 88' lang='lat' dir='ltr'>notarius,</span> <span class='ocrx_word' id='word_1_386' title='bbox 2852 2915 2954 2970; x_wconf 91' lang='lat' dir='ltr'>sub</span> <span class='ocrx_word' id='word_1_387' title='bbox 2967 2915 3220 2986; x_wconf 87' lang='lat' dir='ltr'>jussione</span> <span class='ocrx_word' id='word_1_388' title='bbox 3241 2915 3434 2972; x_wconf 91' lang='lat' dir='ltr'>domni</span> <span class='ocrx_word' id='word_1_389' title='bbox 3456 2916 3731 2973; x_wconf 88' lang='lat' dir='ltr'>Germani</span> 
     </span>
    </p>
   </div>
   <div class='ocr_carea' id='block_1_56' title="bbox 2089 3007 3729 3082">
    <p class='ocr_par' dir='ltr' id='par_1_56' title="bbox 2089 3007 3729 3082">
     <span class='ocr_line' id='line_1_56' title="bbox 2089 3007 3729 3082; baseline 0.002 -19"><span class='ocrx_word' id='word_1_390' title='bbox 2089 3007 2356 3080; x_wconf 90' lang='lat' dir='ltr'>episcopi,</span> <span class='ocrx_word' id='word_1_391' title='bbox 2403 3007 2510 3062; x_wconf 92' lang='lat' dir='ltr'>hoc</span> <span class='ocrx_word' id='word_1_392' title='bbox 2543 3007 2903 3080; x_wconf 84' lang='lat' dir='ltr'>privilegium</span> <span class='ocrx_word' id='word_1_393' title='bbox 2949 3007 3216 3064; x_wconf 89' lang='lat' dir='ltr'>cessionis</span> <span class='ocrx_word' id='word_1_394' title='bbox 3263 3009 3462 3082; x_wconf 88' lang='lat' dir='ltr'>scripsi</span> <span class='ocrx_word' id='word_1_395' title='bbox 3500 3013 3558 3066; x_wconf 86' lang='lat' dir='ltr'>et</span> <span class='ocrx_word' id='word_1_396' title='bbox 3595 3011 3729 3066; x_wconf 87' lang='lat' dir='ltr'>sub-</span> 
     </span>
    </p>
   </div>
   <div class='ocr_carea' id='block_1_57' title="bbox 2089 3101 2305 3174">
    <p class='ocr_par' dir='ltr' id='par_1_57' title="bbox 2089 3101 2305 3174">
     <span class='ocr_line' id='line_1_57' title="bbox 2089 3101 2305 3174; baseline 0.005 -19"><span class='ocrx_word' id='word_1_397' title='bbox 2089 3101 2305 3174; x_wconf 88' lang='lat' dir='ltr'>scripsi.</span> 
     </span>
    </p>
   </div>
   <div class='ocr_carea' id='block_1_58' title="bbox 427 3247 3728 3352">
    <p class='ocr_par' dir='ltr' id='par_1_58' title="bbox 427 3247 3728 3352">
     <span class='ocr_line' id='line_1_58' title="bbox 427 3247 3728 3352; baseline 0 -25"><span class='ocrx_word' id='word_1_398' title='bbox 427 3269 604 3352; x_wconf 49' lang='lat' dir='ltr'>fCum</span> <span class='ocrx_word' id='word_1_399' title='bbox 629 3267 964 3352; x_wconf 72' lang='lat' dir='ltr'>Chlotarius,</span> <span class='ocrx_word' id='word_1_400' title='bbox 992 3248 1305 3352; x_wconf 68' lang='lat' dir='ltr'>Chariberti</span> <span class='ocrx_word' id='word_1_401' title='bbox 1331 3269 1512 3352; x_wconf 70' lang='lat' dir='ltr'>pater,</span> <span class='ocrx_word' id='word_1_402' title='bbox 1531 3267 1602 3322; x_wconf 92' lang='lat' dir='ltr'>ad</span> <span class='ocrx_word' id='word_1_403' title='bbox 1628 3283 1842 3352; x_wconf 76' lang='lat' dir='ltr'>annum</span> <span class='ocrx_word' id='word_1_404' title='bbox 1866 3269 1990 3352; x_wconf 49' lang='lat'>561“,</span> <span class='ocrx_word' id='word_1_405' title='bbox 2013 3247 2068 3321; x_wconf 69' lang='grc' dir='ltr'>Ο</span> <span class='ocrx_word' id='word_1_406' title='bbox 2094 3267 2370 3352; x_wconf 79' lang='lat' dir='ltr'>signatur.</span> <span class='ocrx_word' id='word_1_407' title='bbox 2391 3271 2763 3352; x_wconf 46' lang='lat' dir='ltr'>Prattextatus</span> <span class='ocrx_word' id='word_1_408' title='bbox 2783 3268 3093 3352; x_wconf 36' lang='lat' dir='ltr'>enim-tunc</span> <span class='ocrx_word' id='word_1_409' title='bbox 3110 3273 3230 3352; x_wconf 76' lang='lat' dir='ltr'>erat</span> <span class='ocrx_word' id='word_1_410' title='bbox 3247 3269 3540 3352; x_wconf 57' lang='lat' dir='ltr'>episcopus</span> <span class='ocrx_word' id='word_1_411' title='bbox 3558 3273 3728 3352; x_wconf 82' lang='lat' dir='ltr'>Roto-</span> 
     </span>
    </p>
   </div>
   <div class='ocr_carea' id='block_1_59' title="bbox 357 3338 1996 3410">
    <p class='ocr_par' dir='ltr' id='par_1_59' title="bbox 357 3338 1996 3410">
     <span class='ocr_line' id='line_1_59' title="bbox 357 3338 1996 3410; baseline -0.004 -12"><span class='ocrx_word' id='word_1_412' title='bbox 357 3343 506 3398; x_wconf 88' lang='lat' dir='ltr'>ultra</span> <span class='ocrx_word' id='word_1_413' title='bbox 549 3342 699 3396; x_wconf 90' lang='lat' dir='ltr'>diem</span> <span class='ocrx_word' id='word_1_414' title='bbox 751 3339 1030 3396; x_wconf 89' lang='lat' dir='ltr'>decimam</span> <span class='ocrx_word' id='word_1_415' title='bbox 1072 3339 1395 3410; x_wconf 89' lang='lat' dir='ltr'>novembris</span> <span class='ocrx_word' id='word_1_416' title='bbox 1431 3338 1619 3410; x_wconf 89' lang='lat' dir='ltr'>vitam</span> <span class='ocrx_word' id='word_1_417' title='bbox 1662 3338 1996 3410; x_wconf 89' lang='lat' dir='ltr'>produxerit</span> 
     </span>
    </p>
   </div>
   <div class='ocr_carea' id='block_1_60' title="bbox 355 3409 1993 3491">
    <p class='ocr_par' dir='ltr' id='par_1_60' title="bbox 355 3409 1993 3491">
     <span class='ocr_line' id='line_1_60' title="bbox 355 3409 1993 3491; baseline -0.002 -23"><span class='ocrx_word' id='word_1_418' title='bbox 355 3413 798 3491; x_wconf 72' lang='lat' dir='ltr'>(Langueruana,_</span> <span class='ocrx_word' id='word_1_419' title='bbox 809 3427 884 3491; x_wconf 66' lang='lat' dir='ltr'>p._</span> <span class='ocrx_word' id='word_1_420' title='bbox 905 3415 924 3466; x_wconf 82' lang='grc'><strong>1</strong></span> <span class='ocrx_word' id='word_1_421' title='bbox 923 3411 1024 3491; x_wconf 54' lang='lat' dir='ltr'>ﬁt,</span> <span class='ocrx_word' id='word_1_422' title='bbox 1053 3409 1172 3491; x_wconf 76' lang='lat' dir='ltr'>dies</span> <span class='ocrx_word' id='word_1_423' title='bbox 1194 3409 1578 3491; x_wconf 42' lang='lat' dir='ltr'>xij.kal.‘sept.</span> <span class='ocrx_word' id='word_1_424' title='bbox 1609 3409 1775 3465; x_wconf 87' lang='lat' dir='ltr'>idest</span> <span class='ocrx_word' id='word_1_425' title='bbox 1791 3411 1993 3491; x_wconf 46' lang='lat' dir='ltr'>21‘Au-</span> 
     </span>
    </p>
   </div>
   <div class='ocr_carea' id='block_1_61' title="bbox 2093 3340 3720 3414">
    <p class='ocr_par' dir='ltr' id='par_1_61' title="bbox 2093 3340 3720 3414">
     <span class='ocr_line' id='line_1_61' title="bbox 2093 3340 3720 3414; baseline 0.002 -20"><span class='ocrx_word' id='word_1_426' title='bbox 2093 3341 2400 3414; x_wconf 75' lang='lat' dir='ltr'>magensis,</span> <span class='ocrx_word' id='word_1_427' title='bbox 2431 3340 3002 3414; x_wconf 78' lang='lat' dir='ltr'>Felix_Nannete_nsis,</span> <span class='ocrx_word' id='word_1_428' title='bbox 3035 3340 3334 3414; x_wconf 79' lang='lat' dir='ltr'>Eufronius</span> <span class='ocrx_word' id='word_1_429' title='bbox 3357 3340 3720 3414; x_wconf 72' lang='lat' dir='ltr'>Turonensis,</span> 
     </span>
    </p>
   </div>
   <div class='ocr_carea' id='block_1_62' title="bbox 2093 3411 3748 3485">
    <p class='ocr_par' dir='ltr' id='par_1_62' title="bbox 2093 3411 3748 3485">
     <span class='ocr_line' id='line_1_62' title="bbox 2093 3411 3748 3485; baseline 0.006 -21"><span class='ocrx_word' id='word_1_430' title='bbox 2093 3411 2464 3485; x_wconf 76' lang='lat' dir='ltr'>Domitianus</span> <span class='ocrx_word' id='word_1_431' title='bbox 2487 3411 2931 3485; x_wconf 84' lang='lat' dir='ltr'>Andegavensis;</span> <span class='ocrx_word' id='word_1_432' title='bbox 2976 3415 3042 3485; x_wconf 78' lang='lat' dir='ltr'>ut</span> <span class='ocrx_word' id='word_1_433' title='bbox 3078 3413 3284 3485; x_wconf 8' lang='lat' dir='ltr'>arguit,</span> <span class='ocrx_word' id='word_1_434' title='bbox 3309 3413 3560 3485; x_wconf 88' lang='lat' dir='ltr'>Gointius</span> <span class='ocrx_word' id='word_1_435' title='bbox 3597 3411 3748 3485; x_wconf 69' lang='lat' dir='ltr'>(Ubi-</span> 
     </span>
    </p>
   </div>
   <div class='ocr_carea' id='block_1_63' title="bbox 354 3480 3723 3556">
    <p class='ocr_par' dir='ltr' id='par_1_63' title="bbox 354 3480 3723 3556">
     <span class='ocr_line' id='line_1_63' title="bbox 354 3480 3723 3556; baseline 0 -16"><span class='ocrx_word' id='word_1_436' title='bbox 354 3480 526 3556; x_wconf 79' lang='lat' dir='ltr'>gusti,</span> <span class='ocrx_word' id='word_1_437' title='bbox 546 3483 679 3540; x_wconf 90' lang='lat' dir='ltr'>anni</span> <span class='ocrx_word' id='word_1_438' title='bbox 705 3480 890 3556; x_wconf 80' lang='lat' dir='ltr'>quinti</span> <span class='ocrx_word' id='word_1_439' title='bbox 916 3481 1252 3552; x_wconf 88' lang='lat' dir='ltr'>Chariberti,</span> <span class='ocrx_word' id='word_1_440' title='bbox 1283 3481 1478 3537; x_wconf 91' lang='lat' dir='ltr'>incidit</span> <span class='ocrx_word' id='word_1_441' title='bbox 1502 3480 1562 3536; x_wconf 88' lang='lat' dir='ltr'>in</span> <span class='ocrx_word' id='word_1_442' title='bbox 1586 3497 1800 3536; x_wconf 89' lang='lat' dir='ltr'>annum</span> <span class='ocrx_word' id='word_1_443' title='bbox 1825 3480 1990 3536; x_wconf 88' lang='lat' dir='ltr'>Chri-</span> <span class='ocrx_word' id='word_1_444' title='bbox 2089 3497 2279 3556; x_wconf 62' lang='lat' dir='ltr'>supra,</span> <span class='ocrx_word' id='word_1_445' title='bbox 2293 3498 2354 3552; x_wconf 88' lang='lat' dir='ltr'>p.</span> <span class='ocrx_word' id='word_1_446' title='bbox 2385 3481 2473 3551; x_wconf 89' lang='lat'>6&#39;7)</span> <span class='ocrx_word' id='word_1_447' title='bbox 2495 3497 2565 3536; x_wconf 89' lang='lat' dir='ltr'>ex</span> <span class='ocrx_word' id='word_1_448' title='bbox 2594 3480 3104 3556; x_wconf 77' lang='lat' dir='ltr'>subscriptiombus</span> <span class='ocrx_word' id='word_1_449' title='bbox 3127 3480 3354 3556; x_wconf 67' lang='lat' dir='ltr'>concilii</span> <span class='ocrx_word' id='word_1_450' title='bbox 3378 3480 3723 3540; x_wconf 80' lang='lat' dir='ltr'>Turonensis</span> 
     </span>
    </p>
   </div>
   <div class='ocr_carea' id='block_1_64' title="bbox 353 3552 3722 3629">
    <p class='ocr_par' dir='ltr' id='par_1_64' title="bbox 353 3552 3722 3629">
     <span class='ocr_line' id='line_1_64' title="bbox 353 3552 3722 3629; baseline 0 -17"><span class='ocrx_word' id='word_1_451' title='bbox 353 3552 574 3629; x_wconf 18' lang='lat' dir='ltr'>sti4566.</span> <span class='ocrx_word' id='word_1_452' title='bbox 653 3626 661 3629; x_wconf 77' lang='lat'><strong><em>_</em></strong></span> <span class='ocrx_word' id='word_1_453' title='bbox 721 3552 744 3556; x_wconf 66' lang='grc'>⁷</span> <span class='ocrx_word' id='word_1_454' title='bbox 810 3625 820 3629; x_wconf 86' lang='lat'>_</span> <span class='ocrx_word' id='word_1_455' title='bbox 1133 3623 1148 3629; x_wconf 89' lang='lat'><em>_</em></span> <span class='ocrx_word' id='word_1_456' title='bbox 1179 3623 1190 3629; x_wconf 84' lang='lat'><strong>_</strong></span> <span class='ocrx_word' id='word_1_457' title='bbox 1423 3623 1452 3629; x_wconf 13' lang='grc' dir='ltr'><em>,γ</em></span> <span class='ocrx_word' id='word_1_458' title='bbox 1633 3627 1639 3629; x_wconf 90' lang='lat'>_</span> <span class='ocrx_word' id='word_1_459' title='bbox 1811 3623 1824 3629; x_wconf 87' lang='lat'>_</span> <span class='ocrx_word' id='word_1_460' title='bbox 1975 3623 1988 3629; x_wconf 32' lang='grc' dir='ltr'><strong>Α</strong></span> <span class='ocrx_word' id='word_1_461' title='bbox 2091 3552 2280 3629; x_wconf 73' lang='lat' dir='ltr'>habiti</span> <span class='ocrx_word' id='word_1_462' title='bbox 2311 3556 2441 3629; x_wconf 74' lang='lat' dir='ltr'>past</span> <span class='ocrx_word' id='word_1_463' title='bbox 2478 3568 2702 3629; x_wconf 84' lang='lat' dir='ltr'>menses</span> <span class='ocrx_word' id='word_1_464' title='bbox 2743 3552 2887 3629; x_wconf 76' lang='lat' dir='ltr'>dubs</span> <span class='ocrx_word' id='word_1_465' title='bbox 2923 3557 2979 3608; x_wconf 91' lang='lat' dir='ltr'>et</span> <span class='ocrx_word' id='word_1_466' title='bbox 3015 3557 3083 3629; x_wconf 72' lang='lat'>27</span> <span class='ocrx_word' id='word_1_467' title='bbox 3110 3555 3228 3609; x_wconf 89' lang='lat' dir='ltr'>dies</span> <span class='ocrx_word' id='word_1_468' title='bbox 3253 3571 3285 3609; x_wconf 92' lang='lat' dir='ltr'>a</span> <span class='ocrx_word' id='word_1_469' title='bbox 3313 3559 3570 3629; x_wconf 90' lang='lat' dir='ltr'>tempore</span> <span class='ocrx_word' id='word_1_470' title='bbox 3604 3572 3722 3629; x_wconf 86' lang='lat' dir='ltr'>quo</span> 
     </span>
    </p>
   </div>
   <div class='ocr_carea' id='block_1_65' title="bbox 423 3623 3214 3698">
    <p class='ocr_par' dir='ltr' id='par_1_65' title="bbox 423 3623 3214 3698">
     <span class='ocr_line' id='line_1_65' title="bbox 423 3623 3214 3698; baseline -0.001 -17"><span class='ocrx_word' id='word_1_471' title='bbox 423 3627 452 3668; x_wconf 72' lang='grc' dir='ltr'>δ</span> <span class='ocrx_word' id='word_1_472' title='bbox 481 3629 561 3682; x_wconf 84' lang='lat' dir='ltr'>Ex</span> <span class='ocrx_word' id='word_1_473' title='bbox 576 3625 852 3698; x_wconf 90' lang='lat' dir='ltr'>episcopis</span> <span class='ocrx_word' id='word_1_474' title='bbox 871 3640 1112 3698; x_wconf 82' lang='lat' dir='ltr'>quorum</span> <span class='ocrx_word' id='word_1_475' title='bbox 1133 3623 1649 3698; x_wconf 77' lang='lat' dir='ltr'>hicappositasunt</span> <span class='ocrx_word' id='word_1_476' title='bbox 1667 3623 1922 3698; x_wconf 81' lang='lat' dir='ltr'>nomina,</span> <span class='ocrx_word' id='word_1_477' title='bbox 1946 3623 1992 3679; x_wconf 92' lang='lat' dir='ltr'>si</span> <span class='ocrx_word' id='word_1_478' title='bbox 2092 3623 2221 3679; x_wconf 91' lang='lat' dir='ltr'>data</span> <span class='ocrx_word' id='word_1_479' title='bbox 2247 3623 2484 3697; x_wconf 83' lang='lat' dir='ltr'>tingitur</span> <span class='ocrx_word' id='word_1_480' title='bbox 2521 3624 2716 3679; x_wconf 86' lang='lat' dir='ltr'>charta</span> <span class='ocrx_word' id='word_1_481' title='bbox 2741 3623 2810 3679; x_wconf 90' lang='lat' dir='ltr'>de</span> <span class='ocrx_word' id='word_1_482' title='bbox 2835 3641 2949 3697; x_wconf 88' lang='lat' dir='ltr'>qua</span> <span class='ocrx_word' id='word_1_483' title='bbox 2973 3624 3214 3696; x_wconf 88' lang='lat' dir='ltr'>agimus.</span> 
     </span>
    </p>
   </div>
   <div class='ocr_carea' id='block_1_66' title="bbox 353 3695 1994 3768">
    <p class='ocr_par' dir='ltr' id='par_1_66' title="bbox 353 3695 1994 3768">
     <span class='ocr_line' id='line_1_66' title="bbox 353 3695 1994 3768; baseline -0.002 -16"><span class='ocrx_word' id='word_1_484' title='bbox 353 3695 644 3756; x_wconf 83' lang='lat' dir='ltr'>Necetium</span> <span class='ocrx_word' id='word_1_485' title='bbox 673 3702 730 3752; x_wconf 91' lang='lat' dir='ltr'>et</span> <span class='ocrx_word' id='word_1_486' title='bbox 757 3695 1100 3752; x_wconf 69' lang='lat' dir='ltr'>Domholum</span> <span class='ocrx_word' id='word_1_487' title='bbox 1126 3695 1392 3768; x_wconf 82' lang='lat' dir='ltr'>excipias,</span> <span class='ocrx_word' id='word_1_488' title='bbox 1411 3696 1556 3752; x_wconf 90' lang='lat' dir='ltr'>nulli</span> <span class='ocrx_word' id='word_1_489' title='bbox 1590 3713 1690 3752; x_wconf 91' lang='lat' dir='ltr'>sua</span> <span class='ocrx_word' id='word_1_490' title='bbox 1727 3696 1886 3751; x_wconf 91' lang='lat' dir='ltr'>sedes</span> <span class='ocrx_word' id='word_1_491' title='bbox 1909 3711 1994 3750; x_wconf 88' lang='lat' dir='ltr'>as-</span> 
     </span>
    </p>
   </div>
   <div class='ocr_carea' id='block_1_67' title="bbox 1229 4037 2862 4240">
    <p class='ocr_par' dir='ltr' id='par_1_67' title="bbox 1229 4037 2862 4240">
     <span class='ocr_line' id='line_1_67' title="bbox 1229 4037 2862 4240; baseline 0.001 -74"><span class='ocrx_word' id='word_1_492' title='bbox 1229 4037 1864 4240; x_wconf 84' lang='lat' dir='ltr'>SANCTI</span> <span class='ocrx_word' id='word_1_493' title='bbox 1991 4038 2862 4198; x_wconf 83' lang='lat' dir='ltr'>GERMANI,</span> 
     </span>
    </p>
   </div>
   <div class='ocr_carea' id='block_1_68' title="bbox 1508 4275 2560 4371">
    <p class='ocr_par' dir='ltr' id='par_1_68' title="bbox 1508 4275 2560 4371">
     <span class='ocr_line' id='line_1_68' title="bbox 1508 4275 2560 4371; baseline 0.002 -16"><span class='ocrx_word' id='word_1_494' title='bbox 1508 4275 2052 4361; x_wconf 77' lang='lat' dir='ltr'>PARISIENSIS</span> <span class='ocrx_word' id='word_1_495' title='bbox 2122 4276 2522 4360; x_wconf 84' lang='lat' dir='ltr'>EPISCOPI</span> <span class='ocrx_word' id='word_1_496' title='bbox 2543 4339 2560 4371; x_wconf 88' lang='lat'>,</span> 
     </span>
    </p>
   </div>
   <div class='ocr_carea' id='block_1_69' title="bbox 929 4477 3157 4627">
    <p class='ocr_par' dir='ltr' id='par_1_69' title="bbox 929 4477 3157 4627">
     <span class='ocr_line' id='line_1_69' title="bbox 929 4477 3157 4627; baseline 0.003 -11"><span class='ocrx_word' id='word_1_497' title='bbox 929 4477 2199 4623; x_wconf 82' lang='lat' dir='ltr'>EXPOSITIO</span> <span class='ocrx_word' id='word_1_498' title='bbox 2331 4482 3157 4627; x_wconf 79' lang='lat' dir='ltr'>BBEVIS</span> 
     </span>
    </p>
   </div>
   <div class='ocr_carea' id='block_1_70' title="bbox 1192 4741 2887 4836">
    <p class='ocr_par' dir='ltr' id='par_1_70' title="bbox 1192 4741 2887 4836">
     <span class='ocr_line' id='line_1_70' title="bbox 1192 4741 2887 4836; baseline 0.001 -15"><span class='ocrx_word' id='word_1_499' title='bbox 1192 4742 1654 4836; x_wconf 68' lang='lat' dir='ltr'>ANTIQUjE</span> <span class='ocrx_word' id='word_1_500' title='bbox 1740 4741 2228 4823; x_wconf 72' lang='lat' dir='ltr'>LITURGUE</span> <span class='ocrx_word' id='word_1_501' title='bbox 2302 4742 2887 4824; x_wconf 62' lang='lat' dir='ltr'>GALLIGANIE</span> 
     </span>
    </p>
   </div>
   <div class='ocr_carea' id='block_1_71' title="bbox 353 4913 3716 5036">
    <p class='ocr_par' dir='ltr' id='par_1_71' title="bbox 353 4913 3716 5036">
     <span class='ocr_line' id='line_1_71' title="bbox 353 4913 3716 5036; baseline 0.001 -53"><span class='ocrx_word' id='word_1_502' title='bbox 353 4917 466 4983; x_wconf 76' lang='lat' dir='ltr'>Ea:</span> <span class='ocrx_word' id='word_1_503' title='bbox 501 4936 621 4982; x_wconf 86' lang='lat' dir='ltr'>ms.</span> <span class='ocrx_word' id='word_1_504' title='bbox 659 4913 894 4982; x_wconf 82' lang='lat' dir='ltr'>Codice</span> <span class='ocrx_word' id='word_1_505' title='bbox 921 4915 1133 4978; x_wconf 84' lang='lat' dir='ltr'>sancti</span> <span class='ocrx_word' id='word_1_506' title='bbox 1159 4914 1440 4983; x_wconf 85' lang='lat' dir='ltr'>Martini</span> <span class='ocrx_word' id='word_1_507' title='bbox 1465 4915 2072 5036; x_wconf 55' lang='lat' dir='ltr'>Augqstodunensis</span> <span class='ocrx_word' id='word_1_508' title='bbox 2109 4935 2152 4980; x_wconf 91' lang='lat' dir='ltr'>a</span> <span class='ocrx_word' id='word_1_509' title='bbox 2189 4917 2270 4981; x_wconf 79' lang='grc' dir='ltr'>Β.</span> <span class='ocrx_word' id='word_1_510' title='bbox 2302 4917 2600 4984; x_wconf 81' lang='lat' dir='ltr'>Martene</span> <span class='ocrx_word' id='word_1_511' title='bbox 2639 4919 2965 5000; x_wconf 74' lang='lat' dir='ltr'>exscripta</span> <span class='ocrx_word' id='word_1_512' title='bbox 3013 4919 3190 4984; x_wconf 84' lang='lat' dir='ltr'>Thes.</span> <span class='ocrx_word' id='word_1_513' title='bbox 3227 4919 3516 4985; x_wconf 86' lang='lat' dir='ltr'>anecdot.</span> <span class='ocrx_word' id='word_1_514' title='bbox 3550 4927 3593 4983; x_wconf 75' lang='grc' dir='ltr'>ι.</span> <span class='ocrx_word' id='word_1_515' title='bbox 3641 4919 3716 4986; x_wconf 80' lang='grc' dir='ltr'>ν.</span> 
     </span>
    </p>
   </div>
   <div class='ocr_carea' id='block_1_72' title="bbox 1405 5096 2683 5150">
    <p class='ocr_par' dir='ltr' id='par_1_72' title="bbox 1405 5096 2683 5150">
     <span class='ocr_line' id='line_1_72' title="bbox 1405 5096 2683 5150; baseline 0.003 -8"><span class='ocrx_word' id='word_1_516' title='bbox 1405 5096 2683 5150; x_wconf 57' lang='grc' dir='ltr'>ψ</span> 
     </span>
    </p>
   </div>
   <div class='ocr_carea' id='block_1_73' title="bbox 1161 5263 2901 5380">
    <p class='ocr_par' dir='ltr' id='par_1_73' title="bbox 1161 5263 2901 5380">
     <span class='ocr_line' id='line_1_73' title="bbox 1161 5263 2901 5380; baseline 0.004 -10"><span class='ocrx_word' id='word_1_517' title='bbox 1161 5263 1288 5371; x_wconf 93' lang='lat' dir='ltr'>D.</span> <span class='ocrx_word' id='word_1_518' title='bbox 1369 5263 2012 5374; x_wconf 78' lang='lat' dir='ltr'>MARTENE</span> <span class='ocrx_word' id='word_1_519' title='bbox 2113 5265 2901 5380; x_wconf 90' lang='lat' dir='ltr'>ADMONITIO.</span> 
     </span>
    </p>
   </div>
   <div class='ocr_carea' id='block_1_74' title="bbox 426 5473 3718 5552">
    <p class='ocr_par' dir='ltr' id='par_1_74' title="bbox 426 5473 3718 5552">
     <span class='ocr_line' id='line_1_74' title="bbox 426 5473 3718 5552; baseline 0.003 -22"><span class='ocrx_word' id='word_1_520' title='bbox 426 5475 554 5530; x_wconf 86' lang='lat' dir='ltr'>Post</span> <span class='ocrx_word' id='word_1_521' title='bbox 587 5473 918 5545; x_wconf 87' lang='lat' dir='ltr'>abrogatam</span> <span class='ocrx_word' id='word_1_522' title='bbox 957 5474 1110 5546; x_wconf 90' lang='lat' dir='ltr'>apud</span> <span class='ocrx_word' id='word_1_523' title='bbox 1147 5478 1334 5545; x_wconf 90' lang='lat' dir='ltr'>patres</span> <span class='ocrx_word' id='word_1_524' title='bbox 1362 5477 1586 5530; x_wconf 89' lang='lat' dir='ltr'>nostros</span> <span class='ocrx_word' id='word_1_525' title='bbox 1622 5473 1917 5546; x_wconf 86' lang='lat' dir='ltr'>antiquam</span> <span class='ocrx_word' id='word_1_526' title='bbox 1944 5475 2203 5532; x_wconf 68' lang='lat' dir='ltr'>Ecclesiae</span> <span class='ocrx_word' id='word_1_527' title='bbox 2235 5476 2535 5533; x_wconf 74' lang='lat' dir='ltr'>Gallicana:</span> <span class='ocrx_word' id='word_1_528' title='bbox 2562 5478 2900 5552; x_wconf 83' lang='lat' dir='ltr'>Liturgiam,</span> <span class='ocrx_word' id='word_1_529' title='bbox 2929 5495 3060 5552; x_wconf 63' lang='lat' dir='ltr'>qua:</span> <span class='ocrx_word' id='word_1_530' title='bbox 3089 5479 3142 5536; x_wconf 90' lang='lat' dir='ltr'>ei</span> <span class='ocrx_word' id='word_1_531' title='bbox 3169 5480 3399 5538; x_wconf 72' lang='lat' dir='ltr'>suffecta</span> <span class='ocrx_word' id='word_1_532' title='bbox 3426 5486 3512 5539; x_wconf 89' lang='lat' dir='ltr'>est</span> <span class='ocrx_word' id='word_1_533' title='bbox 3547 5483 3718 5540; x_wconf 89' lang='lat' dir='ltr'>missa</span> 
     </span>
    </p>
   </div>
   <div class='ocr_carea' id='block_1_75' title="bbox 351 5562 3714 5646">
    <p class='ocr_par' dir='ltr' id='par_1_75' title="bbox 351 5562 3714 5646">
     <span class='ocr_line' id='line_1_75' title="bbox 351 5562 3714 5646; baseline 0.004 -28"><span class='ocrx_word' id='word_1_534' title='bbox 351 5565 623 5633; x_wconf 83' lang='lat' dir='ltr'>Romana,</span> <span class='ocrx_word' id='word_1_535' title='bbox 653 5562 810 5618; x_wconf 89' lang='lat' dir='ltr'>brevi</span> <span class='ocrx_word' id='word_1_536' title='bbox 841 5567 1094 5636; x_wconf 90' lang='lat' dir='ltr'>tempore</span> <span class='ocrx_word' id='word_1_537' title='bbox 1133 5563 1272 5620; x_wconf 86' lang='lat' dir='ltr'>adeo</span> <span class='ocrx_word' id='word_1_538' title='bbox 1307 5563 1626 5634; x_wconf 67' lang='lat' dir='ltr'>praevaluit,</span> <span class='ocrx_word' id='word_1_539' title='bbox 1657 5569 1724 5620; x_wconf 88' lang='lat' dir='ltr'>ut</span> <span class='ocrx_word' id='word_1_540' title='bbox 1761 5563 1956 5636; x_wconf 88' lang='lat' dir='ltr'>paucis</span> <span class='ocrx_word' id='word_1_541' title='bbox 1991 5570 2118 5636; x_wconf 89' lang='lat' dir='ltr'>post</span> <span class='ocrx_word' id='word_1_542' title='bbox 2143 5567 2304 5622; x_wconf 91' lang='lat' dir='ltr'>annis</span> <span class='ocrx_word' id='word_1_543' title='bbox 2340 5567 2526 5624; x_wconf 90' lang='lat' dir='ltr'>omnis</span> <span class='ocrx_word' id='word_1_544' title='bbox 2555 5568 2708 5625; x_wconf 87' lang='lat' dir='ltr'>illius</span> <span class='ocrx_word' id='word_1_545' title='bbox 2747 5569 3022 5626; x_wconf 88' lang='lat' dir='ltr'>memoria</span> <span class='ocrx_word' id='word_1_546' title='bbox 3059 5570 3212 5641; x_wconf 88' lang='lat' dir='ltr'>apud</span> <span class='ocrx_word' id='word_1_547' title='bbox 3250 5571 3539 5628; x_wconf 88' lang='lat' dir='ltr'>universos</span> <span class='ocrx_word' id='word_1_548' title='bbox 3563 5590 3714 5646; x_wconf 87' lang='lat' dir='ltr'>pene</span> 
     </span>
    </p>
   </div>
   <div class='ocr_carea' id='block_1_76' title="bbox 352 5651 3715 5733">
    <p class='ocr_par' dir='ltr' id='par_1_76' title="bbox 352 5651 3715 5733">
     <span class='ocr_line' id='line_1_76' title="bbox 352 5651 3715 5733; baseline 0.003 -25"><span class='ocrx_word' id='word_1_549' title='bbox 352 5653 672 5722; x_wconf 84' lang='lat' dir='ltr'>oblitterata</span> <span class='ocrx_word' id='word_1_550' title='bbox 694 5651 1000 5722; x_wconf 84' lang='lat' dir='ltr'>videretur,</span> <span class='ocrx_word' id='word_1_551' title='bbox 1029 5653 1234 5726; x_wconf 81' lang='lat' dir='ltr'>vixque</span> <span class='ocrx_word' id='word_1_552' title='bbox 1271 5653 1450 5725; x_wconf 88' lang='lat' dir='ltr'>ipsius</span> <span class='ocrx_word' id='word_1_553' title='bbox 1485 5669 1696 5710; x_wconf 90' lang='lat' dir='ltr'>nomen</span> <span class='ocrx_word' id='word_1_554' title='bbox 1735 5655 1888 5727; x_wconf 88' lang='lat' dir='ltr'>apud</span> <span class='ocrx_word' id='word_1_555' title='bbox 1925 5653 2144 5728; x_wconf 88' lang='lat' dir='ltr'>aliquos</span> <span class='ocrx_word' id='word_1_556' title='bbox 2183 5657 2370 5714; x_wconf 87' lang='lat' dir='ltr'>audiri</span> <span class='ocrx_word' id='word_1_557' title='bbox 2407 5658 2782 5733; x_wconf 89' lang='lat' dir='ltr'>contingeret.</span> <span class='ocrx_word' id='word_1_558' title='bbox 2809 5661 3161 5732; x_wconf 84' lang='lat' dir='ltr'>Quapropter</span> <span class='ocrx_word' id='word_1_559' title='bbox 3198 5660 3298 5732; x_wconf 85' lang='lat' dir='ltr'>qui</span> <span class='ocrx_word' id='word_1_560' title='bbox 3327 5667 3518 5718; x_wconf 89' lang='lat' dir='ltr'>nostra</span> <span class='ocrx_word' id='word_1_561' title='bbox 3546 5666 3715 5720; x_wconf 68' lang='lat' dir='ltr'>aetate</span> 
     </span>
    </p>
   </div>
   <div class='ocr_carea' id='block_1_77' title="bbox 352 5741 3719 5822">
    <p class='ocr_par' dir='ltr' id='par_1_77' title="bbox 352 5741 3719 5822">
     <span class='ocr_line' id='line_1_77' title="bbox 352 5741 3719 5822; baseline 0.003 -24"><span class='ocrx_word' id='word_1_562' title='bbox 352 5744 420 5798; x_wconf 90' lang='lat' dir='ltr'>de</span> <span class='ocrx_word' id='word_1_563' title='bbox 450 5743 618 5800; x_wconf 88' lang='lat' dir='ltr'>rebus</span> <span class='ocrx_word' id='word_1_564' title='bbox 644 5741 922 5816; x_wconf 89' lang='lat' dir='ltr'>liturgicis</span> <span class='ocrx_word' id='word_1_565' title='bbox 959 5747 1340 5802; x_wconf 83' lang='lat' dir='ltr'>tractaverunt</span> <span class='ocrx_word' id='word_1_566' title='bbox 1376 5743 1676 5816; x_wconf 90' lang='lat' dir='ltr'>scriptores</span> <span class='ocrx_word' id='word_1_567' title='bbox 1703 5744 1971 5814; x_wconf 89' lang='lat' dir='ltr'>accurati,</span> <span class='ocrx_word' id='word_1_568' title='bbox 1999 5745 2145 5801; x_wconf 91' lang='lat' dir='ltr'>hanc</span> <span class='ocrx_word' id='word_1_569' title='bbox 2169 5745 2228 5802; x_wconf 90' lang='lat' dir='ltr'>in</span> <span class='ocrx_word' id='word_1_570' title='bbox 2265 5763 2325 5804; x_wconf 82' lang='lat' dir='ltr'>se</span> <span class='ocrx_word' id='word_1_571' title='bbox 2351 5749 2706 5820; x_wconf 87' lang='lat' dir='ltr'>provinciam</span> <span class='ocrx_word' id='word_1_572' title='bbox 2737 5749 2803 5805; x_wconf 78' lang='lat' dir='ltr'>in</span> <span class='ocrx_word' id='word_1_573' title='bbox 2832 5749 3032 5820; x_wconf 89' lang='lat' dir='ltr'>primis</span> <span class='ocrx_word' id='word_1_574' title='bbox 3068 5756 3455 5822; x_wconf 86' lang='lat' dir='ltr'>susceperunt,</span> <span class='ocrx_word' id='word_1_575' title='bbox 3485 5755 3548 5808; x_wconf 91' lang='lat' dir='ltr'>ut</span> <span class='ocrx_word' id='word_1_576' title='bbox 3583 5768 3719 5808; x_wconf 85' lang='lat' dir='ltr'>eam</span> 
     </span>
    </p>
   </div>
   <div class='ocr_carea' id='block_1_78' title="bbox 343 5832 3721 5911">
    <p class='ocr_par' dir='ltr' id='par_1_78' title="bbox 343 5832 3721 5911">
     <span class='ocr_line' id='line_1_78' title="bbox 343 5832 3721 5911; baseline 0.003 -25"><span class='ocrx_word' id='word_1_577' title='bbox 343 5832 628 5901; x_wconf 85' lang='lat' dir='ltr'>jacentem</span> <span class='ocrx_word' id='word_1_578' title='bbox 652 5849 717 5888; x_wconf 88' lang='lat' dir='ltr'>ac</span> <span class='ocrx_word' id='word_1_579' title='bbox 753 5849 900 5905; x_wconf 90' lang='lat' dir='ltr'>pene</span> <span class='ocrx_word' id='word_1_580' title='bbox 934 5835 1212 5906; x_wconf 86' lang='lat' dir='ltr'>sepultam</span> <span class='ocrx_word' id='word_1_581' title='bbox 1245 5833 1305 5888; x_wconf 90' lang='lat' dir='ltr'>in</span> <span class='ocrx_word' id='word_1_582' title='bbox 1342 5833 1609 5902; x_wconf 89' lang='lat' dir='ltr'>tenebris,</span> <span class='ocrx_word' id='word_1_583' title='bbox 1638 5849 1706 5888; x_wconf 91' lang='lat' dir='ltr'>ex</span> <span class='ocrx_word' id='word_1_584' title='bbox 1749 5834 1982 5906; x_wconf 87' lang='lat' dir='ltr'>pulvere</span> <span class='ocrx_word' id='word_1_585' title='bbox 2026 5836 2379 5893; x_wconf 87' lang='lat' dir='ltr'>suscitarent.</span> <span class='ocrx_word' id='word_1_586' title='bbox 2409 5839 2634 5894; x_wconf 86' lang='lat' dir='ltr'>Primus</span> <span class='ocrx_word' id='word_1_587' title='bbox 2667 5855 2772 5894; x_wconf 91' lang='lat' dir='ltr'>nec</span> <span class='ocrx_word' id='word_1_588' title='bbox 2812 5837 2934 5894; x_wconf 88' lang='lat' dir='ltr'>sine</span> <span class='ocrx_word' id='word_1_589' title='bbox 2967 5839 3140 5911; x_wconf 87' lang='lat' dir='ltr'>digna</span> <span class='ocrx_word' id='word_1_590' title='bbox 3172 5839 3338 5894; x_wconf 87' lang='lat' dir='ltr'>laude</span> <span class='ocrx_word' id='word_1_591' title='bbox 3377 5839 3436 5896; x_wconf 92' lang='lat' dir='ltr'>id</span> <span class='ocrx_word' id='word_1_592' title='bbox 3475 5841 3721 5897; x_wconf 76' lang='lat' dir='ltr'>tentavit</span> 
     </span>
    </p>
   </div>
   <div class='ocr_carea' id='block_1_79' title="bbox 350 5918 3714 6001">
    <p class='ocr_par' dir='ltr' id='par_1_79' title="bbox 350 5918 3714 6001">
     <span class='ocr_line' id='line_1_79' title="bbox 350 5918 3714 6001; baseline 0.004 -27"><span class='ocrx_word' id='word_1_593' title='bbox 350 5918 460 5990; x_wconf 75' lang='lat' dir='ltr'>piae</span> <span class='ocrx_word' id='word_1_594' title='bbox 493 5923 785 5980; x_wconf 78' lang='lat' dir='ltr'>memoriae</span> <span class='ocrx_word' id='word_1_595' title='bbox 819 5923 1115 5980; x_wconf 86' lang='lat' dir='ltr'>cardinalis</span> <span class='ocrx_word' id='word_1_596' title='bbox 1156 5924 1307 5980; x_wconf 87' lang='lat' dir='ltr'>Bona</span> <span class='ocrx_word' id='word_1_597' title='bbox 1338 5922 1398 5978; x_wconf 88' lang='lat' dir='ltr'>in</span> <span class='ocrx_word' id='word_1_598' title='bbox 1430 5923 1574 5979; x_wconf 89' lang='lat' dir='ltr'>libro</span> <span class='ocrx_word' id='word_1_599' title='bbox 1605 5939 1618 5978; x_wconf 89' lang='lat'><strong>:</strong></span> <span class='ocrx_word' id='word_1_600' title='bbox 1653 5923 1864 5981; x_wconf 80' lang='lat' dir='ltr'>Rerum</span> <span class='ocrx_word' id='word_1_601' title='bbox 1903 5925 2320 5998; x_wconf 88' lang='lat' dir='ltr'>liturgicarum,</span> <span class='ocrx_word' id='word_1_602' title='bbox 2356 5945 2480 6000; x_wconf 90' lang='lat' dir='ltr'>cap.</span> <span class='ocrx_word' id='word_1_603' title='bbox 2515 5931 2599 5998; x_wconf 76' lang='lat' dir='ltr'>i2,</span> <span class='ocrx_word' id='word_1_604' title='bbox 2630 5927 2728 5983; x_wconf 88' lang='lat' dir='ltr'>ubi</span> <span class='ocrx_word' id='word_1_605' title='bbox 2763 5924 2982 6000; x_wconf 87' lang='lat' dir='ltr'>antiqui</span> <span class='ocrx_word' id='word_1_606' title='bbox 3011 5927 3152 5984; x_wconf 89' lang='lat' dir='ltr'>ritus</span> <span class='ocrx_word' id='word_1_607' title='bbox 3179 5927 3445 5985; x_wconf 88' lang='lat' dir='ltr'>Gallicani</span> <span class='ocrx_word' id='word_1_608' title='bbox 3472 5929 3714 6001; x_wconf 87' lang='lat' dir='ltr'>vestigia</span> 
     </span>
    </p>
   </div>
  </div>
