  <div class='ocr_page' id='page_1' title='image "/cluster/home/n/w/nwhite01/storage/ocr_20150623/72/hvd.32044054758768/048.png"; bbox 0 0 4042 6184; ppageno 0'>
   <div class='ocr_carea' id='block_1_1' title="bbox 250 309 1846 377">
    <p class='ocr_par' dir='ltr' id='par_1_1' title="bbox 250 309 1846 370">
     <span class='ocr_line' id='line_1_1' title="bbox 250 309 1846 370; baseline 0 -1"><span class='ocrx_word' id='word_1_1' title='bbox 250 312 323 370; x_wconf 77' lang='grc'>85</span> <span class='ocrx_word' id='word_1_2' title='bbox 1045 309 1391 370; x_wconf 76' lang='lat' dir='ltr'>EXPOSl&#39;l‘lO</span> <span class='ocrx_word' id='word_1_3' title='bbox 1428 313 1665 368; x_wconf 74' lang='lat' dir='ltr'>BREVIS</span> <span class='ocrx_word' id='word_1_4' title='bbox 1702 313 1846 369; x_wconf 66' lang='lat' dir='ltr'>Ll&#39;l‘ll</span> 
     </span>
    </p>
   </div>
   <div class='ocr_carea' id='block_1_2' title="bbox 2014 309 3610 377">
    <p class='ocr_par' dir='ltr' id='par_1_2' title="bbox 2014 313 3610 377">
     <span class='ocr_line' id='line_1_2' title="bbox 2014 313 3610 377; baseline 0.006 -9"><span class='ocrx_word' id='word_1_5' title='bbox 2014 314 2032 368; x_wconf 75' lang='grc' dir='ltr'>Ξ</span> <span class='ocrx_word' id='word_1_6' title='bbox 2068 313 2323 369; x_wconf 61' lang='lat' dir='ltr'>GALLIC.</span> <span class='ocrx_word' id='word_1_7' title='bbox 2365 343 2432 353; x_wconf 83' lang='lat'>—-</span> <span class='ocrx_word' id='word_1_8' title='bbox 2470 313 2828 372; x_wconf 72' lang='lat' dir='ltr'>ADMONITIO</span> <span class='ocrx_word' id='word_1_9' title='bbox 3544 319 3610 377; x_wconf 84' lang='lat'><strong>86</strong></span> 
     </span>
    </p>
   </div>
   <div class='ocr_carea' id='block_1_3' title="bbox 249 420 3614 495">
    <p class='ocr_par' dir='ltr' id='par_1_3' title="bbox 249 420 3614 495">
     <span class='ocr_line' id='line_1_3' title="bbox 249 420 3614 495; baseline 0.002 -14"><span class='ocrx_word' id='word_1_10' title='bbox 249 440 318 481; x_wconf 81' lang='lat' dir='ltr'>ex</span> <span class='ocrx_word' id='word_1_11' title='bbox 363 422 649 479; x_wconf 78' lang='lat' dir='ltr'>veteribus</span> <span class='ocrx_word' id='word_1_12' title='bbox 682 420 1048 494; x_wconf 78' lang='lat' dir='ltr'>scriptoribus</span> <span class='ocrx_word' id='word_1_13' title='bbox 1081 422 1153 477; x_wconf 85' lang='lat' dir='ltr'>ob</span> <span class='ocrx_word' id='word_1_14' title='bbox 1193 422 1383 477; x_wconf 90' lang='lat' dir='ltr'>oculos</span> <span class='ocrx_word' id='word_1_15' title='bbox 1419 421 1600 494; x_wconf 86' lang='lat' dir='ltr'>ponit.</span> <span class='ocrx_word' id='word_1_16' title='bbox 1630 421 1737 477; x_wconf 87' lang='lat' dir='ltr'>Sed</span> <span class='ocrx_word' id='word_1_17' title='bbox 1777 421 1901 476; x_wconf 89' lang='lat' dir='ltr'>hac</span> <span class='ocrx_word' id='word_1_18' title='bbox 1930 438 2034 493; x_wconf 87' lang='lat' dir='ltr'>pro</span> <span class='ocrx_word' id='word_1_19' title='bbox 2074 421 2159 477; x_wconf 88' lang='lat' dir='ltr'>rei</span> <span class='ocrx_word' id='word_1_20' title='bbox 2200 420 2477 494; x_wconf 82' lang='lat' dir='ltr'>dignitate</span> <span class='ocrx_word' id='word_1_21' title='bbox 2521 426 2578 478; x_wconf 90' lang='lat' dir='ltr'>et</span> <span class='ocrx_word' id='word_1_22' title='bbox 2615 421 3012 495; x_wconf 81' lang='lat' dir='ltr'>magnitudine</span> <span class='ocrx_word' id='word_1_23' title='bbox 3055 424 3200 483; x_wconf 89' lang='lat' dir='ltr'>levia</span> <span class='ocrx_word' id='word_1_24' title='bbox 3243 430 3394 485; x_wconf 88' lang='lat' dir='ltr'>sunt.</span> <span class='ocrx_word' id='word_1_25' title='bbox 3441 429 3614 488; x_wconf 86' lang='lat' dir='ltr'>Multo</span> 
     </span>
    </p>
   </div>
   <div class='ocr_carea' id='block_1_4' title="bbox 247 510 3613 594">
    <p class='ocr_par' dir='ltr' id='par_1_4' title="bbox 247 510 3613 594">
     <span class='ocr_line' id='line_1_4' title="bbox 247 510 3613 594; baseline 0.002 -24"><span class='ocrx_word' id='word_1_26' title='bbox 247 513 468 571; x_wconf 82' lang='lat' dir='ltr'>felicius</span> <span class='ocrx_word' id='word_1_27' title='bbox 483 529 608 569; x_wconf 90' lang='lat' dir='ltr'>rem</span> <span class='ocrx_word' id='word_1_28' title='bbox 629 516 926 569; x_wconf 82' lang='lat' dir='ltr'>exsecutus</span> <span class='ocrx_word' id='word_1_29' title='bbox 945 517 1030 568; x_wconf 89' lang='lat' dir='ltr'>est</span> <span class='ocrx_word' id='word_1_30' title='bbox 1047 512 1134 568; x_wconf 90' lang='lat' dir='ltr'>vir</span> <span class='ocrx_word' id='word_1_31' title='bbox 1153 513 1348 568; x_wconf 85' lang='lat' dir='ltr'>multa</span> <span class='ocrx_word' id='word_1_32' title='bbox 1374 510 1708 568; x_wconf 73' lang='lat' dir='ltr'>eruditionis</span> <span class='ocrx_word' id='word_1_33' title='bbox 1731 511 2006 583; x_wconf 75' lang='lat' dir='ltr'>Iosephus</span> <span class='ocrx_word' id='word_1_34' title='bbox 2023 511 2375 582; x_wconf 87' lang='lat' dir='ltr'>Thomasius,</span> <span class='ocrx_word' id='word_1_35' title='bbox 2397 513 2496 585; x_wconf 88' lang='lat' dir='ltr'>qui</span> <span class='ocrx_word' id='word_1_36' title='bbox 2516 514 2709 568; x_wconf 87' lang='lat' dir='ltr'>Roma</span> <span class='ocrx_word' id='word_1_37' title='bbox 2733 517 2848 569; x_wconf 87' lang='lat' dir='ltr'>tres</span> <span class='ocrx_word' id='word_1_38' title='bbox 2866 518 3081 571; x_wconf 83' lang='lat' dir='ltr'>veteres</span> <span class='ocrx_word' id='word_1_39' title='bbox 3099 518 3325 576; x_wconf 79' lang='lat' dir='ltr'>Codices</span> <span class='ocrx_word' id='word_1_40' title='bbox 3341 520 3613 594; x_wconf 86' lang='lat' dir='ltr'>Liturgia</span> 
     </span>
    </p>
   </div>
   <div class='ocr_carea' id='block_1_5' title="bbox 246 604 3612 678">
    <p class='ocr_par' dir='ltr' id='par_1_5' title="bbox 246 604 3612 678">
     <span class='ocr_line' id='line_1_5' title="bbox 246 604 3612 678; baseline 0.001 -14"><span class='ocrx_word' id='word_1_41' title='bbox 246 608 549 664; x_wconf 87' lang='lat' dir='ltr'>Gallicana</span> <span class='ocrx_word' id='word_1_42' title='bbox 583 623 655 662; x_wconf 88' lang='lat' dir='ltr'>ex</span> <span class='ocrx_word' id='word_1_43' title='bbox 682 605 1022 663; x_wconf 83' lang='lat' dir='ltr'>bibliotheca</span> <span class='ocrx_word' id='word_1_44' title='bbox 1056 606 1273 678; x_wconf 86' lang='lat' dir='ltr'>regina</span> <span class='ocrx_word' id='word_1_45' title='bbox 1306 605 1522 662; x_wconf 87' lang='lat' dir='ltr'>Suecia</span> <span class='ocrx_word' id='word_1_46' title='bbox 1558 604 1707 676; x_wconf 84' lang='lat' dir='ltr'>typis</span> <span class='ocrx_word' id='word_1_47' title='bbox 1747 604 2063 674; x_wconf 82' lang='lat' dir='ltr'>mandavit,</span> <span class='ocrx_word' id='word_1_48' title='bbox 2094 620 2326 659; x_wconf 87' lang='lat' dir='ltr'>rursum</span> <span class='ocrx_word' id='word_1_49' title='bbox 2359 604 2584 660; x_wconf 85' lang='lat' dir='ltr'>Parisiis</span> <span class='ocrx_word' id='word_1_50' title='bbox 2620 621 2845 661; x_wconf 91' lang='lat' dir='ltr'>recusos</span> <span class='ocrx_word' id='word_1_51' title='bbox 2869 622 2902 660; x_wconf 92' lang='lat' dir='ltr'>a</span> <span class='ocrx_word' id='word_1_52' title='bbox 2927 607 3244 665; x_wconf 87' lang='lat' dir='ltr'>Mabillonio</span> <span class='ocrx_word' id='word_1_53' title='bbox 3281 627 3414 666; x_wconf 90' lang='lat' dir='ltr'>cum</span> <span class='ocrx_word' id='word_1_54' title='bbox 3436 612 3612 668; x_wconf 85' lang='lat' dir='ltr'>veteri</span> 
     </span>
    </p>
   </div>
   <div class='ocr_carea' id='block_1_6' title="bbox 246 693 3615 773">
    <p class='ocr_par' dir='ltr' id='par_1_6' title="bbox 246 693 3615 773">
     <span class='ocr_line' id='line_1_6' title="bbox 246 693 3615 773; baseline 0.001 -20"><span class='ocrx_word' id='word_1_55' title='bbox 246 696 601 754; x_wconf 88' lang='lat' dir='ltr'>Lectionario</span> <span class='ocrx_word' id='word_1_56' title='bbox 628 696 912 752; x_wconf 88' lang='lat' dir='ltr'>Gallicano</span> <span class='ocrx_word' id='word_1_57' title='bbox 944 696 1015 752; x_wconf 89' lang='lat' dir='ltr'>ab</span> <span class='ocrx_word' id='word_1_58' title='bbox 1042 712 1108 752; x_wconf 92' lang='lat' dir='ltr'>eo</span> <span class='ocrx_word' id='word_1_59' title='bbox 1136 695 1196 751; x_wconf 90' lang='lat' dir='ltr'>in</span> <span class='ocrx_word' id='word_1_60' title='bbox 1224 694 1561 751; x_wconf 87' lang='lat' dir='ltr'>Luxovicnsi</span> <span class='ocrx_word' id='word_1_61' title='bbox 1587 693 1930 750; x_wconf 88' lang='lat' dir='ltr'>monasterio</span> <span class='ocrx_word' id='word_1_62' title='bbox 1954 696 2199 765; x_wconf 90' lang='lat' dir='ltr'>reperto,</span> <span class='ocrx_word' id='word_1_63' title='bbox 2230 698 2286 748; x_wconf 87' lang='lat' dir='ltr'>ct</span> <span class='ocrx_word' id='word_1_64' title='bbox 2312 693 2548 750; x_wconf 85' lang='lat' dir='ltr'>eruditis</span> <span class='ocrx_word' id='word_1_65' title='bbox 2574 694 3054 752; x_wconf 86' lang='lat' dir='ltr'>observationibus</span> <span class='ocrx_word' id='word_1_66' title='bbox 3081 698 3357 756; x_wconf 88' lang='lat' dir='ltr'>illustrato</span> <span class='ocrx_word' id='word_1_67' title='bbox 3385 718 3398 756; x_wconf 93' lang='lat'><strong>:</strong></span> <span class='ocrx_word' id='word_1_68' title='bbox 3427 701 3527 773; x_wconf 88' lang='lat' dir='ltr'>qui</span> <span class='ocrx_word' id='word_1_69' title='bbox 3558 706 3615 759; x_wconf 89' lang='lat' dir='ltr'>et</span> 
     </span>
    </p>
   </div>
   <div class='ocr_carea' id='block_1_7' title="bbox 243 782 3611 860">
    <p class='ocr_par' dir='ltr' id='par_1_7' title="bbox 243 782 3611 860">
     <span class='ocr_line' id='line_1_7' title="bbox 243 782 3611 860; baseline 0.001 -17"><span class='ocrx_word' id='word_1_70' title='bbox 243 787 368 859; x_wconf 88' lang='lat' dir='ltr'>ipse</span> <span class='ocrx_word' id='word_1_71' title='bbox 412 790 684 860; x_wconf 89' lang='lat' dir='ltr'>quartum</span> <span class='ocrx_word' id='word_1_72' title='bbox 711 786 981 858; x_wconf 83' lang='lat' dir='ltr'>Liturgia</span> <span class='ocrx_word' id='word_1_73' title='bbox 1018 785 1317 842; x_wconf 80' lang='lat' dir='ltr'>Gallicanae</span> <span class='ocrx_word' id='word_1_74' title='bbox 1343 784 1604 840; x_wconf 90' lang='lat' dir='ltr'>Codicem</span> <span class='ocrx_word' id='word_1_75' title='bbox 1644 800 1714 840; x_wconf 90' lang='lat' dir='ltr'>ex</span> <span class='ocrx_word' id='word_1_76' title='bbox 1755 782 2093 838; x_wconf 84' lang='lat' dir='ltr'>bibliotheca</span> <span class='ocrx_word' id='word_1_77' title='bbox 2122 783 2387 838; x_wconf 88' lang='lat' dir='ltr'>Bobiensi</span> <span class='ocrx_word' id='word_1_78' title='bbox 2414 782 2629 853; x_wconf 90' lang='lat' dir='ltr'>publici</span> <span class='ocrx_word' id='word_1_79' title='bbox 2644 784 2792 854; x_wconf 85' lang='lat' dir='ltr'>juris</span> <span class='ocrx_word' id='word_1_80' title='bbox 2816 784 2947 840; x_wconf 91' lang='lat' dir='ltr'>fecit</span> <span class='ocrx_word' id='word_1_81' title='bbox 2973 786 3033 841; x_wconf 91' lang='lat' dir='ltr'>in</span> <span class='ocrx_word' id='word_1_82' title='bbox 3060 788 3233 844; x_wconf 84' lang='lat' dir='ltr'>Musei</span> <span class='ocrx_word' id='word_1_83' title='bbox 3263 790 3434 845; x_wconf 84' lang='lat' dir='ltr'>Italici</span> <span class='ocrx_word' id='word_1_84' title='bbox 3456 795 3611 847; x_wconf 83' lang='lat' dir='ltr'>tome</span> 
     </span>
    </p>
   </div>
   <div class='ocr_carea' id='block_1_8' title="bbox 245 873 3613 948">
    <p class='ocr_par' dir='ltr' id='par_1_8' title="bbox 245 873 3613 948">
     <span class='ocr_line' id='line_1_8' title="bbox 245 873 3613 948; baseline 0.001 -17"><span class='ocrx_word' id='word_1_85' title='bbox 245 877 460 948; x_wconf 86' lang='lat' dir='ltr'>primo.</span> <span class='ocrx_word' id='word_1_86' title='bbox 495 879 703 932; x_wconf 85' lang='lat' dir='ltr'>Verum</span> <span class='ocrx_word' id='word_1_87' title='bbox 742 875 834 931; x_wconf 86' lang='lat' dir='ltr'>his</span> <span class='ocrx_word' id='word_1_88' title='bbox 876 875 1141 931; x_wconf 89' lang='lat' dir='ltr'>omnibus</span> <span class='ocrx_word' id='word_1_89' title='bbox 1168 875 1231 931; x_wconf 90' lang='lat' dir='ltr'>in</span> <span class='ocrx_word' id='word_1_90' title='bbox 1269 874 1447 941; x_wconf 86' lang='lat' dir='ltr'>libris,</span> <span class='ocrx_word' id='word_1_91' title='bbox 1492 874 1550 929; x_wconf 91' lang='lat' dir='ltr'>id</span> <span class='ocrx_word' id='word_1_92' title='bbox 1592 889 1774 929; x_wconf 91' lang='lat' dir='ltr'>unum</span> <span class='ocrx_word' id='word_1_93' title='bbox 1816 873 2107 939; x_wconf 82' lang='lat' dir='ltr'>duntaxat,</span> <span class='ocrx_word' id='word_1_94' title='bbox 2146 873 2297 944; x_wconf 92' lang='lat' dir='ltr'>quod</span> <span class='ocrx_word' id='word_1_95' title='bbox 2336 876 2527 928; x_wconf 89' lang='lat' dir='ltr'>tamen</span> <span class='ocrx_word' id='word_1_96' title='bbox 2562 873 2919 945; x_wconf 89' lang='lat' dir='ltr'>pracipuum</span> <span class='ocrx_word' id='word_1_97' title='bbox 2956 880 3060 947; x_wconf 91' lang='lat' dir='ltr'>est,</span> <span class='ocrx_word' id='word_1_98' title='bbox 3090 877 3386 946; x_wconf 84' lang='lat' dir='ltr'>habemus,</span> <span class='ocrx_word' id='word_1_99' title='bbox 3414 883 3481 934; x_wconf 90' lang='lat' dir='ltr'>ut</span> <span class='ocrx_word' id='word_1_100' title='bbox 3519 896 3613 935; x_wconf 90' lang='lat' dir='ltr'>eas</span> 
     </span>
    </p>
   </div>
   <div class='ocr_carea' id='block_1_9' title="bbox 245 961 3613 1040">
    <p class='ocr_par' dir='ltr' id='par_1_9' title="bbox 245 961 3613 1040">
     <span class='ocr_line' id='line_1_9' title="bbox 245 961 3613 1040; baseline 0.001 -20"><span class='ocrx_word' id='word_1_101' title='bbox 245 967 495 1021; x_wconf 79' lang='lat' dir='ltr'>sciamus</span> <span class='ocrx_word' id='word_1_102' title='bbox 536 983 751 1038; x_wconf 87' lang='lat' dir='ltr'>preces,</span> <span class='ocrx_word' id='word_1_103' title='bbox 783 982 923 1039; x_wconf 88' lang='lat' dir='ltr'>quas</span> <span class='ocrx_word' id='word_1_104' title='bbox 964 966 1037 1021; x_wconf 89' lang='lat' dir='ltr'>ad</span> <span class='ocrx_word' id='word_1_105' title='bbox 1077 966 1250 1021; x_wconf 81' lang='lat' dir='ltr'>altare</span> <span class='ocrx_word' id='word_1_106' title='bbox 1289 964 1578 1020; x_wconf 88' lang='lat' dir='ltr'>celebrans</span> <span class='ocrx_word' id='word_1_107' title='bbox 1619 963 1875 1019; x_wconf 89' lang='lat' dir='ltr'>sacerdos</span> <span class='ocrx_word' id='word_1_108' title='bbox 1913 963 2194 1032; x_wconf 88' lang='lat' dir='ltr'>recitaret,</span> <span class='ocrx_word' id='word_1_109' title='bbox 2224 979 2356 1018; x_wconf 91' lang='lat' dir='ltr'>cum</span> <span class='ocrx_word' id='word_1_110' title='bbox 2392 961 2727 1018; x_wconf 86' lang='lat' dir='ltr'>lectionibus</span> <span class='ocrx_word' id='word_1_111' title='bbox 2764 980 2904 1035; x_wconf 85' lang='lat' dir='ltr'>quas</span> <span class='ocrx_word' id='word_1_112' title='bbox 2943 966 3083 1021; x_wconf 88' lang='lat' dir='ltr'>sacri</span> <span class='ocrx_word' id='word_1_113' title='bbox 3123 967 3369 1023; x_wconf 89' lang='lat' dir='ltr'>ministri</span> <span class='ocrx_word' id='word_1_114' title='bbox 3399 968 3613 1040; x_wconf 90' lang='lat' dir='ltr'>populo</span> 
     </span>
    </p>
   </div>
   <div class='ocr_carea' id='block_1_10' title="bbox 242 1052 3610 1133">
    <p class='ocr_par' dir='ltr' id='par_1_10' title="bbox 242 1052 3610 1133">
     <span class='ocr_line' id='line_1_10' title="bbox 242 1052 3610 1133; baseline 0.001 -23"><span class='ocrx_word' id='word_1_115' title='bbox 242 1056 714 1128; x_wconf 81' lang='lat' dir='ltr'>pronuntiabant.</span> <span class='ocrx_word' id='word_1_116' title='bbox 742 1060 812 1114; x_wconf 80' lang='lat' dir='ltr'>At</span> <span class='ocrx_word' id='word_1_117' title='bbox 838 1057 976 1130; x_wconf 92' lang='lat' dir='ltr'>quid</span> <span class='ocrx_word' id='word_1_118' title='bbox 1001 1056 1231 1113; x_wconf 89' lang='lat' dir='ltr'>interim</span> <span class='ocrx_word' id='word_1_119' title='bbox 1263 1056 1469 1112; x_wconf 91' lang='lat' dir='ltr'>chorus</span> <span class='ocrx_word' id='word_1_120' title='bbox 1496 1055 1839 1125; x_wconf 84' lang='lat' dir='ltr'>decantaret,</span> <span class='ocrx_word' id='word_1_121' title='bbox 1868 1070 2050 1127; x_wconf 93' lang='lat' dir='ltr'>quove</span> <span class='ocrx_word' id='word_1_122' title='bbox 2078 1053 2297 1123; x_wconf 89' lang='lat' dir='ltr'>ordine,</span> <span class='ocrx_word' id='word_1_123' title='bbox 2330 1069 2435 1133; x_wconf 78' lang='lat' dir='ltr'>nos</span> <span class='ocrx_word' id='word_1_124' title='bbox 2459 1052 2734 1108; x_wconf 87' lang='lat' dir='ltr'>hactenus</span> <span class='ocrx_word' id='word_1_125' title='bbox 2763 1053 2992 1110; x_wconf 86' lang='lat' dir='ltr'>latebat.</span> <span class='ocrx_word' id='word_1_126' title='bbox 3024 1056 3082 1110; x_wconf 88' lang='lat' dir='ltr'>Id</span> <span class='ocrx_word' id='word_1_127' title='bbox 3106 1057 3337 1129; x_wconf 87' lang='lat' dir='ltr'>quidem</span> <span class='ocrx_word' id='word_1_128' title='bbox 3365 1059 3610 1115; x_wconf 88' lang='lat' dir='ltr'>auctori-</span> 
     </span>
    </p>
   </div>
   <div class='ocr_carea' id='block_1_11' title="bbox 244 1142 3613 1222">
    <p class='ocr_par' dir='ltr' id='par_1_11' title="bbox 244 1142 3613 1222">
     <span class='ocr_line' id='line_1_11' title="bbox 244 1142 3613 1222; baseline 0.001 -22"><span class='ocrx_word' id='word_1_129' title='bbox 244 1150 358 1201; x_wconf 87' lang='lat' dir='ltr'>tate</span> <span class='ocrx_word' id='word_1_130' title='bbox 380 1150 645 1202; x_wconf 88' lang='lat' dir='ltr'>veterum</span> <span class='ocrx_word' id='word_1_131' title='bbox 686 1147 1075 1203; x_wconf 89' lang='lat' dir='ltr'>demonstrare</span> <span class='ocrx_word' id='word_1_132' title='bbox 1116 1146 1351 1218; x_wconf 86' lang='lat' dir='ltr'>quidam</span> <span class='ocrx_word' id='word_1_133' title='bbox 1388 1148 1783 1211; x_wconf 86' lang='lat' dir='ltr'>tentaverunt;</span> <span class='ocrx_word' id='word_1_134' title='bbox 1813 1160 2014 1201; x_wconf 89' lang='lat' dir='ltr'>verum</span> <span class='ocrx_word' id='word_1_135' title='bbox 2040 1143 2274 1199; x_wconf 87' lang='lat' dir='ltr'>omnino</span> <span class='ocrx_word' id='word_1_136' title='bbox 2316 1143 2434 1198; x_wconf 87' lang='lat' dir='ltr'>fere</span> <span class='ocrx_word' id='word_1_137' title='bbox 2459 1142 2766 1199; x_wconf 87' lang='lat' dir='ltr'>incassum.</span> <span class='ocrx_word' id='word_1_138' title='bbox 2799 1144 2938 1201; x_wconf 86' lang='lat' dir='ltr'>Nam</span> <span class='ocrx_word' id='word_1_139' title='bbox 2963 1149 3345 1220; x_wconf 82' lang='lat' dir='ltr'>praeterquam</span> <span class='ocrx_word' id='word_1_140' title='bbox 3371 1148 3523 1222; x_wconf 90' lang='lat' dir='ltr'>quod</span> <span class='ocrx_word' id='word_1_141' title='bbox 3552 1148 3613 1204; x_wconf 90' lang='lat' dir='ltr'>in</span> 
     </span>
    </p>
   </div>
   <div class='ocr_carea' id='block_1_12' title="bbox 244 1235 1804 1311">
    <p class='ocr_par' dir='ltr' id='par_1_12' title="bbox 244 1235 1804 1311">
     <span class='ocr_line' id='line_1_12' title="bbox 244 1235 1804 1311; baseline -0.001 -21"><span class='ocrx_word' id='word_1_142' title='bbox 244 1235 452 1291; x_wconf 86' lang='lat' dir='ltr'>multis</span> <span class='ocrx_word' id='word_1_143' title='bbox 480 1236 828 1307; x_wconf 90' lang='lat' dir='ltr'>defecerunt,</span> <span class='ocrx_word' id='word_1_144' title='bbox 860 1237 923 1292; x_wconf 91' lang='lat' dir='ltr'>in</span> <span class='ocrx_word' id='word_1_145' title='bbox 947 1236 1229 1311; x_wconf 86' lang='lat' dir='ltr'>aliquibus</span> <span class='ocrx_word' id='word_1_146' title='bbox 1255 1235 1428 1291; x_wconf 90' lang='lat' dir='ltr'>etiam</span> <span class='ocrx_word' id='word_1_147' title='bbox 1453 1238 1804 1291; x_wconf 87' lang='lat' dir='ltr'>erraverunt.</span> 
     </span>
    </p>
   </div>
   <div class='ocr_carea' id='block_1_13' title="bbox 317 1352 3612 1429">
    <p class='ocr_par' dir='ltr' id='par_1_13' title="bbox 317 1352 3612 1429">
     <span class='ocr_line' id='line_1_13' title="bbox 317 1352 3612 1429; baseline 0.002 -21"><span class='ocrx_word' id='word_1_148' title='bbox 317 1353 466 1409; x_wconf 84' lang='lat' dir='ltr'>Illud</span> <span class='ocrx_word' id='word_1_149' title='bbox 493 1358 686 1411; x_wconf 91' lang='lat' dir='ltr'>autem</span> <span class='ocrx_word' id='word_1_150' title='bbox 711 1354 1083 1411; x_wconf 88' lang='lat' dir='ltr'>emolumenti</span> <span class='ocrx_word' id='word_1_151' title='bbox 1108 1370 1179 1410; x_wconf 90' lang='lat' dir='ltr'>ex</span> <span class='ocrx_word' id='word_1_152' title='bbox 1211 1354 1469 1429; x_wconf 87' lang='lat' dir='ltr'>sequenti</span> <span class='ocrx_word' id='word_1_153' title='bbox 1505 1353 1863 1426; x_wconf 83' lang='lat' dir='ltr'>Expositione</span> <span class='ocrx_word' id='word_1_154' title='bbox 1900 1352 2151 1427; x_wconf 87' lang='lat' dir='ltr'>antiqua</span> <span class='ocrx_word' id='word_1_155' title='bbox 2186 1352 2484 1409; x_wconf 88' lang='lat' dir='ltr'>Gallicana</span> <span class='ocrx_word' id='word_1_156' title='bbox 2511 1352 2781 1426; x_wconf 84' lang='lat' dir='ltr'>Liturgia</span> <span class='ocrx_word' id='word_1_157' title='bbox 2812 1353 3030 1425; x_wconf 90' lang='lat' dir='ltr'>accidit,</span> <span class='ocrx_word' id='word_1_158' title='bbox 3058 1359 3123 1411; x_wconf 90' lang='lat' dir='ltr'>ut</span> <span class='ocrx_word' id='word_1_159' title='bbox 3145 1355 3432 1429; x_wconf 89' lang='lat' dir='ltr'>integrum</span> <span class='ocrx_word' id='word_1_160' title='bbox 3461 1357 3612 1414; x_wconf 89' lang='lat' dir='ltr'>illius</span> 
     </span>
    </p>
   </div>
   <div class='ocr_carea' id='block_1_14' title="bbox 241 1442 2025 1517">
    <p class='ocr_par' dir='ltr' id='par_1_14' title="bbox 241 1442 2025 1517">
     <span class='ocr_line' id='line_1_14' title="bbox 241 1442 2025 1517; baseline 0.002 -22"><span class='ocrx_word' id='word_1_161' title='bbox 241 1442 531 1514; x_wconf 84' lang='lat' dir='ltr'>ordinem,</span> <span class='ocrx_word' id='word_1_162' title='bbox 560 1444 765 1516; x_wconf 80' lang='lat' dir='ltr'>quidve</span> <span class='ocrx_word' id='word_1_163' title='bbox 790 1446 851 1499; x_wconf 90' lang='lat' dir='ltr'>in</span> <span class='ocrx_word' id='word_1_164' title='bbox 876 1445 1049 1500; x_wconf 88' lang='lat' dir='ltr'>choro</span> <span class='ocrx_word' id='word_1_165' title='bbox 1071 1448 1413 1515; x_wconf 88' lang='lat' dir='ltr'>cantaretur,</span> <span class='ocrx_word' id='word_1_166' title='bbox 1443 1443 1670 1517; x_wconf 90' lang='lat' dir='ltr'>penitus</span> <span class='ocrx_word' id='word_1_167' title='bbox 1700 1443 2025 1501; x_wconf 83' lang='lat' dir='ltr'>resciamus.</span> 
     </span>
    </p>
   </div>
   <div class='ocr_carea' id='block_1_15' title="bbox 316 1538 3616 1635">
    <p class='ocr_par' dir='ltr' id='par_1_15' title="bbox 316 1538 3616 1635">
     <span class='ocr_line' id='line_1_15' title="bbox 316 1538 3616 1635; baseline 0.002 -21"><span class='ocrx_word' id='word_1_168' title='bbox 316 1560 465 1615; x_wconf 81' lang='lat' dir='ltr'>Nam</span> <span class='ocrx_word' id='word_1_169' title='bbox 515 1560 702 1633; x_wconf 89' lang='lat' dir='ltr'>primo</span> <span class='ocrx_word' id='word_1_170' title='bbox 751 1560 1004 1635; x_wconf 87' lang='lat' dir='ltr'>Liturgia</span> <span class='ocrx_word' id='word_1_171' title='bbox 1047 1560 1353 1633; x_wconf 87' lang='lat' dir='ltr'>incipiebat</span> <span class='ocrx_word' id='word_1_172' title='bbox 1394 1561 1464 1617; x_wconf 88' lang='lat' dir='ltr'>ab</span> <span class='ocrx_word' id='word_1_173' title='bbox 1514 1559 1847 1633; x_wconf 90' lang='lat' dir='ltr'>antiphona,</span> <span class='ocrx_word' id='word_1_174' title='bbox 1897 1577 2070 1634; x_wconf 90' lang='lat' dir='ltr'>quam</span> <span class='ocrx_word' id='word_1_175' title='bbox 2114 1576 2245 1615; x_wconf 91' lang='lat' dir='ltr'>cum</span> <span class='ocrx_word' id='word_1_176' title='bbox 2291 1576 2458 1616; x_wconf 90' lang='lat' dir='ltr'>versu</span> <span class='ocrx_word' id='word_1_177' title='bbox 2494 1559 2697 1633; x_wconf 84' lang='lat' dir='ltr'>psalmi</span> <span class='ocrx_word' id='word_1_178' title='bbox 2741 1565 2797 1617; x_wconf 90' lang='lat' dir='ltr'>et</span> <span class='ocrx_word' id='word_1_179' title='bbox 2855 1561 3031 1633; x_wconf 82' lang='lat' dir='ltr'>gloria</span> <span class='ocrx_word' id='word_1_180' title='bbox 3080 1538 3363 1620; x_wconf 81' lang='lat' dir='ltr'>Trinitatis</span> <span class='ocrx_word' id='word_1_181' title='bbox 3414 1566 3616 1621; x_wconf 90' lang='lat' dir='ltr'>chorus</span> 
     </span>
    </p>
   </div>
   <div class='ocr_carea' id='block_1_16' title="bbox 238 1649 620 1720">
    <p class='ocr_par' dir='ltr' id='par_1_16' title="bbox 238 1649 620 1720">
     <span class='ocr_line' id='line_1_16' title="bbox 238 1649 620 1720; baseline 0.01 -17"><span class='ocrx_word' id='word_1_182' title='bbox 238 1649 620 1720; x_wconf 83' lang='lat' dir='ltr'>pracinebat.</span> 
     </span>
    </p>
   </div>
   <div class='ocr_carea' id='block_1_17' title="bbox 312 1767 3617 1843">
    <p class='ocr_par' dir='ltr' id='par_1_17' title="bbox 312 1767 3617 1843">
     <span class='ocr_line' id='line_1_17' title="bbox 312 1767 3617 1843; baseline 0.002 -19"><span class='ocrx_word' id='word_1_183' title='bbox 312 1772 371 1824; x_wconf 83' lang='lat'>2.</span> <span class='ocrx_word' id='word_1_184' title='bbox 404 1770 794 1841; x_wconf 81' lang='lat' dir='ltr'>Antiphonem</span> <span class='ocrx_word' id='word_1_185' title='bbox 823 1770 1167 1842; x_wconf 87' lang='lat' dir='ltr'>sequebatur</span> <span class='ocrx_word' id='word_1_186' title='bbox 1189 1767 1467 1841; x_wconf 83' lang='lat' dir='ltr'>praefatio,</span> <span class='ocrx_word' id='word_1_187' title='bbox 1495 1784 1595 1824; x_wconf 92' lang='lat' dir='ltr'>seu</span> <span class='ocrx_word' id='word_1_188' title='bbox 1623 1768 1933 1824; x_wconf 89' lang='lat' dir='ltr'>admonitio</span> <span class='ocrx_word' id='word_1_189' title='bbox 1952 1768 2021 1823; x_wconf 88' lang='lat' dir='ltr'>ad</span> <span class='ocrx_word' id='word_1_190' title='bbox 2041 1767 2341 1840; x_wconf 89' lang='lat' dir='ltr'>p0pulum,</span> <span class='ocrx_word' id='word_1_191' title='bbox 2367 1784 2537 1839; x_wconf 88' lang='lat' dir='ltr'>quam</span> <span class='ocrx_word' id='word_1_192' title='bbox 2564 1768 2821 1824; x_wconf 87' lang='lat' dir='ltr'>sacerdos</span> <span class='ocrx_word' id='word_1_193' title='bbox 2832 1769 3178 1843; x_wconf 67' lang='lat' dir='ltr'>praelegebat</span> <span class='ocrx_word' id='word_1_194' title='bbox 3193 1773 3265 1829; x_wconf 89' lang='lat' dir='ltr'>ad</span> <span class='ocrx_word' id='word_1_195' title='bbox 3282 1774 3617 1831; x_wconf 82' lang='lat' dir='ltr'>hortandam</span> 
     </span>
    </p>
   </div>
   <div class='ocr_carea' id='block_1_18' title="bbox 244 1857 3620 1935">
    <p class='ocr_par' dir='ltr' id='par_1_18' title="bbox 244 1857 3620 1935">
     <span class='ocr_line' id='line_1_18' title="bbox 244 1857 3620 1935; baseline 0.002 -22"><span class='ocrx_word' id='word_1_196' title='bbox 244 1859 502 1932; x_wconf 88' lang='lat' dir='ltr'>plebem,</span> <span class='ocrx_word' id='word_1_197' title='bbox 532 1865 595 1914; x_wconf 90' lang='lat' dir='ltr'>ut</span> <span class='ocrx_word' id='word_1_198' title='bbox 637 1860 708 1914; x_wconf 89' lang='lat' dir='ltr'>ad</span> <span class='ocrx_word' id='word_1_199' title='bbox 735 1876 909 1931; x_wconf 89' lang='lat' dir='ltr'>quam</span> <span class='ocrx_word' id='word_1_200' title='bbox 946 1862 1286 1914; x_wconf 84' lang='lat' dir='ltr'>convenerat</span> <span class='ocrx_word' id='word_1_201' title='bbox 1319 1858 1737 1915; x_wconf 74' lang='lat' dir='ltr'>solemnitatem</span> <span class='ocrx_word' id='word_1_202' title='bbox 1777 1857 1964 1913; x_wconf 86' lang='lat' dir='ltr'>debita</span> <span class='ocrx_word' id='word_1_203' title='bbox 2000 1874 2132 1912; x_wconf 90' lang='lat' dir='ltr'>cum</span> <span class='ocrx_word' id='word_1_204' title='bbox 2161 1858 2521 1913; x_wconf 88' lang='lat' dir='ltr'>veneratione</span> <span class='ocrx_word' id='word_1_205' title='bbox 2559 1858 2889 1914; x_wconf 88' lang='lat' dir='ltr'>celebraret.</span> <span class='ocrx_word' id='word_1_206' title='bbox 2918 1860 3038 1914; x_wconf 90' lang='lat' dir='ltr'>Non</span> <span class='ocrx_word' id='word_1_207' title='bbox 3065 1877 3157 1916; x_wconf 86' lang='lat' dir='ltr'>me</span> <span class='ocrx_word' id='word_1_208' title='bbox 3181 1862 3317 1918; x_wconf 89' lang='lat' dir='ltr'>latet</span> <span class='ocrx_word' id='word_1_209' title='bbox 3344 1864 3620 1935; x_wconf 87' lang='lat' dir='ltr'>quosdam</span> 
     </span>
    </p>
   </div>
   <div class='ocr_carea' id='block_1_19' title="bbox 247 1947 3619 2028">
    <p class='ocr_par' dir='ltr' id='par_1_19' title="bbox 247 1947 3619 2028">
     <span class='ocr_line' id='line_1_19' title="bbox 247 1947 3619 2028; baseline 0.002 -25"><span class='ocrx_word' id='word_1_210' title='bbox 247 1950 405 2004; x_wconf 86' lang='lat' dir='ltr'>inter</span> <span class='ocrx_word' id='word_1_211' title='bbox 428 1949 805 2020; x_wconf 88' lang='lat' dir='ltr'>antiphonam</span> <span class='ocrx_word' id='word_1_212' title='bbox 830 1953 886 2005; x_wconf 92' lang='lat' dir='ltr'>et</span> <span class='ocrx_word' id='word_1_213' title='bbox 911 1949 1305 2021; x_wconf 85' lang='lat' dir='ltr'>praefationem</span> <span class='ocrx_word' id='word_1_214' title='bbox 1330 1948 1672 2004; x_wconf 89' lang='lat' dir='ltr'>constituere</span> <span class='ocrx_word' id='word_1_215' title='bbox 1701 1949 1985 2020; x_wconf 86' lang='lat' dir='ltr'>hymnum</span> <span class='ocrx_word' id='word_1_216' title='bbox 2013 1947 2334 2020; x_wconf 89' lang='lat' dir='ltr'>angelicum</span> <span class='ocrx_word' id='word_1_217' title='bbox 2361 1965 2396 2002; x_wconf 91' lang='lat' dir='ltr'>a</span> <span class='ocrx_word' id='word_1_218' title='bbox 2422 1948 2594 2002; x_wconf 89' lang='lat' dir='ltr'>choro</span> <span class='ocrx_word' id='word_1_219' title='bbox 2622 1948 3058 2005; x_wconf 89' lang='lat' dir='ltr'>decantandum.</span> <span class='ocrx_word' id='word_1_220' title='bbox 3086 1952 3294 2006; x_wconf 87' lang='lat' dir='ltr'>Verum</span> <span class='ocrx_word' id='word_1_221' title='bbox 3321 1953 3379 2007; x_wconf 92' lang='lat' dir='ltr'>id</span> <span class='ocrx_word' id='word_1_222' title='bbox 3405 1955 3619 2028; x_wconf 89' lang='lat' dir='ltr'>absque</span> 
     </span>
    </p>
   </div>
   <div class='ocr_carea' id='block_1_20' title="bbox 246 2037 3619 2113">
    <p class='ocr_par' dir='ltr' id='par_1_20' title="bbox 246 2037 3619 2113">
     <span class='ocr_line' id='line_1_20' title="bbox 246 2037 3619 2113; baseline 0.001 -20"><span class='ocrx_word' id='word_1_223' title='bbox 246 2038 363 2093; x_wconf 87' lang='lat' dir='ltr'>ullo</span> <span class='ocrx_word' id='word_1_224' title='bbox 396 2038 747 2094; x_wconf 86' lang='lat' dir='ltr'>auctoritatis</span> <span class='ocrx_word' id='word_1_225' title='bbox 770 2040 1163 2095; x_wconf 89' lang='lat' dir='ltr'>fundamento.</span> <span class='ocrx_word' id='word_1_226' title='bbox 1193 2039 1334 2093; x_wconf 88' lang='lat' dir='ltr'>Nam</span> <span class='ocrx_word' id='word_1_227' title='bbox 1365 2039 1477 2094; x_wconf 91' lang='lat' dir='ltr'>duo</span> <span class='ocrx_word' id='word_1_228' title='bbox 1504 2054 1572 2093; x_wconf 86' lang='lat' dir='ltr'>ex</span> <span class='ocrx_word' id='word_1_229' title='bbox 1602 2039 1871 2110; x_wconf 89' lang='lat' dir='ltr'>Gregorio</span> <span class='ocrx_word' id='word_1_230' title='bbox 1895 2037 2209 2093; x_wconf 90' lang='lat' dir='ltr'>Turonensi</span> <span class='ocrx_word' id='word_1_231' title='bbox 2238 2038 2379 2107; x_wconf 88' lang='lat' dir='ltr'>loca,</span> <span class='ocrx_word' id='word_1_232' title='bbox 2409 2054 2537 2109; x_wconf 89' lang='lat' dir='ltr'>qua</span> <span class='ocrx_word' id='word_1_233' title='bbox 2563 2037 2633 2092; x_wconf 91' lang='lat' dir='ltr'>ad</span> <span class='ocrx_word' id='word_1_234' title='bbox 2660 2037 2716 2092; x_wconf 91' lang='lat' dir='ltr'>id</span> <span class='ocrx_word' id='word_1_235' title='bbox 2744 2038 3105 2109; x_wconf 87' lang='lat' dir='ltr'>probandum</span> <span class='ocrx_word' id='word_1_236' title='bbox 3132 2040 3446 2113; x_wconf 86' lang='lat' dir='ltr'>proferunt,</span> <span class='ocrx_word' id='word_1_237' title='bbox 3474 2043 3619 2098; x_wconf 89' lang='lat' dir='ltr'>nihil</span> 
     </span>
    </p>
   </div>
   <div class='ocr_carea' id='block_1_21' title="bbox 248 2127 3619 2200">
    <p class='ocr_par' dir='ltr' id='par_1_21' title="bbox 248 2127 3619 2200">
     <span class='ocr_line' id='line_1_21' title="bbox 248 2127 3619 2200; baseline 0.002 -18"><span class='ocrx_word' id='word_1_238' title='bbox 248 2145 485 2199; x_wconf 85' lang='lat' dir='ltr'>prorsus</span> <span class='ocrx_word' id='word_1_239' title='bbox 535 2128 819 2200; x_wconf 85' lang='lat' dir='ltr'>evincunt,</span> <span class='ocrx_word' id='word_1_240' title='bbox 870 2130 968 2185; x_wconf 90' lang='lat' dir='ltr'>sed</span> <span class='ocrx_word' id='word_1_241' title='bbox 1016 2130 1299 2200; x_wconf 82' lang='lat' dir='ltr'>hymnum</span> <span class='ocrx_word' id='word_1_242' title='bbox 1350 2128 1517 2183; x_wconf 89' lang='lat' dir='ltr'>illum</span> <span class='ocrx_word' id='word_1_243' title='bbox 1563 2127 1624 2183; x_wconf 89' lang='lat' dir='ltr'>in</span> <span class='ocrx_word' id='word_1_244' title='bbox 1668 2128 2006 2200; x_wconf 90' lang='lat' dir='ltr'>quibusdam</span> <span class='ocrx_word' id='word_1_245' title='bbox 2051 2128 2174 2183; x_wconf 89' lang='lat' dir='ltr'>aliis</span> <span class='ocrx_word' id='word_1_246' title='bbox 2213 2127 2717 2199; x_wconf 87' lang='lat' dir='ltr'>supplicationibus</span> <span class='ocrx_word' id='word_1_247' title='bbox 2762 2128 3000 2199; x_wconf 89' lang='lat' dir='ltr'>publicis</span> <span class='ocrx_word' id='word_1_248' title='bbox 3042 2130 3400 2187; x_wconf 85' lang='lat' dir='ltr'>decantatum</span> <span class='ocrx_word' id='word_1_249' title='bbox 3446 2132 3619 2190; x_wconf 90' lang='lat' dir='ltr'>fuisse</span> 
     </span>
    </p>
   </div>
   <div class='ocr_carea' id='block_1_22' title="bbox 251 2217 3622 2305">
    <p class='ocr_par' dir='ltr' id='par_1_22' title="bbox 251 2217 3622 2305">
     <span class='ocr_line' id='line_1_22' title="bbox 251 2217 3622 2305; baseline 0.002 -34"><span class='ocrx_word' id='word_1_250' title='bbox 251 2218 667 2274; x_wconf 86' lang='lat' dir='ltr'>demonstrant.</span> <span class='ocrx_word' id='word_1_251' title='bbox 698 2220 816 2274; x_wconf 89' lang='lat' dir='ltr'>lmo</span> <span class='ocrx_word' id='word_1_252' title='bbox 840 2219 901 2273; x_wconf 91' lang='lat' dir='ltr'>in</span> <span class='ocrx_word' id='word_1_253' title='bbox 931 2218 1182 2290; x_wconf 89' lang='lat' dir='ltr'>Liturgia</span> <span class='ocrx_word' id='word_1_254' title='bbox 1210 2218 1510 2287; x_wconf 88' lang='lat' dir='ltr'>Gallicana,</span> <span class='ocrx_word' id='word_1_255' title='bbox 1538 2234 1711 2289; x_wconf 90' lang='lat' dir='ltr'>quam</span> <span class='ocrx_word' id='word_1_256' title='bbox 1745 2235 1815 2273; x_wconf 91' lang='lat' dir='ltr'>ex</span> <span class='ocrx_word' id='word_1_257' title='bbox 1846 2218 2047 2273; x_wconf 91' lang='lat' dir='ltr'>Codice</span> <span class='ocrx_word' id='word_1_258' title='bbox 2081 2217 2345 2305; x_wconf 47' lang='lat' dir='ltr'>ngiensi</span> <span class='ocrx_word' id='word_1_259' title='bbox 2381 2217 2629 2289; x_wconf 87' lang='lat' dir='ltr'>vulgavit</span> <span class='ocrx_word' id='word_1_260' title='bbox 2666 2217 3037 2288; x_wconf 85' lang='lat' dir='ltr'>Mabillonius,</span> <span class='ocrx_word' id='word_1_261' title='bbox 3066 2219 3315 2291; x_wconf 87' lang='lat' dir='ltr'>hymnus</span> <span class='ocrx_word' id='word_1_262' title='bbox 3343 2223 3525 2279; x_wconf 77' lang='lat' dir='ltr'>Gloria</span> <span class='ocrx_word' id='word_1_263' title='bbox 3562 2225 3622 2277; x_wconf 77' lang='lat' dir='ltr'>in</span> 
     </span>
    </p>
   </div>
   <div class='ocr_carea' id='block_1_23' title="bbox 250 2306 3616 2383">
    <p class='ocr_par' dir='ltr' id='par_1_23' title="bbox 250 2306 3616 2383">
     <span class='ocr_line' id='line_1_23' title="bbox 250 2306 3616 2383; baseline 0.001 -20"><span class='ocrx_word' id='word_1_264' title='bbox 250 2309 468 2364; x_wconf 67' lang='lat' dir='ltr'>arcebis</span> <span class='ocrx_word' id='word_1_265' title='bbox 494 2312 600 2364; x_wconf 87' lang='lat' dir='ltr'>Deo</span> <span class='ocrx_word' id='word_1_266' title='bbox 625 2326 728 2381; x_wconf 89' lang='lat' dir='ltr'>pro</span> <span class='ocrx_word' id='word_1_267' title='bbox 758 2309 1070 2382; x_wconf 88' lang='lat' dir='ltr'>gratiarum</span> <span class='ocrx_word' id='word_1_268' title='bbox 1096 2309 1410 2364; x_wconf 89' lang='lat' dir='ltr'>actionibus</span> <span class='ocrx_word' id='word_1_269' title='bbox 1442 2311 1568 2380; x_wconf 91' lang='lat' dir='ltr'>post</span> <span class='ocrx_word' id='word_1_270' title='bbox 1594 2308 1825 2363; x_wconf 89' lang='lat' dir='ltr'>missam</span> <span class='ocrx_word' id='word_1_271' title='bbox 1864 2307 2128 2379; x_wconf 87' lang='lat' dir='ltr'>privatim</span> <span class='ocrx_word' id='word_1_272' title='bbox 2159 2308 2481 2363; x_wconf 88' lang='lat' dir='ltr'>recitandus</span> <span class='ocrx_word' id='word_1_273' title='bbox 2508 2306 2887 2363; x_wconf 89' lang='lat' dir='ltr'>constituitur.</span> <span class='ocrx_word' id='word_1_274' title='bbox 2923 2310 3110 2381; x_wconf 89' lang='lat' dir='ltr'>Itaque</span> <span class='ocrx_word' id='word_1_275' title='bbox 3135 2310 3507 2383; x_wconf 89' lang='lat' dir='ltr'>antiphonam</span> <span class='ocrx_word' id='word_1_276' title='bbox 3528 2328 3616 2367; x_wconf 92' lang='lat' dir='ltr'>se-</span> 
     </span>
    </p>
   </div>
   <div class='ocr_carea' id='block_1_24' title="bbox 250 2386 3620 2471">
    <p class='ocr_par' dir='ltr' id='par_1_24' title="bbox 250 2386 3620 2471">
     <span class='ocr_line' id='line_1_24' title="bbox 250 2386 3620 2471; baseline 0.001 -19"><span class='ocrx_word' id='word_1_277' title='bbox 250 2398 538 2469; x_wconf 87' lang='lat' dir='ltr'>quebatur</span> <span class='ocrx_word' id='word_1_278' title='bbox 559 2400 821 2470; x_wconf 80' lang='lat' dir='ltr'>prafatio</span> <span class='ocrx_word' id='word_1_279' title='bbox 859 2416 959 2455; x_wconf 87' lang='lat' dir='ltr'>seu</span> <span class='ocrx_word' id='word_1_280' title='bbox 988 2398 1295 2471; x_wconf 86' lang='lat' dir='ltr'>praelectio,</span> <span class='ocrx_word' id='word_1_281' title='bbox 1324 2398 1477 2453; x_wconf 91' lang='lat' dir='ltr'>unde</span> <span class='ocrx_word' id='word_1_282' title='bbox 1506 2388 1567 2452; x_wconf 74' lang='lat' dir='ltr'>in</span> <span class='ocrx_word' id='word_1_283' title='bbox 1594 2386 1792 2453; x_wconf 58' lang='lat' dir='ltr'>56am</span> <span class='ocrx_word' id='word_1_284' title='bbox 1819 2386 2076 2470; x_wconf 85' lang='lat' dir='ltr'>sequenti</span> <span class='ocrx_word' id='word_1_285' title='bbox 2120 2396 2469 2469; x_wconf 80' lang='lat' dir='ltr'>expositione</span> <span class='ocrx_word' id='word_1_286' title='bbox 2497 2396 2707 2453; x_wconf 89' lang='lat' dir='ltr'>dicitur</span> <span class='ocrx_word' id='word_1_287' title='bbox 2740 2398 3053 2469; x_wconf 71' lang='lat' dir='ltr'>Antiphone</span> <span class='ocrx_word' id='word_1_288' title='bbox 3078 2399 3154 2454; x_wconf 85' lang='lat' dir='ltr'>ad</span> <span class='ocrx_word' id='word_1_289' title='bbox 3171 2400 3531 2471; x_wconf 72' lang='lat' dir='ltr'>pralegendo,</span> <span class='ocrx_word' id='word_1_290' title='bbox 3563 2400 3620 2457; x_wconf 90' lang='lat' dir='ltr'>id</span> 
     </span>
    </p>
   </div>
   <div class='ocr_carea' id='block_1_25' title="bbox 252 2486 2617 2562">
    <p class='ocr_par' dir='ltr' id='par_1_25' title="bbox 252 2486 2617 2562">
     <span class='ocr_line' id='line_1_25' title="bbox 252 2486 2617 2562; baseline -0 -20"><span class='ocrx_word' id='word_1_291' title='bbox 252 2492 334 2543; x_wconf 87' lang='lat' dir='ltr'>est</span> <span class='ocrx_word' id='word_1_292' title='bbox 360 2492 495 2543; x_wconf 90' lang='lat' dir='ltr'>ante</span> <span class='ocrx_word' id='word_1_293' title='bbox 524 2489 918 2561; x_wconf 66' lang='lat' dir='ltr'>praefationem</span> <span class='ocrx_word' id='word_1_294' title='bbox 947 2505 1121 2562; x_wconf 89' lang='lat' dir='ltr'>quam</span> <span class='ocrx_word' id='word_1_295' title='bbox 1148 2504 1252 2560; x_wconf 90' lang='lat' dir='ltr'>per</span> <span class='ocrx_word' id='word_1_296' title='bbox 1278 2487 1512 2543; x_wconf 91' lang='lat' dir='ltr'>modum</span> <span class='ocrx_word' id='word_1_297' title='bbox 1541 2486 1946 2542; x_wconf 87' lang='lat' dir='ltr'>exhortationis</span> <span class='ocrx_word' id='word_1_298' title='bbox 1971 2486 2320 2560; x_wconf 67' lang='lat' dir='ltr'>praelegebat</span> <span class='ocrx_word' id='word_1_299' title='bbox 2346 2486 2617 2543; x_wconf 83' lang='lat' dir='ltr'>sacerdos.</span> 
     </span>
    </p>
   </div>
   <div class='ocr_carea' id='block_1_26' title="bbox 324 2615 3620 2691">
    <p class='ocr_par' dir='ltr' id='par_1_26' title="bbox 324 2615 3620 2691">
     <span class='ocr_line' id='line_1_26' title="bbox 324 2615 3620 2691; baseline 0.002 -20"><span class='ocrx_word' id='word_1_300' title='bbox 324 2620 377 2671; x_wconf 86' lang='lat'>3.</span> <span class='ocrx_word' id='word_1_301' title='bbox 406 2618 540 2672; x_wconf 87' lang='lat' dir='ltr'>Post</span> <span class='ocrx_word' id='word_1_302' title='bbox 570 2618 965 2687; x_wconf 65' lang='lat' dir='ltr'>praefationem</span> <span class='ocrx_word' id='word_1_303' title='bbox 1000 2617 1267 2673; x_wconf 90' lang='lat' dir='ltr'>diaconus</span> <span class='ocrx_word' id='word_1_304' title='bbox 1304 2616 1417 2671; x_wconf 87' lang='lat' dir='ltr'>alta</span> <span class='ocrx_word' id='word_1_305' title='bbox 1449 2632 1583 2671; x_wconf 88' lang='lat' dir='ltr'>voce</span> <span class='ocrx_word' id='word_1_306' title='bbox 1609 2616 1896 2673; x_wconf 90' lang='lat' dir='ltr'>silentium</span> <span class='ocrx_word' id='word_1_307' title='bbox 1939 2615 2240 2684; x_wconf 89' lang='lat' dir='ltr'>indicebat,</span> <span class='ocrx_word' id='word_1_308' title='bbox 2269 2617 2431 2687; x_wconf 87' lang='lat' dir='ltr'>cujus</span> <span class='ocrx_word' id='word_1_309' title='bbox 2469 2616 2612 2671; x_wconf 89' lang='lat' dir='ltr'>ritus</span> <span class='ocrx_word' id='word_1_310' title='bbox 2651 2615 2913 2672; x_wconf 90' lang='lat' dir='ltr'>meminit</span> <span class='ocrx_word' id='word_1_311' title='bbox 2952 2618 3256 2691; x_wconf 89' lang='lat' dir='ltr'>Gregorius</span> <span class='ocrx_word' id='word_1_312' title='bbox 3281 2621 3620 2677; x_wconf 86' lang='lat' dir='ltr'>Turonensis</span> 
     </span>
    </p>
   </div>
   <div class='ocr_carea' id='block_1_27' title="bbox 254 2705 3620 2780">
    <p class='ocr_par' dir='ltr' id='par_1_27' title="bbox 254 2705 3620 2780">
     <span class='ocr_line' id='line_1_27' title="bbox 254 2705 3620 2780; baseline 0.002 -22"><span class='ocrx_word' id='word_1_313' title='bbox 254 2705 349 2760; x_wconf 86' lang='lat' dir='ltr'>lib.</span> <span class='ocrx_word' id='word_1_314' title='bbox 386 2722 463 2760; x_wconf 79' lang='lat' dir='ltr'>v11</span> <span class='ocrx_word' id='word_1_315' title='bbox 496 2706 639 2762; x_wconf 88' lang='lat' dir='ltr'>Hist.</span> <span class='ocrx_word' id='word_1_316' title='bbox 676 2708 874 2762; x_wconf 87' lang='lat' dir='ltr'>Franc.</span> <span class='ocrx_word' id='word_1_317' title='bbox 902 2724 1025 2779; x_wconf 89' lang='lat' dir='ltr'>cap.</span> <span class='ocrx_word' id='word_1_318' title='bbox 1065 2709 1121 2775; x_wconf 92' lang='lat'>8,</span> <span class='ocrx_word' id='word_1_319' title='bbox 1150 2706 1239 2762; x_wconf 88' lang='lat' dir='ltr'>his</span> <span class='ocrx_word' id='word_1_320' title='bbox 1264 2706 1451 2762; x_wconf 88' lang='lat' dir='ltr'>verbis</span> <span class='ocrx_word' id='word_1_321' title='bbox 1484 2722 1498 2761; x_wconf 91' lang='lat'>:</span> <span class='ocrx_word' id='word_1_322' title='bbox 1532 2725 1560 2758; x_wconf 87' lang='lat'><strong>«</strong></span> <span class='ocrx_word' id='word_1_323' title='bbox 1599 2706 1757 2761; x_wconf 88' lang='lat' dir='ltr'>Unde</span> <span class='ocrx_word' id='word_1_324' title='bbox 1792 2706 2006 2761; x_wconf 87' lang='lat' dir='ltr'>factum</span> <span class='ocrx_word' id='word_1_325' title='bbox 2045 2710 2148 2775; x_wconf 90' lang='lat' dir='ltr'>est,</span> <span class='ocrx_word' id='word_1_326' title='bbox 2190 2710 2254 2760; x_wconf 91' lang='lat' dir='ltr'>ut</span> <span class='ocrx_word' id='word_1_327' title='bbox 2288 2705 2534 2777; x_wconf 87' lang='lat' dir='ltr'>quadam</span> <span class='ocrx_word' id='word_1_328' title='bbox 2575 2706 2665 2761; x_wconf 90' lang='lat' dir='ltr'>die</span> <span class='ocrx_word' id='word_1_329' title='bbox 2705 2706 2987 2761; x_wconf 87' lang='lat' dir='ltr'>dominica</span> <span class='ocrx_word' id='word_1_330' title='bbox 3024 2713 3324 2780; x_wconf 87' lang='lat' dir='ltr'>postquam</span> <span class='ocrx_word' id='word_1_331' title='bbox 3354 2710 3620 2765; x_wconf 87' lang='lat' dir='ltr'>diaconus</span> 
     </span>
    </p>
   </div>
   <div class='ocr_carea' id='block_1_28' title="bbox 256 2790 3618 2887">
    <p class='ocr_par' dir='ltr' id='par_1_28' title="bbox 256 2790 3618 2881">
     <span class='ocr_line' id='line_1_28' title="bbox 256 2790 3618 2881; baseline 0.002 -35"><span class='ocrx_word' id='word_1_332' title='bbox 256 2794 547 2850; x_wconf 83' lang='lat' dir='ltr'>silentium</span> <span class='ocrx_word' id='word_1_333' title='bbox 581 2796 826 2867; x_wconf 72' lang='lat' dir='ltr'>papillis,</span> <span class='ocrx_word' id='word_1_334' title='bbox 854 2802 919 2851; x_wconf 92' lang='lat' dir='ltr'>ut</span> <span class='ocrx_word' id='word_1_335' title='bbox 954 2796 1141 2851; x_wconf 87' lang='lat' dir='ltr'>missa</span> <span class='ocrx_word' id='word_1_336' title='bbox 1181 2795 1653 2866; x_wconf 90' lang='lat' dir='ltr'>auscultarentur,</span> <span class='ocrx_word' id='word_1_337' title='bbox 1681 2790 1906 2866; x_wconf 82' lang='lat' dir='ltr'>indixit,</span> <span class='ocrx_word' id='word_1_338' title='bbox 1938 2815 1965 2847; x_wconf 87' lang='lat'>»</span> <span class='ocrx_word' id='word_1_339' title='bbox 1995 2798 2100 2849; x_wconf 90' lang='lat' dir='ltr'>etc.</span> <span class='ocrx_word' id='word_1_340' title='bbox 2132 2796 2251 2859; x_wconf 87' lang='lat' dir='ltr'>Quo</span> <span class='ocrx_word' id='word_1_341' title='bbox 2287 2794 2409 2850; x_wconf 92' lang='lat' dir='ltr'>loco</span> <span class='ocrx_word' id='word_1_342' title='bbox 2442 2797 2617 2881; x_wconf 65' lang='lat' dir='ltr'>missae</span> <span class='ocrx_word' id='word_1_343' title='bbox 2654 2810 2757 2866; x_wconf 92' lang='lat' dir='ltr'>pro</span> <span class='ocrx_word' id='word_1_344' title='bbox 2786 2797 3052 2851; x_wconf 74' lang='lat' dir='ltr'>orationes</span> <span class='ocrx_word' id='word_1_345' title='bbox 3085 2796 3233 2852; x_wconf 91' lang='lat' dir='ltr'>sumi</span> <span class='ocrx_word' id='word_1_346' title='bbox 3259 2814 3376 2853; x_wconf 90' lang='lat' dir='ltr'>non</span> <span class='ocrx_word' id='word_1_347' title='bbox 3401 2798 3618 2854; x_wconf 90' lang='lat' dir='ltr'>dubito.</span> 
     </span>
    </p>
   </div>
   <div class='ocr_carea' id='block_1_29' title="bbox 318 2920 3620 2995">
    <p class='ocr_par' dir='ltr' id='par_1_29' title="bbox 318 2920 3620 2995">
     <span class='ocr_line' id='line_1_29' title="bbox 318 2920 3620 2995; baseline 0.002 -19"><span class='ocrx_word' id='word_1_348' title='bbox 318 2923 373 2977; x_wconf 77' lang='grc'><strong>4.</strong></span> <span class='ocrx_word' id='word_1_349' title='bbox 406 2921 630 2977; x_wconf 91' lang='lat' dir='ltr'>Indicto</span> <span class='ocrx_word' id='word_1_350' title='bbox 675 2923 915 2992; x_wconf 90' lang='lat' dir='ltr'>silentio,</span> <span class='ocrx_word' id='word_1_351' title='bbox 944 2923 1202 2978; x_wconf 90' lang='lat' dir='ltr'>sacerdos</span> <span class='ocrx_word' id='word_1_352' title='bbox 1246 2921 1526 2994; x_wconf 89' lang='lat' dir='ltr'>populum</span> <span class='ocrx_word' id='word_1_353' title='bbox 1572 2921 1868 2991; x_wconf 88' lang='lat' dir='ltr'>salutabat,</span> <span class='ocrx_word' id='word_1_354' title='bbox 1898 2938 1963 2976; x_wconf 92' lang='lat' dir='ltr'>ac</span> <span class='ocrx_word' id='word_1_355' title='bbox 2006 2921 2206 2993; x_wconf 90' lang='lat' dir='ltr'>populi</span> <span class='ocrx_word' id='word_1_356' title='bbox 2246 2920 2599 2992; x_wconf 90' lang='lat' dir='ltr'>responsioni</span> <span class='ocrx_word' id='word_1_357' title='bbox 2642 2921 2932 2977; x_wconf 85' lang='lat' dir='ltr'>collectam</span> <span class='ocrx_word' id='word_1_358' title='bbox 2970 2922 3297 2995; x_wconf 86' lang='lat' dir='ltr'>subjiciebat</span> <span class='ocrx_word' id='word_1_359' title='bbox 3333 2941 3366 2978; x_wconf 91' lang='lat' dir='ltr'>a</span> <span class='ocrx_word' id='word_1_360' title='bbox 3405 2924 3620 2981; x_wconf 89' lang='lat' dir='ltr'>cunctis</span> 
     </span>
    </p>
   </div>
   <div class='ocr_carea' id='block_1_30' title="bbox 255 3010 2726 3084">
    <p class='ocr_par' dir='ltr' id='par_1_30' title="bbox 255 3010 2726 3084">
     <span class='ocr_line' id='line_1_30' title="bbox 255 3010 2726 3084; baseline 0.001 -20"><span class='ocrx_word' id='word_1_361' title='bbox 255 3010 411 3067; x_wconf 78' lang='lat' dir='ltr'>flexis</span> <span class='ocrx_word' id='word_1_362' title='bbox 442 3012 687 3084; x_wconf 87' lang='lat' dir='ltr'>genibus</span> <span class='ocrx_word' id='word_1_363' title='bbox 721 3013 914 3068; x_wconf 87' lang='lat' dir='ltr'>devote</span> <span class='ocrx_word' id='word_1_364' title='bbox 941 3012 1303 3083; x_wconf 88' lang='lat' dir='ltr'>audiendam,</span> <span class='ocrx_word' id='word_1_365' title='bbox 1334 3017 1400 3066; x_wconf 92' lang='lat' dir='ltr'>ut</span> <span class='ocrx_word' id='word_1_366' title='bbox 1424 3012 1669 3083; x_wconf 90' lang='lat' dir='ltr'>probant</span> <span class='ocrx_word' id='word_1_367' title='bbox 1693 3011 1871 3067; x_wconf 89' lang='lat' dir='ltr'>sancti</span> <span class='ocrx_word' id='word_1_368' title='bbox 1897 3011 2125 3067; x_wconf 88' lang='lat' dir='ltr'>Casarii</span> <span class='ocrx_word' id='word_1_369' title='bbox 2152 3010 2386 3084; x_wconf 89' lang='lat' dir='ltr'>quidam</span> <span class='ocrx_word' id='word_1_370' title='bbox 2416 3027 2726 3068; x_wconf 89' lang='lat' dir='ltr'>sermones.</span> 
     </span>
    </p>
   </div>
   <div class='ocr_carea' id='block_1_31' title="bbox 324 3136 3621 3213">
    <p class='ocr_par' dir='ltr' id='par_1_31' title="bbox 324 3136 3621 3213">
     <span class='ocr_line' id='line_1_31' title="bbox 324 3136 3621 3213; baseline 0.002 -21"><span class='ocrx_word' id='word_1_371' title='bbox 324 3142 375 3192; x_wconf 81' lang='grc'>5.</span> <span class='ocrx_word' id='word_1_372' title='bbox 408 3139 543 3193; x_wconf 86' lang='lat' dir='ltr'>Post</span> <span class='ocrx_word' id='word_1_373' title='bbox 584 3138 876 3194; x_wconf 88' lang='lat' dir='ltr'>collectam</span> <span class='ocrx_word' id='word_1_374' title='bbox 918 3139 1125 3193; x_wconf 89' lang='lat' dir='ltr'>chorus</span> <span class='ocrx_word' id='word_1_375' title='bbox 1168 3138 1427 3193; x_wconf 89' lang='lat' dir='ltr'>cantabat</span> <span class='ocrx_word' id='word_1_376' title='bbox 1472 3136 1788 3209; x_wconf 89' lang='lat' dir='ltr'>trisagium,</span> <span class='ocrx_word' id='word_1_377' title='bbox 1831 3140 1887 3192; x_wconf 89' lang='lat' dir='ltr'>et</span> <span class='ocrx_word' id='word_1_378' title='bbox 1928 3136 2161 3208; x_wconf 89' lang='lat' dir='ltr'>quidem</span> <span class='ocrx_word' id='word_1_379' title='bbox 2208 3153 2393 3209; x_wconf 75' lang='lat' dir='ltr'>graece</span> <span class='ocrx_word' id='word_1_380' title='bbox 2436 3141 2493 3193; x_wconf 91' lang='lat' dir='ltr'>et</span> <span class='ocrx_word' id='word_1_381' title='bbox 2534 3138 2728 3209; x_wconf 91' lang='lat' dir='ltr'>latine,</span> <span class='ocrx_word' id='word_1_382' title='bbox 2764 3139 2916 3211; x_wconf 90' lang='lat' dir='ltr'>quod</span> <span class='ocrx_word' id='word_1_383' title='bbox 2958 3139 3296 3213; x_wconf 87' lang='lat' dir='ltr'>sequebatur</span> <span class='ocrx_word' id='word_1_384' title='bbox 3336 3141 3621 3197; x_wconf 89' lang='lat' dir='ltr'>canticum</span> 
     </span>
    </p>
   </div>
   <div class='ocr_carea' id='block_1_32' title="bbox 253 3226 3620 3304">
    <p class='ocr_par' dir='ltr' id='par_1_32' title="bbox 253 3226 3620 3304">
     <span class='ocr_line' id='line_1_32' title="bbox 253 3226 3620 3304; baseline 0.002 -23"><span class='ocrx_word' id='word_1_385' title='bbox 253 3227 535 3282; x_wconf 86' lang='lat' dir='ltr'>Zachariae</span> <span class='ocrx_word' id='word_1_386' title='bbox 573 3228 886 3284; x_wconf 80' lang='lat' dir='ltr'>Benedictus</span> <span class='ocrx_word' id='word_1_387' title='bbox 919 3229 1175 3284; x_wconf 75' lang='lat' dir='ltr'>Dominus</span> <span class='ocrx_word' id='word_1_388' title='bbox 1208 3230 1345 3284; x_wconf 80' lang='lat' dir='ltr'>Deus</span> <span class='ocrx_word' id='word_1_389' title='bbox 1382 3227 1571 3284; x_wconf 79' lang='lat' dir='ltr'>Israel.</span> <span class='ocrx_word' id='word_1_390' title='bbox 1603 3227 1716 3281; x_wconf 83' lang='lat' dir='ltr'>Hoc</span> <span class='ocrx_word' id='word_1_391' title='bbox 1744 3230 1937 3282; x_wconf 90' lang='lat' dir='ltr'>tamen</span> <span class='ocrx_word' id='word_1_392' title='bbox 1971 3226 2254 3283; x_wconf 86' lang='lat' dir='ltr'>canticum</span> <span class='ocrx_word' id='word_1_393' title='bbox 2294 3227 2355 3282; x_wconf 91' lang='lat' dir='ltr'>in</span> <span class='ocrx_word' id='word_1_394' title='bbox 2381 3228 2823 3300; x_wconf 87' lang='lat' dir='ltr'>Quadragesima</span> <span class='ocrx_word' id='word_1_395' title='bbox 2847 3246 2979 3286; x_wconf 90' lang='lat' dir='ltr'>cum</span> <span class='ocrx_word' id='word_1_396' title='bbox 3005 3229 3128 3285; x_wconf 87' lang='lat' dir='ltr'>aliis</span> <span class='ocrx_word' id='word_1_397' title='bbox 3150 3230 3363 3287; x_wconf 85' lang='lat' dir='ltr'>latitia</span> <span class='ocrx_word' id='word_1_398' title='bbox 3388 3231 3620 3304; x_wconf 85' lang='lat' dir='ltr'>hymnis</span> 
     </span>
    </p>
   </div>
   <div class='ocr_carea' id='block_1_33' title="bbox 254 3317 743 3391">
    <p class='ocr_par' dir='ltr' id='par_1_33' title="bbox 254 3317 743 3391">
     <span class='ocr_line' id='line_1_33' title="bbox 254 3317 743 3391; baseline 0.002 -20"><span class='ocrx_word' id='word_1_399' title='bbox 254 3317 743 3391; x_wconf 84' lang='lat' dir='ltr'>supprimebatur.</span> 
     </span>
    </p>
   </div>
   <div class='ocr_carea' id='block_1_34' title="bbox 320 3441 3617 3517">
    <p class='ocr_par' dir='ltr' id='par_1_34' title="bbox 320 3441 3617 3517">
     <span class='ocr_line' id='line_1_34' title="bbox 320 3441 3617 3517; baseline 0.002 -18"><span class='ocrx_word' id='word_1_400' title='bbox 320 3448 376 3500; x_wconf 88' lang='lat'>6.</span> <span class='ocrx_word' id='word_1_401' title='bbox 418 3445 776 3517; x_wconf 88' lang='lat' dir='ltr'>Sequebatur</span> <span class='ocrx_word' id='word_1_402' title='bbox 809 3444 974 3500; x_wconf 86' lang='lat' dir='ltr'>lectio</span> <span class='ocrx_word' id='word_1_403' title='bbox 1017 3460 1088 3500; x_wconf 90' lang='lat' dir='ltr'>ex</span> <span class='ocrx_word' id='word_1_404' title='bbox 1136 3442 1429 3516; x_wconf 89' lang='lat' dir='ltr'>prophetis</span> <span class='ocrx_word' id='word_1_405' title='bbox 1474 3446 1532 3498; x_wconf 93' lang='lat' dir='ltr'>et</span> <span class='ocrx_word' id='word_1_406' title='bbox 1579 3458 1649 3499; x_wconf 91' lang='lat' dir='ltr'>ex</span> <span class='ocrx_word' id='word_1_407' title='bbox 1693 3441 1965 3514; x_wconf 85' lang='lat' dir='ltr'>apostolo.</span> <span class='ocrx_word' id='word_1_408' title='bbox 2008 3441 2150 3497; x_wconf 90' lang='lat' dir='ltr'>Nam</span> <span class='ocrx_word' id='word_1_409' title='bbox 2199 3445 2408 3514; x_wconf 84' lang='lat' dir='ltr'>prater</span> <span class='ocrx_word' id='word_1_410' title='bbox 2450 3443 2737 3515; x_wconf 88' lang='lat' dir='ltr'>Evangelii</span> <span class='ocrx_word' id='word_1_411' title='bbox 2789 3444 3109 3513; x_wconf 91' lang='lat' dir='ltr'>lectionem,</span> <span class='ocrx_word' id='word_1_412' title='bbox 3137 3446 3294 3515; x_wconf 88' lang='lat' dir='ltr'>duas,</span> <span class='ocrx_word' id='word_1_413' title='bbox 3323 3464 3499 3503; x_wconf 89' lang='lat' dir='ltr'>unam</span> <span class='ocrx_word' id='word_1_414' title='bbox 3549 3464 3617 3503; x_wconf 91' lang='lat' dir='ltr'>ex</span> 
     </span>
    </p>
   </div>
   <div class='ocr_carea' id='block_1_35' title="bbox 255 3531 3614 3608">
    <p class='ocr_par' dir='ltr' id='par_1_35' title="bbox 255 3531 3614 3608">
     <span class='ocr_line' id='line_1_35' title="bbox 255 3531 3614 3608; baseline 0.003 -23"><span class='ocrx_word' id='word_1_415' title='bbox 255 3535 450 3605; x_wconf 84' lang='lat' dir='ltr'>veteri,</span> <span class='ocrx_word' id='word_1_416' title='bbox 483 3535 720 3589; x_wconf 87' lang='lat' dir='ltr'>alteram</span> <span class='ocrx_word' id='word_1_417' title='bbox 759 3550 829 3589; x_wconf 91' lang='lat' dir='ltr'>ex</span> <span class='ocrx_word' id='word_1_418' title='bbox 865 3535 1015 3589; x_wconf 85' lang='lat' dir='ltr'>Novo</span> <span class='ocrx_word' id='word_1_419' title='bbox 1053 3535 1431 3600; x_wconf 75' lang='lat' dir='ltr'>Testamento,</span> <span class='ocrx_word' id='word_1_420' title='bbox 1457 3532 1726 3587; x_wconf 88' lang='lat' dir='ltr'>lectiones</span> <span class='ocrx_word' id='word_1_421' title='bbox 1768 3531 2087 3602; x_wconf 85' lang='lat' dir='ltr'>cantabant,</span> <span class='ocrx_word' id='word_1_422' title='bbox 2122 3548 2295 3603; x_wconf 89' lang='lat' dir='ltr'>quem</span> <span class='ocrx_word' id='word_1_423' title='bbox 2333 3532 2509 3587; x_wconf 89' lang='lat' dir='ltr'>ritum</span> <span class='ocrx_word' id='word_1_424' title='bbox 2547 3533 2739 3589; x_wconf 89' lang='lat' dir='ltr'>videre</span> <span class='ocrx_word' id='word_1_425' title='bbox 2774 3539 2859 3589; x_wconf 90' lang='lat' dir='ltr'>est</span> <span class='ocrx_word' id='word_1_426' title='bbox 2887 3535 3038 3606; x_wconf 88' lang='lat' dir='ltr'>apud</span> <span class='ocrx_word' id='word_1_427' title='bbox 3073 3536 3405 3608; x_wconf 89' lang='lat' dir='ltr'>Gregorium</span> <span class='ocrx_word' id='word_1_428' title='bbox 3436 3540 3614 3594; x_wconf 90' lang='lat' dir='ltr'>Turo-</span> 
     </span>
    </p>
   </div>
   <div class='ocr_carea' id='block_1_36' title="bbox 250 3610 3617 3699">
    <p class='ocr_par' dir='ltr' id='par_1_36' title="bbox 250 3610 3617 3699">
     <span class='ocr_line' id='line_1_36' title="bbox 250 3610 3617 3699; baseline 0.001 -21"><span class='ocrx_word' id='word_1_429' title='bbox 250 3640 487 3679; x_wconf 85' lang='lat' dir='ltr'>nensem</span> <span class='ocrx_word' id='word_1_430' title='bbox 512 3624 613 3679; x_wconf 89' lang='lat' dir='ltr'>lib.</span> <span class='ocrx_word' id='word_1_431' title='bbox 642 3641 662 3678; x_wconf 88' lang='lat'><strong>1</strong></span> <span class='ocrx_word' id='word_1_432' title='bbox 690 3624 759 3680; x_wconf 90' lang='lat' dir='ltr'>de</span> <span class='ocrx_word' id='word_1_433' title='bbox 784 3623 1063 3679; x_wconf 82' lang='lat' dir='ltr'>Miraculis</span> <span class='ocrx_word' id='word_1_434' title='bbox 1098 3622 1276 3678; x_wconf 87' lang='lat' dir='ltr'>sancti</span> <span class='ocrx_word' id='word_1_435' title='bbox 1311 3621 1534 3678; x_wconf 86' lang='lat' dir='ltr'>Martini</span> <span class='ocrx_word' id='word_1_436' title='bbox 1558 3638 1683 3693; x_wconf 89' lang='lat' dir='ltr'>cap.</span> <span class='ocrx_word' id='word_1_437' title='bbox 1714 3625 1766 3692; x_wconf 83' lang='lat'>5,</span> <span class='ocrx_word' id='word_1_438' title='bbox 1799 3610 1895 3675; x_wconf 83' lang='lat' dir='ltr'>ubi</span> <span class='ocrx_word' id='word_1_439' title='bbox 1923 3620 2047 3675; x_wconf 89' lang='lat' dir='ltr'>hac</span> <span class='ocrx_word' id='word_1_440' title='bbox 2077 3620 2248 3676; x_wconf 89' lang='lat' dir='ltr'>habet</span> <span class='ocrx_word' id='word_1_441' title='bbox 2277 3637 2291 3675; x_wconf 89' lang='lat'><strong>:</strong></span> <span class='ocrx_word' id='word_1_442' title='bbox 2325 3640 2352 3673; x_wconf 90' lang='lat'>«</span> <span class='ocrx_word' id='word_1_443' title='bbox 2380 3622 2613 3677; x_wconf 88' lang='lat' dir='ltr'>Factum</span> <span class='ocrx_word' id='word_1_444' title='bbox 2639 3627 2721 3678; x_wconf 91' lang='lat' dir='ltr'>est</span> <span class='ocrx_word' id='word_1_445' title='bbox 2745 3628 2811 3679; x_wconf 92' lang='lat' dir='ltr'>ut</span> <span class='ocrx_word' id='word_1_446' title='bbox 2836 3624 2931 3679; x_wconf 84' lang='lat' dir='ltr'>illa</span> <span class='ocrx_word' id='word_1_447' title='bbox 2959 3624 3265 3695; x_wconf 88' lang='lat' dir='ltr'>Dominica,</span> <span class='ocrx_word' id='word_1_448' title='bbox 3287 3626 3617 3699; x_wconf 80' lang='lat' dir='ltr'>prophetica</span> 
     </span>
    </p>
   </div>
   <div class='ocr_carea' id='block_1_37' title="bbox 252 3710 3616 3786">
    <p class='ocr_par' dir='ltr' id='par_1_37' title="bbox 252 3710 3616 3786">
     <span class='ocr_line' id='line_1_37' title="bbox 252 3710 3616 3786; baseline 0.001 -17"><span class='ocrx_word' id='word_1_449' title='bbox 252 3715 491 3769; x_wconf 83' lang='lat' dir='ltr'>lectione</span> <span class='ocrx_word' id='word_1_450' title='bbox 517 3716 641 3786; x_wconf 90' lang='lat' dir='ltr'>jam</span> <span class='ocrx_word' id='word_1_451' title='bbox 680 3714 845 3783; x_wconf 89' lang='lat' dir='ltr'>lecta,</span> <span class='ocrx_word' id='word_1_452' title='bbox 873 3718 1003 3769; x_wconf 91' lang='lat' dir='ltr'>ante</span> <span class='ocrx_word' id='word_1_453' title='bbox 1033 3713 1299 3769; x_wconf 85' lang='lat' dir='ltr'>altarium</span> <span class='ocrx_word' id='word_1_454' title='bbox 1335 3716 1528 3782; x_wconf 87' lang='lat' dir='ltr'>staret,</span> <span class='ocrx_word' id='word_1_455' title='bbox 1556 3712 1658 3784; x_wconf 90' lang='lat' dir='ltr'>qui</span> <span class='ocrx_word' id='word_1_456' title='bbox 1694 3710 1996 3766; x_wconf 89' lang='lat' dir='ltr'>lectionem</span> <span class='ocrx_word' id='word_1_457' title='bbox 2023 3711 2173 3766; x_wconf 87' lang='lat' dir='ltr'>beati</span> <span class='ocrx_word' id='word_1_458' title='bbox 2201 3711 2358 3766; x_wconf 88' lang='lat' dir='ltr'>Pauli</span> <span class='ocrx_word' id='word_1_459' title='bbox 2387 3712 2687 3783; x_wconf 89' lang='lat' dir='ltr'>proferret.</span> <span class='ocrx_word' id='word_1_460' title='bbox 2717 3735 2745 3763; x_wconf 85' lang='lat'><strong>»</strong></span> <span class='ocrx_word' id='word_1_461' title='bbox 2780 3715 2843 3769; x_wconf 87' lang='lat' dir='ltr'>In</span> <span class='ocrx_word' id='word_1_462' title='bbox 2876 3718 3198 3770; x_wconf 90' lang='lat' dir='ltr'>sanctorum</span> <span class='ocrx_word' id='word_1_463' title='bbox 3224 3716 3616 3773; x_wconf 81' lang='lat' dir='ltr'>festivitatibus</span> 
     </span>
    </p>
   </div>
   <div class='ocr_carea' id='block_1_38' title="bbox 252 3800 3617 3879">
    <p class='ocr_par' dir='ltr' id='par_1_38' title="bbox 252 3800 3617 3879">
     <span class='ocr_line' id='line_1_38' title="bbox 252 3800 3617 3879; baseline 0.002 -23"><span class='ocrx_word' id='word_1_464' title='bbox 252 3804 363 3859; x_wconf 87' lang='lat' dir='ltr'>sive</span> <span class='ocrx_word' id='word_1_465' title='bbox 392 3808 734 3875; x_wconf 81' lang='lat' dir='ltr'>martyrum,</span> <span class='ocrx_word' id='word_1_466' title='bbox 766 3803 881 3858; x_wconf 88' lang='lat' dir='ltr'>sive</span> <span class='ocrx_word' id='word_1_467' title='bbox 914 3802 1298 3858; x_wconf 81' lang='lat' dir='ltr'>confessorum</span> <span class='ocrx_word' id='word_1_468' title='bbox 1324 3805 1449 3858; x_wconf 89' lang='lat' dir='ltr'>acta</span> <span class='ocrx_word' id='word_1_469' title='bbox 1481 3817 1682 3858; x_wconf 90' lang='lat' dir='ltr'>eorum</span> <span class='ocrx_word' id='word_1_470' title='bbox 1706 3800 1874 3856; x_wconf 88' lang='lat' dir='ltr'>etiam</span> <span class='ocrx_word' id='word_1_471' title='bbox 1899 3800 2125 3872; x_wconf 90' lang='lat' dir='ltr'>publice</span> <span class='ocrx_word' id='word_1_472' title='bbox 2154 3800 2509 3872; x_wconf 89' lang='lat' dir='ltr'>legebantur,</span> <span class='ocrx_word' id='word_1_473' title='bbox 2539 3806 2604 3857; x_wconf 91' lang='lat' dir='ltr'>ut</span> <span class='ocrx_word' id='word_1_474' title='bbox 2632 3803 2839 3859; x_wconf 87' lang='lat' dir='ltr'>auditis</span> <span class='ocrx_word' id='word_1_475' title='bbox 2870 3820 3069 3860; x_wconf 90' lang='lat' dir='ltr'>eorum</span> <span class='ocrx_word' id='word_1_476' title='bbox 3093 3805 3393 3861; x_wconf 89' lang='lat' dir='ltr'>virtutibus</span> <span class='ocrx_word' id='word_1_477' title='bbox 3418 3807 3617 3879; x_wconf 91' lang='lat' dir='ltr'>populi</span> 
     </span>
    </p>
   </div>
   <div class='ocr_carea' id='block_1_39' title="bbox 230 3890 3615 3968">
    <p class='ocr_par' dir='ltr' id='par_1_39' title="bbox 230 3890 3615 3968">
     <span class='ocr_line' id='line_1_39' title="bbox 230 3890 3615 3968; baseline 0.001 -20"><span class='ocrx_word' id='word_1_478' title='bbox 230 3894 318 3948; x_wconf 67' lang='lat' dir='ltr'>‘ad</span> <span class='ocrx_word' id='word_1_479' title='bbox 354 3892 569 3948; x_wconf 81' lang='lat' dir='ltr'>similia</span> <span class='ocrx_word' id='word_1_480' title='bbox 602 3893 979 3965; x_wconf 82' lang='lat' dir='ltr'>perpetranda</span> <span class='ocrx_word' id='word_1_481' title='bbox 1016 3894 1478 3949; x_wconf 90' lang='lat' dir='ltr'>accenderentur.</span> <span class='ocrx_word' id='word_1_482' title='bbox 1509 3894 1588 3948; x_wconf 87' lang='lat' dir='ltr'>Ita</span> <span class='ocrx_word' id='word_1_483' title='bbox 1616 3890 1921 3965; x_wconf 85' lang='lat' dir='ltr'>Gregorius</span> <span class='ocrx_word' id='word_1_484' title='bbox 1949 3890 2312 3962; x_wconf 90' lang='lat' dir='ltr'>Turonensis,</span> <span class='ocrx_word' id='word_1_485' title='bbox 2344 3892 2441 3948; x_wconf 90' lang='lat' dir='ltr'>lib.</span> <span class='ocrx_word' id='word_1_486' title='bbox 2473 3909 2494 3947; x_wconf 82' lang='grc' dir='ltr'>ι</span> <span class='ocrx_word' id='word_1_487' title='bbox 2518 3892 2587 3948; x_wconf 90' lang='lat' dir='ltr'>de</span> <span class='ocrx_word' id='word_1_488' title='bbox 2613 3893 2800 3949; x_wconf 90' lang='lat' dir='ltr'>Gloria</span> <span class='ocrx_word' id='word_1_489' title='bbox 2827 3898 3143 3967; x_wconf 88' lang='lat' dir='ltr'>martyrum</span> <span class='ocrx_word' id='word_1_490' title='bbox 3167 3912 3268 3968; x_wconf 87' lang='lat' dir='ltr'>cap</span> <span class='ocrx_word' id='word_1_491' title='bbox 3295 3899 3383 3967; x_wconf 88' lang='lat'>86,</span> <span class='ocrx_word' id='word_1_492' title='bbox 3411 3896 3615 3953; x_wconf 89' lang='lat' dir='ltr'>lectam</span> 
     </span>
    </p>
   </div>
   <div class='ocr_carea' id='block_1_40' title="bbox 250 3983 2041 4056">
    <p class='ocr_par' dir='ltr' id='par_1_40' title="bbox 250 3983 2041 4056">
     <span class='ocr_line' id='line_1_40' title="bbox 250 3983 2041 4056; baseline 0 -19"><span class='ocrx_word' id='word_1_493' title='bbox 250 3984 421 4039; x_wconf 87' lang='lat' dir='ltr'>fuisse</span> <span class='ocrx_word' id='word_1_494' title='bbox 445 3983 628 4038; x_wconf 84' lang='lat' dir='ltr'>sancti</span> <span class='ocrx_word' id='word_1_495' title='bbox 656 3983 949 4056; x_wconf 83' lang='lat' dir='ltr'>Polycarpi</span> <span class='ocrx_word' id='word_1_496' title='bbox 974 3983 1296 4056; x_wconf 89' lang='lat' dir='ltr'>passionem</span> <span class='ocrx_word' id='word_1_497' title='bbox 1322 3987 1535 4038; x_wconf 86' lang='lat' dir='ltr'>narrat.</span> <span class='ocrx_word' id='word_1_498' title='bbox 2036 4022 2041 4026; x_wconf 63' lang='grc' dir='ltr'><strong>η</strong></span> 
     </span>
    </p>
   </div>
   <div class='ocr_carea' id='block_1_41' title="bbox 317 4104 3615 4183">
    <p class='ocr_par' dir='ltr' id='par_1_41' title="bbox 317 4104 3615 4183">
     <span class='ocr_line' id='line_1_41' title="bbox 317 4104 3615 4183; baseline 0.001 -19"><span class='ocrx_word' id='word_1_499' title='bbox 317 4113 371 4164; x_wconf 88' lang='lat'>7.</span> <span class='ocrx_word' id='word_1_500' title='bbox 410 4104 769 4164; x_wconf 83' lang='lat' dir='ltr'>Lectionibus</span> <span class='ocrx_word' id='word_1_501' title='bbox 817 4108 1224 4180; x_wconf 89' lang='lat' dir='ltr'>pronunciatis,</span> <span class='ocrx_word' id='word_1_502' title='bbox 1267 4109 1474 4163; x_wconf 90' lang='lat' dir='ltr'>chorus</span> <span class='ocrx_word' id='word_1_503' title='bbox 1524 4108 1806 4180; x_wconf 89' lang='lat' dir='ltr'>hymnum</span> <span class='ocrx_word' id='word_1_504' title='bbox 1855 4105 2031 4162; x_wconf 90' lang='lat' dir='ltr'>trium</span> <span class='ocrx_word' id='word_1_505' title='bbox 2083 4122 2395 4179; x_wconf 89' lang='lat' dir='ltr'>puerorum</span> <span class='ocrx_word' id='word_1_506' title='bbox 2438 4108 2789 4179; x_wconf 90' lang='lat' dir='ltr'>decantabat,</span> <span class='ocrx_word' id='word_1_507' title='bbox 2834 4112 2891 4166; x_wconf 90' lang='lat' dir='ltr'>et</span> <span class='ocrx_word' id='word_1_508' title='bbox 2934 4109 3187 4182; x_wconf 90' lang='lat' dir='ltr'>quidem,</span> <span class='ocrx_word' id='word_1_509' title='bbox 3226 4114 3290 4166; x_wconf 92' lang='lat' dir='ltr'>ut</span> <span class='ocrx_word' id='word_1_510' title='bbox 3329 4126 3475 4181; x_wconf 92' lang='lat' dir='ltr'>reor,</span> <span class='ocrx_word' id='word_1_511' title='bbox 3512 4128 3615 4183; x_wconf 88' lang='lat' dir='ltr'>per</span> 
     </span>
    </p>
   </div>
   <div class='ocr_carea' id='block_1_42' title="bbox 245 4197 3610 4271">
    <p class='ocr_par' dir='ltr' id='par_1_42' title="bbox 245 4197 3610 4271">
     <span class='ocr_line' id='line_1_42' title="bbox 245 4197 3610 4271; baseline 0.001 -18"><span class='ocrx_word' id='word_1_512' title='bbox 245 4198 488 4254; x_wconf 87' lang='lat' dir='ltr'>modum</span> <span class='ocrx_word' id='word_1_513' title='bbox 531 4198 892 4270; x_wconf 89' lang='lat' dir='ltr'>responsorii,</span> <span class='ocrx_word' id='word_1_514' title='bbox 930 4214 1102 4271; x_wconf 92' lang='lat' dir='ltr'>quem</span> <span class='ocrx_word' id='word_1_515' title='bbox 1145 4214 1279 4254; x_wconf 87' lang='lat' dir='ltr'>sane</span> <span class='ocrx_word' id='word_1_516' title='bbox 1316 4198 1598 4270; x_wconf 90' lang='lat' dir='ltr'>hymnum</span> <span class='ocrx_word' id='word_1_517' title='bbox 1647 4214 1680 4251; x_wconf 91' lang='lat' dir='ltr'>a</span> <span class='ocrx_word' id='word_1_518' title='bbox 1722 4197 1994 4268; x_wconf 89' lang='lat' dir='ltr'>Gregorio</span> <span class='ocrx_word' id='word_1_519' title='bbox 2029 4198 2365 4267; x_wconf 88' lang='lat' dir='ltr'>Turonensi,</span> <span class='ocrx_word' id='word_1_520' title='bbox 2409 4198 2664 4253; x_wconf 83' lang='lat' dir='ltr'>Historia</span> <span class='ocrx_word' id='word_1_521' title='bbox 2712 4200 3056 4254; x_wconf 90' lang='lat' dir='ltr'>Francorum</span> <span class='ocrx_word' id='word_1_522' title='bbox 3097 4200 3197 4255; x_wconf 87' lang='lat' dir='ltr'>lib.</span> <span class='ocrx_word' id='word_1_523' title='bbox 3238 4216 3353 4269; x_wconf 81' lang='lat' dir='ltr'><strong>VIII,</strong></span> <span class='ocrx_word' id='word_1_524' title='bbox 3393 4216 3516 4270; x_wconf 89' lang='lat' dir='ltr'>cap.</span> <span class='ocrx_word' id='word_1_525' title='bbox 3556 4205 3610 4268; x_wconf 88' lang='lat'>3,</span> 
     </span>
    </p>
   </div>
   <div class='ocr_carea' id='block_1_43' title="bbox 241 4285 3614 4360">
    <p class='ocr_par' dir='ltr' id='par_1_43' title="bbox 241 4285 3614 4360">
     <span class='ocr_line' id='line_1_43' title="bbox 241 4285 3614 4360; baseline 0.001 -18"><span class='ocrx_word' id='word_1_526' title='bbox 241 4290 521 4358; x_wconf 84' lang='lat' dir='ltr'>psalmum</span> <span class='ocrx_word' id='word_1_527' title='bbox 545 4291 937 4360; x_wconf 69' lang='lat' dir='ltr'>responsorium</span> <span class='ocrx_word' id='word_1_528' title='bbox 966 4288 1075 4344; x_wconf 90' lang='lat' dir='ltr'>dici</span> <span class='ocrx_word' id='word_1_529' title='bbox 1100 4288 1357 4359; x_wconf 88' lang='lat' dir='ltr'>conjicio.</span> <span class='ocrx_word' id='word_1_530' title='bbox 1387 4288 1528 4342; x_wconf 89' lang='lat' dir='ltr'>Nam</span> <span class='ocrx_word' id='word_1_531' title='bbox 1555 4286 1825 4358; x_wconf 83' lang='lat' dir='ltr'>quaelibet</span> <span class='ocrx_word' id='word_1_532' title='bbox 1848 4302 1918 4341; x_wconf 87' lang='lat' dir='ltr'>ex</span> <span class='ocrx_word' id='word_1_533' title='bbox 1943 4285 2248 4358; x_wconf 90' lang='lat' dir='ltr'>Scripturis</span> <span class='ocrx_word' id='word_1_534' title='bbox 2272 4286 2486 4342; x_wconf 90' lang='lat' dir='ltr'>cantica</span> <span class='ocrx_word' id='word_1_535' title='bbox 2513 4288 2864 4359; x_wconf 86' lang='lat' dir='ltr'>psalmorum</span> <span class='ocrx_word' id='word_1_536' title='bbox 2888 4288 3120 4344; x_wconf 89' lang='lat' dir='ltr'>nomine</span> <span class='ocrx_word' id='word_1_537' title='bbox 3147 4288 3359 4344; x_wconf 88' lang='lat' dir='ltr'>donare</span> <span class='ocrx_word' id='word_1_538' title='bbox 3386 4304 3614 4344; x_wconf 87' lang='lat' dir='ltr'>consue-</span> 
     </span>
    </p>
   </div>
   <div class='ocr_carea' id='block_1_44' title="bbox 245 4375 3613 4450">
    <p class='ocr_par' dir='ltr' id='par_1_44' title="bbox 245 4375 3613 4450">
     <span class='ocr_line' id='line_1_44' title="bbox 245 4375 3613 4450; baseline 0.001 -23"><span class='ocrx_word' id='word_1_539' title='bbox 245 4383 451 4433; x_wconf 78' lang='lat' dir='ltr'>verant</span> <span class='ocrx_word' id='word_1_540' title='bbox 475 4382 710 4433; x_wconf 87' lang='lat' dir='ltr'>veteres.</span> <span class='ocrx_word' id='word_1_541' title='bbox 740 4381 913 4433; x_wconf 91' lang='lat' dir='ltr'>Porro</span> <span class='ocrx_word' id='word_1_542' title='bbox 954 4379 1025 4433; x_wconf 89' lang='lat' dir='ltr'>ad</span> <span class='ocrx_word' id='word_1_543' title='bbox 1061 4379 1214 4433; x_wconf 92' lang='lat' dir='ltr'>hunc</span> <span class='ocrx_word' id='word_1_544' title='bbox 1256 4378 1432 4433; x_wconf 88' lang='lat' dir='ltr'>ritum</span> <span class='ocrx_word' id='word_1_545' title='bbox 1470 4382 1721 4450; x_wconf 89' lang='lat' dir='ltr'>spectare</span> <span class='ocrx_word' id='word_1_546' title='bbox 1762 4375 2024 4432; x_wconf 87' lang='lat' dir='ltr'>existimo</span> <span class='ocrx_word' id='word_1_547' title='bbox 2063 4392 2337 4432; x_wconf 91' lang='lat' dir='ltr'>canonem</span> <span class='ocrx_word' id='word_1_548' title='bbox 2379 4380 2444 4432; x_wconf 79' lang='lat' dir='ltr'>l3</span> <span class='ocrx_word' id='word_1_549' title='bbox 2479 4377 2702 4432; x_wconf 91' lang='lat' dir='ltr'>concilii</span> <span class='ocrx_word' id='word_1_550' title='bbox 2737 4376 2987 4432; x_wconf 89' lang='lat' dir='ltr'>Toletani</span> <span class='ocrx_word' id='word_1_551' title='bbox 3013 4393 3084 4446; x_wconf 84' lang='grc' dir='ltr'>ιν,</span> <span class='ocrx_word' id='word_1_552' title='bbox 3115 4396 3142 4428; x_wconf 87' lang='grc'>‹‹</span> <span class='ocrx_word' id='word_1_553' title='bbox 3169 4379 3239 4432; x_wconf 91' lang='lat' dir='ltr'>Ut</span> <span class='ocrx_word' id='word_1_554' title='bbox 3275 4392 3379 4448; x_wconf 89' lang='lat' dir='ltr'>per</span> <span class='ocrx_word' id='word_1_555' title='bbox 3416 4393 3613 4433; x_wconf 86' lang='lat' dir='ltr'>omnes</span> 
     </span>
    </p>
   </div>
   <div class='ocr_carea' id='block_1_45' title="bbox 244 4464 3612 4539">
    <p class='ocr_par' dir='ltr' id='par_1_45' title="bbox 244 4464 3612 4539">
     <span class='ocr_line' id='line_1_45' title="bbox 244 4464 3612 4539; baseline 0 -17"><span class='ocrx_word' id='word_1_556' title='bbox 244 4467 533 4539; x_wconf 83' lang='lat' dir='ltr'>Hispania</span> <span class='ocrx_word' id='word_1_557' title='bbox 570 4467 838 4524; x_wconf 90' lang='lat' dir='ltr'>Ecclesias</span> <span class='ocrx_word' id='word_1_558' title='bbox 861 4468 949 4524; x_wconf 90' lang='lat' dir='ltr'>vel</span> <span class='ocrx_word' id='word_1_559' title='bbox 984 4467 1177 4525; x_wconf 85' lang='lat' dir='ltr'>Galliae</span> <span class='ocrx_word' id='word_1_560' title='bbox 1212 4468 1274 4524; x_wconf 91' lang='lat' dir='ltr'>in</span> <span class='ocrx_word' id='word_1_561' title='bbox 1310 4467 1569 4524; x_wconf 89' lang='lat' dir='ltr'>omnium</span> <span class='ocrx_word' id='word_1_562' title='bbox 1605 4466 1910 4522; x_wconf 89' lang='lat' dir='ltr'>missarum</span> <span class='ocrx_word' id='word_1_563' title='bbox 1947 4465 2303 4523; x_wconf 85' lang='lat' dir='ltr'>solemnitate</span> <span class='ocrx_word' id='word_1_564' title='bbox 2340 4466 2669 4522; x_wconf 88' lang='lat' dir='ltr'>decantetur</span> <span class='ocrx_word' id='word_1_565' title='bbox 2703 4467 2952 4539; x_wconf 86' lang='lat' dir='ltr'>hymnus</span> <span class='ocrx_word' id='word_1_566' title='bbox 2988 4464 3167 4521; x_wconf 90' lang='lat' dir='ltr'>trium</span> <span class='ocrx_word' id='word_1_567' title='bbox 3205 4480 3515 4537; x_wconf 87' lang='lat' dir='ltr'>puerorum</span> <span class='ocrx_word' id='word_1_568' title='bbox 3550 4466 3612 4522; x_wconf 88' lang='lat' dir='ltr'>in</span> 
     </span>
    </p>
   </div>
   <div class='ocr_carea' id='block_1_46' title="bbox 242 4558 555 4629">
    <p class='ocr_par' dir='ltr' id='par_1_46' title="bbox 242 4558 555 4629">
     <span class='ocr_line' id='line_1_46' title="bbox 242 4558 555 4629; baseline -0.003 -19"><span class='ocrx_word' id='word_1_569' title='bbox 242 4558 495 4629; x_wconf 85' lang='lat' dir='ltr'>pulpito.</span> <span class='ocrx_word' id='word_1_570' title='bbox 525 4576 555 4609; x_wconf 66' lang='grc' dir='ltr'><strong>η</strong></span> 
     </span>
    </p>
   </div>
   <div class='ocr_carea' id='block_1_47' title="bbox 315 4648 3609 4760">
    <p class='ocr_par' dir='ltr' id='par_1_47' title="bbox 315 4648 3609 4760">
     <span class='ocr_line' id='line_1_47' title="bbox 315 4648 3609 4760; baseline 0 -20"><span class='ocrx_word' id='word_1_571' title='bbox 315 4689 371 4740; x_wconf 89' lang='lat'>8.</span> <span class='ocrx_word' id='word_1_572' title='bbox 404 4686 557 4740; x_wconf 92' lang='lat' dir='ltr'>Dum</span> <span class='ocrx_word' id='word_1_573' title='bbox 585 4679 853 4742; x_wconf 73' lang='lat' dir='ltr'>diaconus</span> <span class='ocrx_word' id='word_1_574' title='bbox 868 4686 938 4743; x_wconf 90' lang='lat' dir='ltr'>ad</span> <span class='ocrx_word' id='word_1_575' title='bbox 957 4686 1283 4760; x_wconf 88' lang='lat' dir='ltr'>analogium</span> <span class='ocrx_word' id='word_1_576' title='bbox 1311 4686 1683 4759; x_wconf 89' lang='lat' dir='ltr'>Evangelium</span> <span class='ocrx_word' id='word_1_577' title='bbox 1709 4648 2038 4742; x_wconf 82' lang='lat' dir='ltr'>cantaturus</span> <span class='ocrx_word' id='word_1_578' title='bbox 2060 4684 2409 4757; x_wconf 91' lang='lat' dir='ltr'>procederet,</span> <span class='ocrx_word' id='word_1_579' title='bbox 2441 4684 2647 4740; x_wconf 90' lang='lat' dir='ltr'>chorus</span> <span class='ocrx_word' id='word_1_580' title='bbox 2670 4683 2901 4741; x_wconf 90' lang='lat' dir='ltr'>interim</span> <span class='ocrx_word' id='word_1_581' title='bbox 2924 4683 3222 4759; x_wconf 89' lang='lat' dir='ltr'>trisagium</span> <span class='ocrx_word' id='word_1_582' title='bbox 3246 4683 3609 4758; x_wconf 86' lang='lat' dir='ltr'>praecinebat,</span> 
     </span>
    </p>
   </div>
   <div class='ocr_carea' id='block_1_48' title="bbox 245 4775 1603 4850">
    <p class='ocr_par' dir='ltr' id='par_1_48' title="bbox 245 4775 1603 4850">
     <span class='ocr_line' id='line_1_48' title="bbox 245 4775 1603 4850; baseline 0.001 -19"><span class='ocrx_word' id='word_1_583' title='bbox 245 4775 400 4846; x_wconf 87' lang='lat' dir='ltr'>quod</span> <span class='ocrx_word' id='word_1_584' title='bbox 431 4778 703 4847; x_wconf 87' lang='lat' dir='ltr'>quantato</span> <span class='ocrx_word' id='word_1_585' title='bbox 732 4776 1035 4850; x_wconf 87' lang='lat' dir='ltr'>Evangelio</span> <span class='ocrx_word' id='word_1_586' title='bbox 1059 4778 1269 4833; x_wconf 87' lang='lat' dir='ltr'>iterum</span> <span class='ocrx_word' id='word_1_587' title='bbox 1298 4777 1603 4850; x_wconf 88' lang='lat' dir='ltr'>repetebat.</span> 
     </span>
    </p>
   </div>
   <div class='ocr_carea' id='block_1_49' title="bbox 318 4898 3613 4975">
    <p class='ocr_par' dir='ltr' id='par_1_49' title="bbox 318 4898 3613 4975">
     <span class='ocr_line' id='line_1_49' title="bbox 318 4898 3613 4975; baseline 0.001 -21"><span class='ocrx_word' id='word_1_588' title='bbox 318 4904 375 4954; x_wconf 86' lang='lat'>9.</span> <span class='ocrx_word' id='word_1_589' title='bbox 402 4901 536 4955; x_wconf 84' lang='lat' dir='ltr'>Post</span> <span class='ocrx_word' id='word_1_590' title='bbox 563 4901 956 4975; x_wconf 85' lang='lat' dir='ltr'>Evangelium,</span> <span class='ocrx_word' id='word_1_591' title='bbox 988 4902 1284 4975; x_wconf 89' lang='lat' dir='ltr'>episcopus</span> <span class='ocrx_word' id='word_1_592' title='bbox 1317 4903 1555 4958; x_wconf 87' lang='lat' dir='ltr'>verbum</span> <span class='ocrx_word' id='word_1_593' title='bbox 1579 4918 1608 4957; x_wconf 90' lang='lat' dir='ltr'>e</span> <span class='ocrx_word' id='word_1_594' title='bbox 1628 4904 1901 4975; x_wconf 88' lang='lat' dir='ltr'>suggestu</span> <span class='ocrx_word' id='word_1_595' title='bbox 1924 4900 2171 4958; x_wconf 86' lang='lat' dir='ltr'>habebat</span> <span class='ocrx_word' id='word_1_596' title='bbox 2187 4901 2258 4956; x_wconf 89' lang='lat' dir='ltr'>ad</span> <span class='ocrx_word' id='word_1_597' title='bbox 2282 4900 2594 4973; x_wconf 80' lang='lat' dir='ltr'>populum;</span> <span class='ocrx_word' id='word_1_598' title='bbox 2620 4903 2719 4956; x_wconf 87' lang='lat' dir='ltr'>aut</span> <span class='ocrx_word' id='word_1_599' title='bbox 2737 4900 2783 4955; x_wconf 91' lang='lat' dir='ltr'>si</span> <span class='ocrx_word' id='word_1_600' title='bbox 2799 4915 2901 4971; x_wconf 90' lang='lat' dir='ltr'>per</span> <span class='ocrx_word' id='word_1_601' title='bbox 2918 4898 3205 4956; x_wconf 83' lang='lat' dir='ltr'>inﬁrmam</span> <span class='ocrx_word' id='word_1_602' title='bbox 3228 4900 3613 4959; x_wconf 89' lang='lat' dir='ltr'>valetudinem</span> 
     </span>
    </p>
   </div>
   <div class='ocr_carea' id='block_1_50' title="bbox 239 4988 3651 5063">
    <p class='ocr_par' dir='ltr' id='par_1_50' title="bbox 239 4988 3651 5063">
     <span class='ocr_line' id='line_1_50' title="bbox 239 4988 3651 5063; baseline 0.001 -19"><span class='ocrx_word' id='word_1_603' title='bbox 239 4989 297 5044; x_wconf 92' lang='lat' dir='ltr'>id</span> <span class='ocrx_word' id='word_1_604' title='bbox 339 4988 457 5045; x_wconf 87' lang='lat' dir='ltr'>sibi</span> <span class='ocrx_word' id='word_1_605' title='bbox 495 5006 612 5045; x_wconf 90' lang='lat' dir='ltr'>non</span> <span class='ocrx_word' id='word_1_606' title='bbox 646 4991 861 5062; x_wconf 89' lang='lat' dir='ltr'>liceret,</span> <span class='ocrx_word' id='word_1_607' title='bbox 900 4992 989 5048; x_wconf 91' lang='lat' dir='ltr'>vel</span> <span class='ocrx_word' id='word_1_608' title='bbox 1034 4992 1179 5048; x_wconf 88' lang='lat' dir='ltr'>forte</span> <span class='ocrx_word' id='word_1_609' title='bbox 1212 4992 1474 5048; x_wconf 86' lang='lat' dir='ltr'>tardioris</span> <span class='ocrx_word' id='word_1_610' title='bbox 1510 4995 1654 5047; x_wconf 91' lang='lat' dir='ltr'>esset</span> <span class='ocrx_word' id='word_1_611' title='bbox 1691 4992 1925 5063; x_wconf 87' lang='lat' dir='ltr'>lingua,</span> <span class='ocrx_word' id='word_1_612' title='bbox 1961 4989 2229 5046; x_wconf 87' lang='lat' dir='ltr'>homilias</span> <span class='ocrx_word' id='word_1_613' title='bbox 2265 4989 2524 5062; x_wconf 88' lang='lat' dir='ltr'>proprias</span> <span class='ocrx_word' id='word_1_614' title='bbox 2561 4994 2660 5046; x_wconf 87' lang='lat' dir='ltr'>aut</span> <span class='ocrx_word' id='word_1_615' title='bbox 2696 4990 2766 5045; x_wconf 88' lang='lat' dir='ltr'>ab</span> <span class='ocrx_word' id='word_1_616' title='bbox 2805 4989 2928 5045; x_wconf 88' lang='lat' dir='ltr'>aliis</span> <span class='ocrx_word' id='word_1_617' title='bbox 2966 4990 3319 5063; x_wconf 88' lang='lat' dir='ltr'>compositas,</span> <span class='ocrx_word' id='word_1_618' title='bbox 3364 4991 3611 5049; x_wconf 82' lang='lat' dir='ltr'>maxime</span> <span class='ocrx_word' id='word_1_619' title='bbox 3644 5004 3651 5009; x_wconf 80' lang='lat'><strong><em>‘</em></strong></span> 
     </span>
    </p>
   </div>
   <div class='ocr_carea' id='block_1_51' title="bbox 239 5080 2384 5153">
    <p class='ocr_par' dir='ltr' id='par_1_51' title="bbox 239 5080 2384 5153">
     <span class='ocr_line' id='line_1_51' title="bbox 239 5080 2384 5153; baseline 0 -18"><span class='ocrx_word' id='word_1_620' title='bbox 239 5084 579 5136; x_wconf 82' lang='lat' dir='ltr'>sanctorum</span> <span class='ocrx_word' id='word_1_621' title='bbox 606 5082 857 5149; x_wconf 87' lang='lat' dir='ltr'>Patrum,</span> <span class='ocrx_word' id='word_1_622' title='bbox 883 5081 1243 5153; x_wconf 87' lang='lat' dir='ltr'>pronuntiari</span> <span class='ocrx_word' id='word_1_623' title='bbox 1260 5099 1294 5137; x_wconf 87' lang='lat' dir='ltr'>a</span> <span class='ocrx_word' id='word_1_624' title='bbox 1320 5081 1704 5139; x_wconf 87' lang='lat' dir='ltr'>sacerdotibus</span> <span class='ocrx_word' id='word_1_625' title='bbox 1729 5085 1829 5137; x_wconf 90' lang='lat' dir='ltr'>aut</span> <span class='ocrx_word' id='word_1_626' title='bbox 1852 5080 2105 5135; x_wconf 89' lang='lat' dir='ltr'>diaconis</span> <span class='ocrx_word' id='word_1_627' title='bbox 2124 5080 2384 5152; x_wconf 86' lang='lat' dir='ltr'>jubebat.</span> 
     </span>
    </p>
   </div>
   <div class='ocr_carea' id='block_1_52' title="bbox 320 5205 3614 5283">
    <p class='ocr_par' dir='ltr' id='par_1_52' title="bbox 320 5205 3614 5283">
     <span class='ocr_line' id='line_1_52' title="bbox 320 5205 3614 5283; baseline -0 -18"><span class='ocrx_word' id='word_1_628' title='bbox 320 5213 414 5265; x_wconf 78' lang='lat' dir='ltr'>to.</span> <span class='ocrx_word' id='word_1_629' title='bbox 452 5208 663 5264; x_wconf 86' lang='lat' dir='ltr'>Deinde</span> <span class='ocrx_word' id='word_1_630' title='bbox 698 5208 965 5264; x_wconf 87' lang='lat' dir='ltr'>diaconus</span> <span class='ocrx_word' id='word_1_631' title='bbox 1007 5226 1177 5283; x_wconf 91' lang='lat' dir='ltr'>super</span> <span class='ocrx_word' id='word_1_632' title='bbox 1213 5210 1505 5266; x_wconf 87' lang='lat' dir='ltr'>audientes</span> <span class='ocrx_word' id='word_1_633' title='bbox 1543 5212 1600 5265; x_wconf 91' lang='lat' dir='ltr'>et</span> <span class='ocrx_word' id='word_1_634' title='bbox 1639 5209 2077 5265; x_wconf 87' lang='lat' dir='ltr'>catechumenos</span> <span class='ocrx_word' id='word_1_635' title='bbox 2115 5223 2309 5280; x_wconf 88' lang='lat' dir='ltr'>preces</span> <span class='ocrx_word' id='word_1_636' title='bbox 2343 5206 2669 5263; x_wconf 84' lang='lat' dir='ltr'>constitutas</span> <span class='ocrx_word' id='word_1_637' title='bbox 2706 5205 3049 5278; x_wconf 76' lang='lat' dir='ltr'>effundebat,</span> <span class='ocrx_word' id='word_1_638' title='bbox 3075 5206 3144 5262; x_wconf 90' lang='lat' dir='ltr'>de</span> <span class='ocrx_word' id='word_1_639' title='bbox 3182 5206 3387 5280; x_wconf 88' lang='lat' dir='ltr'>quibus</span> <span class='ocrx_word' id='word_1_640' title='bbox 3412 5206 3614 5264; x_wconf 89' lang='lat' dir='ltr'>ritibus</span> 
     </span>
    </p>
   </div>
   <div class='ocr_carea' id='block_1_53' title="bbox 244 5298 1852 5372">
    <p class='ocr_par' dir='ltr' id='par_1_53' title="bbox 244 5298 1852 5372">
     <span class='ocr_line' id='line_1_53' title="bbox 244 5298 1852 5372; baseline 0 -20"><span class='ocrx_word' id='word_1_641' title='bbox 244 5299 382 5353; x_wconf 85' lang='lat' dir='ltr'>satis</span> <span class='ocrx_word' id='word_1_642' title='bbox 413 5298 642 5370; x_wconf 88' lang='lat' dir='ltr'>egimus</span> <span class='ocrx_word' id='word_1_643' title='bbox 667 5298 728 5353; x_wconf 92' lang='lat' dir='ltr'>in</span> <span class='ocrx_word' id='word_1_644' title='bbox 753 5298 897 5355; x_wconf 89' lang='lat' dir='ltr'>libro</span> <span class='ocrx_word' id='word_1_645' title='bbox 921 5317 941 5353; x_wconf 83' lang='lat'><strong>1</strong></span> <span class='ocrx_word' id='word_1_646' title='bbox 967 5299 1036 5355; x_wconf 90' lang='lat' dir='ltr'>de</span> <span class='ocrx_word' id='word_1_647' title='bbox 1062 5299 1309 5372; x_wconf 88' lang='lat' dir='ltr'>antiquis</span> <span class='ocrx_word' id='word_1_648' title='bbox 1341 5298 1602 5355; x_wconf 89' lang='lat' dir='ltr'>Ecclesia</span> <span class='ocrx_word' id='word_1_649' title='bbox 1629 5298 1852 5353; x_wconf 90' lang='lat' dir='ltr'>ritibus.</span> 
     </span>
    </p>
   </div>
   <div class='ocr_carea' id='block_1_54' title="bbox 315 5412 3610 5491">
    <p class='ocr_par' dir='ltr' id='par_1_54' title="bbox 315 5412 3610 5491">
     <span class='ocr_line' id='line_1_54' title="bbox 315 5412 3610 5491; baseline 0 -21"><span class='ocrx_word' id='word_1_650' title='bbox 315 5420 408 5471; x_wconf 77' lang='lat' dir='ltr'>ll.</span> <span class='ocrx_word' id='word_1_651' title='bbox 440 5414 648 5485; x_wconf 86' lang='lat' dir='ltr'>Ejectis</span> <span class='ocrx_word' id='word_1_652' title='bbox 688 5415 1127 5484; x_wconf 86' lang='lat' dir='ltr'>catechumenis,</span> <span class='ocrx_word' id='word_1_653' title='bbox 1165 5416 1431 5472; x_wconf 90' lang='lat' dir='ltr'>diaconus</span> <span class='ocrx_word' id='word_1_654' title='bbox 1468 5413 1754 5471; x_wconf 89' lang='lat' dir='ltr'>silentium</span> <span class='ocrx_word' id='word_1_655' title='bbox 1802 5413 2116 5483; x_wconf 82' lang='lat' dir='ltr'>indicebat;</span> <span class='ocrx_word' id='word_1_656' title='bbox 2153 5416 2279 5491; x_wconf 82' lang='lat' dir='ltr'>tum</span> <span class='ocrx_word' id='word_1_657' title='bbox 2318 5428 2522 5485; x_wconf 91' lang='lat' dir='ltr'>corpus</span> <span class='ocrx_word' id='word_1_658' title='bbox 2554 5412 2779 5469; x_wconf 90' lang='lat' dir='ltr'>Domini</span> <span class='ocrx_word' id='word_1_659' title='bbox 2822 5414 2882 5469; x_wconf 91' lang='lat' dir='ltr'>in</span> <span class='ocrx_word' id='word_1_660' title='bbox 2922 5413 3069 5470; x_wconf 89' lang='lat' dir='ltr'>turri</span> <span class='ocrx_word' id='word_1_661' title='bbox 3111 5419 3503 5471; x_wconf 89' lang='lat' dir='ltr'>conservatum</span> <span class='ocrx_word' id='word_1_662' title='bbox 3540 5431 3610 5471; x_wconf 83' lang='lat' dir='ltr'>ex</span> 
     </span>
    </p>
   </div>
   <div class='ocr_carea' id='block_1_55' title="bbox 241 5501 3608 5577">
    <p class='ocr_par' dir='ltr' id='par_1_55' title="bbox 241 5501 3608 5577">
     <span class='ocr_line' id='line_1_55' title="bbox 241 5501 3608 5577; baseline -0.001 -17"><span class='ocrx_word' id='word_1_663' title='bbox 241 5503 597 5575; x_wconf 79' lang='lat' dir='ltr'>praecedenti</span> <span class='ocrx_word' id='word_1_664' title='bbox 623 5503 892 5560; x_wconf 84' lang='lat' dir='ltr'>sacriﬁcio</span> <span class='ocrx_word' id='word_1_665' title='bbox 918 5505 1206 5561; x_wconf 88' lang='lat' dir='ltr'>deferebat</span> <span class='ocrx_word' id='word_1_666' title='bbox 1229 5506 1301 5560; x_wconf 90' lang='lat' dir='ltr'>ad</span> <span class='ocrx_word' id='word_1_667' title='bbox 1324 5506 1517 5572; x_wconf 88' lang='lat' dir='ltr'>altare,</span> <span class='ocrx_word' id='word_1_668' title='bbox 1548 5507 1613 5559; x_wconf 92' lang='lat' dir='ltr'>ut</span> <span class='ocrx_word' id='word_1_669' title='bbox 1641 5506 1860 5559; x_wconf 90' lang='lat' dir='ltr'>constat</span> <span class='ocrx_word' id='word_1_670' title='bbox 1886 5507 2011 5558; x_wconf 87' lang='lat' dir='ltr'>tum</span> <span class='ocrx_word' id='word_1_671' title='bbox 2048 5518 2118 5559; x_wconf 85' lang='lat' dir='ltr'>ex</span> <span class='ocrx_word' id='word_1_672' title='bbox 2155 5503 2262 5558; x_wconf 88' lang='lat' dir='ltr'>hac</span> <span class='ocrx_word' id='word_1_673' title='bbox 2284 5506 2475 5558; x_wconf 88' lang='lat' dir='ltr'>nostra</span> <span class='ocrx_word' id='word_1_674' title='bbox 2511 5501 2880 5574; x_wconf 90' lang='lat' dir='ltr'>expositione,</span> <span class='ocrx_word' id='word_1_675' title='bbox 2906 5506 3032 5559; x_wconf 91' lang='lat' dir='ltr'>tum</span> <span class='ocrx_word' id='word_1_676' title='bbox 3056 5520 3127 5559; x_wconf 83' lang='lat' dir='ltr'>ex</span> <span class='ocrx_word' id='word_1_677' title='bbox 3150 5504 3404 5577; x_wconf 88' lang='lat' dir='ltr'>Gregorii</span> <span class='ocrx_word' id='word_1_678' title='bbox 3430 5506 3608 5559; x_wconf 86' lang='lat' dir='ltr'>Turo-</span> 
     </span>
    </p>
   </div>
   <div class='ocr_carea' id='block_1_56' title="bbox 243 5585 3610 5667">
    <p class='ocr_par' dir='ltr' id='par_1_56' title="bbox 243 5585 3610 5667">
     <span class='ocr_line' id='line_1_56' title="bbox 243 5585 3610 5667; baseline -0.001 -17"><span class='ocrx_word' id='word_1_679' title='bbox 243 5595 440 5651; x_wconf 85' lang='lat' dir='ltr'>nensis</span> <span class='ocrx_word' id='word_1_680' title='bbox 480 5594 631 5649; x_wconf 90' lang='lat' dir='ltr'>libro</span> <span class='ocrx_word' id='word_1_681' title='bbox 672 5594 743 5649; x_wconf 90' lang='lat' dir='ltr'>de</span> <span class='ocrx_word' id='word_1_682' title='bbox 782 5595 969 5651; x_wconf 88' lang='lat' dir='ltr'>Gloria</span> <span class='ocrx_word' id='word_1_683' title='bbox 1001 5585 1339 5667; x_wconf 80' lang='lat' dir='ltr'>martyrum,</span> <span class='ocrx_word' id='word_1_684' title='bbox 1372 5611 1495 5666; x_wconf 89' lang='lat' dir='ltr'>cap.</span> <span class='ocrx_word' id='word_1_685' title='bbox 1525 5597 1606 5649; x_wconf 87' lang='lat'>85.</span> <span class='ocrx_word' id='word_1_686' title='bbox 1639 5592 1879 5649; x_wconf 83' lang='lat' dir='ltr'>Romani</span> <span class='ocrx_word' id='word_1_687' title='bbox 1916 5609 2033 5647; x_wconf 91' lang='lat' dir='ltr'>non</span> <span class='ocrx_word' id='word_1_688' title='bbox 2072 5592 2132 5647; x_wconf 90' lang='lat' dir='ltr'>in</span> <span class='ocrx_word' id='word_1_689' title='bbox 2166 5592 2334 5662; x_wconf 90' lang='lat' dir='ltr'>turri,</span> <span class='ocrx_word' id='word_1_690' title='bbox 2360 5593 2459 5648; x_wconf 90' lang='lat' dir='ltr'>sed</span> <span class='ocrx_word' id='word_1_691' title='bbox 2491 5592 2553 5647; x_wconf 91' lang='lat' dir='ltr'>in</span> <span class='ocrx_word' id='word_1_692' title='bbox 2586 5609 2751 5664; x_wconf 87' lang='lat' dir='ltr'>capsa</span> <span class='ocrx_word' id='word_1_693' title='bbox 2783 5592 2923 5648; x_wconf 91' lang='lat' dir='ltr'>illud</span> <span class='ocrx_word' id='word_1_694' title='bbox 2962 5592 3307 5663; x_wconf 88' lang='lat' dir='ltr'>deferebant,</span> <span class='ocrx_word' id='word_1_695' title='bbox 3334 5593 3504 5663; x_wconf 89' lang='lat' dir='ltr'>idque</span> <span class='ocrx_word' id='word_1_696' title='bbox 3548 5591 3610 5646; x_wconf 92' lang='lat' dir='ltr'>in</span> 
     </span>
    </p>
   </div>
   <div class='ocr_carea' id='block_1_57' title="bbox 244 5682 3607 5756">
    <p class='ocr_par' dir='ltr' id='par_1_57' title="bbox 244 5682 3607 5756">
     <span class='ocr_line' id='line_1_57' title="bbox 244 5682 3607 5756; baseline -0.001 -18"><span class='ocrx_word' id='word_1_697' title='bbox 244 5683 545 5740; x_wconf 86' lang='lat' dir='ltr'>nonnullis</span> <span class='ocrx_word' id='word_1_698' title='bbox 585 5683 761 5739; x_wconf 89' lang='lat' dir='ltr'>etiam</span> <span class='ocrx_word' id='word_1_699' title='bbox 798 5685 1091 5741; x_wconf 87' lang='lat' dir='ltr'>Gallicanis</span> <span class='ocrx_word' id='word_1_700' title='bbox 1128 5685 1388 5742; x_wconf 89' lang='lat' dir='ltr'>Ecclesiis</span> <span class='ocrx_word' id='word_1_701' title='bbox 1427 5683 1848 5739; x_wconf 89' lang='lat' dir='ltr'>observabatur.</span> <span class='ocrx_word' id='word_1_702' title='bbox 1880 5684 2053 5738; x_wconf 91' lang='lat' dir='ltr'>Porro</span> <span class='ocrx_word' id='word_1_703' title='bbox 2083 5698 2153 5738; x_wconf 87' lang='lat' dir='ltr'>ex</span> <span class='ocrx_word' id='word_1_704' title='bbox 2187 5682 2295 5738; x_wconf 92' lang='lat' dir='ltr'>hoc</span> <span class='ocrx_word' id='word_1_705' title='bbox 2323 5682 2438 5739; x_wconf 87' lang='lat' dir='ltr'>ritu</span> <span class='ocrx_word' id='word_1_706' title='bbox 2476 5683 2665 5739; x_wconf 93' lang='lat' dir='ltr'>lucem</span> <span class='ocrx_word' id='word_1_707' title='bbox 2692 5683 2941 5756; x_wconf 88' lang='lat' dir='ltr'>aliquam</span> <span class='ocrx_word' id='word_1_708' title='bbox 2968 5682 3169 5738; x_wconf 84' lang='lat' dir='ltr'>afferre</span> <span class='ocrx_word' id='word_1_709' title='bbox 3190 5695 3486 5753; x_wconf 89' lang='lat' dir='ltr'>possumus</span> <span class='ocrx_word' id='word_1_710' title='bbox 3514 5695 3607 5733; x_wconf 88' lang='lat' dir='ltr'>ca-</span> 
     </span>
    </p>
   </div>
   <div class='ocr_carea' id='block_1_58' title="bbox 248 5765 3611 5845">
    <p class='ocr_par' dir='ltr' id='par_1_58' title="bbox 248 5765 3611 5845">
     <span class='ocr_line' id='line_1_58' title="bbox 248 5765 3611 5845; baseline -0.001 -16"><span class='ocrx_word' id='word_1_711' title='bbox 248 5775 383 5829; x_wconf 87' lang='lat' dir='ltr'>noni</span> <span class='ocrx_word' id='word_1_712' title='bbox 432 5778 495 5828; x_wconf 80' lang='lat' dir='ltr'>t7</span> <span class='ocrx_word' id='word_1_713' title='bbox 540 5772 764 5828; x_wconf 93' lang='lat' dir='ltr'>concilii</span> <span class='ocrx_word' id='word_1_714' title='bbox 804 5775 1127 5831; x_wconf 89' lang='lat' dir='ltr'>Arausicani</span> <span class='ocrx_word' id='word_1_715' title='bbox 1162 5792 1212 5845; x_wconf 83' lang='grc' dir='ltr'>ι,</span> <span class='ocrx_word' id='word_1_716' title='bbox 1242 5775 1314 5830; x_wconf 87' lang='lat' dir='ltr'>ad</span> <span class='ocrx_word' id='word_1_717' title='bbox 1352 5789 1524 5845; x_wconf 90' lang='lat' dir='ltr'>quem</span> <span class='ocrx_word' id='word_1_718' title='bbox 1563 5790 1760 5829; x_wconf 91' lang='lat' dir='ltr'>omnes</span> <span class='ocrx_word' id='word_1_719' title='bbox 1804 5772 1924 5828; x_wconf 89' lang='lat' dir='ltr'>fere</span> <span class='ocrx_word' id='word_1_720' title='bbox 1959 5772 2166 5828; x_wconf 88' lang='lat' dir='ltr'>eruditi</span> <span class='ocrx_word' id='word_1_721' title='bbox 2208 5772 2481 5829; x_wconf 88' lang='lat' dir='ltr'>hactenus</span> <span class='ocrx_word' id='word_1_722' title='bbox 2518 5772 2824 5828; x_wconf 88' lang='lat' dir='ltr'>cacutiunt</span> <span class='ocrx_word' id='word_1_723' title='bbox 2860 5789 2874 5827; x_wconf 90' lang='lat'>:</span> <span class='ocrx_word' id='word_1_724' title='bbox 2921 5790 2950 5825; x_wconf 88' lang='grc'>‹‹</span> <span class='ocrx_word' id='word_1_725' title='bbox 2979 5772 3122 5827; x_wconf 90' lang='lat' dir='ltr'>Cum</span> <span class='ocrx_word' id='word_1_726' title='bbox 3161 5784 3325 5840; x_wconf 87' lang='lat' dir='ltr'>capsa</span> <span class='ocrx_word' id='word_1_727' title='bbox 3366 5771 3421 5822; x_wconf 90' lang='lat' dir='ltr'>et</span> <span class='ocrx_word' id='word_1_728' title='bbox 3464 5765 3611 5827; x_wconf 79' lang='lat' dir='ltr'>calix</span> 
     </span>
    </p>
   </div>
   <div class='ocr_carea' id='block_1_59' title="bbox 249 5854 3610 5935">
    <p class='ocr_par' dir='ltr' id='par_1_59' title="bbox 249 5854 3610 5935">
     <span class='ocr_line' id='line_1_59' title="bbox 249 5854 3610 5935; baseline -0.002 -16"><span class='ocrx_word' id='word_1_729' title='bbox 249 5863 576 5920; x_wconf 73' lang='lat' dir='ltr'>efferendus</span> <span class='ocrx_word' id='word_1_730' title='bbox 614 5868 699 5920; x_wconf 89' lang='lat' dir='ltr'>est</span> <span class='ocrx_word' id='word_1_731' title='bbox 731 5869 787 5922; x_wconf 87' lang='lat' dir='ltr'>et</span> <span class='ocrx_word' id='word_1_732' title='bbox 825 5865 1169 5923; x_wconf 86' lang='lat' dir='ltr'>admixtione</span> <span class='ocrx_word' id='word_1_733' title='bbox 1203 5863 1567 5924; x_wconf 84' lang='lat' dir='ltr'>Eucharistiae</span> <span class='ocrx_word' id='word_1_734' title='bbox 1608 5862 2038 5933; x_wconf 87' lang='lat' dir='ltr'>consecrandus,</span> <span class='ocrx_word' id='word_1_735' title='bbox 2066 5882 2094 5913; x_wconf 83' lang='lat'>»</span> <span class='ocrx_word' id='word_1_736' title='bbox 2135 5866 2199 5919; x_wconf 88' lang='lat' dir='ltr'>ut</span> <span class='ocrx_word' id='word_1_737' title='bbox 2240 5862 2451 5922; x_wconf 89' lang='lat' dir='ltr'>scilicet</span> <span class='ocrx_word' id='word_1_738' title='bbox 2489 5878 2652 5935; x_wconf 85' lang='lat' dir='ltr'>capsa</span> <span class='ocrx_word' id='word_1_739' title='bbox 2692 5860 3040 5917; x_wconf 89' lang='lat' dir='ltr'>dominicum</span> <span class='ocrx_word' id='word_1_740' title='bbox 3077 5872 3282 5930; x_wconf 85' lang='lat' dir='ltr'>corpus</span> <span class='ocrx_word' id='word_1_741' title='bbox 3317 5854 3610 5913; x_wconf 81' lang='lat' dir='ltr'>continens</span> 
     </span>
    </p>
   </div>
  </div>
