4044 6196
438 333 503 396 87
1143 333 1212 391 IN
1251 333 1304 390 S.
1345 332 1548 389 GERM.
1589 328 2074 386 EXPOSITIONEM
2112 327 2444 384 LITURGUE
2480 328 2670 385 GALL.
2712 327 3093 386 ADMONITIO.
3637 314 3655 324 ’
3724 322 3794 387 88

435 447 703 506 aﬂ'eratur
734 445 806 504 ad
838 444 1033 514 altare,
1061 457 1193 499 cum
1225 439 1482 498 facienda
1517 441 1602 496 est
1639 437 1699 494 in
1733 436 1903 494 missa
1939 435 2146 494 oblatio
2184 435 2371 493 calicis
2409 453 2542 493 cum
2577 435 2926 494 admixtione
2963 452 3064 494 seu
3090 433 3393 510 praesentia
3426 435 3798 497 Eucharistim

442 537 823 596 consecrandi.

511 643 596 694 l2.
619 637 796 694 Allata
826 635 897 690 ad
933 634 1111 690 altare
1146 628 1514 699 Eucharistia,
1544 629 1715 685 ﬂebat
1747 629 1909 701 panis
1945 633 2002 685 et
2024 627 2139 685 vini
2175 627 2537 684 consecrandi
2574 627 2805 698 oblatio,
2837 631 3006 700 atque
3044 627 3274 683 interim
3314 629 3520 685 chorus
3559 631 3802 688 canebat

434 731 654 791 Sanum,
679 727 733 782 id
767 729 849 782 est
875 723 1247 794 antiphonam
1275 737 1403 792 quae
1439 724 1628 774 nostro
1662 719 1946 774 oﬁ‘ertorio
1976 718 2370 790 respondebat,
2401 721 2500 772 aut
2527 717 2663 789 quid
2690 717 2894 772 simile.
2923 717 3086 772 Forte
3113 719 3284 774 Sanus
3319 719 3475 774 aliud
3499 719 3642 774 nihil
3677 725 3804 776 erat

437 835 610 891 quam
635 815 787 888 quod
812 811 1092 884 Expositio
1117 815 1310 865 nostra
1337 826 1468 865 mox
1495 809 1703 866 Laudes
1736 809 2004 881 appellat.
2029 811 2172 865 Laus
2197 811 2389 862 autem
2417 807 2478 862 in
2506 806 2704 862 Missali
2742 807 3099 862 Mozarabum
3129 811 3346 864 constat
3381 824 3450 863 ex
3479 809 3713 865 Alleluia
3739 814 3805 866 et

436 925 553 962 uno
589 903 882 971 versiculo,
911 902 1008 957 sed
1047 902 1106 956 in
1143 901 1423 955 Gallicana
1457 899 1707 971 Liturgia
1739 905 1827 954 ter
1861 899 2165 970 repetitum
2205 897 2378 952 fuisse
2416 896 2655 952 Alleluia
2688 896 3168 969 adasigniﬁcanda
3206 897 3316 953 tria
3355 903 3634 971 tempora,
3665 903 3803 956 ante

437 997 642 1068 legem,
673 994 776 1048 sub
801 993 948 1063 lege,
977 994 1035 1046 et
1061 991 1166 1046 sub
1194 990 1394 1062 gratia,
1425 989 1587 1044 docet
1613 991 1803 1044 nostra
1831 987 2138 1060 Expositio,
2167 986 2336 1059 idque
2363 985 2550 1042 forsan
2577 1003 2709 1041 cum
2735 987 2940 1058 triplici
2967 987 3259 1043 versiculo.

511 1099 594 1150 l3.
621 1095 787 1148 Facta
829 1092 1131 1158 oblatione,
1162 1107 1320 1146 sacra
1357 1089 1742 1145 recitabantur
1781 1088 2070 1161 diptycha,
2115 1087 2221 1142 hoc
2269 1090 2354 1142 est
2394 1086 2628 1142 nomina
2667 1085 3063 1159 episcoporum
3109 1091 3166 1142 et
3207 1087 3450 1142 aliorum
3493 1087 3699 1160 scripta
3737 1087 3806 1144 in

438 1184 642 1240 tabella
681 1182 844 1238 altari
883 1181 1256 1254 superposita.
1284 1179 1619 1251 Hujusmodi
1654 1179 1918 1234 tabellam
1961 1179 2274 1232 eburneam
2299 1176 2414 1232 vidi
2454 1176 2513 1231 in
2555 1175 2796 1231 Ecclesia
2822 1176 3175 1246 Bituricensi,
3203 1177 3262 1233 in
3285 1193 3398 1250 qua
3420 1177 3803 1248 archiepisco-

435 1289 642 1347 porum
670 1272 904 1328 nomina
933 1271 1316 1340 continentur,
1351 1270 1448 1324 sed
1476 1269 1642 1324 hodie
1668 1269 1857 1323 nullus
1881 1267 2030 1322 illius
2050 1283 2192 1322 usus
2222 1273 2480 1339 superest
2505 1265 2658 1338 apud
2684 1265 2983 1338 Biturigas.

509 1375 593 1428 14.
627 1372 890 1428 Recitatis
929 1370 1231 1443 diptychis,
1265 1369 1525 1424 sacerdos
1557 1369 1925 1427 Collectionem
1956 1371 2082 1438 post
2112 1369 2333 1422 nomina
2359 1365 2599 1434 dicebat,
2630 1368 2823 1436 postea
2860 1365 3014 1437 pacis
3053 1367 3307 1422 osculum
3346 1366 3541 1421 fideles
3578 1366 3682 1422 sibi
3717 1366 3807 1422 in-

432 1463 614 1517 vicem
641 1461 1080 1533 impertiebant;
1111 1465 1234 1515 tum
1261 1459 1520 1514 sacerdos
1544 1458 1818 1513 recitabat
1844 1458 2214 1516 Collectionem
2238 1457 2314 1512 ad
2325 1471 2536 1528 pacem,
2563 1471 2738 1529 quam
2765 1456 3150 1528 sequebantur
3177 1455 3502 1512 contestatio
3530 1456 3626 1526 (ita
3646 1472 3802 1528 prae-

432 1552 704 1608 fationem
732 1551 810 1606 illi
839 1551 1218 1622 appellabant)
1248 1553 1304 1605 et
1329 1565 1508 1604 canon
1539 1547 1638 1620 qui
1666 1546 2030 1602 brevissimus
2059 1551 2197 1602 erat.

511 1654 594 1705 l5.
623 1651 754 1704 Post
781 1649 1256 1704 consecrationem
1283 1647 1540 1702 sacerdos
1565 1645 1837 1701 recitabat
1859 1644 2174 1699 orationem
2205 1645 2330 1700 Post
2355 1646 2578 1705 secreta,
2607 1659 2737 1714 quae
2753 1643 2926 1698 verba
2952 1643 3344 1698 demonstrant
3371 1643 3805 1700 consecrationis

435 1739 606 1794 verba
649 1743 862 1794 secreto
903 1756 966 1792 ac
1009 1738 1114 1792 sub
1152 1737 1374 1791 silentio
1402 1753 1435 1790 a
1461 1735 1746 1790 sacerdote
1787 1734 1959 1789 fuisse
1995 1733 2232 1804 prolata.
2263 1734 2393 1787 Post
2432 1748 2499 1787 ea
2538 1732 2711 1786 fiebat
2748 1732 3052 1787 confractio
3087 1736 3144 1787 et
3180 1733 3508 1788 commixtio
3539 1733 3804 1804 Corporis

434 1828 660 1884 Christi.
696 1831 876 1900 Atque
919 1827 1148 1882 interim
1194 1827 1399 1881 chorus
1439 1825 1812 1896 antiphonam
1853 1823 2202 1892 concinebat,
2247 1837 2426 1893 eaque
2468 1821 2648 1891 ﬁnita,
2680 1821 2937 1876 sacerdos
2979 1821 3268 1877 collectam
3309 1827 3440 1878 ante
3483 1823 3801 1878 orationem

434 1917 782 1972 Dominicam
813 1916 1102 1986 recitabat,
1132 1916 1444 1970 orationem
1473 1913 1824 1969 Dominicam
1853 1913 2195 1984 sequebatur
2218 1911 2394 1966 altera
2421 1911 2653 1966 collecta
2679 1928 2712 1964 a
2737 1911 3024 1965 sacerdote
3053 1911 3438 1982 pronuntiata.

507 2023 592 2074 l6.
623 2021 766 2073 Ante
803 2016 1286 2085 communionem,
1317 2015 1636 2070 benedictio
1669 2013 1881 2085 populo
1923 2011 2379 2084 impertiebatur,
2411 2014 2468 2065 et
2511 2010 2744 2082 quidem
2785 2010 2968 2065 tribus
3011 2010 3359 2066 orationibus
3404 2011 3474 2066 ab
3516 2011 3800 2084 episcopo,

432 2108 601 2164 unica
629 2123 809 2179 eaque
835 2105 991 2161 brevi
1027 2123 1059 2160 a
1086 2105 1330 2177 simplici
1357 2103 1663 2173 sacerdote,
1693 2103 1798 2158 hoc
1837 2101 2006 2156 modo
2041 2119 2055 2156 :
2087 2103 2226 2163 Pax,
2255 2099 2406 2170 ﬁdes,
2437 2103 2487 2154 et
2523 2101 2782 2164 Charitas,
2811 2104 2862 2155 et
2896 2103 3300 2156 communicatio
3328 2102 3563 2172 corporis
3597 2106 3648 2156 et
3668 2117 3802 2156 san-

436 2201 617 2268 guinis
642 2199 858 2254 Domini
883 2199 953 2250 sit
977 2211 1182 2266 semper
1206 2195 1494 2250 vobiscum.

511 2301 597 2351 l7.
626 2297 772 2350 Dum
798 2295 968 2349 ﬁebat
993 2293 1340 2361 communio,
1368 2297 1466 2346 aut
1505 2309 1569 2346 ea
1597 2294 1844 2363 peracta,
1873 2291 2079 2345 chorus
2107 2287 2384 2362 psallebat
2411 2289 2746 2343 Trecanum.
2774 2289 2916 2352 Quid
2953 2291 3142 2343 autem
3170 2292 3316 2344 esset
3343 2290 3656 2344 Trecanum
3684 2307 3803 2346 non

443 2385 576 2440 satis
615 2385 796 2456 capio.
827 2382 1126 2454 Triplicem
1165 2385 1397 2436 cantum
1419 2380 1569 2434 vocis
1605 2385 1662 2435 et
1690 2378 2030 2451 etymologia
2059 2377 2378 2450 signiﬁcare
2403 2377 2646 2432 videtur.
2680 2377 2739 2430 In
2774 2378 2972 2449 regula
3005 2381 3197 2432 autem
3223 2378 3508 2433 Aureliani
3539 2381 3802 2449 praescri-

437 2474 611 2541 bitur,
639 2477 704 2526 ut
727 2472 1009 2544 psallendo
1041 2487 1217 2526 omnes
1245 2472 1646 2525 communicent.
1679 2469 1798 2524 Erit
1819 2469 1962 2523 forte
1996 2467 2094 2539 qui
2123 2468 2436 2521 Trecanum
2470 2466 2879 2537 interpretetur
2907 2467 3228 2538 symbolum
3259 2469 3638 2539 apostolorum
3669 2485 3802 2522 san-

436 2566 540 2617 ctae
565 2560 850 2616 Trinitatis
874 2559 1046 2614 ﬁdem
1076 2560 1383 2630 explicans,
1408 2558 1561 2629 quod
1586 2557 1646 2612 in
1671 2557 1868 2612 Missali
1894 2556 2126 2628 quidem
2153 2555 2509 2611 Mozarabum
2537 2560 2664 2626 post
2689 2556 3169 2612 consecrationem
3191 2563 3321 2612 ante
3343 2557 3803 2612 communionem

435 2651 741 2705 dicendum
767 2648 1171 2721 prwscribitur,
1201 2648 1260 2701 in
1288 2647 1571 2701 Gallicana
1598 2663 1731 2700 vero
1757 2645 2010 2717 Liturgia
2035 2648 2164 2716 post
2190 2644 2655 2698 communionem
2684 2645 3037 2700 recitaretur.

513 2753 598 2804 18.
625 2748 873 2803 Tandem
899 2747 1158 2801 sacerdos
1187 2746 1409 2801 dicebat
1435 2745 1750 2800 orationem
1778 2747 1907 2800 Post
1929 2745 2353 2806 Eucharistiam,
2385 2759 2558 2814 quam
2586 2744 2929 2814 sequebatur
2956 2744 3062 2798 alia
3092 2745 3340 2800 collecta.

509 2849 602 2902 Hae
629 2849 763 2901 sunt
787 2845 904 2901 fere
933 2861 1130 2900 omnes
1155 2844 1406 2916 antiqua:
1435 2843 1735 2897 Gallicanae
1762 2841 2030 2914 Liturgiae
2059 2845 2269 2914 partes,
2299 2857 2440 2912 quas
2472 2840 2565 2894 hic
2605 2841 2852 2896 breviter
2875 2842 2946 2896 ob
2974 2842 3162 2897 oculos
3200 2859 3408 2914 ponere
3438 2848 3493 2898 et
3519 2843 3808 2899 illustrare

435 2937 604 2992 libuit
626 2935 695 2989 ad
721 2933 1130 3005 promptiorem
1163 2933 1450 3004 sequentis
1475 2931 1662 3002 operis
1696 2930 2164 3001 intelligentiam;
2199 2931 2255 2984 in
2293 2929 2455 3001 cujus
2489 2933 2650 3000 parte
2679 2945 2780 2984 seu
2811 2931 3044 3002 epistola
3069 2932 3317 2988 secunda
3351 2933 3529 2988 multa
3563 2933 3672 2988 alia
3697 2950 3805 2988 no-

437 3029 557 3081 tatu
591 3023 924 3094 dignissima
948 3025 1280 3088 occurrunt,
1309 3037 1375 3076 ea
1415 3020 1664 3074 maxime
1691 3036 1820 3091 qua:
1861 3021 1930 3075 de
1958 3018 2399 3092 Quadragesima
2424 3022 2481 3074 et
2509 3018 2578 3074 de
2604 3018 2903 3076 traditione
2929 3021 3169 3093 symboli
3201 3021 3650 3094 competentibus
3676 3039 3808 3078 nar-

436 3118 543 3182 rat,
571 3112 629 3166 in
657 3111 866 3182 quibus
894 3110 1036 3165 ritus
1065 3111 1338 3165 hactenus
1366 3109 1546 3181 ignoti
1577 3109 1997 3180 expenduntur.

511 3213 717 3264 Verum
742 3209 813 3264 ad
841 3209 1206 3280 antiquorum
1235 3207 1452 3262 rituum
1478 3207 1880 3279 cognitionem,
1913 3225 2086 3280 quam
2119 3224 2185 3264 ex
2211 3207 2466 3280 sequenti
2496 3223 2665 3278 opere
2703 3207 3032 3280 accipimus,
3065 3211 3202 3266 illud
3227 3211 3462 3280 accedit,
3490 3216 3546 3268 et
3570 3211 3805 3284 quidem

438 3301 608 3372 longe
635 3299 864 3370 majoris
887 3297 1186 3365 momenti,
1210 3298 1360 3368 quod
1389 3298 1500 3352 duo
1526 3298 1816 3370 praecipua
1843 3299 2103 3353 Ecclesiae
2139 3297 2431 3353 catholica
2459 3297 2724 3370 dogmata
2750 3299 2820 3354 de
2846 3299 3197 3355 Eucharistia
3221 3300 3280 3355 in
3307 3317 3371 3356 ea
3398 3301 3545 3356 clare
3571 3303 3806 3358 omnino

439 3392 790 3446 asseruntur.
819 3387 1532 3443 Transsubstantiationem
1574 3387 1722 3457 dico,
1753 3392 1808 3442 et
1844 3389 2052 3443 realem
2089 3387 2293 3444 Christi
2329 3389 2432 3442 sub
2457 3387 2756 3460 speciebus
2797 3390 2958 3460 panis
2997 3393 3054 3444 et
3079 3390 3193 3445 vini
3236 3392 3596 3463 praesentiam
3627 3409 3641 3447 :
3674 3409 3806 3464 quae

439 3480 552 3535 duo
579 3477 896 3550 praesertim
929 3477 1275 3549 impugnan't
1303 3476 1470 3531 hodie
1499 3477 1848 3532 heterodoxi.
1880 3477 2136 3532 Primum
2177 3479 2324 3532 clare
2350 3477 2680 3532 enuntiatur
2707 3477 2796 3532 his
2821 3479 3004 3534 verbis
3035 3498 3048 3534 :
3079 3482 3246 3536 Panis
3273 3497 3397 3536 vero
3431 3483 3490 3535 in
3512 3496 3728 3552 corpore
3755 3485 3808 3536 et

437 3572 625 3624 vinum
663 3571 1092 3636 transformatur
1131 3571 1189 3622 in
1227 3570 1511 3638 sanguine,
1540 3569 1746 3622 dicente
1785 3571 2006 3624 Domino
2041 3569 2107 3624 de
2140 3585 2356 3640 corpore
2395 3584 2490 3622 suo
2519 3586 2535 3622 :
2566 3569 2704 3626 Caro
2740 3584 2860 3624 mea
2888 3585 3008 3625 vere
3034 3575 3112 3625 est
3139 3571 3304 3632 cibus,
3331 3575 3382 3626 et
3407 3574 3628 3641 sanguis
3657 3586 3808 3626 meus

438 3675 559 3714 vere
582 3663 659 3714 est
680 3662 858 3728 potus.
887 3658 1142 3712 Alterum
1171 3675 1301 3712 cum
1328 3657 1407 3712 ait
1436 3675 1450 3712 :
1483 3659 1803 3728 Antiquitas
1826 3661 2028 3714 sanctis
2057 3660 2311 3714 Patribus
2335 3661 2469 3726 fuit,
2497 3662 2561 3714 ut
2586 3659 2716 3714 dum
2744 3660 2990 3714 sacerdos
3013 3661 3335 3716 oblationem
3359 3663 3639 3731 frangeret
3661 3662 3810 3714 vide-

442 3751 604 3804 batur
628 3749 790 3817 quasi
828 3748 1051 3816 angelus
1087 3750 1186 3802 Dei
1227 3747 1465 3802 membra
1501 3749 1764 3816 fulgentis
1800 3751 1965 3818 pueri
1999 3749 2170 3804 cultro
2210 3749 2499 3810 concidere,
2528 3753 2580 3804 et
2619 3751 2937 3818 sanguinem
2973 3750 3084 3819 ejus
3131 3752 3190 3804 in
3236 3751 3453 3806 calicem
3493 3752 3808 3822 excipiendo

439 3838 705 3906 colligere,
737 3838 798 3890 ut
818 3837 1060 3890 aeracius
1083 3835 1282 3890 diceret
1305 3836 1526 3890 verbum
1553 3837 1758 3892 dicente
1785 3837 2020 3900 domino,
2052 3853 2265 3892 carnem
2297 3837 2408 3907 ejus
2435 3852 2541 3893 esse
2567 3838 2743 3892 cibum
2768 3843 2820 3894 et
2843 3841 3158 3908 sanguinem
3183 3854 3291 3895 esse
3307 3845 3518 3910 potum.

513 3933 813 4004 Reliquum
840 3937 926 3986 est
948 3937 1013 3987 ut
1039 3933 1106 3988 de
1131 3937 1358 3988 auctore
1384 3934 1556 4004 hujus
1585 3934 1771 4005 operis
1801 3938 1858 3989 et
1886 3934 1956 3989 de
1982 3939 2240 4006 tempore
2266 3951 2379 4006 quo
2404 3935 2678 4006 scriptum
2700 3935 2771 3990 sit
2792 3935 3040 3992 breviter
3063 3936 3434 4009 inquiramus.
3458 3938 3533 3992 De
3552 3941 3804 4006 auctore,

443 4039 573 4077 cum
599 4037 810 4076 nomen
838 4021 886 4092 ej
897 4038 959 4075 us
985 4037 1100 4076 non
1126 4022 1393 4093 praeferat
1409 4026 1568 4077 vetus
1589 4022 1775 4078 Codex
1801 4023 1977 4078 sancti
2008 4023 2228 4080 Martini
2254 4025 2801 4096 Augustodunensis,
2820 4011 2891 4080 ex
2916 4042 3028 4097 quo
3055 4025 3192 4081 illud
3214 4026 3636 4099 descripsimus,
3659 4027 3807 4083 nihil

441 4114 595 4168 certo
625 4111 860 4167 deﬁnire
900 4127 1229 4182 possumus;
1277 4110 1632 4182 conjecturas
1666 4115 1892 4168 tantum
1929 4113 2152 4167 damus.
2201 4113 2364 4167 Initio
2407 4113 2529 4168 htec
2569 4114 2842 4186 leguntur
2871 4131 2885 4169 :
2917 4117 3214 4172 Germanus
3249 4119 3522 4188 episcopus
3561 4119 3808 4172 Parisius

439 4202 654 4271 scripsit
677 4200 744 4255 de
778 4202 963 4255 missa.
998 4199 1179 4271 Igitur
1204 4203 1304 4255 aut
1331 4201 1594 4256 Germani
1630 4201 1810 4256 fetum
1851 4202 1944 4258 hic
1973 4217 2090 4256 esse
2122 4201 2534 4272 existimamus,
2562 4207 2660 4258 aut
2683 4203 3004 4274 prolixioris
3031 4207 3153 4278 ejus
3177 4206 3362 4278 operis
3389 4206 3700 4277 epitomen,
3733 4207 3806 4260 ab

441 4292 632 4364 aliquo
661 4289 782 4360 ejus
807 4289 1083 4360 discipulo
1109 4290 1486 4363 conscriptam
1516 4294 1574 4345 et
1600 4290 1746 4346 forte
1774 4294 1834 4346 in
1861 4291 2126 4346 jEduensi
2151 4291 2326 4345 sancti
2353 4291 2748 4364 Symphoriani
2783 4294 3055 4366 coenobio,
3083 4295 3183 4351 ubi
3207 4295 3301 4351 ille
3329 4295 3504 4350 vitam
3530 4295 3805 4351 monasti-

443 4397 568 4436 cam
595 4378 984 4452 profitebatur,
1012 4378 1347 4451 priusquam
1378 4379 1448 4435 ad
1474 4379 1678 4435 infulas
1707 4380 1955 4436 ecclesia:
1983 4379 2308 4436 Parisiensis
2334 4381 2690 4438 eveheretur.

516 4479 592 4533 De
619 4482 874 4549 tempore
916 4495 1029 4550 quo
1067 4479 1277 4551 scripta
1313 4479 1486 4536 fuerit
1527 4495 1768 4552 sequens
1799 4480 1986 4534 missas
2027 4479 2324 4535 Gallicanae
2366 4481 2671 4552 Expositio,
2704 4483 2816 4539 duo
2857 4484 2997 4539 mihi
3042 4489 3194 4540 certo
3229 4489 3486 4540 constare
3519 4483 3808 4552 videntur,

443 4566 695 4638 primum
721 4571 846 4636 post
869 4572 1222 4639 assumptum
1251 4569 1322 4624 ad
1341 4569 1533 4624 sedem
1554 4569 1926 4626 Parisiensem
1953 4570 2329 4639 Germanum;
2355 4569 2600 4624 alterum
2619 4573 2751 4627 ante
2780 4573 3110 4646 abrogatam
3139 4575 3198 4630 in
3227 4574 3521 4630 Gallicanis
3545 4573 3810 4628 Ecclesiis

443 4654 736 4724 antiquam
762 4658 992 4725 patrum
1026 4660 1351 4712 nostrorum
1381 4659 1714 4730 Liturgiam,
1747 4677 1875 4732 quas
1902 4659 2093 4714 statim
2123 4661 2251 4730 post
2276 4657 2570 4714 inductam
2607 4661 2730 4732 ejus
2758 4662 2881 4717 loco
2910 4663 3141 4718 missam
3168 4667 3484 4720 Romanam
3508 4679 3623 4718 non
3651 4678 3810 4716 com-

444 4741 636 4814 paruit
659 4741 926 4813 scriptam
955 4742 1126 4799 fuisse
1157 4761 1170 4798 :
1199 4745 1257 4800 id
1289 4750 1482 4802 autem
1523 4748 1735 4804 factum
1760 4767 1794 4803 a
1817 4749 2013 4805 Carolo
2053 4749 2272 4820 Magno,
2302 4749 2566 4804 hortante
2601 4751 2846 4806 Adriano
2870 4770 3036 4824 papa,
3064 4755 3235 4825 vulgo
3261 4754 3463 4809 docent
3487 4752 3584 4824 qui
3619 4751 3688 4806 de
3715 4752 3809 4806 his

445 4832 614 4886 rebus
637 4830 950 4885 accuratius
978 4833 1342 4904 scripserunt,
1377 4835 1482 4889 hoc
1511 4841 1596 4890 est
1631 4839 1734 4891 sub
1772 4839 1945 4894 ﬁnem
1973 4837 2164 4894 saeculi
2193 4853 2309 4892 Vill.
2337 4839 2546 4892 Verum
2576 4843 2639 4894 ut
2665 4840 2735 4895 ad
2775 4841 3038 4897 Germani
3075 4843 3321 4915 episcopi
3358 4847 3618 4914 tempora
3654 4841 3806 4897 hanc

444 4920 807 4991 scriptionem
836 4919 1100 4991 referam,
1131 4921 1270 4977 illud
1297 4923 1451 4992 facit,
1485 4925 1637 4996 quod
1683 4931 1814 4997 post
1837 4929 2006 4984 lectas
2047 4931 2372 4983 sanctorum
2413 4929 2644 4984 Patrum
2683 4929 2966 5002 homilias,
2995 4931 3240 4988 declarat
3276 4949 3474 5005 preces
3496 4949 3529 4985 a
3563 4929 3806 4986 diacono

444 5025 615 5080 super
641 5008 1076 5064 catechumenos
1100 5011 1273 5065 factas
1297 5015 1426 5066 ante
1453 5028 1650 5068 eorum
1679 5018 1734 5069 et
1762 5015 2074 5072 infidelium
2096 5017 2164 5072 de
2185 5016 2414 5072 ecclesia
2436 5017 2790 5090 ejectionem,
2813 5020 2910 5092 qui
2942 5020 3083 5075 ritus
3108 5021 3201 5076 vix
3237 5020 3499 5078 Germani
3540 5025 3806 5092 tempora

444 5096 654 5168 attigit.
681 5098 1033 5169 Quapropter
1057 5100 1252 5154 saltem
1280 5101 1468 5156 medio
1493 5103 1697 5158 saeculo
1726 5120 1777 5157 vx
1804 5121 1944 5176 opus
1968 5121 2209 5178 sequens
2235 5105 2507 5176 scriptum
2535 5106 2704 5162 fuisse
2734 5107 3145 5180 existimamus,
3177 5112 3337 5183 cujus
3368 5110 3456 5166 vel
3481 5110 3805 5166 inconditus

445 5185 724 5284 scribendi
755 5187 958 5242 modus
987 5191 1042 5244 et
1088 5189 1342 5248 barbarae
1386 5207 1548 5247 voces
1584 5193 1978 5264 antiquitatem
2017 5195 2434 5265 demonstrant;
2467 5196 2616 5252 unde
2645 5201 2700 5254 et
2727 5197 2927 5270 religio
2961 5199 3124 5255 nobis
3149 5201 3257 5256 fuit
3289 5200 3601 5273 quidquam
3633 5201 3690 5255 in
3721 5201 3804 5256 eis

446 5289 748 5347 corrigere.
