4044 6196
221 338 3572 372 “mm

954 487 1996 641 EXPOSITIO
2125 493 2828 645 BREVIS

316 729 1205 883 ANTIQUE
1313 699 2237 856 LITUBGIE
2342 735 3464 863 GALLIGANE

1028 933 1143 1014 IN
1223 933 1512 1018 DUAS
1592 937 2178 1019 EPISTOLAS
2257 937 2747 1042 DIGESTA.

1456 1096 2356 1136 ψ

1274 1219 1949 1326 EPISTULA
2031 1220 2514 1339 PRIMA,

269 1391 578 1446 QUOMODO
623 1394 928 1442 SOLEMNIS
969 1395 1136 1444 0RDO
1178 1398 1481 1444 ECCLESLE
1523 1392 1777 1454 AGITUR,
1826 1397 2130 1452 QUIBUSVE
2174 1394 2718 1443 INSTRUCTIONIBUS
2758 1396 2960 1442 CANON
3003 1396 3501 1445 ECCLESIASTICUS

1699 1478 2086 1524 DECORATUR.

269 1672 592 1730 Germanus
616 1675 911 1750 episcopus
953 1678 1194 1733 Parisius
1234 1679 1456 1751 scripsit
1497 1678 1566 1734 de
1616 1677 1785 1732 missa
1817 1695 1832 1733 :
1859 1690 1916 1762 Α
1935 1675 2143 1731 Christi
2171 1675 2418 1731 Hebraeis
2443 1677 2642 1732 litteris
2667 1676 2860 1733 edidit.
2887 1677 3114 1733 Servate
3132 1693 3270 1750 ergo
3295 1677 3571 1736 honorem

204 1794 269 1804 —
281 1764 480 1821 Prima
507 1766 682 1839 igitur
697 1786 761 1824 ac
780 1787 1001 1826 summa
1017 1772 1274 1828 omnium
1286 1773 1646 1828 carismatum
1665 1773 1836 1828 missa

205 1862 459 1929 canetur,
514 1860 571 1916 in
610 1863 1146 1921 commemoratione
1187 1866 1384 1922 mortis
1419 1867 1661 1934 Domini,
1703 1865 1838 1938 quia

204 1968 354 2007 mors
375 1953 592 2028 Christi
618 1945 762 2011 facta
790 1963 875 2013 est
898 1958 1010 2013 vita
1043 1959 1264 2030 mundi,
1294 1965 1360 2015 ut
1385 1959 1672 2016 offerendo
1700 1976 1836 2032 pro-

207 2043 382 2102 ﬁcerit
411 2047 471 2102 in
499 2049 680 2106 salute
700 2051 1010 2107 viventium
1048 2057 1104 2107 et
1127 2053 1386 2125 requiem
1421 2053 1834 2109 defunctorum.

731 2149 817 2203 DE
868 2150 1152 2205 PRELEG
1160 2152 1313 2206 ERE.

271 2234 600 2306 Antiphona
636 2237 709 2291 ad
745 2238 1107 2310 praelegendo
1132 2243 1384 2309 canetur,
1435 2239 1494 2294 in
1527 2241 1710 2312 specie
1734 2259 1834 2313 pa-

207 2328 581 2384 triarcharum
623 2330 850 2386 illorum
897 2332 994 2403 qui
1031 2337 1158 2388 ante
1207 2333 1503 2404 diluvium,
1534 2334 1840 2391 adventum

208 2419 409 2476 Christi
440 2421 693 2494 mysticis
717 2424 946 2480 vocibus
975 2430 1300 2497 tonuerunt,
1347 2427 1491 2509 sicut
1528 2428 1676 2482 Enoc
1717 2445 1839 2500 sep-

207 2513 374 2568 timus
398 2515 470 2568 ab
501 2516 698 2584 Adam,
728 2517 826 2588 qui
852 2519 1151 2574 translatus
1192 2524 1277 2575 est
1311 2536 1343 2573 a
1381 2521 1514 2588 Deo,
1541 2521 1840 2592 propheta-

209 2607 282 2661 vit
307 2608 504 2664 dicens
534 2626 549 2664 :
581 2612 712 2664 Ecce
738 2613 886 2666 venit
909 2615 1167 2667 Dominus
1190 2615 1243 2667 in
1266 2615 1468 2668 sanctis
1493 2615 1837 2670 mirabilibus

209 2705 317 2755 suis
338 2705 522 2769 facere
536 2703 814 2771 judicium
841 2704 1034 2774 (Iudae,
1067 2707 1171 2776 14),
1203 2710 1259 2760 et
1286 2706 1523 2777 reliqua.
1543 2707 1700 2771 Quod
1731 2712 1840 2762 tes-

210 2793 508 2850 timonium
533 2796 704 2851 Judas
733 2797 1017 2868 apostolus
1044 2798 1219 2853 frater
1240 2799 1463 2869 lacobo,
1509 2799 1569 2857 in
1595 2795 1860 2871 Epistola‘

211 2905 304 2941 sua
331 2895 760 2945 commemorat.
787 2891 942 2946 Sicut
988 2892 1140 2947 enim
1174 2893 1644 2965 prophetantibus
1687 2894 1842 2950 venit

211 2997 406 3036 manus
435 2982 659 3037 Domini
705 2999 1124 3055 supervarcam,
1158 2989 1218 3040 ut
1257 2985 1315 3041 in
1369 2986 1646 3041 damnatis
1683 2987 1843 3044 daret

1935 1769 2168 1841 linguaz,
2197 1786 2326 1841 qum
2346 1769 2529 1842 prima
2555 1771 2924 1843 Evangelium
2945 1770 3151 1826 Christi
3178 1771 3265 1826 vel
3285 1787 3385 1826 suo
3415 1771 3572 1826 senio

1937 1863 2154 1935 recipit,
2183 1863 2270 1918 vel
2296 1863 2410 1919 suis
2429 1863 2630 1920 litteris
2651 1865 2842 1920 docuit
2867 1863 3120 1936 primum
3150 1865 3455 1920 canticum.
3487 1866 3573 1920 ln-

1937 1956 2176 2029 cipiente
2217 1957 2458 2029 praesule
2497 1957 2750 2013 Ecclesia:
2789 1957 2962 2012 Aiusc
2999 1957 3201 2029 psallet
3237 1957 3428 2013 dicens
3463 1959 3569 2012 La-

1936 2051 2056 2106 tino
2083 2067 2214 2105 cum
2238 2051 2450 2120 Graeco,
2472 2055 2538 2106 ut
2563 2051 2820 2106 ostendat
2837 2051 3102 2122 junctum
3147 2052 3569 2106 Testamentum

1936 2145 2105 2199 Vetus
2142 2150 2199 2200 et
2223 2145 2462 2200 Novum.
2491 2145 2714 2200 Dictum
2742 2146 2911 2201 Amen
2938 2161 3008 2200 ex
3038 2144 3272 2200 Hebraeo
3303 2143 3479 2199 instar
3504 2144 3574 2199 ti-

1937 2237 2042 2292 tuli
2078 2238 2230 2310 quod
2255 2238 2315 2293 in
2343 2238 2591 2294 trinitate
2619 2239 2946 2310 linguarum
2980 2237 3285 2310 instigante
3307 2239 3420 2293 Deo
3432 2237 3573 2292 Pila-

1937 2335 2028 2386 tus
2051 2331 2241 2404 posuit
2270 2347 2441 2402 super
2475 2347 2702 2386 crucem
2727 2331 3000 2386 confitens
3039 2331 3296 2404 quamvis
3338 2330 3572 2403 ignarus

1936 2427 2085 2480 Jesus
2123 2428 2458 2488 Nazarenus,
2509 2425 2566 2479 id
2608 2429 2692 2480 est
2739 2426 3004 2480 Sanctum
3053 2429 3110 2480 et
3153 2427 3388 2497 Regem.
3439 2425 3573 2479 Tres
3646 2440 3654 2446 '

1939 2521 2130 2572 autem
2157 2517 2369 2590 parvoli
2400 2517 2500 2590 qui
2531 2534 2628 2574 ore
2651 2535 2768 2573 uno
2794 2522 3093 2590 sequentes
3134 2519 3335 2588 Khyrz'e
3360 2518 3574 2574 Eleison

1939 2610 2171 2665 Hebrma
2195 2610 2403 2665 scilicet
2427 2612 2618 2666 Graeca
2658 2616 2714 2666 et
2752 2611 2964 2681 Latina,
3008 2611 3096 2666 vel
3133 2611 3311 2666 trium
3347 2613 3570 2682 tempo-

1941 2719 2066 2756 rum
2090 2703 2304 2772 saeculi,
2328 2707 2456 2758 ante
2470 2705 2659 2778 legem
2676 2705 2887 2760 scilicet
2903 2705 3006 2759 sub
3026 2705 3152 2781 lege
3170 2709 3226 2760 et
3248 2704 3352 2759 sub
3371 2703 3570 2776 gratia.
3623 2771 3632 2780 ι

2493 2801 2580 2855 DE
2617 2801 3020 2856 PROPHETIA.

2010 2888 2342 2945 Canticumd
2385 2894 2574 2944 autem
2603 2889 2884 2944 Zachariae
2906 2889 3187 2960 pontiﬁcis
3206 2889 3266 2944 in
3297 2889 3572 2944 honorem

1942 2983 2118 3037 sancti
2144 2982 2413 3037 Johannis
2440 2983 2703 3054 Baptistae
2731 2987 3008 3050 cantatur,
3036 2999 3140 3054 pro
3175 2999 3242 3037 eo
3270 2983 3422 3054 quod
3451 2983 3572 3054 pri-

209 3075 468 3146 reliquias
520 3080 687 3131 terra:
703 3095 720 3147 ;
765 3077 841 3132 ita
897 3077 1264 3149 psallentibus
1317 3079 1534 3134 clericis
1588 3081 1843 3152 procedit
1862 3055 1918 3126 Β
1941 3076 2227 3132 mordium
2273 3075 2466 3131 salutis
2509 3076 2566 3130 in
2607 3062 2870 3148 baptismi
2911 3079 3261 3132 sacramenta
3299 3075 3572 3144 consistit,

210 3168 461 3222 sacerdos
499 3168 559 3224 in
604 3170 791 3242 specie
827 3171 1034 3226 Christi
1069 3172 1138 3226 de
1175 3172 1418 3227 sacrario
1456 3177 1726 3246 tanquam
1769 3174 1840 3230 de

210 3261 341 3316 c0310
377 3263 437 3318 in
475 3278 604 3316 arca
641 3263 878 3333 Domini,
927 3281 1049 3336 quae
1089 3269 1174 3320 est
1201 3265 1438 3332 Ecclesia
1477 3270 1540 3321 ut
1585 3271 1702 3322 tam
1725 3284 1843 3324 mo-

210 3355 458 3410 nendum
483 3363 506 3391 ⁶
533 3373 706 3428 quam
733 3358 1150 3414 exhortandum
1175 3359 1390 3414 nutriat
1414 3359 1474 3414 in
1502 3360 1666 3432 plebe
1690 3361 1840 3418 bona

190 3464 392 3536 (opera,
421 3453 481 3505 et
503 3449 800 3523 extinguat
828 3452 995 3508 mala.

799 3550 886 3605 DE
923 3550 1249 3606 SILENTIO.

276 3635 574 3692 Silentium
609 3641 798 3692 autem
843 3637 1108 3694 diaconus
1151 3657 1255 3712 pro
1293 3640 1512 3695 duobus
1548 3643 1718 3697 rebus
1745 3660 1842 3699 an-

213 3729 457 3799 nunciat,
511 3730 720 3786 scilicet
768 3737 834 3787 ut
872 3737 1062 3788 tacens
1123 3734 1366 3806 populus
1411 3733 1616 3790 melius
1649 3737 1842 3793 audiat

210 3823 442 3878 verbum
473 3824 590 3894 Dei,
619 3828 675 3879 et
701 3823 862 3880 sileat
897 3842 993 3880 cor
1034 3829 1294 3881 nostrum
1331 3827 1401 3882 ab
1441 3827 1595 3882 omni
1637 3829 1842 3902 cogita-

213 3916 358 3971 tione
375 3916 621 3986 sordida,
653 3935 765 3990 quo
794 3918 998 3974 melius
1025 3919 1332 3992 recipiatur
1357 3921 1595 3976 verbum
1621 3922 1738 3978 Dei.

276 4011 540 4066 Sacerdos
568 4011 694 4066 ideo
719 4013 887 4066 datur
910 4013 1142 4085 populo,
1168 4018 1230 4068 ut
1256 4014 1395 4068 dum
1421 4014 1518 4070 ille
1555 4015 1840 4072 benedicit

210 4102 368 4173 plebe
398 4103 591 4159 dicens
625 4121 638 4159 :
670 4108 926 4162 Dominus
953 4109 1025 4162 sit
1050 4123 1257 4178 semper
1289 4109 1578 4186 vobiscum,
1605 4109 1676 4164 ab
1715 4127 1838 4166 om-

210 4196 370 4251 nibus
396 4197 764 4254 benedicatur
809 4199 1122 4255 dicentibus
1154 4216 1168 4254 :
1198 4203 1268 4256 Et
1323 4217 1443 4256 cum
1481 4205 1681 4274 spiritu
1707 4208 1795 4258 tuo
1822 4222 1838 4258 :

209 4294 268 4344 ut
300 4294 463 4344 tanto
503 4291 684 4362 magis
719 4291 815 4348 ille
866 4292 1074 4365 dignus
1113 4293 1185 4348 sit
1225 4295 1438 4366 populo
1485 4295 1840 4364 benedicere,

207 4387 508 4454 quantum,
549 4384 766 4442 favente
797 4387 927 4454 Deo,
956 4387 1025 4442 de
1063 4403 1160 4442 ore
1195 4387 1368 4442 totius
1409 4388 1605 4462 populi
1644 4389 1844 4462 recipit

211 4475 680 4534 benedictionem.

843 4573 930 4628 DE
979 4574 1131 4630 AIUS
1161 4573 1209 4630 δ.

272 4666 412 4720 Aius
459 4680 593 4720 vero
638 4670 768 4722 ante
818 4667 1114 4738 prophetia
1168 4684 1272 4740 pro
1325 4669 1431 4724 hoc
1474 4672 1730 4724 cantatur
1785 4670 1843 4725 in

208 4759 400 4814 Graeca
427 4759 642 4830 lingua,
688 4760 822 4832 quia
861 4761 1184 4832 praedicatio
1217 4762 1352 4816 Novi
1403 4763 1741 4818 Testamenti
1784 4764 1843 4819 in

208 4853 424 4907 mundo
473 4869 578 4924 per
622 4854 814 4909 Graeca
865 4854 1062 4925 lingua
1104 4855 1392 4926 processit,
1442 4860 1674 4926 excepto
1729 4857 1840 4912 Ma-

203 4945 334 5001 theo
388 4947 662 5018 apostolo,
717 4947 816 5020 qui
858 4947 1079 5019 primus
1142 4948 1199 5003 in
1251 4947 1426 5004 Judea
1475 4949 1842 5022 Evangelium

268 5119 294 5147 ⁸
321 5115 382 5170 Id
413 5118 497 5169 est
521 5115 805 5170 monendo
830 5119 884 5170 et
915 5115 1289 5171 exhortando.

264 5183 292 5258 ιζ
320 5185 461 5240 Aius
487 5202 592 5258 pro
621 5185 789 5258 Agios
818 5186 910 5258 hic
938 5187 1072 5258 poni
1099 5203 1270 5258 nemo
1306 5204 1420 5242 non
1467 5187 1637 5255 videt,
1666 5187 1837 5242 intel-

200 5255 510 5330 ligiturque
539 5257 608 5312 de
637 5255 875 5330 trisagio
905 5255 1002 5311 seu
1041 5257 1196 5312 brevi
1223 5259 1475 5330 oratione
1499 5276 1671 5330 quam
1711 5259 1841 5330 cho-

203 5342 292 5381 rus
307 5327 446 5399 post
468 5327 925 5384 benedictionem
950 5333 1080 5382 ante
1105 5329 1465 5399 prophetiam
1483 5327 1656 5385 decan
1665 5329 1836 5398 tabat,

203 5344 292 5381 rus
353 5344 446 5381 ost
468 5344 925 5384 benedictionem
950 5344 1080 5382 ante
1105 5346 1208 5399 pro
1252 5344 1465 5384 uetiam
1483 5344 1836 5398 decantanat,

202 5344 428 5468 qualem
455 5399 604 5453 forte
627 5400 872 5470 legimus
901 5399 959 5453 in
995 5399 1165 5454 missa
1203 5347 1556 5456 ﬁozarabum
1601 5401 1658 5456 in
1688 5401 1839 5455 hunc

203 5469 456 5536 modum,
485 5471 672 5538 Agios,
700 5472 885 5540 Agios,
911 5471 1098 5540 Agios,
1126 5473 1346 5526 Domine
1373 5475 1510 5526 Deus
1540 5487 1638 5528 rem
1680 5477 1836 5526 mter-

203 5545 278 5600 ιιέ,
311 5541 418 5594 tibi
443 5541 634 5597 laudes
676 5545 726 5595 et
759 5542 989 5610 gratias.
1027 5543 1138 5596 Aut
1177 5541 1423 5596 similem
1471 5541 1551 5597 illi
1579 5559 1753 5610 quam
1779 5542 1839 5597 in

203 5611 499 5666 Parasceve
528 5611 775 5668 concinit
802 5611 1040 5666 Ecclesia
1069 5613 1234 5681 Agios
1272 5629 1302 5667 ο
1348 5614 1529 5676 Theos,

205 5682 409 5750 ξλεμ-οε,
439 5683 609 5752 Am'os
636 5683 941 5738 Athanatos
961 5683 1155 5738 eleison
1184 5685 1342 5738 imas.
1619 5682 1632 5685 ⁷

209 5821 238 5831 __
266 5763 288 5791 ε
321 5753 403 5831 Ita
430 5769 609 5831 sacro
631 5753 1086 5831 Parasceves__die
1132 5753 1394 5831 Ecclesia_
1418 5753 1605 5831 Graece
1649 5757 1706 5831 et
1731 5755 1834 5831 La-

207 5823 316 5880 tine
359 5823 619 5883 decantat
655 5825 822 5897 Δρίος
857 5841 886 5881 ο
934 5825 1115 5889 Theos,
1158 5826 1325 5897 Agios
1363 5824 1622 5894 Ischyros,
1671 5828 1837 5898 Agios

1613 5617 1730 5685 gios
1757 5617 1837 5670 ls-

1941 3170 2092 3243 quod
2122 3169 2180 3225 in
2208 3169 2590 3225 ministerium
2613 3170 2884 3225 Johannis
2928 3171 3041 3224 Deo
3069 3170 3314 3226 donante
3344 3169 3580 3242 suscipit

1941 3269 1998 3320 et
2022 3263 2311 3319 deficiente
2353 3263 2549 3318 umbra
2594 3263 2818 3330 veteris,
2862 3268 2919 3319 et
2957 3263 3174 3318 oriente
3218 3280 3362 3318 nova
3402 3265 3577 3319 Evan-

1942 3357 2073 3429 gelii
2097 3357 2346 3412 claritate
2383 3357 2664 3412 Johannes
2683 3357 2906 3411 medius
2922 3359 3006 3412 est
3030 3357 3440 3428 prophetarum
3467 3373 3572 3411 no-

1941 3450 2201 3505 vissimus
2229 3454 2285 3506 et
2309 3449 2780 3522 evangelistamm
2809 3449 3029 3521 primus
3051 3453 3182 3504 ante
3199 3449 3398 3504 faciem
3426 3465 3574 3504 verte

1942 3545 2104 3600 Lucis
2140 3543 2366 3600 radians
2404 3543 2635 3598 lucerna
2673 3542 2830 3597 fulsit
2859 3559 2873 3597 :
2903 3543 3029 3597 ideo
3065 3541 3363 3613 prophetia
3401 3558 3574 3614 quam

1939 3640 2101 3709 pater
2129 3637 2250 3708 ejus
2275 3637 2396 3709 ipso
2421 3638 2683 3691 nascente
2709 3634 2930 3706 cecinit,
2957 3634 3189 3692 alternis
3211 3635 3441 3690 vocibus
3477 3650 3568 3689 ec-

1940 3730 2106 3786 clesia
2125 3730 2346 3803 psallet.

2245 3829 2333 3884 DE
2369 3828 2731 3884 PROPHETA
2771 3829 2854 3882 ET
2890 3825 3266 3883 APOSTOLO.

2012 3918 2196 3973 Lectio
2225 3934 2356 3972 vero
2385 3916 2716 3990 prophetica
2741 3933 2909 3971 suum
2935 3919 3091 3971 tenet
3119 3915 3398 3984 ordinem,
3429 3919 3576 3970 vete-

1941 4011 2020 4066 ris
2037 4011 2298 4066 videlicet
2324 4010 2644 4067 testamenti
2665 4009 2975 4082 corripiens
2990 4009 3138 4064 mala
3161 4011 3218 4063 et
3228 4008 3578 4064 adnuncians

1941 4105 2150 4172 futura,
2178 4108 2244 4159 ut
2261 4103 2648 4177 intelligamus
2675 4103 2863 4176 ipsum
2889 4103 3066 4158 Deum
3088 4117 3226 4171 esse,
3242 4101 3342 4174 qui
3365 4101 3426 4156 in
3451 4119 3576 4171 pro-

1942 4197 2134 4270 phetia
2159 4198 2364 4268 tonuit,
2392 4214 2564 4269 quam
2589 4197 2690 4269 qui
2716 4201 2772 4252 et
2807 4195 2865 4252 in
2896 4195 3160 4268 Apostolo
3187 4194 3395 4264 docuit,
3429 4199 3484 4250 et
3514 4194 3573 4248 in

1942 4291 2276 4364 Evangelico
2305 4291 2602 4364 splendore
2626 4289 2866 4346 refulsit.

2502 4390 2592 4444 DE
2629 4386 3008 4443 APOSTOLO.

1865 4475 1919 4548 C
2013 4477 2170 4542 Quod
2199 4477 2350 4530 enim
2397 4475 2675 4548 propheta
2718 4475 2923 4529 clamat
2958 4473 3238 4544 futurum,
3289 4471 3574 4544 apostolus

1943 4571 2106 4626 docet
2127 4569 2360 4624 factum.
2390 4571 2558 4624 Actus
2597 4572 2790 4623 autem
2829 4567 3209 4638 apostolorum
3249 4566 3333 4622 vel
3359 4567 3573 4636 Apoca-

1941 4663 2114 4737 lypsis
2137 4661 2406 4718 Johannis
2428 4679 2534 4734 pro
2559 4661 2805 4717 novitate
2833 4660 3024 4732 gaudii
3061 4659 3341 4716 Paschalis
3367 4659 3572 4732 legun-

1945 4762 2055 4826 tur,
2085 4759 2368 4811 servantes
2393 4755 2652 4810 ordinem
2687 4759 3006 4826 temporum
3034 4755 3178 4810 sicut
3211 4753 3446 4809 historia
3477 4754 3576 4807 Te-

1943 4849 2208 4905 stamenti
2235 4849 2451 4904 Veteris
2489 4850 2547 4904 in
2591 4847 3090 4920 Quinquagesimo,
3126 4849 3214 4903 vel
3253 4851 3407 4919 gesta
3443 4863 3572 4900 san-

1943 4947 2202 4998 ctorum°
2263 4943 2646 4998 confessorum
2673 4959 2737 4996 ac
2767 4945 3082 5014 martyrum
3117 4941 3174 4995 in
3200 4929 3572 4996 solemnitati-

1941 5113 2244 5169 Atha-natos
2269 5113 2477 5182 eleyson
2508 5113 2666 5166 imas.
2687 5112 2916 5182 Sanctus
2945 5113 3100 5171 Deus,
3126 5109 3354 5165 Sanctus
3389 5109 3572 5175 fortis,

1939 5189 2165 5243 Sanctus
2191 5181 2514 5238 immortalis
2535 5185 2785 5243 miserere
2802 5181 2972 5236 nobis.

2009 5253 2034 5295 ἀ
2063 5254 2352 5310 Canticum
2381 5254 2520 5309 illud
2571 5253 2585 5306 i
2632 5267 2757 5306 sum
2807 5255 2890 5306 est
2935 5250 3083 5323 quod
3129 5250 3374 5306 refertur
3407 5250 3572 5306 Lucae

2009 5328 2121 5378 nite
2172 5343 2212 5378 1.
2265 5325 2529 5378 auoduue
2580 5271 2824 5378 Ecclesia
2874 5321 3127 5378 quotidie
3175 5321 3235 5375 in
3282 5321 3572 5376 matutinis

1939 5328 2121 5400 capite
2172 5343 2212 5394 1,
2261 5325 2529 5450 guodque
2580 5322 2824 5378 Ecclesia
2874 5322 3127 5404 quotidie
3175 5322 3235 5375 in
3282 5322 3574 5405 matutinis

1940 5397 2222 5454 Laudibus
2283 5399 2618 5467 requentare
2656 5393 2817 5462 solet,
2863 5394 3076 5448 scilicet
3109 5393 3418 5448 Benedictus
3465 5395 3572 5448 Do-

1937 5473 2115 5528 minus
2140 5471 2276 5523 Deus
2301 5467 2490 5529 Israel,
2519 5468 2626 5519 etc.

2009 5549 2030 5578 °
2058 5543 2194 5613 Acta
2227 5539 2912 5613 sanctorum__martyrum
2950 5537 3020 5613 et
3075 5534 3460 5613 confessorum
3514 5533 3576 5613 in

1939 5609 2203 5682 Liturgia
2214 5608 2496 5682 Gallicana
2519 5606 2666 5682 olim
2679 5604 2924 5682 recitata
2943 5604 3118 5682 fuisse
3163 5604 3570 5682 demonstravi-

1939 5698 2064 5736 mus
2090 5674 2149 5734 ὶῖι
2169 5679 2268 5734 lib.
2298 5695 2317 5733 ι
2343 5679 2412 5734 de
2437 5677 2700 5748 Antiquis
2721 5676 2980 5733 Ecclesiae
3007 5675 3357 5748 ritibuscap.
3387 5674 3441 5748 4,
3462 5677 3572 5728 art.

1938 5753 1991 5823 4,
2023 5767 2197 5825 quem
2225 5749 2400 5806 ritum
2427 5743 2667 5804 Ecclesia
2696 5749 2950 5805 Romana
2975 5761 3089 5800 non
3119 5743 3443 5815 recipiebat.
