4044 6196
467 326 525 389 9i
651 361 658 365 ·
1471 339 1702 395 sucu
1739 337 2038 394 cunmm
2076 336 2482 394 PARlSlENSlS
2519 334 2814 392 EPISCOP!
2935 349 2940 354 -
3101 349 3106 353 -
3754 333 3824 387 με

463 439 569 497 bus
595 456 814 515 eorum,
844 446 906 502 ut
933 443 1172 520 populus
1206 445 1486 520 intellegit
1510 449 1802 520 .quantum
1841 446 2094 504 Christus
2116 457 2174 534 Α
2193 447 2310 506 sola
2334 444 2732 519 praedicatione
2762 446 3076 518 ponuntur,
3110 443 3176 498 ut
3215 436 3484 515 quicquid
3523 437 3821 513 propheta,

463 537 737 594 amaverit
761 537 1058 611 famulum,
1088 541 1226 596 dans
1251 539 1302 595 ei
1327 539 1550 596 virtutis
1590 540 1884 610 indicium,
1915 557 2087 616 quem

465 629 663 687 devota
699 631 974 706 plebicula
1001 650 1170 688 suum
1195 630 1786 707 postolat'patronum.

1058 749 1145 804 DE
1193 749 1497 810 HYMNUM.

537 858 818 930 Hymnum
836 861 1027 913 autem
1045 859 1217 915 trium
1231 877 1560 932 puerorum,
1582 862 1731 934 quod
1762 845 1884 934 post
1903 862 2092 918 lectio-

462 951 550 1006 nis
574 954 805 1006 canetur
831 951 889 1006 in
913 951 1097 1023 ﬁgura
1122 959 1444 1014 sanctorum
1472 959 1746 1026 veterum,
1766 956 1865 1028 qui
1887 956 2090 1012 seden-

462 1048 544 1098 tes
570 1043 628 1098 in
657 1045 902 1100 tenebris
933 1047 1240 1104 adventum
1269 1049 1491 1104 Domini
1521 1048 1910 1121 expectabant.
1939 1050 2094 1106 Sicut

463 1135 614 1190 enim
629 1136 739 1191 illis
765 1139 1058 1194 silentibus
1081 1147 1314 1213 quartus
1338 1144 1575 1215 angelus
1600 1143 1781 1198 adfuit
1800 1143 1860 1198 in
1879 1143 2092 1198 nubem

462 1229 626 1298 roris,
654 1229 900 1286 inferens
925 1233 1074 1304 ignis
1100 1235 1356 1291 incendia
1384 1236 1516 1292 vicit
1545 1253 1559 1290 :
1589 1236 1666 1290 ita
1702 1239 1759 1292 et
1785 1236 1904 1292 istis
1927 1237 2089 1292 Chri-

463 1325 548 1376 sto
573 1325 1026 1394 prmstolantibus
1051 1327 1170 1399 ipse
1196 1329 1293 1384 Dei
1325 1330 1492 1384 Filius
1516 1329 1710 1400 magni
1737 1330 1952 1384 consilii
1975 1333 2090 1384 An-

465 1416 626 1486 gelus
651 1417 848 1487 adfuit,
871 1419 964 1490 qui
991 1421 1217 1476 tartaria
1236 1424 1506 1493 frangens
1533 1421 1790 1494 imperia,
1823 1423 2094 1494 gaudium

462 1510 889 1565 resurrectionis
914 1511 1041 1567 illos
1059 1514 1300 1570 liberans
1327 1515 1537 1582 intulit,
1567 1516 1715 1588 quod
1745 1517 2096 1588 Evangelista

465 1601 644 1656 docet.
673 1603 993 1660 Secundum
1019 1607 1124 1661 hoc
1151 1608 1321 1663 etiam
1348 1609 1579 1664 ecclesia
1607 1615 1788 1664 servat
1813 1611 2091 1680 ordinem,

464 1698 531 1749 ut
554 1694 702 1750 inter
725 1697 1176 1755 benedictionem
1197 1705 1253 1756 et
1279 1702 1647 1773 Evangelium
1673 1702 1835 1758 lectio
1865 1703 2097 1759 interce-

467 1786 560 1842 dat
586 1788 692 1845 nisi
717 1792 938 1846 tantum
959 1793 1126 1847 modo
1155 1795 1596 1866 responsorium,
1619 1796 1773 1868 quod
1798 1813 1830 1851 a
1856 1796 2097 1868 parvolis

467 1883 718 1950 canetur,
751 1883 1306 1942 instarinnocentum
1333 1889 1428 1960 qui
1451 1889 1627 1960 pressi
1651 1890 1710 1944 in
1732 1890 2099 1961 Evangelium

467 1975 737 2029 consortis
778 1977 982 2032 Christi
1019 1979 1368 2035 nativitatem
1424 1983 1713 2054 leguntur,
1770 1984 1855 2038 vel
1900 2000 2099 2038 eorum

465 2069 824 2138 parvolorum
869 2071 966 2142 qui
1009 2077 1347 2144 properante
1383 2076 1454 2130 ad
1493 2076 1812 2147 passionem
1852 2078 2096 2146 Domini,

466 2159 784 2217 clamabant
807 2162 867 2218 in
895 2166 1175 2236 templum
1203 2169 1418 2224 Osanna
1446 2170 1554 2224 Fili
1580 2171 1778 2240 David,
1810 2170 2101 2224 Psalmista

467 2258 701 2310 canente
727 2272 794 2310 ea:
815 2273 904 2313 ore
928 2260 1228 2326 infantium
1257 2265 1308 2316 et
1335 2262 1646 2324 laetantium
1665 2265 1950 2334 perfecisli
1975 2265 2097 2318 lau-

467 2347 587 2403 dem
617 2348 726 2418 (Ps.
759 2366 874 2420 vm,
912 2353 986 2422 3).

781 2467 868 2521 DE
905 2469 1059 2524 AIUS
1113 2471 1292 2524 ANTE
1333 2472 1787 2529 EVANGELIUM.

541 2572 692 2626 Tunc
704 2571 763 2626 in
785 2573 1026 2629 adventu
1045 2578 1220 2632 sancti
1235 2578 1525 2649 Evangelii
1545 2579 1696 2634 claro
1717 2580 2102 2636 modulamine

471 2663 655 2718 denuo
687 2667 884 2736 psallat
925 2668 1108 2724 clerus
1146 2671 1281 2726 Aius
1309 2671 1367 2726 in
1403 2673 1587 2744 specie
1611 2673 1944 2744 angelorum
1972 2678 2103 2730 ante

467 2753 667 2813 faciem
703 2760 909 2815 Christi
941 2763 1010 2817 ad
1043 2767 1234 2834 portas
1267 2765 1432 2820 inferi
1463 2766 1830 2821 clamantium
1865 2784 1878 2821 :
1916 2769 2106 2822 Tollite

462 2855 654 2920 portas
672 2855 946 2924 principes
967 2861 1193 2922 vestras,
1225 2863 1276 2913 et
1306 2861 1594 2915 elevamini
1614 2864 1788 2930 porta:
1807 2862 2103 2924 (eternales,

470 2947 520 2997 et
549 2945 794 3020 introibit
816 2949 1072 3004 Dominus
1095 2953 1360 3006 virtutum
1386 2969 1484 3007 reae
1509 2954 1694 3022 gloriae
1724 2953 1830 3020 (Ps.
1848 2969 2005 3024 xxm,
2029 2955 2103 3024 7).

1018 3065 1104 3118 DE
1155 3066 1558 3122 EVANGELIO.

543 3168 848 3238 Egreditur
863 3171 1140 3241 processio
1161 3171 1336 3226 sancti
1355 3172 1641 3245 Evangelii
1679 3175 1831 3230 velut
1857 3174 2104 3246 potentia

470 3259 677 3316 Christi
705 3263 1110 3335 triumphantis
1137 3264 1206 3320 de
1234 3269 1436 3336 morte,
1461 3284 1590 3322 cum
1619 3268 1902 3338 przedictis
1926 3285 2107 3323 armo-

471 3353 599 3424 niis,
627 3358 685 3410 et
724 3373 854 3411 cum
897 3361 1112 3429 septem
1153 3359 1498 3415 candelabris
1543 3361 1774 3416 luminis
1815 3378 1942 3434 quia
1978 3367 2111 3418 sunt

474 3451 690 3519 septem
714 3449 862 3505 dona
887 3451 1125 3523 Spiritus
1154 3453 1331 3508 sancti
1358 3454 1443 3509 vel
1475 3471 1525 3510 v.
1555 3455 1698 3527 legis
1738 3455 1956 3510 lumina
1981 3473 2106 3527 my-

475 3541 648 3597 sterio
677 3545 858 3600 crucis
875 3545 1113 3616 conﬁxa,
1135 3548 1440 3604 ascendens
1461 3549 1520 3603 in
1541 3548 1787 3604 tribunal
1802 3549 2046 3619 analogii
2061 3548 2106 3618 ⁸,

475 3637 627 3692 velut
653 3638 908 3694 Christus
933 3640 1126 3695 sedem
1153 3641 1318 3712 regni
1345 3645 1615 3712 paternae,
1650 3647 1712 3697 ut
1738 3643 1868 3698 inde
1907 3642 2112 3696 intonit

475 3729 621 3784 dona
643 3731 792 3801 vitae,
814 3732 1188 3788 clamantibus
1207 3735 1421 3790 clericis
1442 3737 1629 3792 Gloria
1650 3738 1768 3800 tibi,
1790 3739 2030 3800 Domine,
2051 3736 2110 3792 in

475 3821 656 3892 specie
675 3825 1007 3895 angelorum
1021 3827 1120 3898 qui
1132 3832 1395 3884 nascente
1415 3829 1654 3884 Domino
1670 3831 1854 3887 Gloria
1873 3833 1929 3884 in
1947 3830 2112 3884 excel-

475 3917 548 3970 sis
567 3918 670 3972 Deo
685 3915 828 3986 (Luc.
844 3919 994 3991 11,14)
1007 3921 1328 3991 pastoribus
1345 3921 1748 3994 apparentibus
1763 3922 2108 3978 cecinerunt.

725 4037 812 4092 DE
851 4037 1146 4096 SANCTUS
1195 4042 1361 4098 POST
1401 4043 1858 4098 EVANGELIUM.

548 4144 781 4216 Sanctus
823 4148 1015 4202 autem
1053 4147 1205 4219 quod
1248 4149 1523 4204 redeunte
1573 4154 1764 4204 sancto
1806 4149 2110 4221 Evangelio

477 4238 658 4293 clerus
707 4243 915 4310 cantat,
956 4239 1017 4295 in
1064 4240 1248 4312 specie
1310 4246 1652 4313 sanctorum,
1699 4243 1794 4315 qui
1839 4243 2112 4298 redeunte

477 4331 714 4388 Domino
739 4335 870 4389 Jesu
895 4333 1116 4390 Christo
1143 4335 1212 4390 de
1241 4335 1434 4392 inferis
1461 4336 1741 4391 canticum
1785 4336 1964 4392 laudis
1999 4337 2109 4391 Do-

478 4425 697 4481 minum
723 4428 1010 4499 sequentis
1038 4433 1423 4500 cantaverunt,
1455 4430 1543 4485 vel
1584 4429 1940 4502 septuaginta
1969 4445 2108 4501 qua~

477 4521 606 4572 tuor
630 4520 915 4576 seniorum
957 4539 1098 4594 quos
1137 4523 1198 4578 in
1233 4523 1606 4596 Apocalypsin
1650 4523 1931 4580 Johannes
1964 4539 2112 4578 com-

479 4615 775 4681 memorat,
813 4614 912 4685 qui
955 4616 1244 4672 mittentes
1283 4634 1514 4673 coronas
1553 4634 1680 4673 suas
1727 4622 1857 4674 ante
1883 4619 2109 4690 Agnum
2130 4585 2189 4656 D

479 4703 642 4760 dulce
665 4705 950 4762 canticum
975 4713 1362 4766 cantaverunt.

1072 4827 1159 4884 DE
1199 4829 1512 4888 OMELIAS.

549 4932 831 4990 Homelias
865 4935 1055 4989 autem
1102 4938 1424 4990 sanctorum
1462 4951 1592 5006 quae
1633 4936 1902 5008 leguntur
1926 4938 1954 4980 ι)
2007 4955 2111 5011 pro

553 5087 580 5116 ⁸
608 5087 946 5160 Analogium
967 5085 1351 5160 diciturlocus
1375 5087 1522 5160 altus
1542 5104 1711 5160 supra
1734 5089 1991 5158 chorum,
2015 5092 2111 5146 ubi

483 5161 633 5230 stant
656 5157 1015 5230 libriisanctze
1044 5157 1478 5230 praedicationis,
1506 5157 1694 5230 inquit
1717 5161 1911 5214 Petrus
1938 5157 2112 5216 Bche-

479 5227 632 5303 rius:
651 5228 742 5303 cui
769 5228 917 5303 favet
942 5227 1165 5303 sanctus
1189 5229 1429 5286 Isidorus
1453 5227 1552 5303 lib.
1575 5227 1641 5303 xv
1661 5230 1881 5300 Origin.
1907 5247 2029 5303 cap.
2054 5234 2106 5288 4.

481 5298 587 5373 Alii
606 5299 942 5373 analogiam
965 5299 1411 5370 interpretantur
1435 5301 1738 5373 pulpitum.

552 5369 579 5410 ι)
606 5369 747 5442 Hinc
779 5369 1008 5440 colliges
1039 5369 1291 5442 pastores
1329 5369 1460 5427 olim
1507 5369 1659 5426 intra
1701 5371 2002 5426 missarum
2029 5390 2112 5427 so-

481 5440 694 5514 lemnia
717 5440 1088 5514 non‘semper
1112 5459 1400 5514 perorasse
1441 5443 1511 5498 ad
1557 5444 1854 5514 populum,
1887 5444 1985 5498 sed
2015 5460 2110 5498 eos

521 5511 581 5565 ui
605 5509 1181 5568 impeditioris'erant
1217 5512 1429 5568 linguae
1478 5509 1577 5568 aut
1617 5509 1864 5568 infirmae
1891 5514 2108 5568 valetu-

521 5528 581 5565 ιιι
605 5528 687 5565 1m
729 5528 977 5565 cantoris
1021 5528 1181 5566 erant.
1218 5528 1296 5566 un
1341 5529 1429 5567 use
1478 5528 1576 5568 aut
1617 5528 1864 5568 murmse
1891 5528 2108 5568 valetu-

482 5528 654 5656 dinis,
679 5528 938 5656 Eqmilias
963 5531 1569 5656 sanctorum_El’atrum,
1597 5590 1696 5640 aut
1731 5601 1763 5638 a
1792 5601 2108 5656 sercompo-

483 5653 614 5724 sitas
639 5651 844 5724 legisse
883 5655 982 5724 aut
1017 5651 1088 5705 ab
1121 5652 1244 5706 aliis
1283 5653 1396 5724 legi
1436 5651 1684 5724 jussisse.
1717 5656 1798 5710 Ita
1839 5651 2112 5711 Caesarius

483 5721 823 5798 Arelatensis
861 5721 1114 5791 antistes,
1142 5739 1273 5777 cum
1313 5721 1548 5796 propter
1575 5726 1957 5798 valetudinem
1989 5728 2112 5798 jam

484 5793 799 5875 concionari
827 5809 930 5864 per
954 5809 1012 5849 se
1049 5809 1164 5848 non
1201 5793 1387 5875 posset
1403 5793 1440 5864 ;’
1473 5813 1507 5875 a
1542 5797 1919 5875 sacerdotibus
1941 5793 2112 5875 atque

487 5862 732 5918 diaconis
774 5862 1063 5922 sermones
1091 5862 1372 5940 proprios,
1399 5862 1497 5922 aut
1525 5871 1844 5924 sanctorum
1882 5862 2114 5926 Ambro-

2119 1843 2173 1913 B

2189 540 2505 613 Apostolus,
2535 539 2624 596 vel
2655 537 3022 610 Evangelium
3047 535 3352 606 mandavit,
3381 534 3488 590 hoc
3515 533 3710 590 doctor
3733 533 3826 590 vel

2189 638 2380 707 pastor
2406 632 2660 688 Ecclesia:
2691 631 2959 704 apertiori
2998 626 3258 688 sermone
3295 628 3506 704 populo
3535 627 3826 700 praedicet,

2191 727 2266 784 ita
2290 731 2410 783 arte
2436 731 2780 798 temperans,
2811 731 2878 782 ut
2899 741 3001 782 nec
3023 724 3306 782 rusticitas
3334 723 3612 795 sapientes
3638 721 3826 777 oti‘en-

2191 821 2304 892 dat,
2332 837 2435 879 nec
2462 823 2654 877 onesta
2680 819 2986 895 loquacitas
3012 819 3247 877 obscura
3273 816 3496 877 rusticis
3526 816 3640 876 liat.

2725 988 2730 994 .
2815 939 2901 992 DE
2949 938 3186 992 PRECE.

2252 1046 2448 1101 Preces
2475 1061 2605 1100 vero
2621 1045 2858 1117 psallere
2883 1045 3075 1100 levitas
3094 1062 3197 1117 pro
3223 1043 3432 1116 populo
3443 1044 3513 1098 ab
3525 1043 3744 1117 origine
3764 1042 3834 1100 1i-

2191 1138 2307 1194 bris
2326 1139 2588 1210 Moysacis
2605 1139 2758 1193 ducit
2773 1139 3089 1208 exordium,
3114 1142 3176 1193 ut
3195 1138 3383 1193 audita
3401 1138 3664 1210 apostolis
3683 1155 3834 1210 prse-

2192 1232 2488 1302 dicatione,
2515 1233 2696 1288 levitas
2726 1250 2830 1305 pro
2856 1233 3066 1304 populo
3094 1233 3485 1303 deprecentur,
3504 1236 3563 1287 et
3578 1232 3834 1287 sacerdo-

2192 1329 2274 1381 tes
2292 1326 2554 1398 prostrati
2579 1331 2709 1381 ante
2735 1327 3038 1381 Dominum
3061 1343 3163 1397 pro
3188 1329 3414 1397 peccata
3441 1325 3638 1398 populi
3658 1325 3835 1380 inter-

2193 1419 2412 1488 cedant,
2429 1420 2650 1475 dicente
2669 1420 2904 1474 Domino
2919 1421 2989 1475 ad
3009 1422 3191 1474 Aaron
3211 1435 3224 1474 :
3251 1422 3329 1475 Tu
3347 1423 3397 1474 et
3410 1419 3516 1489 ﬁlii
3532 1421 3616 1473 tui
3629 1420 3715 1474 vel
3725 1435 3836 1474 om-

2193 1515 2276 1568 nis
2289 1513 2458 1568 tribus
2473 1515 2602 1570 Levi
2605 1514 2898 1584 portabitis
2913 1517 3135 1584 peccata
3147 1513 3343 1584 populi
3361 1515 3484 1575 mei,
3501 1511 3702 1584 utique
3715 1528 3834 1567 non

2193 1605 2486 1678 peenaliter
2513 1606 2878 1676 sustinendo;
2907 1607 3022 1661 suis
3049 1607 3148 1662 sed
3178 1605 3438 1678 precibus
3466 1605 3831 1661 sublevando.

2723 1718 2810 1772 DE
2861 1717 3293 1772 CATICUMINO.

2265 1815 2675 1870 Caticuminum
2719 1832 2856 1886 ergo
2909 1815 3176 1880 diaconus
3228 1815 3353 1870 ideo
3409 1815 3614 1870 clamat
3661 1815 3833 1886 juxta

2196 1909 2446 1963 anticum
2477 1908 2728 1963 ecclesiae
2756 1909 2952 1979 ritum,
2983 1911 3049 1963 ut
3080 1912 3195 1963 tam
3217 1907 3418 1979 Judaei,
3450 1925 3622 1980 quam
3642 1908 3835 1966 haere-

2199 2001 2312 2069 tici,
2340 2003 2426 2056 vel
2454 2003 2659 2073 pagani
2687 2002 2970 2069 instructi,
2999 2001 3098 2073 qui
3126 2001 3353 2073 grandis
3390 2002 3459 2056 ad
3487 2001 3838 2073 baptismum

2197 2094 2514 2164 veniebant,
2546 2099 2602 2150 et
2643 2099 2773 2150 ante
2801 2095 3146 2166 baptismum
3170 2095 3483 2166 probantur
3519 2097 3731 2149 starent
3773 2094 3838 2148 in

2199 2188 2448 2258 ecclesia,
2477 2192 2533 2242 et
2555 2189 2816 2243 audirent
2844 2188 3143 2243 consilium
3173 2188 3387 2242 Veteris
3415 2190 3471 2243 et
3492 2187 3627 2242 Novi
3651 2189 3840 2242 Testa-

2200 2282 2398 2351 menti,
2429 2285 2626 2354 postea
2677 2282 3046 2354 deprecarent
3085 2299 3187 2353 pro
3221 2281 3344 2336 illos
3391 2280 3594 2348 levitas,
3624 2280 3842 2336 diceret

2201 2375 2456 2430 sacerdos
2487 2375 2736 2446 collecta,
2783 2380 2910 2447 post
2947 2391 3110 2446 prece
3146 2375 3386 2444 exirent,
3435 2379 3627 2445 postea
3677 2372 3839 2443 foris,

2200 2468 2299 2540 qui
2325 2469 2485 2541 digni
2510 2485 2625 2524 non
2665 2474 2828 2524 erant
2873 2472 3039 2538 stare,
3069 2469 3206 2523 dum
3232 2468 3580 2523 inferebatur
3607 2466 3842 2537 oblatio,

2202 2564 2257 2616 et
2282 2561 2430 2616 foras
2453 2566 2584 2616 ante
2609 2563 2818 2616 ostium
2835 2563 3213 2617 abscultarent
3239 2561 3502 2634 prostrati
3530 2561 3600 2615 ad
3623 2566 3842 2615 terram

2203 2655 2486 2726 magnalia
2519 2672 2532 2710 :
2560 2673 2686 2728 quae
2713 2673 2846 2710 cura
2871 2657 2940 2711 ad
2981 2655 3282 2710 diaconum
3327 2655 3412 2709 vel
3436 2654 3506 2709 ad
3535 2653 3844 2708 ostiarium

2209 2749 2542 2818 pertinebat,
2573 2754 2634 2803 ut
2661 2749 2770 2803 illis
2806 2749 3136 2804 admoneret
3171 2748 3345 2817 exire,
3385 2748 3490 2802 iste
3518 2746 3846 2818 provideret

2209 2858 2280 2895 ne
2309 2842 2434 2913 quis
2459 2842 2727 2912 indignus
2753 2843 3138 2897 retardaretur
3161 2841 3221 2896 in
3247 2843 3459 2913 templo
3483 2839 3716 2896 dicendo
3741 2856 3845 2893 no—

2208 2935 2306 2989 lite
2335 2935 2466 2990 dare
2483 2936 2752 2990 Sanctum
2774 2937 3026 3005 canibus,
3047 2952 3230 3008 neque
3248 2935 3483 2990 mittatis
3503 2932 3843 3004 margaritas

2211 3034 2419 3084 vestras
2445 3032 2575 3083 ante
2602 3045 2818 3100 porcos.
2840 3029 2984 3094 Quid
3008 3029 3159 3084 enim
3183 3029 3242 3082 in
3265 3033 3417 3083 terra
3442 3026 3686 3082 sanctius
3711 3041 3847 3080 con-

2210 3122 2447 3178 fectione
2473 3123 2722 3193 corporis
2753 3126 2809 3177 et
2846 3122 3137 3194 sanguinis
3171 3121 3422 3178 Christi?
3462 3125 3518 3176 et
3551 3120 3687 3192 quid
3713 3119 3846 3190 plus

2125 3213 2179 3286 C
2206 3216 2566 3271 immundum
2593 3216 2744 3270 canis
2766 3221 2822 3271 et
2847 3217 3048 3288 porci?
3094 3214 3474 3271 Similitudine
3500 3228 3841 3286 comparan-

2207 3310 2343 3366 dum
2373 3326 2458 3379 eo,
2490 3310 2577 3363 vel
2601 3310 2696 3381 qui
2727 3326 2842 3364 non
2872 3314 2955 3364 est
2979 3312 3254 3382 purgatus
3281 3308 3580 3381 baptismo,
3611 3307 3698 3361 vel
3725 3321 3846 3360 non

2207 3403 2455 3457 monitus
2480 3403 2660 3457 crucis
2690 3403 3068 3474 signaculum.

2281 3495 2616 3566 Spiritaliter
2635 3496 2910 3567 jubemur
2943 3495 3230 3551 silentium
3268 3496 3450 3550 facere
3485 3495 3846 3550 observantes

2209 3590 2280 3644 ad
2308 3589 2537 3659 ostium,
2571 3589 2628 3642 id
2648 3593 2732 3643 est
2759 3595 2820 3644 ut
2847 3589 3080 3644 tacentis
3098 3606 3132 3642 a
3157 3589 3406 3644 tumultu
3433 3588 3733 3643 verborum
3749 3588 3841 3642 vel

2209 3683 2474 3737 vitiorum
2521 3682 2748 3753 signum
2779 3683 2961 3737 crucis
3005 3698 3282 3753 ponamus
3333 3685 3462 3737 ante
3503 3681 3704 3736 faciem
3733 3697 3844 3734 no-

2212 3781 2404 3845 stram,
2432 3793 2503 3832 ne
2547 3777 2718 3832 intret
2761 3776 3218 3847 concupiscentia
3261 3792 3362 3846 per
3407 3775 3598 3844 oculis,
3628 3775 3711 3828 ira
3739 3792 3848 3846 per

2210 3886 2428 3937 aurem,
2475 3885 2547 3924 ne
2589 3870 2822 3940 prodeat
2863 3885 3046 3924 sermo
3101 3869 3282 3940 turpis
3323 3884 3391 3922 ex
3430 3867 3610 3936 labiis,
3639 3871 3694 3922 et
3737 3869 3846 3922 hoc

2212 3963 2392 4017 solum
2420 3979 2516 4017 cor
2542 3963 2818 4032 intendat,
2849 3967 2911 4018 ut
2937 3962 2996 4016 in
3022 3979 3080 4016 se
3106 3947 3391 4016 Christum
3423 3960 3704 4032 suscipiat.

2862 4080 2950 4134 DE
2990 4078 3189 4134 SONO.

2283 4187 2496 4242 Sonum
2552 4191 2762 4256 autem,
2812 4187 2964 4258 quod
3014 4189 3245 4241 canetur
3299 4185 3524 4257 quando
3591 4183 3852 4256 procedit

2211 4280 2440 4350 oblatio,
2492 4279 2624 4335 hinc
2677 4279 2846 4334 traxit
2886 4279 3206 4334 exordium.
3255 4278 3529 4350 Praecepit
3573 4277 3847 4333 Dominus

2209 4373 2398 4446 Moysi,
2429 4379 2490 4429 ut
2511 4374 2720 4430 faceret
2747 4373 2908 4428 tubas
2943 4376 3260 4445 argenteas,
3289 4389 3428 4444 quas
3463 4372 3646 4427 levites
3685 4371 3848 4426 clan-

2213 4472 2412 4539 gerent
2429 4468 2655 4540 quando
2673 4467 3010 4522 offerebatur
3027 4466 3230 4536 hostia,
3249 4470 3306 4521 et
3315 4466 3420 4520 hoc
3439 4468 3579 4521 esset
3589 4465 3848 4536 signum,

2213 4578 2314 4632 per
2339 4561 2489 4633 quod
2522 4561 2864 4634 intelligeret
2897 4560 3139 4632 populus
3166 4575 3280 4631 qua
3322 4560 3462 4614 hora
3497 4557 3852 4614 inferebatur

2211 4655 2436 4726 oblatio,
2492 4658 2548 4711 et
2599 4671 2794 4710 omnes
2843 4653 3118 4708 incurvati
3168 4652 3469 4708 adorarent
3519 4650 3846 4722 Dominum,

2211 4749 2388 4805 donec
2415 4750 2636 4805 veniret
2660 4749 2921 4804 columna
2948 4745 3100 4818 ignis
3126 4750 3224 4801 aut
3249 4747 3449 4814 nubes,
3478 4745 3573 4818 qui
3616 4743 3851 4799 benedi-

2211 4847 2362 4898 ceret
2387 4842 2744 4898 sacriﬁcium.
2774 4842 2933 4896 Nunc
2959 4845 3152 4896 autem
3169 4839 3575 4912 procedentem
3601 4837 3671 4892 ad
3699 4837 3846 4892 alta-

2211 4937 2361 4992 rium
2387 4949 2621 5008 corpusc
2657 4935 2861 4991 Christi
2888 4934 3138 5006 nonjam
3164 4933 3316 4988 tubis
3340 4930 3847 5005 inreprzehensibi-

2210 5091 2298 5159 sii,
2329 5089 2648 5162 Augustini,
2677 5089 3058 5162 sivealiorum
3085 5086 3384 5144 conciones
3419 5085 3641 5142 recitari
3672 5083 3848 5156 jube-

2209 5163 2324 5230 bat,
2355 5160 2654 5233 utlegitur
2679 5161 2737 5216 in
2753 5161 2889 5233 ejus
2916 5160 3057 5215 Vita.

2281 5227 2316 5274 c'
2355 5227 2986 5289 Olim'solemnis'missa
3010 5247 3129 5285 non
3157 5227 3566 5297 celebrabatur,

2211 5303 2580 5375 praecedentis
2606 5303 2717 5357 diei
2739 5301 3012 5375 sacrificio
3039 5300 3386 5375 Eucharistia
3429 5299 3750 5375 deferretur
3773 5299 3852 5375 ad

2209 5370 2422 5443 altare;
2451 5374 2509 5428 id
2542 5373 2600 5427 in
2642 5373 2871 5428 ecclesia
2911 5373 3164 5428 Romana
3191 5371 3354 5426 initio
3400 5370 3590 5443 missa;
3617 5372 3854 5443 prmsta-

2210 5446 2347 5500 bant
2369 5439 2617 5516 acolythi
2643 5444 2700 5498 in
2725 5444 2928 5514 capsis,
2958 5447 3022 5516 ut
3047 5446 3266 5516 constat
3315 5441 3596 5516 ex_veteri
3617 5439 3850 5516 79rdine

2211 5517 2462 5571 Romano
2483 5510 2520 5582 ι’,
2548 5532 2708 5570 num.
2731 5510 2976 5570 8._Musei
3002 5514 3171 5569 Italici
3197 5516 3336 5568 tom.
3369 5513 3434 5567 ll.
3465 5513 3531 5566 ln
3559 5510 3852 5566 Gallicana

2212 5603 2342 5640 vero
2367 5581 2588 5642 diacOni
2615 5587 2722 5641 hoc
2759 5602 2968 5641 munus
2999 5584 3232 5640 obibant
3278 5585 3413 5644 ante
3465 5581 3847 5652 oblationem,

2211 5673 2412 5728 corpus
2436 5657 2640 5712 Christi
2661 5655 2974 5728 deferentes
2999 5655 3058 5728 in
3085 5655 3365 5728 turribus,
3391 5658 3452 5708 ut
3476 5657 3638 5728 patet
3649 5654 3850 5728 ex‘hoc

2211 5723 2350 5796 loco,
2382 5744 2553 5798 quem
2578 5729 2719 5783 mire
2745 5727 2987 5782 illustrat
2999 5726 3302 5798 Gregorius
3324 5723 3670 5798 Turonensis
3695 5723 3850 5780 libro

2211 5799 2280 5854 de
2306 5795 2488 5871 Gloria
2515 5803 2830 5871 martyrum
2866 5815 2989 5871 cap.
3033 5795 3136 5871 85,
3158 5797 3261 5871 his
3284 5795 3468 5852 verbis
3491 5814 3507 5871 ξ
3541 5815 3570 5847 ‹‹
3599 5796 3851 5867 Tempus

2210 5871 2282 5926 ad
2305 5869 2641 5927 sacriﬁcium
2665 5868 3018 5926 offerendum
3047 5868 3291 5940 advenit,
3317 5869 3661 5939 acceptaque
3687 5871 3849 5923 turre

3598 5226 3738 5299 quin
3775 5243 3849 5283 ex
