  <div class='ocr_page' id='page_1' title='image "/cluster/home/n/w/nwhite01/storage/ocr_20150623/72/hvd.32044054758768/052.png"; bbox 0 0 4044 6196; ppageno 0'>
   <div class='ocr_carea' id='block_1_1' title="bbox 197 340 3554 417">
    <p class='ocr_par' dir='ltr' id='par_1_1' title="bbox 197 340 3554 417">
     <span class='ocr_line' id='line_1_1' title="bbox 197 340 3554 417; baseline 0 -14"><span class='ocrx_word' id='word_1_1' title='bbox 197 340 267 403; x_wconf 81' lang='lat'><strong><em>93</em></strong></span> <span class='ocrx_word' id='word_1_2' title='bbox 404 394 407 395; x_wconf 38' lang='grc' dir='ltr'><em>ν</em></span> <span class='ocrx_word' id='word_1_3' title='bbox 991 343 1338 404; x_wconf 81' lang='lat' dir='ltr'>EXPOSITIO</span> <span class='ocrx_word' id='word_1_4' title='bbox 1374 347 1611 406; x_wconf 82' lang='lat' dir='ltr'>BREVIS</span> <span class='ocrx_word' id='word_1_5' title='bbox 1646 348 1955 417; x_wconf 68' lang='lat' dir='ltr'>ANTIQUAEZ</span> <span class='ocrx_word' id='word_1_6' title='bbox 1996 349 2324 408; x_wconf 66' lang='lat' dir='ltr'>LITURGLE</span> <span class='ocrx_word' id='word_1_7' title='bbox 2362 347 2771 408; x_wconf 68' lang='lat' dir='ltr'>GALLICAN.‘E.</span> <span class='ocrx_word' id='word_1_8' title='bbox 3489 347 3554 404; x_wconf 77' lang='grc' dir='ltr'><strong><em>Μ</em></strong></span> 
     </span>
    </p>
   </div>
   <div class='ocr_carea' id='block_1_2' title="bbox 196 449 3554 549">
    <p class='ocr_par' dir='ltr' id='par_1_2' title="bbox 196 449 3554 549">
     <span class='ocr_line' id='line_1_2' title="bbox 196 449 3554 549; baseline 0.002 -41"><span class='ocrx_word' id='word_1_9' title='bbox 196 450 364 522; x_wconf 88' lang='lat' dir='ltr'>libus,</span> <span class='ocrx_word' id='word_1_10' title='bbox 428 450 527 509; x_wconf 87' lang='lat' dir='ltr'>sed</span> <span class='ocrx_word' id='word_1_11' title='bbox 599 449 945 526; x_wconf 79' lang='lat' dir='ltr'>spiritalibus</span> <span class='ocrx_word' id='word_1_12' title='bbox 997 455 1225 513; x_wconf 85' lang='lat' dir='ltr'>vocibus</span> <span class='ocrx_word' id='word_1_13' title='bbox 1289 455 1562 528; x_wconf 78' lang='lat' dir='ltr'>praeclara</span> <span class='ocrx_word' id='word_1_14' title='bbox 1623 456 1829 512; x_wconf 84' lang='lat' dir='ltr'>Christi</span> <span class='ocrx_word' id='word_1_15' title='bbox 1849 472 1909 549; x_wconf 77' lang='grc' dir='ltr'><strong>Α</strong></span> <span class='ocrx_word' id='word_1_16' title='bbox 1929 457 2093 513; x_wconf 82' lang='lat' dir='ltr'>caelos</span> <span class='ocrx_word' id='word_1_17' title='bbox 2122 459 2446 531; x_wconf 88' lang='lat' dir='ltr'>ascendens,</span> <span class='ocrx_word' id='word_1_18' title='bbox 2472 474 2660 532; x_wconf 84' lang='lat' dir='ltr'>pacem</span> <span class='ocrx_word' id='word_1_19' title='bbox 2696 460 2941 532; x_wconf 80' lang='lat' dir='ltr'>relinquo</span> <span class='ocrx_word' id='word_1_20' title='bbox 2978 458 3145 523; x_wconf 75' lang='lat' dir='ltr'>vobis,</span> <span class='ocrx_word' id='word_1_21' title='bbox 3168 472 3357 532; x_wconf 86' lang='lat' dir='ltr'>pacem</span> <span class='ocrx_word' id='word_1_22' title='bbox 3382 472 3554 515; x_wconf 84' lang='lat' dir='ltr'>meam</span> 
     </span>
    </p>
   </div>
   <div class='ocr_carea' id='block_1_3' title="bbox 198 545 1828 630">
    <p class='ocr_par' dir='ltr' id='par_1_3' title="bbox 198 545 1828 630">
     <span class='ocr_line' id='line_1_3' title="bbox 198 545 1828 630; baseline 0.002 -27"><span class='ocrx_word' id='word_1_23' title='bbox 198 545 481 619; x_wconf 86' lang='lat' dir='ltr'>magnalia</span> <span class='ocrx_word' id='word_1_24' title='bbox 507 546 658 603; x_wconf 87' lang='lat' dir='ltr'>dulci</span> <span class='ocrx_word' id='word_1_25' title='bbox 691 547 917 605; x_wconf 88' lang='lat' dir='ltr'>modilia</span> <span class='ocrx_word' id='word_1_26' title='bbox 943 549 1143 630; x_wconf 82' lang='lat' dir='ltr'>psallat</span> <span class='ocrx_word' id='word_1_27' title='bbox 1168 549 1432 607; x_wconf 81' lang='lat' dir='ltr'>Ecclesia.</span> <span class='ocrx_word' id='word_1_28' title='bbox 1458 551 1671 623; x_wconf 89' lang='lat' dir='ltr'>Corpus</span> <span class='ocrx_word' id='word_1_29' title='bbox 1696 566 1828 607; x_wconf 90' lang='lat' dir='ltr'>vero</span> 
     </span>
    </p>
   </div>
   <div class='ocr_carea' id='block_1_4' title="bbox 197 640 1830 716">
    <p class='ocr_par' dir='ltr' id='par_1_4' title="bbox 197 640 1830 716">
     <span class='ocr_line' id='line_1_4' title="bbox 197 640 1830 716; baseline 0.004 -22"><span class='ocrx_word' id='word_1_30' title='bbox 197 640 424 696; x_wconf 85' lang='lat' dir='ltr'>Domini</span> <span class='ocrx_word' id='word_1_31' title='bbox 442 640 569 696; x_wconf 89' lang='lat' dir='ltr'>ideo</span> <span class='ocrx_word' id='word_1_32' title='bbox 584 640 838 698; x_wconf 82' lang='lat' dir='ltr'>defertur</span> <span class='ocrx_word' id='word_1_33' title='bbox 854 642 915 699; x_wconf 92' lang='lat' dir='ltr'>in</span> <span class='ocrx_word' id='word_1_34' title='bbox 931 642 1205 715; x_wconf 89' lang='lat' dir='ltr'>turribus,</span> <span class='ocrx_word' id='word_1_35' title='bbox 1230 644 1361 716; x_wconf 88' lang='lat' dir='ltr'>quia</span> <span class='ocrx_word' id='word_1_36' title='bbox 1392 648 1830 701; x_wconf 83' lang='lat' dir='ltr'>monumentum</span> 
     </span>
    </p>
   </div>
   <div class='ocr_carea' id='block_1_5' title="bbox 196 734 1827 812">
    <p class='ocr_par' dir='ltr' id='par_1_5' title="bbox 196 734 1827 812">
     <span class='ocr_line' id='line_1_5' title="bbox 196 734 1827 812; baseline 0.004 -24"><span class='ocrx_word' id='word_1_37' title='bbox 196 734 423 789; x_wconf 87' lang='lat' dir='ltr'>Domini</span> <span class='ocrx_word' id='word_1_38' title='bbox 448 734 509 789; x_wconf 92' lang='lat' dir='ltr'>in</span> <span class='ocrx_word' id='word_1_39' title='bbox 534 734 963 792; x_wconf 88' lang='lat' dir='ltr'>similitudinem</span> <span class='ocrx_word' id='word_1_40' title='bbox 982 737 1155 793; x_wconf 89' lang='lat' dir='ltr'>turris</span> <span class='ocrx_word' id='word_1_41' title='bbox 1172 738 1281 795; x_wconf 84' lang='lat' dir='ltr'>fuit</span> <span class='ocrx_word' id='word_1_42' title='bbox 1301 738 1536 794; x_wconf 90' lang='lat' dir='ltr'>scissum</span> <span class='ocrx_word' id='word_1_43' title='bbox 1561 739 1620 796; x_wconf 92' lang='lat' dir='ltr'>in</span> <span class='ocrx_word' id='word_1_44' title='bbox 1647 743 1827 812; x_wconf 84' lang='lat' dir='ltr'><strong>petra,</strong></span> 
     </span>
    </p>
   </div>
   <div class='ocr_carea' id='block_1_6' title="bbox 193 827 1828 904">
    <p class='ocr_par' dir='ltr' id='par_1_6' title="bbox 193 827 1828 904">
     <span class='ocr_line' id='line_1_6' title="bbox 193 827 1828 904; baseline 0.004 -22"><span class='ocrx_word' id='word_1_45' title='bbox 193 832 247 882; x_wconf 90' lang='lat' dir='ltr'>et</span> <span class='ocrx_word' id='word_1_46' title='bbox 296 827 457 882; x_wconf 88' lang='lat' dir='ltr'>intus</span> <span class='ocrx_word' id='word_1_47' title='bbox 500 828 709 884; x_wconf 83' lang='lat' dir='ltr'>lectum</span> <span class='ocrx_word' id='word_1_48' title='bbox 751 829 850 885; x_wconf 91' lang='lat' dir='ltr'>ubi</span> <span class='ocrx_word' id='word_1_49' title='bbox 901 832 1157 902; x_wconf 79' lang='lat' dir='ltr'>pensavit</span> <span class='ocrx_word' id='word_1_50' title='bbox 1210 848 1413 904; x_wconf 91' lang='lat' dir='ltr'>corpus</span> <span class='ocrx_word' id='word_1_51' title='bbox 1459 833 1828 904; x_wconf 89' lang='lat' dir='ltr'>dominicum,</span> 
     </span>
    </p>
   </div>
   <div class='ocr_carea' id='block_1_7' title="bbox 189 920 1833 999">
    <p class='ocr_par' dir='ltr' id='par_1_7' title="bbox 189 920 1833 999">
     <span class='ocr_line' id='line_1_7' title="bbox 189 920 1833 999; baseline 0.004 -24"><span class='ocrx_word' id='word_1_52' title='bbox 189 922 345 976; x_wconf 90' lang='lat' dir='ltr'>unde</span> <span class='ocrx_word' id='word_1_53' title='bbox 393 923 640 979; x_wconf 83' lang='lat' dir='ltr'>surrexit</span> <span class='ocrx_word' id='word_1_54' title='bbox 679 920 799 980; x_wconf 83' lang='lat' dir='ltr'>Rex</span> <span class='ocrx_word' id='word_1_55' title='bbox 842 924 1037 996; x_wconf 79' lang='lat' dir='ltr'>gloriae</span> <span class='ocrx_word' id='word_1_56' title='bbox 1071 925 1132 980; x_wconf 92' lang='lat' dir='ltr'>in</span> <span class='ocrx_word' id='word_1_57' title='bbox 1168 926 1545 998; x_wconf 84' lang='lat' dir='ltr'>triumphum.</span> <span class='ocrx_word' id='word_1_58' title='bbox 1590 927 1833 999; x_wconf 85' lang='lat' dir='ltr'>Sanguis</span> 
     </span>
    </p>
   </div>
   <div class='ocr_carea' id='block_1_8' title="bbox 192 1016 1833 1092">
    <p class='ocr_par' dir='ltr' id='par_1_8' title="bbox 192 1016 1833 1092">
     <span class='ocr_line' id='line_1_8' title="bbox 192 1016 1833 1092; baseline 0.004 -22"><span class='ocrx_word' id='word_1_59' title='bbox 192 1031 325 1070; x_wconf 84' lang='lat' dir='ltr'>vero</span> <span class='ocrx_word' id='word_1_60' title='bbox 364 1016 574 1073; x_wconf 84' lang='lat' dir='ltr'>Christi</span> <span class='ocrx_word' id='word_1_61' title='bbox 609 1017 734 1072; x_wconf 92' lang='lat' dir='ltr'>ideo</span> <span class='ocrx_word' id='word_1_62' title='bbox 776 1018 1092 1089; x_wconf 87' lang='lat' dir='ltr'>specialiter</span> <span class='ocrx_word' id='word_1_63' title='bbox 1135 1019 1371 1075; x_wconf 81' lang='lat' dir='ltr'>offertur</span> <span class='ocrx_word' id='word_1_64' title='bbox 1394 1020 1452 1074; x_wconf 91' lang='lat' dir='ltr'>in</span> <span class='ocrx_word' id='word_1_65' title='bbox 1483 1021 1670 1091; x_wconf 88' lang='lat' dir='ltr'>calice,</span> <span class='ocrx_word' id='word_1_66' title='bbox 1701 1020 1833 1092; x_wconf 88' lang='lat' dir='ltr'>quia</span> 
     </span>
    </p>
   </div>
   <div class='ocr_carea' id='block_1_9' title="bbox 192 1109 1830 1187">
    <p class='ocr_par' dir='ltr' id='par_1_9' title="bbox 192 1109 1830 1187">
     <span class='ocr_line' id='line_1_9' title="bbox 192 1109 1830 1187; baseline 0.002 -23"><span class='ocrx_word' id='word_1_67' title='bbox 192 1109 248 1165; x_wconf 92' lang='lat' dir='ltr'>in</span> <span class='ocrx_word' id='word_1_68' title='bbox 275 1109 393 1165; x_wconf 90' lang='lat' dir='ltr'>tale</span> <span class='ocrx_word' id='word_1_69' title='bbox 423 1127 619 1165; x_wconf 87' lang='lat' dir='ltr'>vasum</span> <span class='ocrx_word' id='word_1_70' title='bbox 662 1115 1048 1167; x_wconf 87' lang='lat' dir='ltr'>consecratum</span> <span class='ocrx_word' id='word_1_71' title='bbox 1086 1112 1195 1168; x_wconf 90' lang='lat' dir='ltr'>fuit</span> <span class='ocrx_word' id='word_1_72' title='bbox 1231 1114 1565 1187; x_wconf 85' lang='lat' dir='ltr'>mysterium</span> <span class='ocrx_word' id='word_1_73' title='bbox 1607 1115 1830 1170; x_wconf 86' lang='lat' dir='ltr'>Eucha-</span> 
     </span>
    </p>
   </div>
   <div class='ocr_carea' id='block_1_10' title="bbox 188 1202 1829 1280">
    <p class='ocr_par' dir='ltr' id='par_1_10' title="bbox 188 1202 1829 1280">
     <span class='ocr_line' id='line_1_10' title="bbox 188 1202 1829 1280; baseline 0.003 -22"><span class='ocrx_word' id='word_1_74' title='bbox 188 1202 368 1258; x_wconf 64' lang='lat' dir='ltr'>ristia</span> <span class='ocrx_word' id='word_1_75' title='bbox 406 1205 591 1276; x_wconf 84' lang='lat' dir='ltr'>pridie</span> <span class='ocrx_word' id='word_1_76' title='bbox 625 1221 797 1277; x_wconf 89' lang='lat' dir='ltr'>quam</span> <span class='ocrx_word' id='word_1_77' title='bbox 824 1208 1114 1278; x_wconf 88' lang='lat' dir='ltr'>pateretur</span> <span class='ocrx_word' id='word_1_78' title='bbox 1139 1207 1408 1263; x_wconf 87' lang='lat' dir='ltr'>Dominus</span> <span class='ocrx_word' id='word_1_79' title='bbox 1435 1208 1555 1280; x_wconf 89' lang='lat' dir='ltr'>ipso</span> <span class='ocrx_word' id='word_1_80' title='bbox 1591 1208 1829 1279; x_wconf 85' lang='lat' dir='ltr'>dicente,</span> 
     </span>
    </p>
   </div>
   <div class='ocr_carea' id='block_1_11' title="bbox 194 1299 1833 1372">
    <p class='ocr_par' dir='ltr' id='par_1_11' title="bbox 194 1299 1833 1372">
     <span class='ocr_line' id='line_1_11' title="bbox 194 1299 1833 1372; baseline 0.003 -19"><span class='ocrx_word' id='word_1_81' title='bbox 194 1299 288 1353; x_wconf 86' lang='lat' dir='ltr'>Hie</span> <span class='ocrx_word' id='word_1_82' title='bbox 316 1302 403 1353; x_wconf 83' lang='lat' dir='ltr'>est</span> <span class='ocrx_word' id='word_1_83' title='bbox 443 1300 593 1353; x_wconf 63' lang='lat' dir='ltr'>calin:</span> <span class='ocrx_word' id='word_1_84' title='bbox 622 1301 904 1369; x_wconf 74' lang='lat' dir='ltr'>sanguinis</span> <span class='ocrx_word' id='word_1_85' title='bbox 940 1303 1047 1355; x_wconf 88' lang='lat' dir='ltr'>mei</span> <span class='ocrx_word' id='word_1_86' title='bbox 1090 1303 1406 1371; x_wconf 75' lang='lat' dir='ltr'>mysterium</span> <span class='ocrx_word' id='word_1_87' title='bbox 1440 1303 1569 1372; x_wconf 84' lang='lat' dir='ltr'>ﬁdei</span> <span class='ocrx_word' id='word_1_88' title='bbox 1603 1305 1701 1372; x_wconf 86' lang='lat' dir='ltr'>qui</span> <span class='ocrx_word' id='word_1_89' title='bbox 1734 1318 1833 1372; x_wconf 82' lang='lat' dir='ltr'>pro</span> 
     </span>
    </p>
   </div>
   <div class='ocr_carea' id='block_1_12' title="bbox 188 1392 1830 1466">
    <p class='ocr_par' dir='ltr' id='par_1_12' title="bbox 188 1392 1830 1466">
     <span class='ocr_line' id='line_1_12' title="bbox 188 1392 1830 1466; baseline 0.004 -21"><span class='ocrx_word' id='word_1_90' title='bbox 188 1392 383 1447; x_wconf 82' lang='lat' dir='ltr'>multis</span> <span class='ocrx_word' id='word_1_91' title='bbox 416 1392 721 1463; x_wconf 65' lang='lat' dir='ltr'>eﬂundetur</span> <span class='ocrx_word' id='word_1_92' title='bbox 756 1395 815 1448; x_wconf 85' lang='lat' dir='ltr'>in</span> <span class='ocrx_word' id='word_1_93' title='bbox 852 1397 1211 1450; x_wconf 73' lang='lat' dir='ltr'>remissionem</span> <span class='ocrx_word' id='word_1_94' title='bbox 1246 1400 1587 1466; x_wconf 81' lang='lat' dir='ltr'>peccatorum</span> <span class='ocrx_word' id='word_1_95' title='bbox 1613 1394 1830 1465; x_wconf 82' lang='lat' dir='ltr'>(Matth.</span> 
     </span>
    </p>
   </div>
   <div class='ocr_carea' id='block_1_13' title="bbox 189 1485 1831 1561">
    <p class='ocr_par' dir='ltr' id='par_1_13' title="bbox 189 1485 1831 1561">
     <span class='ocr_line' id='line_1_13' title="bbox 189 1485 1831 1561; baseline 0.002 -20"><span class='ocrx_word' id='word_1_96' title='bbox 189 1501 339 1554; x_wconf 82' lang='lat' dir='ltr'>xxv1,</span> <span class='ocrx_word' id='word_1_97' title='bbox 368 1488 486 1557; x_wconf 75' lang='lat'>28).</span> <span class='ocrx_word' id='word_1_98' title='bbox 514 1485 679 1542; x_wconf 89' lang='lat' dir='ltr'>Panis</span> <span class='ocrx_word' id='word_1_99' title='bbox 703 1503 838 1543; x_wconf 90' lang='lat' dir='ltr'>vero</span> <span class='ocrx_word' id='word_1_100' title='bbox 876 1487 937 1542; x_wconf 93' lang='lat' dir='ltr'>in</span> <span class='ocrx_word' id='word_1_101' title='bbox 977 1504 1212 1561; x_wconf 90' lang='lat' dir='ltr'>corpore</span> <span class='ocrx_word' id='word_1_102' title='bbox 1240 1493 1296 1543; x_wconf 90' lang='lat' dir='ltr'>et</span> <span class='ocrx_word' id='word_1_103' title='bbox 1331 1489 1530 1543; x_wconf 90' lang='lat' dir='ltr'>vinum</span> <span class='ocrx_word' id='word_1_104' title='bbox 1556 1489 1831 1544; x_wconf 88' lang='lat' dir='ltr'>transfor-</span> 
     </span>
    </p>
   </div>
   <div class='ocr_carea' id='block_1_14' title="bbox 188 1579 1829 1655">
    <p class='ocr_par' dir='ltr' id='par_1_14' title="bbox 188 1579 1829 1655">
     <span class='ocr_line' id='line_1_14' title="bbox 188 1579 1829 1655; baseline 0.003 -21"><span class='ocrx_word' id='word_1_105' title='bbox 188 1581 390 1634; x_wconf 85' lang='lat' dir='ltr'>matur</span> <span class='ocrx_word' id='word_1_106' title='bbox 412 1580 473 1635; x_wconf 92' lang='lat' dir='ltr'>in</span> <span class='ocrx_word' id='word_1_107' title='bbox 498 1579 794 1652; x_wconf 81' lang='lat' dir='ltr'>sanguine,</span> <span class='ocrx_word' id='word_1_108' title='bbox 822 1580 1042 1636; x_wconf 80' lang='lat' dir='ltr'>dicente</span> <span class='ocrx_word' id='word_1_109' title='bbox 1067 1582 1306 1637; x_wconf 92' lang='lat' dir='ltr'>Domino</span> <span class='ocrx_word' id='word_1_110' title='bbox 1328 1582 1399 1638; x_wconf 91' lang='lat' dir='ltr'>de</span> <span class='ocrx_word' id='word_1_111' title='bbox 1426 1598 1659 1655; x_wconf 90' lang='lat' dir='ltr'>corpore</span> <span class='ocrx_word' id='word_1_112' title='bbox 1690 1599 1791 1638; x_wconf 88' lang='lat' dir='ltr'>suo</span> <span class='ocrx_word' id='word_1_113' title='bbox 1814 1600 1829 1639; x_wconf 89' lang='lat'><strong>:</strong></span> 
     </span>
    </p>
   </div>
   <div class='ocr_carea' id='block_1_15' title="bbox 195 1675 1835 1747">
    <p class='ocr_par' dir='ltr' id='par_1_15' title="bbox 195 1675 1835 1747">
     <span class='ocr_line' id='line_1_15' title="bbox 195 1675 1835 1747; baseline 0.001 -17"><span class='ocrx_word' id='word_1_114' title='bbox 195 1675 332 1730; x_wconf 86' lang='lat' dir='ltr'>Caro</span> <span class='ocrx_word' id='word_1_115' title='bbox 363 1676 509 1728; x_wconf 84' lang='lat' dir='ltr'>enim</span> <span class='ocrx_word' id='word_1_116' title='bbox 534 1689 653 1729; x_wconf 89' lang='lat' dir='ltr'>mea</span> <span class='ocrx_word' id='word_1_117' title='bbox 678 1690 801 1730; x_wconf 78' lang='lat' dir='ltr'>vere</span> <span class='ocrx_word' id='word_1_118' title='bbox 823 1678 902 1730; x_wconf 88' lang='lat' dir='ltr'>est</span> <span class='ocrx_word' id='word_1_119' title='bbox 926 1676 1094 1738; x_wconf 88' lang='lat' dir='ltr'>cibus,</span> <span class='ocrx_word' id='word_1_120' title='bbox 1121 1681 1173 1731; x_wconf 89' lang='lat' dir='ltr'>et</span> <span class='ocrx_word' id='word_1_121' title='bbox 1196 1678 1421 1747; x_wconf 88' lang='lat' dir='ltr'>sanguis</span> <span class='ocrx_word' id='word_1_122' title='bbox 1443 1692 1589 1732; x_wconf 90' lang='lat' dir='ltr'>meus</span> <span class='ocrx_word' id='word_1_123' title='bbox 1613 1692 1732 1732; x_wconf 80' lang='lat' dir='ltr'>vere</span> <span class='ocrx_word' id='word_1_124' title='bbox 1758 1680 1835 1732; x_wconf 86' lang='lat' dir='ltr'>est</span> 
     </span>
    </p>
   </div>
   <div class='ocr_carea' id='block_1_16' title="bbox 192 1766 1833 1842">
    <p class='ocr_par' dir='ltr' id='par_1_16' title="bbox 192 1766 1833 1842">
     <span class='ocr_line' id='line_1_16' title="bbox 192 1766 1833 1842; baseline 0.002 -20"><span class='ocrx_word' id='word_1_125' title='bbox 192 1771 351 1837; x_wconf 82' lang='lat' dir='ltr'>potus</span> <span class='ocrx_word' id='word_1_126' title='bbox 393 1766 591 1837; x_wconf 85' lang='lat' dir='ltr'>(Joan..</span> <span class='ocrx_word' id='word_1_127' title='bbox 622 1783 697 1838; x_wconf 81' lang='lat' dir='ltr'>v1,</span> <span class='ocrx_word' id='word_1_128' title='bbox 741 1768 850 1839; x_wconf 81' lang='lat'>55).</span> <span class='ocrx_word' id='word_1_129' title='bbox 892 1769 971 1823; x_wconf 89' lang='lat' dir='ltr'>De</span> <span class='ocrx_word' id='word_1_130' title='bbox 1018 1785 1166 1841; x_wconf 91' lang='lat' dir='ltr'>pane</span> <span class='ocrx_word' id='word_1_131' title='bbox 1213 1769 1356 1824; x_wconf 83' lang='lat' dir='ltr'>dixit</span> <span class='ocrx_word' id='word_1_132' title='bbox 1399 1771 1492 1826; x_wconf 88' lang='lat' dir='ltr'>hoc</span> <span class='ocrx_word' id='word_1_133' title='bbox 1527 1774 1604 1826; x_wconf 89' lang='lat' dir='ltr'>est</span> <span class='ocrx_word' id='word_1_134' title='bbox 1645 1786 1833 1842; x_wconf 83' lang='lat' dir='ltr'>corpus</span> 
     </span>
    </p>
   </div>
   <div class='ocr_carea' id='block_1_17' title="bbox 1926 551 3554 626">
    <p class='ocr_par' dir='ltr' id='par_1_17' title="bbox 1926 551 3554 626">
     <span class='ocr_line' id='line_1_17' title="bbox 1926 551 3554 626; baseline -0.002 -16"><span class='ocrx_word' id='word_1_135' title='bbox 1926 551 1997 621; x_wconf 89' lang='lat' dir='ltr'>_do</span> <span class='ocrx_word' id='word_1_136' title='bbox 2020 552 2169 608; x_wconf 76' lang='lat' dir='ltr'>vobis</span> <span class='ocrx_word' id='word_1_137' title='bbox 2198 552 2369 623; x_wconf 84' lang='lat' dir='ltr'>(Joan.</span> <span class='ocrx_word' id='word_1_138' title='bbox 2402 570 2513 624; x_wconf 68' lang='lat' dir='ltr'>xiv,</span> <span class='ocrx_word' id='word_1_139' title='bbox 2540 554 2649 626; x_wconf 85' lang='lat'>27),</span> <span class='ocrx_word' id='word_1_140' title='bbox 2681 557 2738 611; x_wconf 85' lang='lat' dir='ltr'>et</span> <span class='ocrx_word' id='word_1_141' title='bbox 2766 554 2826 609; x_wconf 90' lang='lat' dir='ltr'>in</span> <span class='ocrx_word' id='word_1_142' title='bbox 2850 554 2957 611; x_wconf 91' lang='lat' dir='ltr'>hoc</span> <span class='ocrx_word' id='word_1_143' title='bbox 2993 556 3333 626; x_wconf 84' lang='lat' dir='ltr'>cognoscent</span> <span class='ocrx_word' id='word_1_144' title='bbox 3359 567 3554 610; x_wconf 90' lang='lat' dir='ltr'>omnes</span> 
     </span>
    </p>
   </div>
   <div class='ocr_carea' id='block_1_18' title="bbox 1929 645 3555 720">
    <p class='ocr_par' dir='ltr' id='par_1_18' title="bbox 1929 645 3555 720">
     <span class='ocr_line' id='line_1_18' title="bbox 1929 645 3555 720; baseline 0.001 -19"><span class='ocrx_word' id='word_1_145' title='bbox 1929 646 2080 720; x_wconf 90' lang='lat' dir='ltr'>quod</span> <span class='ocrx_word' id='word_1_146' title='bbox 2106 645 2364 718; x_wconf 89' lang='lat' dir='ltr'>discipuli</span> <span class='ocrx_word' id='word_1_147' title='bbox 2389 648 2504 703; x_wconf 93' lang='lat' dir='ltr'>mei</span> <span class='ocrx_word' id='word_1_148' title='bbox 2542 647 2693 717; x_wconf 87' lang='lat' dir='ltr'>estis,</span> <span class='ocrx_word' id='word_1_149' title='bbox 2742 647 2788 702; x_wconf 90' lang='lat' dir='ltr'>si</span> <span class='ocrx_word' id='word_1_150' title='bbox 2820 664 2922 702; x_wconf 92' lang='lat' dir='ltr'>nos</span> <span class='ocrx_word' id='word_1_151' title='bbox 2948 647 3187 703; x_wconf 86' lang='lat' dir='ltr'>invicem</span> <span class='ocrx_word' id='word_1_152' title='bbox 3214 645 3555 703; x_wconf 86' lang='lat' dir='ltr'>dilexeretis.</span> 
     </span>
    </p>
   </div>
   <div class='ocr_carea' id='block_1_19' title="bbox 2000 740 3560 811">
    <p class='ocr_par' dir='ltr' id='par_1_19' title="bbox 2000 740 3560 811">
     <span class='ocr_line' id='line_1_19' title="bbox 2000 740 3560 811; baseline -0.001 -15"><span class='ocrx_word' id='word_1_153' title='bbox 2000 741 2237 796; x_wconf 86' lang='lat' dir='ltr'>Sursum</span> <span class='ocrx_word' id='word_1_154' title='bbox 2277 741 2445 796; x_wconf 89' lang='lat' dir='ltr'>corda</span> <span class='ocrx_word' id='word_1_155' title='bbox 2483 740 2609 796; x_wconf 91' lang='lat' dir='ltr'>ideo</span> <span class='ocrx_word' id='word_1_156' title='bbox 2649 742 2904 796; x_wconf 86' lang='lat' dir='ltr'>sacerdos</span> <span class='ocrx_word' id='word_1_157' title='bbox 2936 741 3145 797; x_wconf 89' lang='lat' dir='ltr'>habere</span> <span class='ocrx_word' id='word_1_158' title='bbox 3180 742 3466 811; x_wconf 90' lang='lat' dir='ltr'>admonet,</span> <span class='ocrx_word' id='word_1_159' title='bbox 3492 744 3560 795; x_wconf 89' lang='lat' dir='ltr'>ut</span> 
     </span>
    </p>
   </div>
   <div class='ocr_carea' id='block_1_20' title="bbox 1882 833 3554 906">
    <p class='ocr_par' dir='ltr' id='par_1_20' title="bbox 1882 833 3554 906">
     <span class='ocr_line' id='line_1_20' title="bbox 1882 833 3554 906; baseline 0.001 -19"><span class='ocrx_word' id='word_1_160' title='bbox 1882 876 1885 887; x_wconf 48' lang='grc' dir='ltr'><em>ν</em></span> <span class='ocrx_word' id='word_1_161' title='bbox 1929 833 2377 906; x_wconf 88' lang='lat' dir='ltr'>nulla&#39;cogitatio</span> <span class='ocrx_word' id='word_1_162' title='bbox 2405 837 2631 889; x_wconf 88' lang='lat' dir='ltr'>terrena</span> <span class='ocrx_word' id='word_1_163' title='bbox 2656 840 2881 890; x_wconf 89' lang='lat' dir='ltr'>maneat</span> <span class='ocrx_word' id='word_1_164' title='bbox 2912 834 2972 891; x_wconf 89' lang='lat' dir='ltr'>in</span> <span class='ocrx_word' id='word_1_165' title='bbox 3000 835 3318 906; x_wconf 85' lang='lat' dir='ltr'>pectoribus</span> <span class='ocrx_word' id='word_1_166' title='bbox 3346 834 3554 891; x_wconf 88' lang='lat' dir='ltr'>nostris</span> 
     </span>
    </p>
   </div>
   <div class='ocr_carea' id='block_1_21' title="bbox 1930 926 3559 999">
    <p class='ocr_par' dir='ltr' id='par_1_21' title="bbox 1930 926 3559 999">
     <span class='ocr_line' id='line_1_21' title="bbox 1930 926 3559 999; baseline 0 -17"><span class='ocrx_word' id='word_1_167' title='bbox 1930 926 1990 982; x_wconf 91' lang='lat' dir='ltr'>in</span> <span class='ocrx_word' id='word_1_168' title='bbox 2020 928 2161 983; x_wconf 91' lang='lat' dir='ltr'>hora</span> <span class='ocrx_word' id='word_1_169' title='bbox 2189 944 2361 982; x_wconf 79' lang='lat' dir='ltr'>sacrae</span> <span class='ocrx_word' id='word_1_170' title='bbox 2395 926 2711 997; x_wconf 88' lang='lat' dir='ltr'>oblationis,</span> <span class='ocrx_word' id='word_1_171' title='bbox 2738 930 2794 982; x_wconf 90' lang='lat' dir='ltr'>et</span> <span class='ocrx_word' id='word_1_172' title='bbox 2824 931 2978 982; x_wconf 89' lang='lat' dir='ltr'>tanto</span> <span class='ocrx_word' id='word_1_173' title='bbox 3006 927 3211 983; x_wconf 87' lang='lat' dir='ltr'>melius</span> <span class='ocrx_word' id='word_1_174' title='bbox 3253 927 3559 999; x_wconf 86' lang='lat' dir='ltr'>recipiatur</span> 
     </span>
    </p>
   </div>
   <div class='ocr_carea' id='block_1_22' title="bbox 1929 1021 3551 1094">
    <p class='ocr_par' dir='ltr' id='par_1_22' title="bbox 1929 1021 3551 1094">
     <span class='ocr_line' id='line_1_22' title="bbox 1929 1021 3551 1094; baseline -0.001 -18"><span class='ocrx_word' id='word_1_175' title='bbox 1929 1021 2181 1077; x_wconf 85' lang='lat' dir='ltr'>Christus</span> <span class='ocrx_word' id='word_1_176' title='bbox 2208 1021 2268 1076; x_wconf 91' lang='lat' dir='ltr'>in</span> <span class='ocrx_word' id='word_1_177' title='bbox 2287 1023 2497 1091; x_wconf 86' lang='lat' dir='ltr'>mente,</span> <span class='ocrx_word' id='word_1_178' title='bbox 2518 1024 2729 1093; x_wconf 88' lang='lat' dir='ltr'>quanto</span> <span class='ocrx_word' id='word_1_179' title='bbox 2754 1021 2866 1074; x_wconf 89' lang='lat' dir='ltr'>sola</span> <span class='ocrx_word' id='word_1_180' title='bbox 2890 1021 3153 1094; x_wconf 83' lang='lat' dir='ltr'>cogitatio</span> <span class='ocrx_word' id='word_1_181' title='bbox 3180 1021 3369 1093; x_wconf 90' lang='lat' dir='ltr'>ipsum</span> <span class='ocrx_word' id='word_1_182' title='bbox 3390 1037 3551 1075; x_wconf 90' lang='lat' dir='ltr'>cona-</span> 
     </span>
    </p>
   </div>
   <div class='ocr_carea' id='block_1_23' title="bbox 1930 1106 3560 1189">
    <p class='ocr_par' dir='ltr' id='par_1_23' title="bbox 1930 1106 3560 1189">
     <span class='ocr_line' id='line_1_23' title="bbox 1930 1106 3560 1189; baseline -0.001 -19"><span class='ocrx_word' id='word_1_183' title='bbox 1930 1106 2026 1170; x_wconf 84' lang='lat' dir='ltr'>tur</span> <span class='ocrx_word' id='word_1_184' title='bbox 2051 1115 2360 1171; x_wconf 85' lang='lat' dir='ltr'>attendere.</span> <span class='ocrx_word' id='word_1_185' title='bbox 2390 1114 2704 1170; x_wconf 86' lang='lat' dir='ltr'>Confractio</span> <span class='ocrx_word' id='word_1_186' title='bbox 2729 1130 2862 1169; x_wconf 88' lang='lat' dir='ltr'>vero</span> <span class='ocrx_word' id='word_1_187' title='bbox 2902 1117 2960 1170; x_wconf 90' lang='lat' dir='ltr'>et</span> <span class='ocrx_word' id='word_1_188' title='bbox 2989 1114 3315 1171; x_wconf 81' lang='lat' dir='ltr'>commixtio</span> <span class='ocrx_word' id='word_1_189' title='bbox 3362 1130 3560 1189; x_wconf 90' lang='lat' dir='ltr'>corpo-</span> 
     </span>
    </p>
   </div>
   <div class='ocr_carea' id='block_1_24' title="bbox 1931 1207 3559 1281">
    <p class='ocr_par' dir='ltr' id='par_1_24' title="bbox 1931 1207 3559 1281">
     <span class='ocr_line' id='line_1_24' title="bbox 1931 1207 3559 1281; baseline 0 -19"><span class='ocrx_word' id='word_1_190' title='bbox 1931 1207 2009 1262; x_wconf 90' lang='lat' dir='ltr'>ris</span> <span class='ocrx_word' id='word_1_191' title='bbox 2051 1207 2272 1263; x_wconf 85' lang='lat' dir='ltr'>Domini</span> <span class='ocrx_word' id='word_1_192' title='bbox 2330 1208 2497 1263; x_wconf 86' lang='lat' dir='ltr'>tantis</span> <span class='ocrx_word' id='word_1_193' title='bbox 2560 1208 2842 1281; x_wconf 82' lang='lat' dir='ltr'>mysteriis</span> <span class='ocrx_word' id='word_1_194' title='bbox 2902 1208 3176 1263; x_wconf 89' lang='lat' dir='ltr'>declarata</span> <span class='ocrx_word' id='word_1_195' title='bbox 3249 1207 3559 1281; x_wconf 86' lang='lat' dir='ltr'>antiquitus</span> 
     </span>
    </p>
   </div>
   <div class='ocr_carea' id='block_1_25' title="bbox 1931 1300 3600 1371">
    <p class='ocr_par' dir='ltr' id='par_1_25' title="bbox 1931 1300 3600 1371">
     <span class='ocr_line' id='line_1_25' title="bbox 1931 1300 3600 1371; baseline -0.001 -14"><span class='ocrx_word' id='word_1_196' title='bbox 1931 1301 2146 1358; x_wconf 88' lang='lat' dir='ltr'>Sanctis</span> <span class='ocrx_word' id='word_1_197' title='bbox 2180 1301 2437 1356; x_wconf 86' lang='lat' dir='ltr'>Patribus</span> <span class='ocrx_word' id='word_1_198' title='bbox 2475 1301 2605 1371; x_wconf 84' lang='lat' dir='ltr'>fuit,</span> <span class='ocrx_word' id='word_1_199' title='bbox 2651 1304 2717 1357; x_wconf 87' lang='lat' dir='ltr'>ut</span> <span class='ocrx_word' id='word_1_200' title='bbox 2755 1302 2892 1357; x_wconf 91' lang='lat' dir='ltr'>dum</span> <span class='ocrx_word' id='word_1_201' title='bbox 2931 1300 3184 1356; x_wconf 87' lang='lat' dir='ltr'>sacerdos</span> <span class='ocrx_word' id='word_1_202' title='bbox 3218 1300 3558 1356; x_wconf 87' lang='lat' dir='ltr'>oblationem</span> <span class='ocrx_word' id='word_1_203' title='bbox 3581 1334 3600 1348; x_wconf 85' lang='lat'><strong>-</strong></span> 
     </span>
    </p>
   </div>
   <div class='ocr_carea' id='block_1_26' title="bbox 1932 1394 3558 1467">
    <p class='ocr_par' dir='ltr' id='par_1_26' title="bbox 1932 1394 3558 1467">
     <span class='ocr_line' id='line_1_26' title="bbox 1932 1394 3558 1467; baseline 0 -18"><span class='ocrx_word' id='word_1_204' title='bbox 1932 1395 2344 1467; x_wconf 89' lang='lat' dir='ltr'>confrangeret,</span> <span class='ocrx_word' id='word_1_205' title='bbox 2373 1395 2667 1451; x_wconf 78' lang='lat' dir='ltr'>videbatur</span> <span class='ocrx_word' id='word_1_206' title='bbox 2690 1395 2853 1467; x_wconf 90' lang='lat' dir='ltr'>quasi</span> <span class='ocrx_word' id='word_1_207' title='bbox 2889 1394 3139 1467; x_wconf 80' lang='lat' dir='ltr'>Angelus</span> <span class='ocrx_word' id='word_1_208' title='bbox 3167 1394 3265 1451; x_wconf 92' lang='lat' dir='ltr'>Dei</span> <span class='ocrx_word' id='word_1_209' title='bbox 3304 1394 3558 1450; x_wconf 90' lang='lat' dir='ltr'>membra</span> 
     </span>
    </p>
   </div>
   <div class='ocr_carea' id='block_1_27' title="bbox 1930 1487 3560 1561">
    <p class='ocr_par' dir='ltr' id='par_1_27' title="bbox 1930 1487 3560 1561">
     <span class='ocr_line' id='line_1_27' title="bbox 1930 1487 3560 1561; baseline -0.001 -17"><span class='ocrx_word' id='word_1_210' title='bbox 1930 1489 2206 1561; x_wconf 85' lang='lat' dir='ltr'>fulgentis</span> <span class='ocrx_word' id='word_1_211' title='bbox 2230 1489 2395 1561; x_wconf 89' lang='lat' dir='ltr'>pueri</span> <span class='ocrx_word' id='word_1_212' title='bbox 2421 1490 2602 1544; x_wconf 86' lang='lat' dir='ltr'>cultro</span> <span class='ocrx_word' id='word_1_213' title='bbox 2624 1490 2964 1559; x_wconf 63' lang='lat' dir='ltr'>concredere,</span> <span class='ocrx_word' id='word_1_214' title='bbox 2994 1493 3051 1544; x_wconf 89' lang='lat' dir='ltr'>et</span> <span class='ocrx_word' id='word_1_215' title='bbox 3075 1487 3414 1561; x_wconf 85' lang='lat' dir='ltr'>sanguinem</span> <span class='ocrx_word' id='word_1_216' title='bbox 3440 1489 3560 1559; x_wconf 88' lang='lat' dir='ltr'>ejus</span> 
     </span>
    </p>
   </div>
   <div class='ocr_carea' id='block_1_28' title="bbox 1932 1582 3563 1655">
    <p class='ocr_par' dir='ltr' id='par_1_28' title="bbox 1932 1582 3563 1655">
     <span class='ocr_line' id='line_1_28' title="bbox 1932 1582 3563 1655; baseline -0.001 -17"><span class='ocrx_word' id='word_1_217' title='bbox 1932 1583 1991 1638; x_wconf 90' lang='lat' dir='ltr'>in</span> <span class='ocrx_word' id='word_1_218' title='bbox 2018 1582 2247 1638; x_wconf 86' lang='lat' dir='ltr'>calicem</span> <span class='ocrx_word' id='word_1_219' title='bbox 2272 1583 2601 1655; x_wconf 83' lang='lat' dir='ltr'>excipiendo</span> <span class='ocrx_word' id='word_1_220' title='bbox 2631 1583 2914 1655; x_wconf 88' lang='lat' dir='ltr'>colligere,</span> <span class='ocrx_word' id='word_1_221' title='bbox 2944 1586 3011 1638; x_wconf 90' lang='lat' dir='ltr'>ut</span> <span class='ocrx_word' id='word_1_222' title='bbox 3035 1582 3286 1638; x_wconf 89' lang='lat' dir='ltr'>veracius</span> <span class='ocrx_word' id='word_1_223' title='bbox 3312 1582 3563 1637; x_wconf 87' lang='lat' dir='ltr'>dicerent</span> 
     </span>
    </p>
   </div>
   <div class='ocr_carea' id='block_1_29' title="bbox 1931 1675 3562 1748">
    <p class='ocr_par' dir='ltr' id='par_1_29' title="bbox 1931 1675 3562 1748">
     <span class='ocr_line' id='line_1_29' title="bbox 1931 1675 3562 1748; baseline -0.001 -17"><span class='ocrx_word' id='word_1_224' title='bbox 1931 1677 2170 1732; x_wconf 89' lang='lat' dir='ltr'>verbum</span> <span class='ocrx_word' id='word_1_225' title='bbox 2198 1676 2418 1732; x_wconf 88' lang='lat' dir='ltr'>dicente</span> <span class='ocrx_word' id='word_1_226' title='bbox 2449 1677 2681 1732; x_wconf 90' lang='lat' dir='ltr'>Domino</span> <span class='ocrx_word' id='word_1_227' title='bbox 2720 1692 2947 1731; x_wconf 85' lang='lat' dir='ltr'>carnem</span> <span class='ocrx_word' id='word_1_228' title='bbox 2982 1676 3104 1748; x_wconf 89' lang='lat' dir='ltr'>ejus</span> <span class='ocrx_word' id='word_1_229' title='bbox 3142 1692 3261 1731; x_wconf 90' lang='lat' dir='ltr'>esse</span> <span class='ocrx_word' id='word_1_230' title='bbox 3288 1675 3478 1731; x_wconf 87' lang='lat' dir='ltr'>cibum</span> <span class='ocrx_word' id='word_1_231' title='bbox 3505 1678 3562 1730; x_wconf 90' lang='lat' dir='ltr'>et</span> 
     </span>
    </p>
   </div>
   <div class='ocr_carea' id='block_1_30' title="bbox 1931 1768 3562 1842">
    <p class='ocr_par' dir='ltr' id='par_1_30' title="bbox 1931 1768 3562 1842">
     <span class='ocr_line' id='line_1_30' title="bbox 1931 1768 3562 1842; baseline -0.001 -17"><span class='ocrx_word' id='word_1_232' title='bbox 1931 1770 2267 1842; x_wconf 87' lang='lat' dir='ltr'>sanguinem</span> <span class='ocrx_word' id='word_1_233' title='bbox 2286 1787 2402 1826; x_wconf 88' lang='lat' dir='ltr'>esse</span> <span class='ocrx_word' id='word_1_234' title='bbox 2427 1775 2647 1842; x_wconf 90' lang='lat' dir='ltr'>potum.</span> <span class='ocrx_word' id='word_1_235' title='bbox 2678 1772 2739 1825; x_wconf 88' lang='lat' dir='ltr'>In</span> <span class='ocrx_word' id='word_1_236' title='bbox 2766 1770 2871 1825; x_wconf 91' lang='lat' dir='ltr'>hac</span> <span class='ocrx_word' id='word_1_237' title='bbox 2899 1769 3279 1825; x_wconf 73' lang='lat' dir='ltr'>contractione</span> <span class='ocrx_word' id='word_1_238' title='bbox 3304 1768 3562 1825; x_wconf 88' lang='lat' dir='ltr'>sacerdos</span> 
     </span>
    </p>
   </div>
   <div class='ocr_carea' id='block_1_31' title="bbox 197 1851 3563 1936">
    <p class='ocr_par' dir='ltr' id='par_1_31' title="bbox 197 1851 3563 1936">
     <span class='ocr_line' id='line_1_31' title="bbox 197 1851 3563 1936; baseline 0.001 -22"><span class='ocrx_word' id='word_1_239' title='bbox 197 1876 395 1924; x_wconf 79' lang='lat' dir='ltr'>meum,</span> <span class='ocrx_word' id='word_1_240' title='bbox 424 1864 482 1915; x_wconf 88' lang='lat' dir='ltr'>et</span> <span class='ocrx_word' id='word_1_241' title='bbox 506 1861 576 1915; x_wconf 91' lang='lat' dir='ltr'>de</span> <span class='ocrx_word' id='word_1_242' title='bbox 600 1860 731 1915; x_wconf 90' lang='lat' dir='ltr'>vino</span> <span class='ocrx_word' id='word_1_243' title='bbox 762 1862 848 1916; x_wconf 83' lang='lat' dir='ltr'>hic</span> <span class='ocrx_word' id='word_1_244' title='bbox 868 1865 1092 1933; x_wconf 76' lang='lat' dir='ltr'>sanguis</span> <span class='ocrx_word' id='word_1_245' title='bbox 1120 1878 1266 1919; x_wconf 87' lang='lat' dir='ltr'>meus</span> <span class='ocrx_word' id='word_1_246' title='bbox 1294 1863 1510 1934; x_wconf 83' lang='lat' dir='ltr'>(Matth.</span> <span class='ocrx_word' id='word_1_247' title='bbox 1538 1880 1690 1931; x_wconf 71' lang='lat' dir='ltr'>xxvr,</span> <span class='ocrx_word' id='word_1_248' title='bbox 1717 1864 1826 1935; x_wconf 85' lang='lat'>26).</span> <span class='ocrx_word' id='word_1_249' title='bbox 1852 1851 1907 1922; x_wconf 85' lang='lat' dir='ltr'><strong>B</strong></span> <span class='ocrx_word' id='word_1_250' title='bbox 1932 1865 2050 1919; x_wconf 89' lang='lat' dir='ltr'>vult</span> <span class='ocrx_word' id='word_1_251' title='bbox 2071 1880 2301 1936; x_wconf 86' lang='lat' dir='ltr'>augere,</span> <span class='ocrx_word' id='word_1_252' title='bbox 2328 1864 2538 1920; x_wconf 88' lang='lat' dir='ltr'>ibidem</span> <span class='ocrx_word' id='word_1_253' title='bbox 2567 1864 2733 1919; x_wconf 88' lang='lat' dir='ltr'>debet</span> <span class='ocrx_word' id='word_1_254' title='bbox 2759 1863 3134 1936; x_wconf 87' lang='lat' dir='ltr'>addere,quia</span> <span class='ocrx_word' id='word_1_255' title='bbox 3157 1867 3293 1917; x_wconf 89' lang='lat' dir='ltr'>tunc</span> <span class='ocrx_word' id='word_1_256' title='bbox 3318 1862 3563 1917; x_wconf 61' lang='lat' dir='ltr'>caelestia</span> 
     </span>
    </p>
   </div>
   <div class='ocr_carea' id='block_1_32' title="bbox 198 1942 1831 2030">
    <p class='ocr_par' dir='ltr' id='par_1_32' title="bbox 198 1942 1831 2030">
     <span class='ocr_line' id='line_1_32' title="bbox 198 1942 1831 2030; baseline 0.001 -21"><span class='ocrx_word' id='word_1_257' title='bbox 198 1956 357 2026; x_wconf 84' lang='lat' dir='ltr'>Aqua</span> <span class='ocrx_word' id='word_1_258' title='bbox 390 1957 592 2010; x_wconf 85' lang='lat' dir='ltr'>autem</span> <span class='ocrx_word' id='word_1_259' title='bbox 632 1954 758 2010; x_wconf 92' lang='lat' dir='ltr'>ideo</span> <span class='ocrx_word' id='word_1_260' title='bbox 795 1955 1073 2026; x_wconf 90' lang='lat' dir='ltr'>miscitur,</span> <span class='ocrx_word' id='word_1_261' title='bbox 1126 1957 1214 2011; x_wconf 85' lang='lat' dir='ltr'>vel</span> <span class='ocrx_word' id='word_1_262' title='bbox 1257 1956 1392 2029; x_wconf 88' lang='lat' dir='ltr'>quia</span> <span class='ocrx_word' id='word_1_263' title='bbox 1431 1942 1590 2012; x_wconf 79' lang='lat' dir='ltr'>decet</span> <span class='ocrx_word' id='word_1_264' title='bbox 1622 1957 1831 2030; x_wconf 91' lang='lat' dir='ltr'>populo</span> 
     </span>
    </p>
   </div>
   <div class='ocr_carea' id='block_1_33' title="bbox 200 2047 1833 2122">
    <p class='ocr_par' dir='ltr' id='par_1_33' title="bbox 200 2047 1833 2122">
     <span class='ocr_line' id='line_1_33' title="bbox 200 2047 1833 2122; baseline 0.002 -20"><span class='ocrx_word' id='word_1_265' title='bbox 200 2047 426 2103; x_wconf 87' lang='lat' dir='ltr'>unitum</span> <span class='ocrx_word' id='word_1_266' title='bbox 458 2064 579 2103; x_wconf 89' lang='lat' dir='ltr'>esse</span> <span class='ocrx_word' id='word_1_267' title='bbox 606 2064 739 2103; x_wconf 91' lang='lat' dir='ltr'>cum</span> <span class='ocrx_word' id='word_1_268' title='bbox 763 2048 1022 2119; x_wconf 89' lang='lat' dir='ltr'>Domino,</span> <span class='ocrx_word' id='word_1_269' title='bbox 1051 2050 1140 2106; x_wconf 90' lang='lat' dir='ltr'>vel</span> <span class='ocrx_word' id='word_1_270' title='bbox 1169 2053 1303 2122; x_wconf 86' lang='lat' dir='ltr'>quia</span> <span class='ocrx_word' id='word_1_271' title='bbox 1331 2050 1400 2105; x_wconf 91' lang='lat' dir='ltr'>de</span> <span class='ocrx_word' id='word_1_272' title='bbox 1426 2049 1601 2105; x_wconf 87' lang='lat' dir='ltr'>latere</span> <span class='ocrx_word' id='word_1_273' title='bbox 1626 2049 1833 2106; x_wconf 89' lang='lat' dir='ltr'>Christi</span> 
     </span>
    </p>
   </div>
   <div class='ocr_carea' id='block_1_34' title="bbox 198 2141 1833 2215">
    <p class='ocr_par' dir='ltr' id='par_1_34' title="bbox 198 2141 1833 2215">
     <span class='ocr_line' id='line_1_34' title="bbox 198 2141 1833 2215; baseline 0.002 -19"><span class='ocrx_word' id='word_1_274' title='bbox 198 2141 252 2196; x_wconf 91' lang='lat' dir='ltr'>in</span> <span class='ocrx_word' id='word_1_275' title='bbox 276 2157 451 2197; x_wconf 88' lang='lat' dir='ltr'>cruce</span> <span class='ocrx_word' id='word_1_276' title='bbox 491 2142 721 2214; x_wconf 87' lang='lat' dir='ltr'>sanguis</span> <span class='ocrx_word' id='word_1_277' title='bbox 744 2142 992 2197; x_wconf 88' lang='lat' dir='ltr'>manavit</span> <span class='ocrx_word' id='word_1_278' title='bbox 1015 2146 1071 2198; x_wconf 90' lang='lat' dir='ltr'>et</span> <span class='ocrx_word' id='word_1_279' title='bbox 1094 2159 1263 2215; x_wconf 88' lang='lat' dir='ltr'>aqua,</span> <span class='ocrx_word' id='word_1_280' title='bbox 1293 2147 1350 2199; x_wconf 92' lang='lat' dir='ltr'>et</span> <span class='ocrx_word' id='word_1_281' title='bbox 1380 2159 1564 2199; x_wconf 90' lang='lat' dir='ltr'>unum</span> <span class='ocrx_word' id='word_1_282' title='bbox 1599 2144 1833 2199; x_wconf 89' lang='lat' dir='ltr'>munde-</span> 
     </span>
    </p>
   </div>
   <div class='ocr_carea' id='block_1_35' title="bbox 197 2234 1833 2310">
    <p class='ocr_par' dir='ltr' id='par_1_35' title="bbox 197 2234 1833 2310">
     <span class='ocr_line' id='line_1_35' title="bbox 197 2234 1833 2310; baseline 0.001 -20"><span class='ocrx_word' id='word_1_283' title='bbox 197 2250 325 2290; x_wconf 87' lang='lat' dir='ltr'>mur</span> <span class='ocrx_word' id='word_1_284' title='bbox 366 2251 399 2289; x_wconf 92' lang='lat' dir='ltr'>a</span> <span class='ocrx_word' id='word_1_285' title='bbox 444 2234 573 2292; x_wconf 84' lang='lat' dir='ltr'>labe</span> <span class='ocrx_word' id='word_1_286' title='bbox 611 2235 933 2308; x_wconf 88' lang='lat' dir='ltr'>culparum,</span> <span class='ocrx_word' id='word_1_287' title='bbox 976 2235 1085 2291; x_wconf 88' lang='lat' dir='ltr'>alio</span> <span class='ocrx_word' id='word_1_288' title='bbox 1125 2251 1518 2310; x_wconf 67' lang='lat' dir='ltr'>praeparemur</span> <span class='ocrx_word' id='word_1_289' title='bbox 1547 2237 1618 2293; x_wconf 92' lang='lat' dir='ltr'>ad</span> <span class='ocrx_word' id='word_1_290' title='bbox 1656 2254 1833 2310; x_wconf 87' lang='lat' dir='ltr'>regna</span> 
     </span>
    </p>
   </div>
   <div class='ocr_carea' id='block_1_36' title="bbox 202 2329 495 2384">
    <p class='ocr_par' dir='ltr' id='par_1_36' title="bbox 202 2329 495 2384">
     <span class='ocr_line' id='line_1_36' title="bbox 202 2329 495 2384; baseline 0.003 -1"><span class='ocrx_word' id='word_1_291' title='bbox 202 2329 470 2384; x_wconf 67' lang='lat' dir='ltr'>caelorum</span> <span class='ocrx_word' id='word_1_292' title='bbox 481 2371 495 2383; x_wconf 94' lang='lat'>.</span> 
     </span>
    </p>
   </div>
   <div class='ocr_carea' id='block_1_37' title="bbox 265 2424 1831 2493">
    <p class='ocr_par' dir='ltr' id='par_1_37' title="bbox 265 2424 1831 2493">
     <span class='ocr_line' id='line_1_37' title="bbox 265 2424 1831 2493; baseline 0.001 -15"><span class='ocrx_word' id='word_1_293' title='bbox 265 2425 478 2478; x_wconf 86' lang='lat' dir='ltr'>Patena</span> <span class='ocrx_word' id='word_1_294' title='bbox 510 2426 705 2478; x_wconf 89' lang='lat' dir='ltr'>autem</span> <span class='ocrx_word' id='word_1_295' title='bbox 758 2426 987 2479; x_wconf 87' lang='lat' dir='ltr'>vocatur</span> <span class='ocrx_word' id='word_1_296' title='bbox 1035 2424 1136 2480; x_wconf 92' lang='lat' dir='ltr'>ubi</span> <span class='ocrx_word' id='word_1_297' title='bbox 1190 2427 1549 2480; x_wconf 89' lang='lat' dir='ltr'>consecratur</span> <span class='ocrx_word' id='word_1_298' title='bbox 1605 2425 1831 2493; x_wconf 87' lang='lat' dir='ltr'>oblatio,</span> 
     </span>
    </p>
   </div>
   <div class='ocr_carea' id='block_1_38' title="bbox 203 2516 1835 2590">
    <p class='ocr_par' dir='ltr' id='par_1_38' title="bbox 203 2516 1835 2590">
     <span class='ocr_line' id='line_1_38' title="bbox 203 2516 1835 2590; baseline 0.001 -19"><span class='ocrx_word' id='word_1_299' title='bbox 203 2516 328 2590; x_wconf 84' lang='lat' dir='ltr'>quia</span> <span class='ocrx_word' id='word_1_300' title='bbox 373 2516 719 2588; x_wconf 80' lang='lat' dir='ltr'>mysterium</span> <span class='ocrx_word' id='word_1_301' title='bbox 768 2517 1136 2573; x_wconf 80' lang='lat' dir='ltr'>Eucharistiae</span> <span class='ocrx_word' id='word_1_302' title='bbox 1188 2518 1251 2573; x_wconf 92' lang='lat' dir='ltr'>iu</span> <span class='ocrx_word' id='word_1_303' title='bbox 1300 2518 1835 2574; x_wconf 84' lang='lat' dir='ltr'>commemoratione</span> 
     </span>
    </p>
   </div>
   <div class='ocr_carea' id='block_1_39' title="bbox 203 2609 1837 2682">
    <p class='ocr_par' dir='ltr' id='par_1_39' title="bbox 203 2609 1837 2682">
     <span class='ocr_line' id='line_1_39' title="bbox 203 2609 1837 2682; baseline 0.002 -19"><span class='ocrx_word' id='word_1_304' title='bbox 203 2609 433 2666; x_wconf 71' lang='lat' dir='ltr'>offertur</span> <span class='ocrx_word' id='word_1_305' title='bbox 479 2609 754 2682; x_wconf 87' lang='lat' dir='ltr'>passionis</span> <span class='ocrx_word' id='word_1_306' title='bbox 805 2610 1048 2667; x_wconf 89' lang='lat' dir='ltr'>Domini.</span> <span class='ocrx_word' id='word_1_307' title='bbox 1088 2611 1236 2667; x_wconf 89' lang='lat' dir='ltr'>Palla</span> <span class='ocrx_word' id='word_1_308' title='bbox 1280 2628 1413 2667; x_wconf 90' lang='lat' dir='ltr'>vero</span> <span class='ocrx_word' id='word_1_309' title='bbox 1455 2611 1737 2668; x_wconf 87' lang='lat' dir='ltr'>linostima</span> <span class='ocrx_word' id='word_1_310' title='bbox 1775 2611 1837 2667; x_wconf 91' lang='lat' dir='ltr'>in</span> 
     </span>
    </p>
   </div>
   <div class='ocr_carea' id='block_1_40' title="bbox 200 2703 1838 2777">
    <p class='ocr_par' dir='ltr' id='par_1_40' title="bbox 200 2703 1838 2777">
     <span class='ocr_line' id='line_1_40' title="bbox 200 2703 1838 2777; baseline 0.001 -18"><span class='ocrx_word' id='word_1_311' title='bbox 200 2703 348 2759; x_wconf 87' lang='lat' dir='ltr'>illius</span> <span class='ocrx_word' id='word_1_312' title='bbox 368 2704 697 2760; x_wconf 87' lang='lat' dir='ltr'>indumenti</span> <span class='ocrx_word' id='word_1_313' title='bbox 719 2706 872 2760; x_wconf 90' lang='lat' dir='ltr'>tenet</span> <span class='ocrx_word' id='word_1_314' title='bbox 895 2704 1318 2777; x_wconf 47' lang='lat' dir='ltr'>ﬁguramﬁquia</span> <span class='ocrx_word' id='word_1_315' title='bbox 1337 2705 1397 2760; x_wconf 92' lang='lat' dir='ltr'>in</span> <span class='ocrx_word' id='word_1_316' title='bbox 1414 2723 1553 2777; x_wconf 87' lang='lat' dir='ltr'>gyro</span> <span class='ocrx_word' id='word_1_317' title='bbox 1578 2710 1838 2761; x_wconf 87' lang='lat' dir='ltr'>contexta</span> 
     </span>
    </p>
   </div>
   <div class='ocr_carea' id='block_1_41' title="bbox 204 2797 1860 2867">
    <p class='ocr_par' dir='ltr' id='par_1_41' title="bbox 204 2797 1860 2867">
     <span class='ocr_line' id='line_1_41' title="bbox 204 2797 1860 2867; baseline 0.002 -17"><span class='ocrx_word' id='word_1_318' title='bbox 204 2814 234 2850; x_wconf 83' lang='lat' dir='ltr'>a</span> <span class='ocrx_word' id='word_1_319' title='bbox 271 2797 548 2852; x_wconf 88' lang='lat' dir='ltr'>militibus</span> <span class='ocrx_word' id='word_1_320' title='bbox 577 2813 693 2853; x_wconf 94' lang='lat' dir='ltr'>non</span> <span class='ocrx_word' id='word_1_321' title='bbox 736 2797 849 2853; x_wconf 90' lang='lat' dir='ltr'>fuit</span> <span class='ocrx_word' id='word_1_322' title='bbox 890 2798 1085 2867; x_wconf 87' lang='lat' dir='ltr'>divisa,</span> <span class='ocrx_word' id='word_1_323' title='bbox 1126 2799 1315 2855; x_wconf 76' lang='lat' dir='ltr'>ionica</span> <span class='ocrx_word' id='word_1_324' title='bbox 1357 2797 1568 2854; x_wconf 89' lang='lat' dir='ltr'>scilicet</span> <span class='ocrx_word' id='word_1_325' title='bbox 1609 2799 1860 2853; x_wconf 65' lang='lat' dir='ltr'>Christi.”</span> 
     </span>
    </p>
   </div>
   <div class='ocr_carea' id='block_1_42' title="bbox 157 2890 1840 2964">
    <p class='ocr_par' dir='ltr' id='par_1_42' title="bbox 157 2890 1840 2964">
     <span class='ocr_line' id='line_1_42' title="bbox 157 2890 1840 2964; baseline 0.002 -21"><span class='ocrx_word' id='word_1_326' title='bbox 157 2924 186 2943; x_wconf 67' lang='grc' dir='ltr'><strong><em>ρ</em></strong></span> <span class='ocrx_word' id='word_1_327' title='bbox 203 2890 512 2963; x_wconf 85' lang='lat' dir='ltr'>Corporalis</span> <span class='ocrx_word' id='word_1_328' title='bbox 540 2907 676 2946; x_wconf 85' lang='lat' dir='ltr'>vero</span> <span class='ocrx_word' id='word_1_329' title='bbox 701 2891 849 2963; x_wconf 88' lang='lat' dir='ltr'>palla</span> <span class='ocrx_word' id='word_1_330' title='bbox 873 2890 999 2946; x_wconf 89' lang='lat' dir='ltr'>ideo</span> <span class='ocrx_word' id='word_1_331' title='bbox 1024 2908 1172 2963; x_wconf 90' lang='lat' dir='ltr'>pura</span> <span class='ocrx_word' id='word_1_332' title='bbox 1190 2892 1328 2947; x_wconf 86' lang='lat' dir='ltr'>linia</span> <span class='ocrx_word' id='word_1_333' title='bbox 1357 2897 1441 2948; x_wconf 91' lang='lat' dir='ltr'>est</span> <span class='ocrx_word' id='word_1_334' title='bbox 1466 2908 1637 2964; x_wconf 91' lang='lat' dir='ltr'>super</span> <span class='ocrx_word' id='word_1_335' title='bbox 1664 2908 1840 2963; x_wconf 89' lang='lat' dir='ltr'>quam</span> 
     </span>
    </p>
   </div>
   <div class='ocr_carea' id='block_1_43' title="bbox 192 2983 1837 3058">
    <p class='ocr_par' dir='ltr' id='par_1_43' title="bbox 192 2983 1837 3058">
     <span class='ocr_line' id='line_1_43' title="bbox 192 2983 1837 3058; baseline -0.001 -17"><span class='ocrx_word' id='word_1_336' title='bbox 192 2983 400 3041; x_wconf 85' lang='lat' dir='ltr'>oblatio</span> <span class='ocrx_word' id='word_1_337' title='bbox 426 2984 680 3055; x_wconf 87' lang='lat' dir='ltr'>ponitur,</span> <span class='ocrx_word' id='word_1_338' title='bbox 708 2984 841 3058; x_wconf 88' lang='lat' dir='ltr'>quia</span> <span class='ocrx_word' id='word_1_339' title='bbox 877 3001 1080 3057; x_wconf 91' lang='lat' dir='ltr'>corpus</span> <span class='ocrx_word' id='word_1_340' title='bbox 1109 2985 1329 3040; x_wconf 89' lang='lat' dir='ltr'>Domini</span> <span class='ocrx_word' id='word_1_341' title='bbox 1366 2985 1523 3057; x_wconf 88' lang='lat' dir='ltr'>puris</span> <span class='ocrx_word' id='word_1_342' title='bbox 1552 2985 1837 3041; x_wconf 87' lang='lat' dir='ltr'>linteami-</span> 
     </span>
    </p>
   </div>
   <div class='ocr_carea' id='block_1_44' title="bbox 204 3077 1836 3135">
    <p class='ocr_par' dir='ltr' id='par_1_44' title="bbox 204 3077 1836 3135">
     <span class='ocr_line' id='line_1_44' title="bbox 204 3077 1836 3135; baseline 0.002 -4"><span class='ocrx_word' id='word_1_343' title='bbox 204 3077 361 3132; x_wconf 86' lang='lat' dir='ltr'>nibus</span> <span class='ocrx_word' id='word_1_344' title='bbox 401 3094 538 3133; x_wconf 87' lang='lat' dir='ltr'>cum</span> <span class='ocrx_word' id='word_1_345' title='bbox 579 3077 927 3134; x_wconf 88' lang='lat' dir='ltr'>aromatibus</span> <span class='ocrx_word' id='word_1_346' title='bbox 973 3078 1083 3133; x_wconf 89' lang='lat' dir='ltr'>fuit</span> <span class='ocrx_word' id='word_1_347' title='bbox 1122 3079 1454 3134; x_wconf 89' lang='lat' dir='ltr'>obvolutum</span> <span class='ocrx_word' id='word_1_348' title='bbox 1497 3079 1558 3133; x_wconf 91' lang='lat' dir='ltr'>in</span> <span class='ocrx_word' id='word_1_349' title='bbox 1594 3080 1836 3135; x_wconf 90' lang='lat' dir='ltr'>tumulo.</span> 
     </span>
    </p>
   </div>
   <div class='ocr_carea' id='block_1_45' title="bbox 203 3170 1836 3244">
    <p class='ocr_par' dir='ltr' id='par_1_45' title="bbox 203 3170 1836 3244">
     <span class='ocr_line' id='line_1_45' title="bbox 203 3170 1836 3244; baseline 0.001 -18"><span class='ocrx_word' id='word_1_350' title='bbox 203 3170 545 3244; x_wconf 86' lang='lat' dir='ltr'>Coopertum</span> <span class='ocrx_word' id='word_1_351' title='bbox 597 3187 731 3227; x_wconf 89' lang='lat' dir='ltr'>vero</span> <span class='ocrx_word' id='word_1_352' title='bbox 792 3175 1277 3228; x_wconf 88' lang='lat' dir='ltr'>sacramentorum</span> <span class='ocrx_word' id='word_1_353' title='bbox 1329 3173 1456 3228; x_wconf 91' lang='lat' dir='ltr'>ideo</span> <span class='ocrx_word' id='word_1_354' title='bbox 1510 3176 1836 3241; x_wconf 86' lang='lat' dir='ltr'>exornatur,</span> 
     </span>
    </p>
   </div>
   <div class='ocr_carea' id='block_1_46' title="bbox 207 3265 1836 3338">
    <p class='ocr_par' dir='ltr' id='par_1_46' title="bbox 207 3265 1836 3338">
     <span class='ocr_line' id='line_1_46' title="bbox 207 3265 1836 3338; baseline 0.001 -18"><span class='ocrx_word' id='word_1_355' title='bbox 207 3265 331 3338; x_wconf 85' lang='lat' dir='ltr'>quia</span> <span class='ocrx_word' id='word_1_356' title='bbox 359 3265 557 3320; x_wconf 87' lang='lat' dir='ltr'>omnia</span> <span class='ocrx_word' id='word_1_357' title='bbox 583 3269 917 3321; x_wconf 82' lang='lat' dir='ltr'>ornamenta</span> <span class='ocrx_word' id='word_1_358' title='bbox 943 3266 1217 3338; x_wconf 64' lang='lat' dir='ltr'>praecellit</span> <span class='ocrx_word' id='word_1_359' title='bbox 1244 3266 1583 3322; x_wconf 87' lang='lat' dir='ltr'>resurrectio</span> <span class='ocrx_word' id='word_1_360' title='bbox 1609 3266 1836 3337; x_wconf 87' lang='lat' dir='ltr'>Christi,</span> 
     </span>
    </p>
   </div>
   <div class='ocr_carea' id='block_1_47' title="bbox 206 3359 1838 3433">
    <p class='ocr_par' dir='ltr' id='par_1_47' title="bbox 206 3359 1838 3433">
     <span class='ocr_line' id='line_1_47' title="bbox 206 3359 1838 3433; baseline 0.002 -22"><span class='ocrx_word' id='word_1_361' title='bbox 206 3359 287 3414; x_wconf 80' lang='lat' dir='ltr'>vel</span> <span class='ocrx_word' id='word_1_362' title='bbox 313 3376 544 3414; x_wconf 87' lang='lat' dir='ltr'>camara</span> <span class='ocrx_word' id='word_1_363' title='bbox 572 3359 692 3413; x_wconf 81' lang='lat' dir='ltr'>caeli</span> <span class='ocrx_word' id='word_1_364' title='bbox 718 3376 847 3431; x_wconf 78' lang='lat' dir='ltr'>quae</span> <span class='ocrx_word' id='word_1_365' title='bbox 875 3375 1029 3415; x_wconf 91' lang='lat' dir='ltr'>nunc</span> <span class='ocrx_word' id='word_1_366' title='bbox 1054 3359 1362 3415; x_wconf 90' lang='lat' dir='ltr'>Dominum</span> <span class='ocrx_word' id='word_1_367' title='bbox 1387 3362 1542 3433; x_wconf 90' lang='lat' dir='ltr'>teget</span> <span class='ocrx_word' id='word_1_368' title='bbox 1568 3360 1638 3415; x_wconf 91' lang='lat' dir='ltr'>ab</span> <span class='ocrx_word' id='word_1_369' title='bbox 1659 3360 1838 3415; x_wconf 91' lang='lat' dir='ltr'>oculis</span> 
     </span>
    </p>
   </div>
   <div class='ocr_carea' id='block_1_48' title="bbox 204 3452 1836 3526">
    <p class='ocr_par' dir='ltr' id='par_1_48' title="bbox 204 3452 1836 3526">
     <span class='ocr_line' id='line_1_48' title="bbox 204 3452 1836 3526; baseline 0.001 -19"><span class='ocrx_word' id='word_1_370' title='bbox 204 3454 425 3509; x_wconf 87' lang='lat' dir='ltr'>nostris.</span> <span class='ocrx_word' id='word_1_371' title='bbox 455 3452 691 3508; x_wconf 89' lang='lat' dir='ltr'>Siricum</span> <span class='ocrx_word' id='word_1_372' title='bbox 719 3457 909 3508; x_wconf 90' lang='lat' dir='ltr'>autem</span> <span class='ocrx_word' id='word_1_373' title='bbox 950 3456 1202 3523; x_wconf 89' lang='lat' dir='ltr'>ornatur,</span> <span class='ocrx_word' id='word_1_374' title='bbox 1236 3456 1337 3508; x_wconf 88' lang='lat' dir='ltr'>aut</span> <span class='ocrx_word' id='word_1_375' title='bbox 1371 3470 1529 3524; x_wconf 90' lang='lat' dir='ltr'>auro,</span> <span class='ocrx_word' id='word_1_376' title='bbox 1558 3453 1646 3509; x_wconf 91' lang='lat' dir='ltr'>vel</span> <span class='ocrx_word' id='word_1_377' title='bbox 1676 3470 1836 3526; x_wconf 90' lang='lat' dir='ltr'>gem-</span> 
     </span>
    </p>
   </div>
   <div class='ocr_carea' id='block_1_49' title="bbox 207 3538 1837 3619">
    <p class='ocr_par' dir='ltr' id='par_1_49' title="bbox 207 3538 1837 3619">
     <span class='ocr_line' id='line_1_49' title="bbox 207 3538 1837 3619; baseline 0 -18"><span class='ocrx_word' id='word_1_378' title='bbox 207 3546 324 3614; x_wconf 87' lang='lat' dir='ltr'>mis,</span> <span class='ocrx_word' id='word_1_379' title='bbox 352 3547 491 3619; x_wconf 88' lang='lat' dir='ltr'>quia</span> <span class='ocrx_word' id='word_1_380' title='bbox 522 3546 792 3601; x_wconf 89' lang='lat' dir='ltr'>Dominus</span> <span class='ocrx_word' id='word_1_381' title='bbox 816 3548 1018 3618; x_wconf 74' lang='lat' dir='ltr'>Moyses</span> <span class='ocrx_word' id='word_1_382' title='bbox 1044 3546 1103 3602; x_wconf 89' lang='lat' dir='ltr'>in</span> <span class='ocrx_word' id='word_1_383' title='bbox 1144 3546 1509 3602; x_wconf 88' lang='lat' dir='ltr'>tabernaculo</span> <span class='ocrx_word' id='word_1_384' title='bbox 1537 3546 1661 3601; x_wconf 89' lang='lat' dir='ltr'>ﬁeri</span> <span class='ocrx_word' id='word_1_385' title='bbox 1684 3538 1837 3603; x_wconf 82' lang='lat' dir='ltr'>vela-</span> 
     </span>
    </p>
   </div>
   <div class='ocr_carea' id='block_1_50' title="bbox 206 3639 1840 3712">
    <p class='ocr_par' dir='ltr' id='par_1_50' title="bbox 206 3639 1840 3712">
     <span class='ocr_line' id='line_1_50' title="bbox 206 3639 1840 3712; baseline 0.001 -17"><span class='ocrx_word' id='word_1_386' title='bbox 206 3640 351 3695; x_wconf 85' lang='lat' dir='ltr'>mina</span> <span class='ocrx_word' id='word_1_387' title='bbox 386 3639 563 3711; x_wconf 87' lang='lat' dir='ltr'>jussit</span> <span class='ocrx_word' id='word_1_388' title='bbox 588 3656 657 3695; x_wconf 88' lang='lat' dir='ltr'>ex</span> <span class='ocrx_word' id='word_1_389' title='bbox 682 3655 842 3710; x_wconf 91' lang='lat' dir='ltr'>auro,</span> <span class='ocrx_word' id='word_1_390' title='bbox 874 3640 1131 3708; x_wconf 87' lang='lat' dir='ltr'>iacincto,</span> <span class='ocrx_word' id='word_1_391' title='bbox 1163 3644 1219 3696; x_wconf 91' lang='lat' dir='ltr'>et</span> <span class='ocrx_word' id='word_1_392' title='bbox 1257 3656 1532 3712; x_wconf 89' lang='lat' dir='ltr'>purpura,</span> <span class='ocrx_word' id='word_1_393' title='bbox 1563 3656 1840 3712; x_wconf 91' lang='lat' dir='ltr'>coccoque</span> 
     </span>
    </p>
   </div>
   <div class='ocr_carea' id='block_1_51' title="bbox 203 3732 1843 3806">
    <p class='ocr_par' dir='ltr' id='par_1_51' title="bbox 203 3732 1843 3806">
     <span class='ocr_line' id='line_1_51' title="bbox 203 3732 1843 3806; baseline 0 -19"><span class='ocrx_word' id='word_1_394' title='bbox 203 3732 285 3788; x_wconf 85' lang='lat' dir='ltr'>bis</span> <span class='ocrx_word' id='word_1_395' title='bbox 304 3733 488 3789; x_wconf 85' lang='lat' dir='ltr'>tincto</span> <span class='ocrx_word' id='word_1_396' title='bbox 512 3738 570 3789; x_wconf 87' lang='lat' dir='ltr'>et</span> <span class='ocrx_word' id='word_1_397' title='bbox 594 3733 756 3805; x_wconf 86' lang='lat' dir='ltr'>bysso</span> <span class='ocrx_word' id='word_1_398' title='bbox 782 3735 995 3789; x_wconf 88' lang='lat' dir='ltr'>retorta</span> <span class='ocrx_word' id='word_1_399' title='bbox 1024 3750 1038 3788; x_wconf 90' lang='lat'>:</span> <span class='ocrx_word' id='word_1_400' title='bbox 1071 3733 1205 3805; x_wconf 87' lang='lat' dir='ltr'>quia</span> <span class='ocrx_word' id='word_1_401' title='bbox 1232 3733 1425 3789; x_wconf 91' lang='lat' dir='ltr'>omnia</span> <span class='ocrx_word' id='word_1_402' title='bbox 1449 3732 1540 3788; x_wconf 88' lang='lat' dir='ltr'>illa</span> <span class='ocrx_word' id='word_1_403' title='bbox 1575 3732 1843 3806; x_wconf 88' lang='lat' dir='ltr'>mysteria</span> 
     </span>
    </p>
   </div>
   <div class='ocr_carea' id='block_1_52' title="bbox 210 3826 1258 3899">
    <p class='ocr_par' dir='ltr' id='par_1_52' title="bbox 210 3826 1258 3899">
     <span class='ocr_line' id='line_1_52' title="bbox 210 3826 1258 3899; baseline 0 -17"><span class='ocrx_word' id='word_1_404' title='bbox 210 3827 263 3882; x_wconf 85' lang='lat' dir='ltr'>in</span> <span class='ocrx_word' id='word_1_405' title='bbox 288 3826 501 3883; x_wconf 86' lang='lat' dir='ltr'>Christi</span> <span class='ocrx_word' id='word_1_406' title='bbox 530 3831 946 3899; x_wconf 58' lang='lat' dir='ltr'>pracesserunt</span> <span class='ocrx_word' id='word_1_407' title='bbox 971 3826 1258 3898; x_wconf 87' lang='lat' dir='ltr'>stigmata.</span> 
     </span>
    </p>
   </div>
   <div class='ocr_carea' id='block_1_53' title="bbox 272 3919 1838 3991">
    <p class='ocr_par' dir='ltr' id='par_1_53' title="bbox 272 3919 1838 3991">
     <span class='ocr_line' id='line_1_53' title="bbox 272 3919 1838 3991; baseline -0.002 -15"><span class='ocrx_word' id='word_1_408' title='bbox 272 3921 491 3977; x_wconf 83' lang='lat' dir='ltr'>Laudes</span> <span class='ocrx_word' id='word_1_409' title='bbox 516 3923 729 3991; x_wconf 89' lang='lat' dir='ltr'>autem,</span> <span class='ocrx_word' id='word_1_410' title='bbox 759 3920 868 3975; x_wconf 91' lang='lat' dir='ltr'>hoc</span> <span class='ocrx_word' id='word_1_411' title='bbox 896 3922 982 3975; x_wconf 92' lang='lat' dir='ltr'>est</span> <span class='ocrx_word' id='word_1_412' title='bbox 1005 3919 1261 3976; x_wconf 82' lang='lat' dir='ltr'>Alleluia.</span> <span class='ocrx_word' id='word_1_413' title='bbox 1292 3919 1574 3976; x_wconf 76' lang='lat' dir='ltr'>Iohannes</span> <span class='ocrx_word' id='word_1_414' title='bbox 1598 3919 1658 3974; x_wconf 92' lang='lat' dir='ltr'>in</span> <span class='ocrx_word' id='word_1_415' title='bbox 1688 3921 1838 3991; x_wconf 79' lang='lat' dir='ltr'>Apo-</span> 
     </span>
    </p>
   </div>
   <div class='ocr_carea' id='block_1_54' title="bbox 208 4012 1841 4088">
    <p class='ocr_par' dir='ltr' id='par_1_54' title="bbox 208 4012 1841 4088">
     <span class='ocr_line' id='line_1_54' title="bbox 208 4012 1841 4088; baseline -0.001 -19"><span class='ocrx_word' id='word_1_416' title='bbox 208 4014 414 4088; x_wconf 83' lang='lat' dir='ltr'>calypsi</span> <span class='ocrx_word' id='word_1_417' title='bbox 453 4018 579 4086; x_wconf 88' lang='lat' dir='ltr'>post</span> <span class='ocrx_word' id='word_1_418' title='bbox 624 4013 1097 4070; x_wconf 86' lang='lat' dir='ltr'>resurrectionem</span> <span class='ocrx_word' id='word_1_419' title='bbox 1145 4012 1361 4069; x_wconf 90' lang='lat' dir='ltr'>audivit</span> <span class='ocrx_word' id='word_1_420' title='bbox 1402 4012 1660 4085; x_wconf 89' lang='lat' dir='ltr'>psallere.</span> <span class='ocrx_word' id='word_1_421' title='bbox 1715 4013 1841 4069; x_wconf 85' lang='lat' dir='ltr'>Ideo</span> 
     </span>
    </p>
   </div>
   <div class='ocr_carea' id='block_1_55' title="bbox 203 4105 1838 4179">
    <p class='ocr_par' dir='ltr' id='par_1_55' title="bbox 203 4105 1838 4179">
     <span class='ocr_line' id='line_1_55' title="bbox 203 4105 1838 4179; baseline -0.001 -16"><span class='ocrx_word' id='word_1_422' title='bbox 203 4107 339 4163; x_wconf 87' lang='lat' dir='ltr'>hora</span> <span class='ocrx_word' id='word_1_423' title='bbox 377 4106 476 4163; x_wconf 87' lang='lat' dir='ltr'>illa</span> <span class='ocrx_word' id='word_1_424' title='bbox 504 4106 730 4162; x_wconf 87' lang='lat' dir='ltr'>Domini</span> <span class='ocrx_word' id='word_1_425' title='bbox 766 4107 948 4179; x_wconf 90' lang='lat' dir='ltr'>palleo</span> <span class='ocrx_word' id='word_1_426' title='bbox 977 4106 1137 4179; x_wconf 88' lang='lat' dir='ltr'>quasi</span> <span class='ocrx_word' id='word_1_427' title='bbox 1164 4106 1418 4162; x_wconf 87' lang='lat' dir='ltr'>Christus</span> <span class='ocrx_word' id='word_1_428' title='bbox 1447 4105 1656 4179; x_wconf 82' lang='lat' dir='ltr'>tegitur</span> <span class='ocrx_word' id='word_1_429' title='bbox 1680 4106 1838 4173; x_wconf 64' lang='lat' dir='ltr'>caelo,</span> 
     </span>
    </p>
   </div>
   <div class='ocr_carea' id='block_1_56' title="bbox 204 4200 1842 4274">
    <p class='ocr_par' dir='ltr' id='par_1_56' title="bbox 204 4200 1842 4274">
     <span class='ocr_line' id='line_1_56' title="bbox 204 4200 1842 4274; baseline -0.002 -16"><span class='ocrx_word' id='word_1_430' title='bbox 204 4201 446 4258; x_wconf 82' lang='lat' dir='ltr'>Ecclesia</span> <span class='ocrx_word' id='word_1_431' title='bbox 486 4201 629 4256; x_wconf 81' lang='lat' dir='ltr'>solet</span> <span class='ocrx_word' id='word_1_432' title='bbox 659 4201 983 4274; x_wconf 87' lang='lat' dir='ltr'>angelicum</span> <span class='ocrx_word' id='word_1_433' title='bbox 1026 4200 1345 4256; x_wconf 77' lang='lat' dir='ltr'>canticum‘</span> <span class='ocrx_word' id='word_1_434' title='bbox 1392 4218 1407 4256; x_wconf 91' lang='lat'><strong>:</strong></span> <span class='ocrx_word' id='word_1_435' title='bbox 1450 4200 1602 4272; x_wconf 90' lang='lat' dir='ltr'>quod</span> <span class='ocrx_word' id='word_1_436' title='bbox 1649 4204 1842 4255; x_wconf 89' lang='lat' dir='ltr'>autem</span> 
     </span>
    </p>
   </div>
   <div class='ocr_carea' id='block_1_57' title="bbox 203 4293 1843 4368">
    <p class='ocr_par' dir='ltr' id='par_1_57' title="bbox 203 4293 1843 4368">
     <span class='ocr_line' id='line_1_57' title="bbox 203 4293 1843 4368; baseline -0.002 -16"><span class='ocrx_word' id='word_1_437' title='bbox 203 4295 371 4352; x_wconf 84' lang='lat' dir='ltr'>habet</span> <span class='ocrx_word' id='word_1_438' title='bbox 397 4296 522 4368; x_wconf 88' lang='lat' dir='ltr'>ipsa</span> <span class='ocrx_word' id='word_1_439' title='bbox 547 4295 787 4351; x_wconf 73' lang='lat' dir='ltr'>Alleluia</span> <span class='ocrx_word' id='word_1_440' title='bbox 815 4295 1000 4367; x_wconf 87' lang='lat' dir='ltr'>prima</span> <span class='ocrx_word' id='word_1_441' title='bbox 1030 4299 1086 4350; x_wconf 94' lang='lat' dir='ltr'>et</span> <span class='ocrx_word' id='word_1_442' title='bbox 1109 4294 1354 4350; x_wconf 81' lang='lat' dir='ltr'>secunda</span> <span class='ocrx_word' id='word_1_443' title='bbox 1380 4298 1436 4349; x_wconf 88' lang='lat' dir='ltr'>et</span> <span class='ocrx_word' id='word_1_444' title='bbox 1460 4293 1626 4349; x_wconf 89' lang='lat' dir='ltr'>tertia</span> <span class='ocrx_word' id='word_1_445' title='bbox 1654 4293 1843 4366; x_wconf 87' lang='lat' dir='ltr'>signat</span> 
     </span>
    </p>
   </div>
   <div class='ocr_carea' id='block_1_58' title="bbox 202 4386 1602 4463">
    <p class='ocr_par' dir='ltr' id='par_1_58' title="bbox 202 4386 1602 4463">
     <span class='ocr_line' id='line_1_58' title="bbox 202 4386 1602 4463; baseline -0.002 -19"><span class='ocrx_word' id='word_1_446' title='bbox 202 4390 305 4445; x_wconf 84' lang='lat' dir='ltr'>tria</span> <span class='ocrx_word' id='word_1_447' title='bbox 331 4395 599 4463; x_wconf 90' lang='lat' dir='ltr'>tempora</span> <span class='ocrx_word' id='word_1_448' title='bbox 627 4393 757 4445; x_wconf 88' lang='lat' dir='ltr'>ante</span> <span class='ocrx_word' id='word_1_449' title='bbox 785 4389 935 4460; x_wconf 89' lang='lat' dir='ltr'>lege,</span> <span class='ocrx_word' id='word_1_450' title='bbox 965 4388 1067 4444; x_wconf 90' lang='lat' dir='ltr'>sub</span> <span class='ocrx_word' id='word_1_451' title='bbox 1094 4388 1241 4460; x_wconf 89' lang='lat' dir='ltr'>lege,</span> <span class='ocrx_word' id='word_1_452' title='bbox 1270 4387 1374 4443; x_wconf 89' lang='lat' dir='ltr'>sub</span> <span class='ocrx_word' id='word_1_453' title='bbox 1403 4386 1602 4460; x_wconf 89' lang='lat' dir='ltr'>gratia.</span> 
     </span>
    </p>
   </div>
   <div class='ocr_carea' id='block_1_59' title="bbox 267 4479 1842 4554">
    <p class='ocr_par' dir='ltr' id='par_1_59' title="bbox 267 4479 1842 4554">
     <span class='ocr_line' id='line_1_59' title="bbox 267 4479 1842 4554; baseline -0.003 -14"><span class='ocrx_word' id='word_1_454' title='bbox 267 4484 515 4540; x_wconf 75' lang='lat' dir='ltr'>Nomina</span> <span class='ocrx_word' id='word_1_455' title='bbox 540 4483 935 4539; x_wconf 89' lang='lat' dir='ltr'>defunctorum</span> <span class='ocrx_word' id='word_1_456' title='bbox 953 4481 1080 4537; x_wconf 90' lang='lat' dir='ltr'>ideo</span> <span class='ocrx_word' id='word_1_457' title='bbox 1105 4482 1245 4537; x_wconf 90' lang='lat' dir='ltr'>hora</span> <span class='ocrx_word' id='word_1_458' title='bbox 1263 4480 1362 4535; x_wconf 91' lang='lat' dir='ltr'>illa</span> <span class='ocrx_word' id='word_1_459' title='bbox 1388 4479 1704 4536; x_wconf 82' lang='lat' dir='ltr'>recitantur</span> <span class='ocrx_word' id='word_1_460' title='bbox 1727 4497 1842 4554; x_wconf 91' lang='lat' dir='ltr'>qua</span> 
     </span>
    </p>
   </div>
   <div class='ocr_carea' id='block_1_60' title="bbox 1860 3219 1913 3294">
    <p class='ocr_par' dir='ltr' id='par_1_60' title="bbox 1860 3219 1913 3294">
     <span class='ocr_line' id='line_1_60' title="bbox 1860 3219 1913 3294; baseline 0 0"><span class='ocrx_word' id='word_1_461' title='bbox 1860 3219 1913 3294; x_wconf 89' lang='lat' dir='ltr'>C</span> 
     </span>
    </p>
   </div>
   <div class='ocr_carea' id='block_1_61' title="bbox 1932 1955 3562 2029">
    <p class='ocr_par' dir='ltr' id='par_1_61' title="bbox 1932 1955 3562 2029">
     <span class='ocr_line' id='line_1_61' title="bbox 1932 1955 3562 2029; baseline -0.002 -16"><span class='ocrx_word' id='word_1_462' title='bbox 1932 1958 2172 2013; x_wconf 87' lang='lat' dir='ltr'>terrenis</span> <span class='ocrx_word' id='word_1_463' title='bbox 2196 1958 2535 2027; x_wconf 83' lang='lat' dir='ltr'>mixcentur,</span> <span class='ocrx_word' id='word_1_464' title='bbox 2565 1961 2620 2013; x_wconf 91' lang='lat' dir='ltr'>et</span> <span class='ocrx_word' id='word_1_465' title='bbox 2650 1958 2719 2012; x_wconf 91' lang='lat' dir='ltr'>ad</span> <span class='ocrx_word' id='word_1_466' title='bbox 2748 1958 3058 2029; x_wconf 80' lang='lat' dir='ltr'>orationem</span> <span class='ocrx_word' id='word_1_467' title='bbox 3096 1955 3397 2012; x_wconf 86' lang='lat' dir='ltr'>sacerdotis</span> <span class='ocrx_word' id='word_1_468' title='bbox 3437 1955 3562 2011; x_wconf 62' lang='lat' dir='ltr'>caeli</span> 
     </span>
    </p>
   </div>
   <div class='ocr_carea' id='block_1_62' title="bbox 1933 2048 3558 2123">
    <p class='ocr_par' dir='ltr' id='par_1_62' title="bbox 1933 2048 3558 2123">
     <span class='ocr_line' id='line_1_62' title="bbox 1933 2048 3558 2123; baseline -0.001 -16"><span class='ocrx_word' id='word_1_469' title='bbox 1933 2051 2287 2123; x_wconf 89' lang='lat' dir='ltr'>aperiuntur.</span> <span class='ocrx_word' id='word_1_470' title='bbox 2320 2051 2636 2107; x_wconf 70' lang='lat' dir='ltr'>&#39;Sacerdote</span> <span class='ocrx_word' id='word_1_471' title='bbox 2696 2056 2886 2107; x_wconf 89' lang='lat' dir='ltr'>autem</span> <span class='ocrx_word' id='word_1_472' title='bbox 2946 2051 3265 2123; x_wconf 88' lang='lat' dir='ltr'>frangente,</span> <span class='ocrx_word' id='word_1_473' title='bbox 3319 2048 3558 2121; x_wconf 87' lang='lat' dir='ltr'>supplex</span> 
     </span>
    </p>
   </div>
   <div class='ocr_carea' id='block_1_63' title="bbox 1931 2142 3561 2218">
    <p class='ocr_par' dir='ltr' id='par_1_63' title="bbox 1931 2142 3561 2218">
     <span class='ocr_line' id='line_1_63' title="bbox 1931 2142 3561 2218; baseline -0.001 -19"><span class='ocrx_word' id='word_1_474' title='bbox 1931 2145 2114 2201; x_wconf 89' lang='lat' dir='ltr'>clerus</span> <span class='ocrx_word' id='word_1_475' title='bbox 2135 2146 2336 2217; x_wconf 81' lang='lat' dir='ltr'>psallat</span> <span class='ocrx_word' id='word_1_476' title='bbox 2350 2145 2679 2217; x_wconf 88' lang='lat' dir='ltr'>antiphona,</span> <span class='ocrx_word' id='word_1_477' title='bbox 2708 2144 2843 2218; x_wconf 89' lang='lat' dir='ltr'>quia</span> <span class='ocrx_word' id='word_1_478' title='bbox 2868 2144 3119 2218; x_wconf 89' lang='lat' dir='ltr'>patiente</span> <span class='ocrx_word' id='word_1_479' title='bbox 3144 2144 3335 2200; x_wconf 91' lang='lat' dir='ltr'>dolore</span> <span class='ocrx_word' id='word_1_480' title='bbox 3361 2142 3561 2198; x_wconf 92' lang='lat' dir='ltr'>mortis</span> 
     </span>
    </p>
   </div>
   <div class='ocr_carea' id='block_1_64' title="bbox 1932 2238 3143 2295">
    <p class='ocr_par' dir='ltr' id='par_1_64' title="bbox 1932 2238 3143 2295">
     <span class='ocr_line' id='line_1_64' title="bbox 1932 2238 3143 2295; baseline -0.001 0"><span class='ocrx_word' id='word_1_481' title='bbox 1932 2239 2125 2295; x_wconf 88' lang='lat' dir='ltr'>omnia</span> <span class='ocrx_word' id='word_1_482' title='bbox 2149 2238 2442 2295; x_wconf 89' lang='lat' dir='ltr'>trementis</span> <span class='ocrx_word' id='word_1_483' title='bbox 2466 2242 2665 2295; x_wconf 75' lang='lat' dir='ltr'>testata</span> <span class='ocrx_word' id='word_1_484' title='bbox 2689 2243 2821 2295; x_wconf 89' lang='lat' dir='ltr'>sunt</span> <span class='ocrx_word' id='word_1_485' title='bbox 2845 2239 3143 2295; x_wconf 88' lang='lat' dir='ltr'>elementa.</span> 
     </span>
    </p>
   </div>
   <div class='ocr_carea' id='block_1_65' title="bbox 2007 2329 3566 2405">
    <p class='ocr_par' dir='ltr' id='par_1_65' title="bbox 2007 2329 3566 2405">
     <span class='ocr_line' id='line_1_65' title="bbox 2007 2329 3566 2405; baseline -0.002 -17"><span class='ocrx_word' id='word_1_486' title='bbox 2007 2333 2196 2389; x_wconf 88' lang='lat' dir='ltr'>Oratio</span> <span class='ocrx_word' id='word_1_487' title='bbox 2223 2349 2357 2388; x_wconf 89' lang='lat' dir='ltr'>vero</span> <span class='ocrx_word' id='word_1_488' title='bbox 2390 2332 2678 2388; x_wconf 90' lang='lat' dir='ltr'>Dominica</span> <span class='ocrx_word' id='word_1_489' title='bbox 2707 2349 2811 2405; x_wconf 91' lang='lat' dir='ltr'>pro</span> <span class='ocrx_word' id='word_1_490' title='bbox 2846 2332 2953 2387; x_wconf 91' lang='lat' dir='ltr'>hoc</span> <span class='ocrx_word' id='word_1_491' title='bbox 2980 2332 3189 2388; x_wconf 89' lang='lat' dir='ltr'>ibidem</span> <span class='ocrx_word' id='word_1_492' title='bbox 3217 2329 3468 2404; x_wconf 81' lang='lat' dir='ltr'>ponitur,</span> <span class='ocrx_word' id='word_1_493' title='bbox 3497 2332 3566 2385; x_wconf 87' lang='lat' dir='ltr'>ut</span> 
     </span>
    </p>
   </div>
   <div class='ocr_carea' id='block_1_66' title="bbox 1934 2424 3565 2483">
    <p class='ocr_par' dir='ltr' id='par_1_66' title="bbox 1934 2424 3565 2483">
     <span class='ocr_line' id='line_1_66' title="bbox 1934 2424 3565 2483; baseline -0.001 -1"><span class='ocrx_word' id='word_1_494' title='bbox 1934 2428 2117 2483; x_wconf 90' lang='lat' dir='ltr'>omnis</span> <span class='ocrx_word' id='word_1_495' title='bbox 2142 2426 2320 2482; x_wconf 88' lang='lat' dir='ltr'>oratio</span> <span class='ocrx_word' id='word_1_496' title='bbox 2345 2431 2536 2482; x_wconf 88' lang='lat' dir='ltr'>nostra</span> <span class='ocrx_word' id='word_1_497' title='bbox 2560 2426 2621 2481; x_wconf 92' lang='lat' dir='ltr'>in</span> <span class='ocrx_word' id='word_1_498' title='bbox 2644 2426 2931 2482; x_wconf 90' lang='lat' dir='ltr'>Dominica</span> <span class='ocrx_word' id='word_1_499' title='bbox 2954 2426 3206 2482; x_wconf 87' lang='lat' dir='ltr'>oratione</span> <span class='ocrx_word' id='word_1_500' title='bbox 3249 2424 3565 2481; x_wconf 89' lang='lat' dir='ltr'>claudatur.</span> 
     </span>
    </p>
   </div>
   <div class='ocr_carea' id='block_1_67' title="bbox 1934 2518 3564 2594">
    <p class='ocr_par' dir='ltr' id='par_1_67' title="bbox 1934 2518 3564 2594">
     <span class='ocr_line' id='line_1_67' title="bbox 1934 2518 3564 2594; baseline -0.002 -17"><span class='ocrx_word' id='word_1_501' title='bbox 1934 2520 2391 2577; x_wconf 83' lang='lat' dir='ltr'>Benedictionem</span> <span class='ocrx_word' id='word_1_502' title='bbox 2442 2537 2575 2576; x_wconf 89' lang='lat' dir='ltr'>vero</span> <span class='ocrx_word' id='word_1_503' title='bbox 2634 2520 2833 2594; x_wconf 90' lang='lat' dir='ltr'>populi</span> <span class='ocrx_word' id='word_1_504' title='bbox 2886 2520 3266 2577; x_wconf 88' lang='lat' dir='ltr'>sacerdotibus</span> <span class='ocrx_word' id='word_1_505' title='bbox 3324 2518 3564 2574; x_wconf 88' lang='lat' dir='ltr'>fundere</span> 
     </span>
    </p>
   </div>
   <div class='ocr_carea' id='block_1_68' title="bbox 1934 2611 3566 2686">
    <p class='ocr_par' dir='ltr' id='par_1_68' title="bbox 1934 2611 3566 2686">
     <span class='ocr_line' id='line_1_68' title="bbox 1934 2611 3566 2686; baseline -0.002 -17"><span class='ocrx_word' id='word_1_506' title='bbox 1934 2615 2205 2670; x_wconf 89' lang='lat' dir='ltr'>Dominus</span> <span class='ocrx_word' id='word_1_507' title='bbox 2240 2630 2344 2686; x_wconf 89' lang='lat' dir='ltr'>per</span> <span class='ocrx_word' id='word_1_508' title='bbox 2372 2616 2615 2685; x_wconf 85' lang='lat' dir='ltr'>Moysem</span> <span class='ocrx_word' id='word_1_509' title='bbox 2644 2613 2931 2670; x_wconf 88' lang='lat' dir='ltr'>mandavit</span> <span class='ocrx_word' id='word_1_510' title='bbox 2955 2614 3147 2670; x_wconf 91' lang='lat' dir='ltr'>dicens</span> <span class='ocrx_word' id='word_1_511' title='bbox 3176 2630 3189 2670; x_wconf 90' lang='lat'><strong>:</strong></span> <span class='ocrx_word' id='word_1_512' title='bbox 3221 2617 3454 2684; x_wconf 79' lang='lat' dir='ltr'>Loquere</span> <span class='ocrx_word' id='word_1_513' title='bbox 3478 2611 3566 2666; x_wconf 84' lang='lat' dir='ltr'>&#39;ad</span> 
     </span>
    </p>
   </div>
   <div class='ocr_carea' id='block_1_69' title="bbox 1936 2687 3563 2778">
    <p class='ocr_par' dir='ltr' id='par_1_69' title="bbox 1936 2687 3563 2778">
     <span class='ocr_line' id='line_1_69' title="bbox 1936 2687 3563 2778; baseline -0.002 -14"><span class='ocrx_word' id='word_1_514' title='bbox 1936 2710 2123 2764; x_wconf 82' lang='lat' dir='ltr'>Aaron</span> <span class='ocrx_word' id='word_1_515' title='bbox 2158 2712 2209 2762; x_wconf 91' lang='lat' dir='ltr'>et</span> <span class='ocrx_word' id='word_1_516' title='bbox 2229 2709 2304 2762; x_wconf 86' lang='lat' dir='ltr'>ad</span> <span class='ocrx_word' id='word_1_517' title='bbox 2340 2709 2480 2777; x_wconf 80' lang='lat' dir='ltr'>ﬁlios</span> <span class='ocrx_word' id='word_1_518' title='bbox 2502 2708 2646 2777; x_wconf 85' lang='lat' dir='ltr'>ejus;</span> <span class='ocrx_word' id='word_1_519' title='bbox 2674 2710 2750 2763; x_wconf 89' lang='lat' dir='ltr'>sic</span> <span class='ocrx_word' id='word_1_520' title='bbox 2788 2687 3101 2763; x_wconf 63' lang='lat' dir='ltr'>benedicens</span> <span class='ocrx_word' id='word_1_521' title='bbox 3127 2708 3328 2778; x_wconf 81' lang='lat' dir='ltr'>populo</span> <span class='ocrx_word' id='word_1_522' title='bbox 3354 2725 3371 2760; x_wconf 90' lang='lat'><strong><em>:</em></strong></span> <span class='ocrx_word' id='word_1_523' title='bbox 3397 2709 3563 2763; x_wconf 85' lang='lat' dir='ltr'>Bene-</span> 
     </span>
    </p>
   </div>
   <div class='ocr_carea' id='block_1_70' title="bbox 1937 2800 3565 2871">
    <p class='ocr_par' dir='ltr' id='par_1_70' title="bbox 1937 2800 3565 2871">
     <span class='ocr_line' id='line_1_70' title="bbox 1937 2800 3565 2871; baseline -0.003 -14"><span class='ocrx_word' id='word_1_524' title='bbox 1937 2802 2086 2857; x_wconf 87' lang='lat' dir='ltr'>dicat</span> <span class='ocrx_word' id='word_1_525' title='bbox 2113 2802 2212 2856; x_wconf 86' lang='lat' dir='ltr'>tibi</span> <span class='ocrx_word' id='word_1_526' title='bbox 2242 2804 2293 2856; x_wconf 89' lang='lat' dir='ltr'>et</span> <span class='ocrx_word' id='word_1_527' title='bbox 2316 2801 2583 2855; x_wconf 77' lang='lat' dir='ltr'>custodiat</span> <span class='ocrx_word' id='word_1_528' title='bbox 2609 2804 2658 2855; x_wconf 88' lang='lat' dir='ltr'>te</span> <span class='ocrx_word' id='word_1_529' title='bbox 2681 2800 2864 2869; x_wconf 88' lang='lat' dir='ltr'>(Num.</span> <span class='ocrx_word' id='word_1_530' title='bbox 2894 2816 2968 2866; x_wconf 75' lang='lat' dir='ltr'>vi,</span> <span class='ocrx_word' id='word_1_531' title='bbox 2997 2800 3106 2871; x_wconf 84' lang='lat'>23),</span> <span class='ocrx_word' id='word_1_532' title='bbox 3135 2803 3192 2855; x_wconf 92' lang='lat' dir='ltr'>et</span> <span class='ocrx_word' id='word_1_533' title='bbox 3216 2801 3401 2854; x_wconf 89' lang='lat' dir='ltr'>cetera</span> <span class='ocrx_word' id='word_1_534' title='bbox 3435 2814 3565 2870; x_wconf 83' lang='lat' dir='ltr'>quae</span> 
     </span>
    </p>
   </div>
   <div class='ocr_carea' id='block_1_71' title="bbox 1939 2891 3565 2967">
    <p class='ocr_par' dir='ltr' id='par_1_71' title="bbox 1939 2891 3565 2967">
     <span class='ocr_line' id='line_1_71' title="bbox 1939 2891 3565 2967; baseline -0.003 -17"><span class='ocrx_word' id='word_1_535' title='bbox 1939 2896 2273 2967; x_wconf 88' lang='lat' dir='ltr'>sequuntur.</span> <span class='ocrx_word' id='word_1_536' title='bbox 2325 2898 2509 2948; x_wconf 87' lang='lat' dir='ltr'>Aaron</span> <span class='ocrx_word' id='word_1_537' title='bbox 2558 2892 2739 2964; x_wconf 91' lang='lat' dir='ltr'>igitur</span> <span class='ocrx_word' id='word_1_538' title='bbox 2786 2893 2974 2946; x_wconf 91' lang='lat' dir='ltr'>locum</span> <span class='ocrx_word' id='word_1_539' title='bbox 3018 2891 3245 2959; x_wconf 89' lang='lat' dir='ltr'>Christi,</span> <span class='ocrx_word' id='word_1_540' title='bbox 3298 2891 3397 2946; x_wconf 90' lang='lat' dir='ltr'>ﬁlii</span> <span class='ocrx_word' id='word_1_541' title='bbox 3443 2891 3565 2962; x_wconf 88' lang='lat' dir='ltr'>ejus</span> 
     </span>
    </p>
   </div>
   <div class='ocr_carea' id='block_1_72' title="bbox 1938 2983 3567 3059">
    <p class='ocr_par' dir='ltr' id='par_1_72' title="bbox 1938 2983 3567 3059">
     <span class='ocr_line' id='line_1_72' title="bbox 1938 2983 3567 3059; baseline -0.003 -16"><span class='ocrx_word' id='word_1_542' title='bbox 1938 2988 2126 3043; x_wconf 91' lang='lat' dir='ltr'>locum</span> <span class='ocrx_word' id='word_1_543' title='bbox 2152 2986 2615 3059; x_wconf 85' lang='lat' dir='ltr'>presbyterorum</span> <span class='ocrx_word' id='word_1_544' title='bbox 2652 2990 3038 3058; x_wconf 86' lang='lat' dir='ltr'>portaverunt.</span> <span class='ocrx_word' id='word_1_545' title='bbox 3069 2985 3354 3042; x_wconf 84' lang='lat' dir='ltr'>Ambobus</span> <span class='ocrx_word' id='word_1_546' title='bbox 3388 2983 3567 3057; x_wconf 88' lang='lat' dir='ltr'>igitur</span> 
     </span>
    </p>
   </div>
   <div class='ocr_carea' id='block_1_73' title="bbox 1938 3078 3567 3153">
    <p class='ocr_par' dir='ltr' id='par_1_73' title="bbox 1938 3078 3567 3153">
     <span class='ocr_line' id='line_1_73' title="bbox 1938 3078 3567 3153; baseline -0.001 -16"><span class='ocrx_word' id='word_1_547' title='bbox 1938 3081 2224 3137; x_wconf 85' lang='lat' dir='ltr'>mandavit</span> <span class='ocrx_word' id='word_1_548' title='bbox 2253 3081 2523 3135; x_wconf 91' lang='lat' dir='ltr'>Dominus</span> <span class='ocrx_word' id='word_1_549' title='bbox 2556 3078 2890 3135; x_wconf 88' lang='lat' dir='ltr'>benedicere</span> <span class='ocrx_word' id='word_1_550' title='bbox 2912 3080 3221 3153; x_wconf 89' lang='lat' dir='ltr'>populum;</span> <span class='ocrx_word' id='word_1_551' title='bbox 3254 3079 3349 3134; x_wconf 89' lang='lat' dir='ltr'>sed</span> <span class='ocrx_word' id='word_1_552' title='bbox 3375 3080 3567 3135; x_wconf 86' lang='lat' dir='ltr'>tamen</span> 
     </span>
    </p>
   </div>
   <div class='ocr_carea' id='block_1_74' title="bbox 1938 3172 3566 3249">
    <p class='ocr_par' dir='ltr' id='par_1_74' title="bbox 1938 3172 3566 3249">
     <span class='ocr_line' id='line_1_74' title="bbox 1938 3172 3566 3249; baseline -0.002 -18"><span class='ocrx_word' id='word_1_553' title='bbox 1938 3178 2172 3249; x_wconf 86' lang='lat' dir='ltr'>prOpter</span> <span class='ocrx_word' id='word_1_554' title='bbox 2200 3174 2531 3230; x_wconf 89' lang='lat' dir='ltr'>servandam</span> <span class='ocrx_word' id='word_1_555' title='bbox 2567 3174 2845 3229; x_wconf 92' lang='lat' dir='ltr'>honorem</span> <span class='ocrx_word' id='word_1_556' title='bbox 2883 3172 3187 3246; x_wconf 87' lang='lat' dir='ltr'>pontiﬁcis,</span> <span class='ocrx_word' id='word_1_557' title='bbox 3218 3189 3389 3228; x_wconf 81' lang='lat' dir='ltr'>sacrae</span> <span class='ocrx_word' id='word_1_558' title='bbox 3431 3189 3566 3228; x_wconf 86' lang='lat' dir='ltr'>con-</span> 
     </span>
    </p>
   </div>
   <div class='ocr_carea' id='block_1_75' title="bbox 1940 3266 3602 3339">
    <p class='ocr_par' dir='ltr' id='par_1_75' title="bbox 1940 3266 3602 3339">
     <span class='ocr_line' id='line_1_75' title="bbox 1940 3266 3602 3339; baseline -0.002 -15"><span class='ocrx_word' id='word_1_559' title='bbox 1940 3270 2246 3325; x_wconf 88' lang='lat' dir='ltr'>stituerunt</span> <span class='ocrx_word' id='word_1_560' title='bbox 2281 3283 2546 3338; x_wconf 91' lang='lat' dir='ltr'>canones,</span> <span class='ocrx_word' id='word_1_561' title='bbox 2585 3270 2652 3322; x_wconf 90' lang='lat' dir='ltr'>ut</span> <span class='ocrx_word' id='word_1_562' title='bbox 2682 3268 2710 3309; x_wconf 76' lang='lat' dir='ltr'>b</span> <span class='ocrx_word' id='word_1_563' title='bbox 2756 3266 3073 3339; x_wconf 89' lang='lat' dir='ltr'>longiorem</span> <span class='ocrx_word' id='word_1_564' title='bbox 3120 3266 3602 3323; x_wconf 69' lang='lat' dir='ltr'>benedictionem~</span> 
     </span>
    </p>
   </div>
   <div class='ocr_carea' id='block_1_76' title="bbox 1940 3360 3566 3435">
    <p class='ocr_par' dir='ltr' id='par_1_76' title="bbox 1940 3360 3566 3435">
     <span class='ocr_line' id='line_1_76' title="bbox 1940 3360 3566 3435; baseline -0.002 -17"><span class='ocrx_word' id='word_1_565' title='bbox 1940 3363 2231 3435; x_wconf 91' lang='lat' dir='ltr'>episcopus</span> <span class='ocrx_word' id='word_1_566' title='bbox 2271 3362 2569 3432; x_wconf 88' lang='lat' dir='ltr'>proferret,</span> <span class='ocrx_word' id='word_1_567' title='bbox 2599 3361 2914 3417; x_wconf 85' lang='lat' dir='ltr'>breviorem</span> <span class='ocrx_word' id='word_1_568' title='bbox 2952 3360 3249 3432; x_wconf 88' lang='lat' dir='ltr'>presbyter</span> <span class='ocrx_word' id='word_1_569' title='bbox 3284 3360 3566 3429; x_wconf 90' lang='lat' dir='ltr'>funderet,</span> 
     </span>
    </p>
   </div>
   <div class='ocr_carea' id='block_1_77' title="bbox 1940 3456 3571 3524">
    <p class='ocr_par' dir='ltr' id='par_1_77' title="bbox 1940 3456 3571 3524">
     <span class='ocr_line' id='line_1_77' title="bbox 1940 3456 3571 3524; baseline -0.002 -12"><span class='ocrx_word' id='word_1_570' title='bbox 1940 3456 2073 3512; x_wconf 90' lang='lat' dir='ltr'>dicit</span> <span class='ocrx_word' id='word_1_571' title='bbox 2106 3472 2119 3511; x_wconf 91' lang='lat'><strong>:</strong></span> <span class='ocrx_word' id='word_1_572' title='bbox 2146 3459 2269 3512; x_wconf 72' lang='lat' dir='ltr'>Pam</span> <span class='ocrx_word' id='word_1_573' title='bbox 2290 3456 2420 3524; x_wconf 81' lang='lat' dir='ltr'>ﬁdes</span> <span class='ocrx_word' id='word_1_574' title='bbox 2439 3459 2489 3511; x_wconf 86' lang='lat' dir='ltr'>et</span> <span class='ocrx_word' id='word_1_575' title='bbox 2515 3458 2716 3511; x_wconf 86' lang='lat' dir='ltr'>caritas</span> <span class='ocrx_word' id='word_1_576' title='bbox 2742 3459 2794 3510; x_wconf 90' lang='lat' dir='ltr'>et</span> <span class='ocrx_word' id='word_1_577' title='bbox 2818 3457 3223 3511; x_wconf 77' lang='lat' dir='ltr'>communicatio</span> <span class='ocrx_word' id='word_1_578' title='bbox 3250 3456 3485 3523; x_wconf 80' lang='lat' dir='ltr'>corporis</span> <span class='ocrx_word' id='word_1_579' title='bbox 3519 3458 3571 3509; x_wconf 86' lang='lat' dir='ltr'>et</span> 
     </span>
    </p>
   </div>
   <div class='ocr_carea' id='block_1_78' title="bbox 1938 3545 3571 3619">
    <p class='ocr_par' dir='ltr' id='par_1_78' title="bbox 1938 3545 3571 3619">
     <span class='ocr_line' id='line_1_78' title="bbox 1938 3545 3571 3619; baseline -0.004 -14"><span class='ocrx_word' id='word_1_580' title='bbox 1938 3551 2219 3619; x_wconf 85' lang='lat' dir='ltr'>sanguinis</span> <span class='ocrx_word' id='word_1_581' title='bbox 2239 3550 2456 3604; x_wconf 85' lang='lat' dir='ltr'>Domini</span> <span class='ocrx_word' id='word_1_582' title='bbox 2470 3550 2543 3603; x_wconf 85' lang='lat' dir='ltr'>sit</span> <span class='ocrx_word' id='word_1_583' title='bbox 2566 3563 2773 3618; x_wconf 80' lang='lat' dir='ltr'>semper</span> <span class='ocrx_word' id='word_1_584' title='bbox 2796 3549 3083 3603; x_wconf 73' lang='lat' dir='ltr'>uobiscum.</span> <span class='ocrx_word' id='word_1_585' title='bbox 3107 3548 3246 3602; x_wconf 85' lang='lat' dir='ltr'>Nam</span> <span class='ocrx_word' id='word_1_586' title='bbox 3259 3545 3391 3602; x_wconf 87' lang='lat' dir='ltr'>licet</span> <span class='ocrx_word' id='word_1_587' title='bbox 3413 3546 3571 3600; x_wconf 90' lang='lat' dir='ltr'>illam</span> 
     </span>
    </p>
   </div>
   <div class='ocr_carea' id='block_1_79' title="bbox 1938 3639 3570 3713">
    <p class='ocr_par' dir='ltr' id='par_1_79' title="bbox 1938 3639 3570 3713">
     <span class='ocr_line' id='line_1_79' title="bbox 1938 3639 3570 3713; baseline -0.003 -15"><span class='ocrx_word' id='word_1_588' title='bbox 1938 3641 2387 3698; x_wconf 90' lang='lat' dir='ltr'>benedictionem</span> <span class='ocrx_word' id='word_1_589' title='bbox 2415 3657 2585 3713; x_wconf 91' lang='lat' dir='ltr'>quam</span> <span class='ocrx_word' id='word_1_590' title='bbox 2623 3640 2793 3712; x_wconf 83' lang='lat' dir='ltr'>Moysi</span> <span class='ocrx_word' id='word_1_591' title='bbox 2828 3642 2975 3697; x_wconf 89' lang='lat' dir='ltr'>Deus</span> <span class='ocrx_word' id='word_1_592' title='bbox 3019 3639 3248 3696; x_wconf 82' lang='lat' dir='ltr'>dictavit</span> <span class='ocrx_word' id='word_1_593' title='bbox 3283 3643 3339 3695; x_wconf 89' lang='lat' dir='ltr'>et</span> <span class='ocrx_word' id='word_1_594' title='bbox 3375 3639 3570 3695; x_wconf 88' lang='lat' dir='ltr'>nullus</span> 
     </span>
    </p>
   </div>
   <div class='ocr_carea' id='block_1_80' title="bbox 1940 3734 3571 3808">
    <p class='ocr_par' dir='ltr' id='par_1_80' title="bbox 1940 3734 3571 3808">
     <span class='ocr_line' id='line_1_80' title="bbox 1940 3734 3571 3808; baseline -0.002 -16"><span class='ocrx_word' id='word_1_595' title='bbox 1940 3735 2320 3792; x_wconf 89' lang='lat' dir='ltr'>contradicere</span> <span class='ocrx_word' id='word_1_596' title='bbox 2348 3734 2676 3806; x_wconf 86' lang='lat' dir='ltr'>presbytero</span> <span class='ocrx_word' id='word_1_597' title='bbox 2700 3739 2913 3808; x_wconf 88' lang='lat' dir='ltr'>potest,</span> <span class='ocrx_word' id='word_1_598' title='bbox 2937 3734 3072 3807; x_wconf 90' lang='lat' dir='ltr'>quia</span> <span class='ocrx_word' id='word_1_599' title='bbox 3101 3736 3300 3790; x_wconf 71' lang='lat' dir='ltr'>caelum</span> <span class='ocrx_word' id='word_1_600' title='bbox 3337 3737 3394 3788; x_wconf 91' lang='lat' dir='ltr'>et</span> <span class='ocrx_word' id='word_1_601' title='bbox 3417 3736 3571 3788; x_wconf 87' lang='lat' dir='ltr'>terra</span> 
     </span>
    </p>
   </div>
   <div class='ocr_carea' id='block_1_81' title="bbox 1942 3826 3571 3900">
    <p class='ocr_par' dir='ltr' id='par_1_81' title="bbox 1942 3826 3571 3900">
     <span class='ocr_line' id='line_1_81' title="bbox 1942 3826 3571 3900; baseline -0.002 -15"><span class='ocrx_word' id='word_1_602' title='bbox 1942 3829 2282 3885; x_wconf 88' lang='lat' dir='ltr'>transibunt.</span> <span class='ocrx_word' id='word_1_603' title='bbox 2306 3830 2419 3883; x_wconf 85' lang='lat' dir='ltr'>Hoc</span> <span class='ocrx_word' id='word_1_604' title='bbox 2448 3844 2585 3900; x_wconf 88' lang='lat' dir='ltr'>ergo</span> <span class='ocrx_word' id='word_1_605' title='bbox 2613 3832 2743 3884; x_wconf 88' lang='lat' dir='ltr'>ante</span> <span class='ocrx_word' id='word_1_606' title='bbox 2772 3829 3231 3885; x_wconf 89' lang='lat' dir='ltr'>communionem</span> <span class='ocrx_word' id='word_1_607' title='bbox 3254 3826 3571 3884; x_wconf 88' lang='lat' dir='ltr'>benedictio</span> 
     </span>
    </p>
   </div>
   <div class='ocr_carea' id='block_1_82' title="bbox 1942 3922 3565 3995">
    <p class='ocr_par' dir='ltr' id='par_1_82' title="bbox 1942 3922 3565 3995">
     <span class='ocr_line' id='line_1_82' title="bbox 1942 3922 3565 3995; baseline -0.002 -15"><span class='ocrx_word' id='word_1_608' title='bbox 1942 3922 2204 3994; x_wconf 90' lang='lat' dir='ltr'>traditur,</span> <span class='ocrx_word' id='word_1_609' title='bbox 2232 3926 2296 3978; x_wconf 89' lang='lat' dir='ltr'>ut</span> <span class='ocrx_word' id='word_1_610' title='bbox 2320 3922 2381 3977; x_wconf 92' lang='lat' dir='ltr'>in</span> <span class='ocrx_word' id='word_1_611' title='bbox 2407 3938 2504 3977; x_wconf 88' lang='lat' dir='ltr'>vas</span> <span class='ocrx_word' id='word_1_612' title='bbox 2528 3922 2890 3979; x_wconf 90' lang='lat' dir='ltr'>benedictum</span> <span class='ocrx_word' id='word_1_613' title='bbox 2913 3922 3319 3979; x_wconf 88' lang='lat' dir='ltr'>benedictionis</span> <span class='ocrx_word' id='word_1_614' title='bbox 3354 3926 3565 3995; x_wconf 88' lang='lat' dir='ltr'>myste-</span> 
     </span>
    </p>
   </div>
   <div class='ocr_carea' id='block_1_83' title="bbox 1941 4016 3573 4090">
    <p class='ocr_par' dir='ltr' id='par_1_83' title="bbox 1941 4016 3573 4090">
     <span class='ocr_line' id='line_1_83' title="bbox 1941 4016 3573 4090; baseline 0 -18"><span class='ocrx_word' id='word_1_615' title='bbox 1941 4017 2094 4073; x_wconf 92' lang='lat' dir='ltr'>rium</span> <span class='ocrx_word' id='word_1_616' title='bbox 2138 4016 2510 4090; x_wconf 89' lang='lat' dir='ltr'>ingrediatur.</span> <span class='ocrx_word' id='word_1_617' title='bbox 2539 4017 2661 4071; x_wconf 88' lang='lat' dir='ltr'>Jam</span> <span class='ocrx_word' id='word_1_618' title='bbox 2685 4033 2817 4073; x_wconf 89' lang='lat' dir='ltr'>vero</span> <span class='ocrx_word' id='word_1_619' title='bbox 2847 4033 3023 4090; x_wconf 89' lang='lat' dir='ltr'>quam</span> <span class='ocrx_word' id='word_1_620' title='bbox 3056 4016 3236 4073; x_wconf 91' lang='lat' dir='ltr'>dulcis</span> <span class='ocrx_word' id='word_1_621' title='bbox 3268 4016 3341 4073; x_wconf 90' lang='lat' dir='ltr'>sit</span> <span class='ocrx_word' id='word_1_622' title='bbox 3366 4016 3573 4073; x_wconf 71' lang='lat' dir='ltr'>animas</span> 
     </span>
    </p>
   </div>
   <div class='ocr_carea' id='block_1_84' title="bbox 1940 4110 3571 4184">
    <p class='ocr_par' dir='ltr' id='par_1_84' title="bbox 1940 4110 3571 4184">
     <span class='ocr_line' id='line_1_84' title="bbox 1940 4110 3571 4184; baseline -0.001 -17"><span class='ocrx_word' id='word_1_623' title='bbox 1940 4114 1997 4167; x_wconf 89' lang='lat' dir='ltr'>et</span> <span class='ocrx_word' id='word_1_624' title='bbox 2035 4112 2287 4184; x_wconf 85' lang='lat' dir='ltr'>corporis</span> <span class='ocrx_word' id='word_1_625' title='bbox 2322 4127 2481 4168; x_wconf 87' lang='lat' dir='ltr'>sacra</span> <span class='ocrx_word' id='word_1_626' title='bbox 2519 4112 2864 4183; x_wconf 90' lang='lat' dir='ltr'>communio,</span> <span class='ocrx_word' id='word_1_627' title='bbox 2894 4110 3147 4167; x_wconf 85' lang='lat' dir='ltr'>Christus</span> <span class='ocrx_word' id='word_1_628' title='bbox 3184 4110 3367 4166; x_wconf 87' lang='lat' dir='ltr'>verbis</span> <span class='ocrx_word' id='word_1_629' title='bbox 3398 4127 3571 4166; x_wconf 83' lang='lat' dir='ltr'>evan-</span> 
     </span>
    </p>
   </div>
   <div class='ocr_carea' id='block_1_85' title="bbox 1941 4204 3574 4276">
    <p class='ocr_par' dir='ltr' id='par_1_85' title="bbox 1941 4204 3574 4276">
     <span class='ocr_line' id='line_1_85' title="bbox 1941 4204 3574 4276; baseline -0.001 -16"><span class='ocrx_word' id='word_1_630' title='bbox 1941 4205 2137 4276; x_wconf 88' lang='lat' dir='ltr'>gelicis</span> <span class='ocrx_word' id='word_1_631' title='bbox 2163 4207 2407 4262; x_wconf 89' lang='lat' dir='ltr'>ostendit</span> <span class='ocrx_word' id='word_1_632' title='bbox 2426 4207 2618 4262; x_wconf 88' lang='lat' dir='ltr'>dicens</span> <span class='ocrx_word' id='word_1_633' title='bbox 2646 4225 2660 4262; x_wconf 89' lang='lat'>:</span> <span class='ocrx_word' id='word_1_634' title='bbox 2689 4208 2751 4264; x_wconf 89' lang='lat' dir='ltr'>Si</span> <span class='ocrx_word' id='word_1_635' title='bbox 2773 4207 3081 4262; x_wconf 85' lang='lat' dir='ltr'>manseritis</span> <span class='ocrx_word' id='word_1_636' title='bbox 3113 4207 3171 4260; x_wconf 88' lang='lat' dir='ltr'>in</span> <span class='ocrx_word' id='word_1_637' title='bbox 3198 4220 3301 4268; x_wconf 89' lang='lat' dir='ltr'>me,</span> <span class='ocrx_word' id='word_1_638' title='bbox 3328 4208 3380 4259; x_wconf 89' lang='lat' dir='ltr'>et</span> <span class='ocrx_word' id='word_1_639' title='bbox 3411 4204 3574 4259; x_wconf 82' lang='lat' dir='ltr'>verba</span> 
     </span>
    </p>
   </div>
   <div class='ocr_carea' id='block_1_86' title="bbox 1938 4299 3563 4371">
    <p class='ocr_par' dir='ltr' id='par_1_86' title="bbox 1938 4299 3563 4371">
     <span class='ocr_line' id='line_1_86' title="bbox 1938 4299 3563 4371; baseline -0.001 -19"><span class='ocrx_word' id='word_1_640' title='bbox 1938 4314 2059 4353; x_wconf 88' lang='lat' dir='ltr'>mea</span> <span class='ocrx_word' id='word_1_641' title='bbox 2084 4301 2141 4353; x_wconf 88' lang='lat' dir='ltr'>in</span> <span class='ocrx_word' id='word_1_642' title='bbox 2156 4300 2304 4356; x_wconf 79' lang='lat' dir='ltr'>vobis</span> <span class='ocrx_word' id='word_1_643' title='bbox 2325 4303 2642 4365; x_wconf 85' lang='lat' dir='ltr'>manserint,</span> <span class='ocrx_word' id='word_1_644' title='bbox 2656 4300 3022 4371; x_wconf 81' lang='lat' dir='ltr'>quodcumque</span> <span class='ocrx_word' id='word_1_645' title='bbox 3045 4300 3316 4369; x_wconf 81' lang='lat' dir='ltr'>petieritis</span> <span class='ocrx_word' id='word_1_646' title='bbox 3344 4299 3563 4353; x_wconf 80' lang='lat' dir='ltr'>Patrem</span> 
     </span>
    </p>
   </div>
   <div class='ocr_carea' id='block_1_87' title="bbox 1940 4391 3100 4465">
    <p class='ocr_par' dir='ltr' id='par_1_87' title="bbox 1940 4391 3100 4465">
     <span class='ocr_line' id='line_1_87' title="bbox 1940 4391 3100 4465; baseline -0.001 -18"><span class='ocrx_word' id='word_1_647' title='bbox 1940 4395 1998 4447; x_wconf 86' lang='lat' dir='ltr'>in</span> <span class='ocrx_word' id='word_1_648' title='bbox 2025 4396 2236 4449; x_wconf 83' lang='lat' dir='ltr'>nomine</span> <span class='ocrx_word' id='word_1_649' title='bbox 2259 4409 2392 4458; x_wconf 84' lang='lat' dir='ltr'>meo,</span> <span class='ocrx_word' id='word_1_650' title='bbox 2418 4397 2509 4465; x_wconf 79' lang='lat' dir='ltr'>ﬁet</span> <span class='ocrx_word' id='word_1_651' title='bbox 2531 4395 2677 4451; x_wconf 79' lang='lat' dir='ltr'>vobis</span> <span class='ocrx_word' id='word_1_652' title='bbox 2703 4394 2876 4464; x_wconf 85' lang='lat' dir='ltr'>(Joan.</span> <span class='ocrx_word' id='word_1_653' title='bbox 2904 4392 3009 4462; x_wconf 82' lang='lat' dir='ltr'>xv,‘</span> <span class='ocrx_word' id='word_1_654' title='bbox 3026 4391 3100 4461; x_wconf 87' lang='lat'>7).</span> 
     </span>
    </p>
   </div>
   <div class='ocr_carea' id='block_1_88' title="bbox 2009 4481 3574 4559">
    <p class='ocr_par' dir='ltr' id='par_1_88' title="bbox 2009 4481 3574 4559">
     <span class='ocr_line' id='line_1_88' title="bbox 2009 4481 3574 4559; baseline -0.003 -19"><span class='ocrx_word' id='word_1_655' title='bbox 2009 4487 2320 4542; x_wconf 87' lang='lat' dir='ltr'>Trecanum</span> <span class='ocrx_word' id='word_1_656' title='bbox 2340 4503 2472 4542; x_wconf 90' lang='lat' dir='ltr'>vero</span> <span class='ocrx_word' id='word_1_657' title='bbox 2497 4488 2650 4559; x_wconf 91' lang='lat' dir='ltr'>quod</span> <span class='ocrx_word' id='word_1_658' title='bbox 2679 4485 2954 4559; x_wconf 89' lang='lat' dir='ltr'>psalletur</span> <span class='ocrx_word' id='word_1_659' title='bbox 2978 4484 3207 4556; x_wconf 89' lang='lat' dir='ltr'>signum</span> <span class='ocrx_word' id='word_1_660' title='bbox 3234 4486 3318 4539; x_wconf 87' lang='lat' dir='ltr'>est</span> <span class='ocrx_word' id='word_1_661' title='bbox 3341 4481 3574 4538; x_wconf 86' lang='lat' dir='ltr'>catholi-</span> 
     </span>
    </p>
   </div>
   <div class='ocr_carea' id='block_1_89' title="bbox 202 4572 3569 4664">
    <p class='ocr_par' dir='ltr' id='par_1_89' title="bbox 202 4572 3569 4664">
     <span class='ocr_line' id='line_1_89' title="bbox 202 4572 3569 4664; baseline -0 -30"><span class='ocrx_word' id='word_1_662' title='bbox 202 4579 383 4649; x_wconf 84' lang='lat' dir='ltr'>palleo</span> <span class='ocrx_word' id='word_1_663' title='bbox 427 4577 677 4647; x_wconf 89' lang='lat' dir='ltr'>tolletur,</span> <span class='ocrx_word' id='word_1_664' title='bbox 703 4576 837 4648; x_wconf 89' lang='lat' dir='ltr'>quia</span> <span class='ocrx_word' id='word_1_665' title='bbox 873 4580 1009 4631; x_wconf 91' lang='lat' dir='ltr'>tunc</span> <span class='ocrx_word' id='word_1_666' title='bbox 1056 4575 1164 4630; x_wconf 90' lang='lat' dir='ltr'>erit</span> <span class='ocrx_word' id='word_1_667' title='bbox 1203 4572 1540 4629; x_wconf 87' lang='lat' dir='ltr'>resurrectio</span> <span class='ocrx_word' id='word_1_668' title='bbox 1582 4576 1837 4630; x_wconf 88' lang='lat' dir='ltr'>mortuo-</span> <span class='ocrx_word' id='word_1_669' title='bbox 1859 4593 1918 4664; x_wconf 75' lang='grc' dir='ltr'>Ι)</span> <span class='ocrx_word' id='word_1_670' title='bbox 1941 4596 2020 4634; x_wconf 67' lang='lat' dir='ltr'>cae</span> <span class='ocrx_word' id='word_1_671' title='bbox 2040 4578 2172 4635; x_wconf 90' lang='lat' dir='ltr'>ﬁdei</span> <span class='ocrx_word' id='word_1_672' title='bbox 2191 4580 2260 4636; x_wconf 91' lang='lat' dir='ltr'>de</span> <span class='ocrx_word' id='word_1_673' title='bbox 2279 4579 2563 4635; x_wconf 82' lang='lat' dir='ltr'>Trinitatis</span> <span class='ocrx_word' id='word_1_674' title='bbox 2587 4578 2925 4636; x_wconf 88' lang='lat' dir='ltr'>credulitate</span> <span class='ocrx_word' id='word_1_675' title='bbox 2950 4576 3277 4651; x_wconf 89' lang='lat' dir='ltr'>procedere.</span> <span class='ocrx_word' id='word_1_676' title='bbox 3299 4576 3388 4633; x_wconf 89' lang='lat' dir='ltr'>Sic</span> <span class='ocrx_word' id='word_1_677' title='bbox 3414 4576 3569 4633; x_wconf 89' lang='lat' dir='ltr'>enim</span> 
     </span>
    </p>
   </div>
   <div class='ocr_carea' id='block_1_90' title="bbox 202 4666 1843 4744">
    <p class='ocr_par' dir='ltr' id='par_1_90' title="bbox 202 4666 1843 4744">
     <span class='ocr_line' id='line_1_90' title="bbox 202 4666 1843 4744; baseline -0.001 -18"><span class='ocrx_word' id='word_1_678' title='bbox 202 4688 349 4740; x_wconf 90' lang='lat' dir='ltr'>rum,</span> <span class='ocrx_word' id='word_1_679' title='bbox 399 4671 627 4744; x_wconf 86' lang='lat' dir='ltr'>quando</span> <span class='ocrx_word' id='word_1_680' title='bbox 661 4669 994 4726; x_wconf 87' lang='lat' dir='ltr'>adveniente</span> <span class='ocrx_word' id='word_1_681' title='bbox 1017 4668 1240 4724; x_wconf 89' lang='lat' dir='ltr'>Christo</span> <span class='ocrx_word' id='word_1_682' title='bbox 1284 4668 1488 4723; x_wconf 85' lang='lat' dir='ltr'>caelum</span> <span class='ocrx_word' id='word_1_683' title='bbox 1520 4666 1665 4722; x_wconf 92' lang='lat' dir='ltr'>sicut</span> <span class='ocrx_word' id='word_1_684' title='bbox 1695 4667 1843 4725; x_wconf 90' lang='lat' dir='ltr'>liber</span> 
     </span>
    </p>
   </div>
   <div class='ocr_carea' id='block_1_91' title="bbox 205 4760 1838 4836">
    <p class='ocr_par' dir='ltr' id='par_1_91' title="bbox 205 4760 1838 4836">
     <span class='ocr_line' id='line_1_91' title="bbox 205 4760 1838 4836; baseline -0.002 -16"><span class='ocrx_word' id='word_1_685' title='bbox 205 4765 528 4836; x_wconf 86' lang='lat' dir='ltr'>plicabitur.</span> <span class='ocrx_word' id='word_1_686' title='bbox 569 4766 771 4819; x_wconf 85' lang='lat' dir='ltr'>Pacem</span> <span class='ocrx_word' id='word_1_687' title='bbox 803 4765 996 4818; x_wconf 89' lang='lat' dir='ltr'>autem</span> <span class='ocrx_word' id='word_1_688' title='bbox 1036 4762 1163 4818; x_wconf 92' lang='lat' dir='ltr'>ideo</span> <span class='ocrx_word' id='word_1_689' title='bbox 1210 4760 1414 4816; x_wconf 90' lang='lat' dir='ltr'>Christi</span> <span class='ocrx_word' id='word_1_690' title='bbox 1456 4763 1657 4816; x_wconf 90' lang='lat' dir='ltr'>mutuo</span> <span class='ocrx_word' id='word_1_691' title='bbox 1701 4778 1838 4834; x_wconf 91' lang='lat' dir='ltr'>pro-</span> 
     </span>
    </p>
   </div>
   <div class='ocr_carea' id='block_1_92' title="bbox 201 4854 1842 4930">
    <p class='ocr_par' dir='ltr' id='par_1_92' title="bbox 201 4854 1842 4930">
     <span class='ocr_line' id='line_1_92' title="bbox 201 4854 1842 4930; baseline 0.001 -19"><span class='ocrx_word' id='word_1_692' title='bbox 201 4858 416 4926; x_wconf 73' lang='lat' dir='ltr'>ferunt,</span> <span class='ocrx_word' id='word_1_693' title='bbox 446 4864 509 4913; x_wconf 91' lang='lat' dir='ltr'>ut</span> <span class='ocrx_word' id='word_1_694' title='bbox 541 4874 645 4930; x_wconf 89' lang='lat' dir='ltr'>per</span> <span class='ocrx_word' id='word_1_695' title='bbox 670 4860 871 4913; x_wconf 90' lang='lat' dir='ltr'>mutuo</span> <span class='ocrx_word' id='word_1_696' title='bbox 899 4855 1090 4912; x_wconf 90' lang='lat' dir='ltr'>osculo</span> <span class='ocrx_word' id='word_1_697' title='bbox 1136 4858 1364 4911; x_wconf 89' lang='lat' dir='ltr'>teneant</span> <span class='ocrx_word' id='word_1_698' title='bbox 1397 4854 1460 4910; x_wconf 90' lang='lat' dir='ltr'>in</span> <span class='ocrx_word' id='word_1_699' title='bbox 1499 4870 1558 4910; x_wconf 90' lang='lat' dir='ltr'>se</span> <span class='ocrx_word' id='word_1_700' title='bbox 1596 4854 1842 4912; x_wconf 88' lang='lat' dir='ltr'>caritatis</span> 
     </span>
    </p>
   </div>
   <div class='ocr_carea' id='block_1_93' title="bbox 203 4946 1838 5024">
    <p class='ocr_par' dir='ltr' id='par_1_93' title="bbox 203 4946 1838 5024">
     <span class='ocr_line' id='line_1_93' title="bbox 203 4946 1838 5024; baseline -0.001 -19"><span class='ocrx_word' id='word_1_701' title='bbox 203 4952 492 5021; x_wconf 69' lang='lat' dir='ltr'>affectum,</span> <span class='ocrx_word' id='word_1_702' title='bbox 533 4956 591 5007; x_wconf 89' lang='lat' dir='ltr'>et</span> <span class='ocrx_word' id='word_1_703' title='bbox 613 4950 713 5024; x_wconf 88' lang='lat' dir='ltr'>qui</span> <span class='ocrx_word' id='word_1_704' title='bbox 751 4950 940 5022; x_wconf 88' lang='lat' dir='ltr'>aliqua</span> <span class='ocrx_word' id='word_1_705' title='bbox 967 4950 1220 5005; x_wconf 86' lang='lat' dir='ltr'>fuscatur</span> <span class='ocrx_word' id='word_1_706' title='bbox 1260 4946 1557 5019; x_wconf 86' lang='lat' dir='ltr'>discordia,</span> <span class='ocrx_word' id='word_1_707' title='bbox 1598 4949 1708 5003; x_wconf 91' lang='lat' dir='ltr'>cito</span> <span class='ocrx_word' id='word_1_708' title='bbox 1747 4966 1838 5004; x_wconf 83' lang='lat' dir='ltr'>re-</span> 
     </span>
    </p>
   </div>
   <div class='ocr_carea' id='block_1_94' title="bbox 204 5041 1840 5116">
    <p class='ocr_par' dir='ltr' id='par_1_94' title="bbox 204 5041 1840 5116">
     <span class='ocr_line' id='line_1_94' title="bbox 204 5041 1840 5116; baseline -0.002 -15"><span class='ocrx_word' id='word_1_709' title='bbox 204 5050 394 5101; x_wconf 85' lang='lat' dir='ltr'>currat</span> <span class='ocrx_word' id='word_1_710' title='bbox 442 5045 516 5100; x_wconf 88' lang='lat' dir='ltr'>ad</span> <span class='ocrx_word' id='word_1_711' title='bbox 575 5043 815 5116; x_wconf 88' lang='lat' dir='ltr'>gratiam</span> <span class='ocrx_word' id='word_1_712' title='bbox 847 5044 933 5099; x_wconf 89' lang='lat' dir='ltr'>vel</span> <span class='ocrx_word' id='word_1_713' title='bbox 975 5047 1142 5115; x_wconf 70' lang='lat' dir='ltr'>petat</span> <span class='ocrx_word' id='word_1_714' title='bbox 1175 5042 1437 5115; x_wconf 87' lang='lat' dir='ltr'>proximo</span> <span class='ocrx_word' id='word_1_715' title='bbox 1481 5041 1725 5113; x_wconf 90' lang='lat' dir='ltr'>veniam,</span> <span class='ocrx_word' id='word_1_716' title='bbox 1768 5059 1840 5099; x_wconf 87' lang='lat' dir='ltr'>ne</span> 
     </span>
    </p>
   </div>
   <div class='ocr_carea' id='block_1_95' title="bbox 200 5134 1838 5209">
    <p class='ocr_par' dir='ltr' id='par_1_95' title="bbox 200 5134 1838 5209">
     <span class='ocr_line' id='line_1_95' title="bbox 200 5134 1838 5209; baseline -0.003 -13"><span class='ocrx_word' id='word_1_717' title='bbox 200 5155 402 5209; x_wconf 81' lang='lat' dir='ltr'>pacem</span> <span class='ocrx_word' id='word_1_718' title='bbox 426 5138 629 5195; x_wconf 83' lang='lat' dir='ltr'>falsam</span> <span class='ocrx_word' id='word_1_719' title='bbox 654 5137 839 5193; x_wconf 88' lang='lat' dir='ltr'>dando</span> <span class='ocrx_word' id='word_1_720' title='bbox 868 5137 1119 5192; x_wconf 90' lang='lat' dir='ltr'>incurrat</span> <span class='ocrx_word' id='word_1_721' title='bbox 1144 5134 1447 5207; x_wconf 88' lang='lat' dir='ltr'>proditoris</span> <span class='ocrx_word' id='word_1_722' title='bbox 1470 5136 1838 5204; x_wconf 86' lang='lat' dir='ltr'>consortium,</span> 
     </span>
    </p>
   </div>
   <div class='ocr_carea' id='block_1_96' title="bbox 206 5228 1840 5303">
    <p class='ocr_par' dir='ltr' id='par_1_96' title="bbox 206 5228 1840 5303">
     <span class='ocr_line' id='line_1_96' title="bbox 206 5228 1840 5303; baseline -0.002 -16"><span class='ocrx_word' id='word_1_723' title='bbox 206 5238 257 5287; x_wconf 87' lang='lat' dir='ltr'>et</span> <span class='ocrx_word' id='word_1_724' title='bbox 278 5237 513 5289; x_wconf 84' lang='lat' dir='ltr'>tantum</span> <span class='ocrx_word' id='word_1_725' title='bbox 538 5230 747 5288; x_wconf 90' lang='lat' dir='ltr'>melius</span> <span class='ocrx_word' id='word_1_726' title='bbox 786 5229 1041 5303; x_wconf 90' lang='lat' dir='ltr'>proﬁciat</span> <span class='ocrx_word' id='word_1_727' title='bbox 1079 5228 1431 5285; x_wconf 89' lang='lat' dir='ltr'>Eucharistia</span> <span class='ocrx_word' id='word_1_728' title='bbox 1465 5232 1727 5302; x_wconf 89' lang='lat' dir='ltr'>suscepta</span> <span class='ocrx_word' id='word_1_729' title='bbox 1752 5230 1840 5285; x_wconf 90' lang='lat' dir='ltr'>vel</span> 
     </span>
    </p>
   </div>
   <div class='ocr_carea' id='block_1_97' title="bbox 207 5321 1843 5395">
    <p class='ocr_par' dir='ltr' id='par_1_97' title="bbox 207 5321 1843 5395">
     <span class='ocr_line' id='line_1_97' title="bbox 207 5321 1843 5395; baseline -0.004 -12"><span class='ocrx_word' id='word_1_730' title='bbox 207 5325 527 5383; x_wconf 82' lang='lat' dir='ltr'>benedictio</span> <span class='ocrx_word' id='word_1_731' title='bbox 578 5324 804 5394; x_wconf 88' lang='lat' dir='ltr'>tradita,</span> <span class='ocrx_word' id='word_1_732' title='bbox 858 5326 1136 5395; x_wconf 86' lang='lat' dir='ltr'>quantum</span> <span class='ocrx_word' id='word_1_733' title='bbox 1192 5322 1448 5378; x_wconf 87' lang='lat' dir='ltr'>Christus</span> <span class='ocrx_word' id='word_1_734' title='bbox 1507 5321 1843 5394; x_wconf 89' lang='lat' dir='ltr'>conspicerit</span> 
     </span>
    </p>
   </div>
   <div class='ocr_carea' id='block_1_98' title="bbox 205 5414 1841 5491">
    <p class='ocr_par' dir='ltr' id='par_1_98' title="bbox 205 5414 1841 5491">
     <span class='ocr_line' id='line_1_98' title="bbox 205 5414 1841 5491; baseline -0.004 -15"><span class='ocrx_word' id='word_1_735' title='bbox 205 5420 433 5491; x_wconf 82' lang='lat' dir='ltr'>paciﬁca</span> <span class='ocrx_word' id='word_1_736' title='bbox 484 5434 605 5475; x_wconf 80' lang='lat' dir='ltr'>esse</span> <span class='ocrx_word' id='word_1_737' title='bbox 655 5417 842 5488; x_wconf 89' lang='lat' dir='ltr'>corda,</span> <span class='ocrx_word' id='word_1_738' title='bbox 866 5416 1001 5489; x_wconf 89' lang='lat' dir='ltr'>quia</span> <span class='ocrx_word' id='word_1_739' title='bbox 1048 5415 1169 5488; x_wconf 88' lang='lat' dir='ltr'>ipse</span> <span class='ocrx_word' id='word_1_740' title='bbox 1219 5414 1503 5471; x_wconf 89' lang='lat' dir='ltr'>mandavit</span> <span class='ocrx_word' id='word_1_741' title='bbox 1554 5414 1841 5487; x_wconf 89' lang='lat' dir='ltr'>discipulis</span> 
     </span>
    </p>
   </div>
   <div class='ocr_carea' id='block_1_99' title="bbox 209 5529 1841 5607">
    <p class='ocr_par' dir='ltr' id='par_1_99' title="bbox 209 5529 1841 5607">
     <span class='ocr_line' id='line_1_99' title="bbox 209 5529 1841 5607; baseline -0.004 -14"><span class='ocrx_word' id='word_1_742' title='bbox 209 5535 477 5593; x_wconf 84' lang='lat' dir='ltr'>diaconus</span> <span class='ocrx_word' id='word_1_743' title='bbox 496 5535 559 5590; x_wconf 89' lang='lat' dir='ltr'>in</span> <span class='ocrx_word' id='word_1_744' title='bbox 587 5550 702 5607; x_wconf 90' lang='lat' dir='ltr'>qua</span> <span class='ocrx_word' id='word_1_745' title='bbox 727 5531 1064 5607; x_wconf 77' lang='lat' dir='ltr'>mysterium</span> <span class='ocrx_word' id='word_1_746' title='bbox 1090 5529 1365 5607; x_wconf 87' lang='lat' dir='ltr'>Dominici</span> <span class='ocrx_word' id='word_1_747' title='bbox 1388 5529 1640 5607; x_wconf 90' lang='lat' dir='ltr'>corporis</span> <span class='ocrx_word' id='word_1_748' title='bbox 1664 5529 1841 5607; x_wconf 83' lang='lat' dir='ltr'>habe-</span> 
     </span>
    </p>
   </div>
   <div class='ocr_carea' id='block_1_100' title="bbox 209 5602 1838 5677">
    <p class='ocr_par' dir='ltr' id='par_1_100' title="bbox 209 5602 1838 5677">
     <span class='ocr_line' id='line_1_100' title="bbox 209 5602 1838 5677; baseline -0.003 -16"><span class='ocrx_word' id='word_1_749' title='bbox 209 5607 393 5677; x_wconf 83' lang='lat' dir='ltr'>batur,</span> <span class='ocrx_word' id='word_1_750' title='bbox 418 5607 575 5663; x_wconf 86' lang='lat' dir='ltr'>ferre</span> <span class='ocrx_word' id='word_1_751' title='bbox 601 5602 773 5676; x_wconf 60' lang='lat' dir='ltr'>coepit</span> <span class='ocrx_word' id='word_1_752' title='bbox 791 5602 865 5658; x_wconf 81' lang='lat' dir='ltr'>ad</span> <span class='ocrx_word' id='word_1_753' title='bbox 884 5602 1094 5658; x_wconf 89' lang='lat' dir='ltr'>ostium</span> <span class='ocrx_word' id='word_1_754' title='bbox 1118 5602 1518 5677; x_wconf 86' lang='lat' dir='ltr'>ingressusque</span> <span class='ocrx_word' id='word_1_755' title='bbox 1538 5602 1838 5674; x_wconf 86' lang='lat' dir='ltr'>templum,</span> 
     </span>
    </p>
   </div>
   <div class='ocr_carea' id='block_1_101' title="bbox 209 5675 1278 5747">
    <p class='ocr_par' dir='ltr' id='par_1_101' title="bbox 209 5675 1278 5747">
     <span class='ocr_line' id='line_1_101' title="bbox 209 5675 1278 5747; baseline -0.007 -13"><span class='ocrx_word' id='word_1_756' title='bbox 209 5685 267 5733; x_wconf 84' lang='lat' dir='ltr'>ut</span> <span class='ocrx_word' id='word_1_757' title='bbox 288 5675 417 5734; x_wconf 85' lang='lat' dir='ltr'>eam</span> <span class='ocrx_word' id='word_1_758' title='bbox 445 5677 616 5732; x_wconf 87' lang='lat' dir='ltr'>altari</span> <span class='ocrx_word' id='word_1_759' title='bbox 641 5675 1070 5747; x_wconf 81' lang='lat' dir='ltr'>superponeret,</span> <span class='ocrx_word' id='word_1_760' title='bbox 1112 5692 1139 5725; x_wconf 84' lang='grc'><strong>››</strong></span> <span class='ocrx_word' id='word_1_761' title='bbox 1170 5675 1278 5728; x_wconf 87' lang='lat' dir='ltr'>etc.</span> 
     </span>
    </p>
   </div>
   <div class='ocr_carea' id='block_1_102' title="bbox 276 5750 769 5805">
    <p class='ocr_par' dir='ltr' id='par_1_102' title="bbox 276 5750 769 5805">
     <span class='ocr_line' id='line_1_102' title="bbox 276 5750 769 5805; baseline -0.008 0"><span class='ocrx_word' id='word_1_762' title='bbox 276 5750 301 5779; x_wconf 89' lang='grc'><strong><em>⁸</em></strong></span> <span class='ocrx_word' id='word_1_763' title='bbox 330 5750 489 5805; x_wconf 81' lang='lat' dir='ltr'>Adde</span> <span class='ocrx_word' id='word_1_764' title='bbox 518 5750 769 5803; x_wconf 86' lang='lat' dir='ltr'>cantare.</span> 
     </span>
    </p>
   </div>
   <div class='ocr_carea' id='block_1_103' title="bbox 276 5813 1842 5891">
    <p class='ocr_par' dir='ltr' id='par_1_103' title="bbox 276 5813 1842 5891">
     <span class='ocr_line' id='line_1_103' title="bbox 276 5813 1842 5891; baseline -0.005 -16"><span class='ocrx_word' id='word_1_765' title='bbox 276 5819 305 5859; x_wconf 70' lang='grc' dir='ltr'>δ</span> <span class='ocrx_word' id='word_1_766' title='bbox 333 5818 678 5891; x_wconf 86' lang='lat' dir='ltr'>Longiorem</span> <span class='ocrx_word' id='word_1_767' title='bbox 719 5815 1172 5891; x_wconf 76' lang='lat' dir='ltr'>benedictionem</span> <span class='ocrx_word' id='word_1_768' title='bbox 1202 5828 1373 5891; x_wconf 83' lang='lat' dir='ltr'>super</span> <span class='ocrx_word' id='word_1_769' title='bbox 1404 5813 1678 5891; x_wconf 79' lang='lat' dir='ltr'>pupulum</span> <span class='ocrx_word' id='word_1_770' title='bbox 1711 5817 1842 5891; x_wconf 79' lang='lat' dir='ltr'>ante</span> 
     </span>
    </p>
   </div>
   <div class='ocr_carea' id='block_1_104' title="bbox 216 5883 1843 5961">
    <p class='ocr_par' dir='ltr' id='par_1_104' title="bbox 216 5883 1843 5961">
     <span class='ocr_line' id='line_1_104' title="bbox 216 5883 1843 5961; baseline -0.004 -14"><span class='ocrx_word' id='word_1_771' title='bbox 216 5883 673 5947; x_wconf 68' lang='lat' dir='ltr'>communionem</span> <span class='ocrx_word' id='word_1_772' title='bbox 715 5886 1036 5961; x_wconf 84' lang='lat' dir='ltr'>proferebat</span> <span class='ocrx_word' id='word_1_773' title='bbox 1069 5885 1205 5941; x_wconf 90' lang='lat' dir='ltr'>olim</span> <span class='ocrx_word' id='word_1_774' title='bbox 1243 5883 1561 5957; x_wconf 84' lang='lat' dir='ltr'>episcopus,</span> <span class='ocrx_word' id='word_1_775' title='bbox 1602 5888 1664 5939; x_wconf 87' lang='lat' dir='ltr'>ut</span> <span class='ocrx_word' id='word_1_776' title='bbox 1712 5888 1843 5955; x_wconf 87' lang='lat' dir='ltr'>pote</span> 
     </span>
    </p>
   </div>
   <div class='ocr_carea' id='block_1_105' title="bbox 1943 4672 3575 4745">
    <p class='ocr_par' dir='ltr' id='par_1_105' title="bbox 1943 4672 3575 4745">
     <span class='ocr_line' id='line_1_105' title="bbox 1943 4672 3575 4745; baseline 0 -18"><span class='ocrx_word' id='word_1_777' title='bbox 1943 4672 2129 4745; x_wconf 91' lang='lat' dir='ltr'>prima</span> <span class='ocrx_word' id='word_1_778' title='bbox 2152 4672 2212 4728; x_wconf 92' lang='lat' dir='ltr'>in</span> <span class='ocrx_word' id='word_1_779' title='bbox 2232 4674 2498 4743; x_wconf 90' lang='lat' dir='ltr'>secunda,</span> <span class='ocrx_word' id='word_1_780' title='bbox 2518 4672 2764 4729; x_wconf 88' lang='lat' dir='ltr'>secunda</span> <span class='ocrx_word' id='word_1_781' title='bbox 2791 4673 2855 4728; x_wconf 90' lang='lat' dir='ltr'>in</span> <span class='ocrx_word' id='word_1_782' title='bbox 2876 4672 3047 4729; x_wconf 85' lang='lat' dir='ltr'>tertia</span> <span class='ocrx_word' id='word_1_783' title='bbox 3073 4676 3131 4728; x_wconf 90' lang='lat' dir='ltr'>et</span> <span class='ocrx_word' id='word_1_784' title='bbox 3153 4687 3383 4727; x_wconf 90' lang='lat' dir='ltr'>rursum</span> <span class='ocrx_word' id='word_1_785' title='bbox 3408 4672 3575 4727; x_wconf 88' lang='lat' dir='ltr'>tertia</span> 
     </span>
    </p>
   </div>
   <div class='ocr_carea' id='block_1_106' title="bbox 1940 4764 3575 4840">
    <p class='ocr_par' dir='ltr' id='par_1_106' title="bbox 1940 4764 3575 4840">
     <span class='ocr_line' id='line_1_106' title="bbox 1940 4764 3575 4840; baseline -0.001 -19"><span class='ocrx_word' id='word_1_786' title='bbox 1940 4767 1999 4821; x_wconf 91' lang='lat' dir='ltr'>in</span> <span class='ocrx_word' id='word_1_787' title='bbox 2039 4766 2286 4821; x_wconf 90' lang='lat' dir='ltr'>secunda</span> <span class='ocrx_word' id='word_1_788' title='bbox 2311 4770 2369 4822; x_wconf 89' lang='lat' dir='ltr'>et</span> <span class='ocrx_word' id='word_1_789' title='bbox 2397 4767 2641 4823; x_wconf 88' lang='lat' dir='ltr'>secunda</span> <span class='ocrx_word' id='word_1_790' title='bbox 2658 4770 2878 4823; x_wconf 89' lang='lat' dir='ltr'>rotatur</span> <span class='ocrx_word' id='word_1_791' title='bbox 2901 4767 2961 4822; x_wconf 90' lang='lat' dir='ltr'>in</span> <span class='ocrx_word' id='word_1_792' title='bbox 2984 4766 3190 4840; x_wconf 90' lang='lat' dir='ltr'>prima.</span> <span class='ocrx_word' id='word_1_793' title='bbox 3219 4767 3299 4821; x_wconf 85' lang='lat' dir='ltr'>ita</span> <span class='ocrx_word' id='word_1_794' title='bbox 3326 4768 3487 4837; x_wconf 79' lang='lat' dir='ltr'>pater</span> <span class='ocrx_word' id='word_1_795' title='bbox 3514 4764 3575 4820; x_wconf 93' lang='lat' dir='ltr'>in</span> 
     </span>
    </p>
   </div>
   <div class='ocr_carea' id='block_1_107' title="bbox 1941 4859 3573 4933">
    <p class='ocr_par' dir='ltr' id='par_1_107' title="bbox 1941 4859 3573 4933">
     <span class='ocr_line' id='line_1_107' title="bbox 1941 4859 3573 4933; baseline -0.001 -19"><span class='ocrx_word' id='word_1_796' title='bbox 1941 4859 2102 4930; x_wconf 88' lang='lat' dir='ltr'>Filio,</span> <span class='ocrx_word' id='word_1_797' title='bbox 2161 4860 2498 4933; x_wconf 89' lang='lat' dir='ltr'>mysterium</span> <span class='ocrx_word' id='word_1_798' title='bbox 2546 4860 2831 4917; x_wconf 89' lang='lat' dir='ltr'>Trinitatis</span> <span class='ocrx_word' id='word_1_799' title='bbox 2897 4860 3249 4932; x_wconf 87' lang='lat' dir='ltr'>complectet,</span> <span class='ocrx_word' id='word_1_800' title='bbox 3301 4861 3464 4914; x_wconf 88' lang='lat' dir='ltr'>Pater</span> <span class='ocrx_word' id='word_1_801' title='bbox 3513 4859 3573 4913; x_wconf 90' lang='lat' dir='ltr'>in</span> 
     </span>
    </p>
   </div>
   <div class='ocr_carea' id='block_1_108' title="bbox 1943 4951 3573 5026">
    <p class='ocr_par' dir='ltr' id='par_1_108' title="bbox 1943 4951 3573 5026">
     <span class='ocr_line' id='line_1_108' title="bbox 1943 4951 3573 5026; baseline 0.001 -20"><span class='ocrx_word' id='word_1_802' title='bbox 1943 4952 2096 5022; x_wconf 79' lang='lat' dir='ltr'>Filio,</span> <span class='ocrx_word' id='word_1_803' title='bbox 2143 4953 2314 5008; x_wconf 83' lang='lat' dir='ltr'>Filius</span> <span class='ocrx_word' id='word_1_804' title='bbox 2345 4954 2404 5008; x_wconf 91' lang='lat' dir='ltr'>in</span> <span class='ocrx_word' id='word_1_805' title='bbox 2447 4954 2658 5026; x_wconf 90' lang='lat' dir='ltr'>Spiritu</span> <span class='ocrx_word' id='word_1_806' title='bbox 2707 4957 2919 5024; x_wconf 88' lang='lat' dir='ltr'>sancto,</span> <span class='ocrx_word' id='word_1_807' title='bbox 2962 4953 3199 5025; x_wconf 88' lang='lat' dir='ltr'>Spiritus</span> <span class='ocrx_word' id='word_1_808' title='bbox 3241 4957 3466 5009; x_wconf 88' lang='lat' dir='ltr'>sanctus</span> <span class='ocrx_word' id='word_1_809' title='bbox 3512 4951 3573 5007; x_wconf 89' lang='lat' dir='ltr'>in</span> 
     </span>
    </p>
   </div>
   <div class='ocr_carea' id='block_1_109' title="bbox 1942 5045 3575 5118">
    <p class='ocr_par' dir='ltr' id='par_1_109' title="bbox 1942 5045 3575 5118">
     <span class='ocr_line' id='line_1_109' title="bbox 1942 5045 3575 5118; baseline 0 -18"><span class='ocrx_word' id='word_1_810' title='bbox 1942 5045 2099 5117; x_wconf 82' lang='lat' dir='ltr'>Filio,</span> <span class='ocrx_word' id='word_1_811' title='bbox 2142 5051 2199 5101; x_wconf 91' lang='lat' dir='ltr'>et</span> <span class='ocrx_word' id='word_1_812' title='bbox 2234 5046 2405 5102; x_wconf 90' lang='lat' dir='ltr'>Filius</span> <span class='ocrx_word' id='word_1_813' title='bbox 2443 5064 2673 5103; x_wconf 89' lang='lat' dir='ltr'>rursum</span> <span class='ocrx_word' id='word_1_814' title='bbox 2716 5048 2777 5102; x_wconf 92' lang='lat' dir='ltr'>in</span> <span class='ocrx_word' id='word_1_815' title='bbox 2818 5049 3001 5103; x_wconf 89' lang='lat' dir='ltr'>Patre.</span> <span class='ocrx_word' id='word_1_816' title='bbox 3038 5047 3144 5103; x_wconf 92' lang='lat' dir='ltr'>Sed</span> <span class='ocrx_word' id='word_1_817' title='bbox 3173 5046 3296 5118; x_wconf 91' lang='lat' dir='ltr'>jam</span> <span class='ocrx_word' id='word_1_818' title='bbox 3338 5045 3575 5118; x_wconf 90' lang='lat' dir='ltr'>epistola</span> 
     </span>
    </p>
   </div>
   <div class='ocr_carea' id='block_1_110' title="bbox 1940 5138 3576 5213">
    <p class='ocr_par' dir='ltr' id='par_1_110' title="bbox 1940 5138 3576 5213">
     <span class='ocr_line' id='line_1_110' title="bbox 1940 5138 3576 5213; baseline 0.001 -20"><span class='ocrx_word' id='word_1_819' title='bbox 1940 5138 2116 5194; x_wconf 87' lang='lat' dir='ltr'>ﬁnem</span> <span class='ocrx_word' id='word_1_820' title='bbox 2141 5139 2378 5212; x_wconf 88' lang='lat' dir='ltr'>accipiat</span> <span class='ocrx_word' id='word_1_821' title='bbox 2398 5141 2456 5196; x_wconf 92' lang='lat' dir='ltr'>in</span> <span class='ocrx_word' id='word_1_822' title='bbox 2481 5158 2593 5213; x_wconf 89' lang='lat' dir='ltr'>qua</span> <span class='ocrx_word' id='word_1_823' title='bbox 2608 5140 2894 5197; x_wconf 88' lang='lat' dir='ltr'>sollemnis</span> <span class='ocrx_word' id='word_1_824' title='bbox 2916 5140 3064 5197; x_wconf 92' lang='lat' dir='ltr'>Ordo</span> <span class='ocrx_word' id='word_1_825' title='bbox 3087 5140 3244 5196; x_wconf 90' lang='lat' dir='ltr'>brevi</span> <span class='ocrx_word' id='word_1_826' title='bbox 3263 5138 3576 5195; x_wconf 83' lang='lat' dir='ltr'>declaratus</span> 
     </span>
    </p>
   </div>
   <div class='ocr_carea' id='block_1_111' title="bbox 1943 5232 3571 5307">
    <p class='ocr_par' dir='ltr' id='par_1_111' title="bbox 1943 5232 3571 5307">
     <span class='ocr_line' id='line_1_111' title="bbox 1943 5232 3571 5307; baseline 0.001 -20"><span class='ocrx_word' id='word_1_827' title='bbox 1943 5233 2261 5288; x_wconf 89' lang='lat' dir='ltr'>ostenditur</span> <span class='ocrx_word' id='word_1_828' title='bbox 2286 5237 2566 5306; x_wconf 87' lang='lat' dir='ltr'>quatenus</span> <span class='ocrx_word' id='word_1_829' title='bbox 2596 5234 2655 5289; x_wconf 92' lang='lat' dir='ltr'>in</span> <span class='ocrx_word' id='word_1_830' title='bbox 2698 5237 3007 5307; x_wconf 79' lang='lat' dir='ltr'>sequutum</span> <span class='ocrx_word' id='word_1_831' title='bbox 3046 5232 3280 5306; x_wconf 88' lang='lat' dir='ltr'>epistola</span> <span class='ocrx_word' id='word_1_832' title='bbox 3311 5233 3382 5290; x_wconf 90' lang='lat' dir='ltr'>de</span> <span class='ocrx_word' id='word_1_833' title='bbox 3415 5250 3571 5289; x_wconf 88' lang='lat' dir='ltr'>eom-</span> 
     </span>
    </p>
   </div>
   <div class='ocr_carea' id='block_1_112' title="bbox 1940 5324 3571 5400">
    <p class='ocr_par' dir='ltr' id='par_1_112' title="bbox 1940 5324 3571 5400">
     <span class='ocr_line' id='line_1_112' title="bbox 1940 5324 3571 5400; baseline 0 -19"><span class='ocrx_word' id='word_1_834' title='bbox 1940 5342 2116 5381; x_wconf 88' lang='lat' dir='ltr'>mune</span> <span class='ocrx_word' id='word_1_835' title='bbox 2172 5327 2356 5381; x_wconf 86' lang='lat' dir='ltr'>ofﬁcio</span> <span class='ocrx_word' id='word_1_836' title='bbox 2409 5328 2651 5384; x_wconf 86' lang='lat' dir='ltr'>donante</span> <span class='ocrx_word' id='word_1_837' title='bbox 2698 5328 2937 5382; x_wconf 90' lang='lat' dir='ltr'>Domino</span> <span class='ocrx_word' id='word_1_838' title='bbox 2989 5324 3219 5383; x_wconf 88' lang='lat' dir='ltr'>auribus</span> <span class='ocrx_word' id='word_1_839' title='bbox 3268 5324 3571 5400; x_wconf 77' lang='lat' dir='ltr'>pandetur.</span> 
     </span>
    </p>
   </div>
   <div class='ocr_carea' id='block_1_113' title="bbox 1943 5419 2552 5483">
    <p class='ocr_par' dir='ltr' id='par_1_113' title="bbox 1943 5419 2552 5483">
     <span class='ocr_line' id='line_1_113' title="bbox 1943 5419 2552 5483; baseline 0.002 -10"><span class='ocrx_word' id='word_1_840' title='bbox 1943 5419 2049 5483; x_wconf 85' lang='lat' dir='ltr'>Qui</span> <span class='ocrx_word' id='word_1_841' title='bbox 2076 5419 2229 5475; x_wconf 90' lang='lat' dir='ltr'>vivit.</span> <span class='ocrx_word' id='word_1_842' title='bbox 2550 5422 2552 5425; x_wconf 81' lang='grc'><em>’</em></span> 
     </span>
    </p>
   </div>
   <div class='ocr_carea' id='block_1_114' title="bbox 1940 5533 3574 5609">
    <p class='ocr_par' dir='ltr' id='par_1_114' title="bbox 1940 5533 3574 5609">
     <span class='ocr_line' id='line_1_114' title="bbox 1940 5533 3574 5609; baseline 0.002 -21"><span class='ocrx_word' id='word_1_843' title='bbox 1940 5533 2123 5609; x_wconf 76' lang='lat' dir='ltr'>tribus</span> <span class='ocrx_word' id='word_1_844' title='bbox 2157 5540 2514 5609; x_wconf 75' lang='lat' dir='ltr'>constantem</span> <span class='ocrx_word' id='word_1_845' title='bbox 2541 5536 2909 5607; x_wconf 89' lang='lat' dir='ltr'>orationibus,</span> <span class='ocrx_word' id='word_1_846' title='bbox 2937 5536 3165 5609; x_wconf 87' lang='lat' dir='ltr'>qualem</span> <span class='ocrx_word' id='word_1_847' title='bbox 3187 5537 3379 5593; x_wconf 89' lang='lat' dir='ltr'>videre</span> <span class='ocrx_word' id='word_1_848' title='bbox 3404 5540 3487 5609; x_wconf 79' lang='lat' dir='ltr'>est</span> <span class='ocrx_word' id='word_1_849' title='bbox 3514 5535 3574 5592; x_wconf 89' lang='lat' dir='ltr'>in</span> 
     </span>
    </p>
   </div>
   <div class='ocr_carea' id='block_1_115' title="bbox 1940 5604 3574 5678">
    <p class='ocr_par' dir='ltr' id='par_1_115' title="bbox 1940 5604 3574 5678">
     <span class='ocr_line' id='line_1_115' title="bbox 1940 5604 3574 5678; baseline 0.002 -19"><span class='ocrx_word' id='word_1_850' title='bbox 1940 5604 2200 5676; x_wconf 86' lang='lat' dir='ltr'>plurimis</span> <span class='ocrx_word' id='word_1_851' title='bbox 2237 5606 2729 5678; x_wconf 84' lang='lat' dir='ltr'>Sacramentorum</span> <span class='ocrx_word' id='word_1_852' title='bbox 2760 5604 2916 5664; x_wconf 85' lang='lat' dir='ltr'>libris</span> <span class='ocrx_word' id='word_1_853' title='bbox 2944 5604 3103 5678; x_wconf 69' lang='lat' dir='ltr'>fnss.,</span> <span class='ocrx_word' id='word_1_854' title='bbox 3138 5609 3363 5678; x_wconf 89' lang='lat' dir='ltr'>qualem</span> <span class='ocrx_word' id='word_1_855' title='bbox 3400 5607 3574 5678; x_wconf 84' lang='lat' dir='ltr'>etiam</span> 
     </span>
    </p>
   </div>
   <div class='ocr_carea' id='block_1_116' title="bbox 1940 5676 3576 5751">
    <p class='ocr_par' dir='ltr' id='par_1_116' title="bbox 1940 5676 3576 5751">
     <span class='ocr_line' id='line_1_116' title="bbox 1940 5676 3576 5751; baseline 0.002 -22"><span class='ocrx_word' id='word_1_856' title='bbox 1940 5692 2094 5751; x_wconf 82' lang='lat' dir='ltr'>nunc</span> <span class='ocrx_word' id='word_1_857' title='bbox 2122 5677 2421 5751; x_wconf 81' lang='lat' dir='ltr'>proferunt</span> <span class='ocrx_word' id='word_1_858' title='bbox 2443 5676 2629 5751; x_wconf 80' lang='lat' dir='ltr'>adhuc</span> <span class='ocrx_word' id='word_1_859' title='bbox 2644 5679 3027 5751; x_wconf 81' lang='lat' dir='ltr'>pontiﬁcesin</span> <span class='ocrx_word' id='word_1_860' title='bbox 3045 5676 3383 5751; x_wconf 82' lang='lat' dir='ltr'>quibusdam</span> <span class='ocrx_word' id='word_1_861' title='bbox 3399 5677 3576 5733; x_wconf 87' lang='lat' dir='ltr'>eccle-</span> 
     </span>
    </p>
   </div>
   <div class='ocr_carea' id='block_1_117' title="bbox 1940 5746 3576 5815">
    <p class='ocr_par' dir='ltr' id='par_1_117' title="bbox 1940 5746 3576 5815">
     <span class='ocr_line' id='line_1_117' title="bbox 1940 5746 3576 5815; baseline 0.005 -16"><span class='ocrx_word' id='word_1_862' title='bbox 1940 5746 2055 5815; x_wconf 91' lang='lat' dir='ltr'>siis,</span> <span class='ocrx_word' id='word_1_863' title='bbox 2085 5746 2217 5801; x_wconf 89' lang='lat' dir='ltr'>cum</span> <span class='ocrx_word' id='word_1_864' title='bbox 2235 5749 2579 5804; x_wconf 86' lang='lat' dir='ltr'>solemnibus</span> <span class='ocrx_word' id='word_1_865' title='bbox 2602 5746 2799 5806; x_wconf 74' lang='lat' dir='ltr'>diebus</span> <span class='ocrx_word' id='word_1_866' title='bbox 2827 5746 3129 5806; x_wconf 77' lang='lat' dir='ltr'>celebrant.</span> <span class='ocrx_word' id='word_1_867' title='bbox 3154 5750 3195 5803; x_wconf 89' lang='lat' dir='ltr'><strong>E</strong></span> <span class='ocrx_word' id='word_1_868' title='bbox 3223 5747 3415 5815; x_wconf 73' lang='lat' dir='ltr'>contra</span> <span class='ocrx_word' id='word_1_869' title='bbox 3438 5762 3576 5806; x_wconf 82' lang='lat' dir='ltr'>vero</span> 
     </span>
    </p>
   </div>
   <div class='ocr_carea' id='block_1_118' title="bbox 1940 5813 3580 5891">
    <p class='ocr_par' dir='ltr' id='par_1_118' title="bbox 1940 5813 3580 5891">
     <span class='ocr_line' id='line_1_118' title="bbox 1940 5813 3580 5891; baseline 0.003 -20"><span class='ocrx_word' id='word_1_870' title='bbox 1940 5813 2255 5891; x_wconf 82' lang='lat' dir='ltr'>benedictio</span> <span class='ocrx_word' id='word_1_871' title='bbox 2282 5820 2743 5891; x_wconf 84' lang='lat' dir='ltr'>presbyterorum</span> <span class='ocrx_word' id='word_1_872' title='bbox 2767 5820 2933 5881; x_wconf 85' lang='lat' dir='ltr'>unica</span> <span class='ocrx_word' id='word_1_873' title='bbox 2972 5822 3030 5875; x_wconf 89' lang='lat' dir='ltr'>et</span> <span class='ocrx_word' id='word_1_874' title='bbox 3068 5818 3223 5876; x_wconf 86' lang='lat' dir='ltr'>brevi</span> <span class='ocrx_word' id='word_1_875' title='bbox 3250 5813 3580 5887; x_wconf 83' lang='lat' dir='ltr'>perﬁcieba-</span> 
     </span>
    </p>
   </div>
   <div class='ocr_carea' id='block_1_119' title="bbox 1942 5889 2332 5946">
    <p class='ocr_par' dir='ltr' id='par_1_119' title="bbox 1942 5889 2332 5946">
     <span class='ocr_line' id='line_1_119' title="bbox 1942 5889 2332 5946; baseline 0.005 -2"><span class='ocrx_word' id='word_1_876' title='bbox 1942 5892 2036 5944; x_wconf 86' lang='lat' dir='ltr'>tur</span> <span class='ocrx_word' id='word_1_877' title='bbox 2055 5889 2332 5946; x_wconf 85' lang='lat' dir='ltr'>oratione.</span> 
     </span>
    </p>
   </div>
  </div>
