4044 6196
477 347 3822 376 WW

1251 503 1700 611 INCIPIT
1778 503 2396 610 EPISTOLA
2473 503 3052 614 SECUNDA

1799 721 1876 765 DE
1919 719 2200 766 COMMUNI
2241 717 2504 766 OFFICIO.

535 869 676 936 Quia
707 865 926 922 favente
961 864 1197 920 Domino
1228 863 1488 921 ordinem
1511 881 1682 922 sacrae
1709 864 2008 920 oblationis
2033 865 2094 920 in
2115 879 2175 952 Α
2195 862 2542 920 conﬁcienda
2583 869 2895 937 unguenta,
2937 865 3018 921 vel
3059 865 3429 938 praeparanda
3465 863 3716 938 lucerna,
3747 865 3836 924 vel

463 965 649 1038 priore
698 959 930 1032 epistola
955 959 1200 1014 breviter
1239 959 1594 1029 explananda
1631 959 2088 1032 perstrinximus,

463 1072 616 1112 nunc
645 1054 862 1110 diversa
901 1053 1158 1108 Ecclesiae
1207 1053 1502 1108 carismata
1545 1069 1656 1125 qua
1695 1053 1912 1108 ratione
1955 1054 2090 1107 sub-

462 1151 660 1206 sistant
682 1149 849 1220 juxta
877 1147 1030 1218 quod
1055 1147 1325 1202 Dominus
1344 1147 1505 1202 nobis
1532 1145 1845 1218 intelligere
1873 1147 2090 1218 tribuit,

460 1243 616 1302 brevi
646 1241 915 1315 paginola
943 1241 1426 1296 commendemus.

531 1365 884 1435 Antiphonas
912 1379 1044 1418 vero
1071 1379 1211 1434 quas
1241 1361 1390 1418 dulci
1417 1361 1722 1417 cerimonia
1761 1361 1961 1432 psallat
1989 1363 2090 1416 Ec-

459 1459 628 1514 clesia
652 1458 784 1512 hinc
827 1461 1122 1512 traxerunt
1157 1456 1474 1512 exordium.
1515 1457 1634 1512 Rex
1666 1455 1924 1510 Salomon
1963 1472 2096 1510 cum

460 1553 694 1607 domum
722 1551 1156 1606 celeberrimum
1196 1550 1570 1618 instruxisset,
1605 1549 1816 1604 ibidem
1842 1551 2096 1604 cantores

459 1646 722 1715 instituit,
752 1645 848 1717 qui
879 1661 1010 1699 cum
1040 1644 1273 1699 diversis
1303 1643 1529 1716 organis
1561 1643 1654 1697 Dei
1683 1643 1968 1713 magnalia
1993 1645 2093 1698 de-

463 1743 774 1810 cantarent,
796 1743 860 1792 ut
887 1739 1035 1792 inter
1055 1739 1274 1810 reliqua
1299 1741 1631 1792 ornamenta
1657 1753 1784 1808 quae
1805 1737 2098 1808 fulgebant

461 1834 518 1889 in
563 1833 793 1904 templo,
827 1833 996 1886 etiam
1037 1833 1228 1886 divina
1269 1831 1490 1902 eloquia
1529 1830 1680 1884 dulci
1709 1831 2098 1900 proferrentur

462 1928 706 1999 eloquio,
743 1930 806 1980 ut
835 1929 951 1980 toto
1007 1925 1147 1998 [Leg.
1197 1924 1370 1996 tanto]
1417 1924 1546 1995 plus
1590 1923 1962 1978 delectaretur
1999 1923 2096 1978 Dei

459 2021 716 2090 verbum,
746 2023 957 2090 quanto
984 2019 1294 2090 elegantius
1333 2017 1654 2072 volvebatur
1688 2015 1836 2070 vocis
1873 2020 2094 2072 ornatu.

460 2115 694 2184 Propter
741 2113 979 2167 carnalis
1033 2128 1278 2182 namque
1327 2111 1384 2164 in
1429 2110 1660 2166 ecclesia
1707 2125 1822 2164 non
1867 2114 2098 2181 propter

461 2205 762 2278 spiritualis
792 2205 1139 2260 consuetudo
1169 2209 1252 2260 est
1281 2205 1582 2258 constituta
1607 2203 1890 2270 cantandi,
1925 2203 2098 2275 utqui

461 2299 643 2354 verbis
681 2316 798 2354 non
843 2302 1328 2370 compunguntur,
1387 2297 1658 2352 suavitate
1705 2296 2097 2350 modolaminis

461 2398 813 2462 moveantur,
855 2397 1154 2464 pensantes
1192 2396 1404 2464 quanta
1452 2392 1522 2446 sit
1581 2390 1816 2444 dulcedo
1869 2391 2099 2444 caelestis

461 2487 681 2556 cantici,
711 2487 935 2558 quando
966 2487 1025 2540 in
1053 2487 1298 2540 incolatu
1329 2485 1498 2555 hujus
1525 2484 1710 2538 saeculi
1731 2488 1849 2538 tam
1877 2484 2100 2554 elegan-

465 2584 550 2634 ter
577 2583 802 2635 resonat
826 2580 1066 2634 Ecclesia
1091 2579 1284 2634 laudes
1304 2578 1531 2632 Christi.
1561 2577 1883 2648 Antiphona
1907 2581 2100 2632 autem

461 2673 610 2730 dicta
662 2673 794 2746 quia
837 2673 994 2744 prius
1033 2673 1152 2744 ipsa
1191 2672 1576 2743 anteponitur,
1619 2677 1676 2725 et
1729 2671 1804 2724 sic
1857 2675 2101 2741 ponetur

461 2767 664 2839 psalmi
691 2767 1050 2834 versiculum,
1081 2783 1212 2820 cum
1240 2765 1416 2838 gloria
1435 2765 1722 2818 Trinitatis
1748 2764 2098 2834 adnectetur,

463 2877 706 2933 quarum
748 2863 1024 2932 quaterna
1065 2863 1198 2914 sunt
1245 2875 1474 2930 genera,
1504 2875 1718 2930 organo
1748 2875 1818 2913 ex
1851 2859 2098 2928 prophe-

465 2955 596 3022 tico,
625 2959 895 3024 tympano
923 2971 992 3008 ex
1034 2953 1308 3023 evangelii
1337 2969 1493 3006 sacro
1531 2951 1799 3020 tonitruo,
1829 2951 1916 3005 vel
1944 2967 2098 3005 com-

466 3047 724 3117 passione
772 3046 914 3116 [Leg.
960 3044 1383 3116 compositione]
1427 3043 1836 3098 catholicorum
1869 3045 2102 3098 Patrum

468 3157 572 3210 pro
627 3138 824 3194 ordine
873 3143 1220 3209 temporum,
1271 3138 1358 3192 vel
1407 3137 1782 3208 deprecando,
1837 3137 1924 3192 vel
1965 3154 2098 3190 nar-

467 3233 645 3287 rando
697 3233 784 3287 vel
841 3233 1035 3288 laudes
1094 3231 1313 3286 divinas
1371 3229 1804 3303 tympanizando
1869 3247 2098 3302 compo—

399 3335 404 3338 '
471 3325 612 3380 sitm.

539 3447 916 3519 Responsoria
955 3463 1087 3502 vero
1121 3463 1250 3519 quae
1289 3447 1348 3501 in
1393 3445 1596 3501 divinis
1633 3445 1829 3500 ofﬁciis
1870 3446 1958 3500 die
2005 3451 2104 3500 aut

467 3547 628 3597 nocte
646 3545 968 3611 cantantur,
987 3543 1054 3596 de
1081 3540 1458 3596 Pentateucho
1478 3539 1648 3612 Moysi
1675 3541 1960 3596 duxerunt
1985 3539 2099 3592 ori-

471 3635 680 3706 ginem,
715 3635 940 3706 quando
987 3635 1275 3689 Pharaone
1295 3633 1606 3704 submerso,
1651 3634 1818 3688 Maria
1861 3622 2178 3706 pr0phe-C

469 3729 602 3782 tissa
651 3745 880 3782 sumens
925 3731 1283 3798 tympanum,
1325 3728 1666 3798 prmcinebat
1701 3727 2002 3796 canticum,
2047 3731 2105 3782 et

469 3821 842 3892 respondebat
871 3821 1112 3892 populus
1133 3821 1412 3876 adunatus
1427 3821 1486 3874 in
1505 3821 1697 3875 choro.
1729 3821 1942 3874 Horum
1971 3837 2103 3874 vero

471 3917 746 3986 quaterna
791 3915 936 3968 ratio
979 3917 1212 3982 constat,
1245 3913 1388 3968 sicut
1427 3914 1494 3968 de
1537 3913 1965 3984 Antiphonabus
2005 3930 2100 3968 su-

468 4007 660 4079 perius
686 4007 1026 4062 continetur.
1048 4007 1404 4062 Consuetudo
1429 4006 1776 4077 przecinendi
1797 4010 1854 4061 et
1875 4023 2104 4077 respon-

469 4101 640 4156 dendi
667 4117 784 4154 non
821 4101 1005 4155 solum
1043 4101 1114 4154 ad
1153 4117 1310 4154 mare
1351 4100 1630 4166 Rubrum,
1675 4100 1773 4154 sed
1811 4100 1870 4154 in
1913 4100 2106 4154 multis

470 4195 796 4250 Ebraeorum
855 4195 1116 4266 gentibus
1181 4193 1600 4264 comprobatur,
1667 4193 1818 4264 quod
1877 4193 2106 4264 plenius

468 4289 682 4345 Veteris
709 4289 1048 4344 Testamenti
1075 4293 1269 4342 narrat
1295 4287 1550 4342 historia.

542 4406 775 4462 Sanctus
828 4406 973 4460 Deus
1023 4405 1492 4478 archangelorum
1553 4403 1614 4457 in
1671 4402 2104 4474 quadragesimo

472 4500 799 4554 concinctur
841 4503 896 4554 et
935 4517 1050 4554 non
1103 4499 1386 4554 canticum
1439 4495 1758 4566 Zachariae,
1814 4495 1945 4567 quia
1999 4496 2108 4550 ista

471 4593 780 4646 modulatio
805 4593 1170 4662 deprecabilis
1196 4597 1280 4648 est
1306 4593 1537 4664 pepulo,
1567 4591 1711 4645 sicut
1749 4589 1920 4645 verba
1965 4589 2104 4643 texti

473 4683 654 4756 ipsius
684 4683 1064 4738 continentur.
1085 4685 1150 4738 Et
1179 4691 1412 4756 propter
1438 4685 1543 4739 hoc
1569 4701 1685 4739 non
1715 4686 1950 4738 canetur
1971 4699 2103 4753 pro-

471 4777 686 4849 phetia,
715 4780 946 4848 propter
977 4777 1130 4848 quod
1155 4781 1211 4831 et
1233 4777 1626 4847 baptisterium
1653 4777 1974 4844 claudetur;
2005 4775 2108 4830 sci-

475 4871 608 4928 licet
635 4872 770 4944 quia
807 4870 1035 4924 canonis
1069 4869 1426 4941 prtecipiunt,
1459 4869 1543 4924 vel
1587 4869 1932 4940 baptismum
1959 4887 2104 4942 qua-

475 4965 808 5037 dragesimse
833 4980 948 5019 non
975 4967 1078 5019 est.

547 5077 744 5133 Oleum
793 5081 985 5132 autem
1037 5075 1187 5147 quod
1245 5091 1376 5129 cum
1433 5067 1682 5130 chrisma
1733 5074 2106 5130 benedicitur.

477 5187 608 5225 voce
657 5171 858 5242 psalmi
914 5169 1247 5238 ostenditur,
1297 5167 1398 5240 qui
1445 5169 1512 5223 de
1551 5167 1773 5223 Christo
1833 5169 2118 5238 profertur

477 5263 644 5333 (Psal.
672 5279 814 5332 κων,
844 5264 894 5330 8)
943 5280 956 5317 :
1013 5265 1179 5318 Urm't
1225 5267 1274 5317 te
1315 5267 1452 5319 Deus
1493 5263 1558 5318 de
1597 5263 1708 5318 oleo
1757 5263 1962 5316 lcetitz'ce
1999 5277 2118 5330 pra:

477 5357 801 5412 consortibus
828 5359 953 5421 tuis,
996 5355 1082 5412 vel
1109 5355 1248 5412 illud
1279 5374 1292 5410 :
1325 5357 1448 5414 Oleo
1483 5361 1666 5412 sancto
1693 5371 1805 5411 meo
1835 5356 1977 5408 lt'mu'
2002 5371 2118 5409 eum

478 5451 642 5520 (Psal.
679 5465 934 5518 Lxxxvm,
979 5449 1090 5520 2t),
1131 5450 1288 5522 prius
1343 5465 1478 5522 ergo
1529 5449 1892 5522 ungebantur
1916 5447 2120 5502 veteris

477 5543 617 5612 oleo,
637 5541 714 5596 sic
741 5542 1224 5612 perfundebantur
1239 5547 1552 5615 unguento.
1583 5542 1910 5614 Specialiter
1925 5545 2117 5596 autem

473 5637 664 5692 oleum
701 5635 888 5690 Graece
939 5636 1131 5692 Latine
1171 5635 1556 5691 misericordia
1610 5635 1846 5706 dicitur,
1907 5637 1964 5690 et
2015 5649 2120 5706 per

400 5757 430 5786 κ
481 5731 668 5786 oleum
695 5729 878 5786 Sancti
906 5729 1146 5802 Spiritus
1173 5729 1352 5802 gratia
1381 5729 1728 5802 designatur.
1759 5731 1920 5785 Hunc
1964 5727 2119 5784 enim

481 5823 758 5895 liquorem
815 5823 1158 5883 consecravit
1191 5825 1336 5880 Deus
1375 5823 1436 5880 in
1475 5823 1720 5880 Ecclesia
1766 5823 1836 5878 ad
1883 5823 2120 5896 mystica

2193 957 2436 1015 fovenda
2461 959 2859 1030 peccaminum
2887 961 3142 1018 vulnera.

2265 1052 2594 1124 Symbolum
2623 1071 2849 1128 quoque
2879 1071 2981 1125 pro
3027 1055 3134 1110 hoc
3172 1055 3624 1127 competentibus
3663 1071 3838 1127 supra

2193 1146 2398 1218 scripto
2425 1147 2515 1202 die
2546 1147 2823 1218 tradetur,
2856 1152 2921 1202 ut
2951 1148 3098 1204 sicut
3125 1149 3354 1220 quando
3382 1149 3520 1204 dixit
3545 1149 3689 1205 Deus
3717 1149 3840 1203 Fiat

2192 1241 2312 1308 lux,
2343 1242 2495 1313 quod
2531 1241 2720 1313 signat
2763 1242 3102 1298 illuminatio
3141 1243 3508 1310 credulitatis,
3545 1245 3837 1314 appareat.

2195 1334 2440 1406 Septima
2467 1335 2565 1390 Die
2591 1335 2881 1390 benedixit
2909 1341 2966 1390 et
2991 1336 3356 1392 sanctiﬁcavit
3377 1337 3438 1392 in
3457 1336 3650 1408 requie
3673 1353 3686 1391 :
3709 1336 3838 1392 ideo

2194 1428 2298 1482 hac
2337 1428 2427 1484 die
2469 1428 2610 1484 ﬁdes
2649 1429 2844 1501 populi
2889 1429 3170 1500 ﬁrmatur,
3229 1431 3549 1502 symbolum
3593 1434 3650 1485 et
3693 1431 3838 1486 lacte

2195 1522 2512 1576 chrismatis
2553 1523 2859 1590 enntritur,
2899 1524 3032 1596 quia
3073 1525 3135 1579 in
3185 1524 3274 1579 die
3327 1525 3568 1595 septima
3607 1524 3839 1596 requies

2195 1616 2403 1671 Christi
2445 1617 2504 1670 in
2536 1617 2795 1688 sepulcro
2837 1618 3073 1687 coletur,
3121 1621 3176 1672 et
3223 1617 3538 1672 declinante
3581 1617 3706 1688 jam
3749 1617 3842 1672 die

2195 1709 2555 1782 triumphum
2608 1711 3036 1766 resurrectionis
3091 1711 3242 1765 illius
3285 1715 3666 1766 consecratur.
3709 1711 3838 1766 Ideo

2196 1808 2386 1857 autem
2413 1804 2738 1859 venientem
2764 1805 3112 1860 sacerdotem
3133 1805 3450 1876 symbolum
3471 1805 3712 1872 tradere,
3747 1821 3840 1859 ex-

2195 1897 2480 1967 pandetur
2507 1914 2679 1968 super
2719 1899 3034 1952 cancellum
3081 1898 3340 1952 molliciis
3365 1899 3716 1970 plumarum,
3749 1900 3841 1954 vel

2198 1989 2435 2044 candida
2471 1991 2697 2058 sabana,
2727 1995 2782 2045 et
2811 1991 3062 2046 defertur
3099 1991 3160 2046 in
3198 1992 3381 2046 calicis
3419 1993 3640 2046 vascula
3683 1993 3839 2047 chri-

2198 2083 2390 2137 smatis
2426 2087 2482 2137 et
2515 2084 2620 2138 olei
2659 2084 3061 2154 benedicenda,
3088 2085 3176 2139 vel
3206 2085 3368 2140 codix
3394 2084 3534 2140 sacri
3583 2086 3840 2156 Evange-

2197 2176 2260 2230 lii
2301 2177 2474 2231 rubro
2521 2181 2710 2232 textus
2759 2178 3056 2246 velamine,
3099 2179 3234 2249 quia
3269 2179 3514 2250 p0pulus
3551 2179 3624 2232 ad
3667 2179 3842 2234 ﬁdem

2119 2253 2174 2324 B
2199 2270 2428 2324 veniens
2469 2271 2723 2325 infantia:
2766 2271 3010 2342 ﬁguram
3045 2277 3220 2326 tenet.
3261 2272 3414 2328 Sicut
3463 2273 3616 2326 enim
3657 2273 3844 2328 infans

2199 2369 2284 2418 est
2307 2367 2468 2418 tener
2499 2369 2554 2419 et
2580 2381 2758 2418 novus
2783 2365 2844 2418 in
2873 2381 3106 2436 corpore
3137 2381 3149 2419 :
3185 2365 3258 2420 ita
3285 2366 3661 2421 caticuminus
3679 2373 3844 2422 tener

2200 2461 2256 2511 et
2279 2473 2456 2512 novus
2485 2457 2546 2512 in
2573 2458 2766 2527 ﬁdem,
2806 2457 3036 2512 infantis
3066 2459 3320 2514 membra
3357 2475 3527 2530 super
3561 2461 3844 2531 plumacia

2199 2555 2511 2622 ponuntur,
2549 2557 2613 2606 ut
2647 2551 2852 2606 melius
2898 2552 3202 2607 nutriatur.
3249 2552 3596 2607 Caticumino
3637 2554 3844 2608 blanda

2200 2645 2370 2698 verba
2397 2645 2619 2699 Domini
2649 2645 3035 2716 proferuntur,
3067 2662 3179 2717 quo
3219 2646 3462 2718 amplius
3511 2647 3842 2702 delectetur.

2201 2737 2321 2792 Non
2362 2737 2518 2793 enim
2569 2743 2754 2810 potest
2797 2739 3076 2794 sustinere
3114 2739 3348 2794 fortiora
3388 2745 3668 2811 praecepta
3709 2747 3844 2796 ante

2201 2847 2372 2902 quam
2401 2847 2503 2902 per
2527 2831 2875 2902 baptismum
2905 2832 3145 2902 Spiritus
3171 2833 3347 2887 sancti
3378 2833 3747 2888 conﬁrmetur
3781 2834 3844 2888 in

2203 2924 2402 2994 gratia.
2430 2925 2676 2978 Membra
2700 2925 2918 2996 parvoli
2947 2925 3175 2992 sabana,
3211 2927 3268 2980 id
3295 2932 3378 2981 est
3405 2927 3646 2982 candido
3673 2945 3738 2982 ac
3767 2928 3850 2982 vi-

2201 3017 2296 3071 lati
2324 3017 2500 3071 linteo
2545 3021 2941 3090 exterguntur,
2984 3035 3057 3072 ne
3095 3019 3310 3074 corium
3357 3020 3408 3074 ei
3457 3021 3712 3076 laedatur.
3765 3022 3848 3075 Ita

2202 3110 2540 3164 caticumino
2581 3111 2859 3166 subtilitas
2899 3111 3028 3166 ﬁdei
3074 3113 3332 3183 aperitur
3375 3113 3434 3168 in
3473 3114 3748 3186 symbolo,
3781 3118 3846 3168 ut

2201 3221 2303 3275 per
2313 3204 2644 3260 credulitate
2661 3209 2918 3277 tergatur
2931 3205 3002 3259 ab
3020 3205 3176 3260 omni
3196 3209 3450 3278 peccato.
3473 3207 3632 3262 Prius
3651 3207 3848 3262 liniter

2201 3313 2303 3368 per
2330 3298 2534 3352 blanda
2561 3303 2863 3370 praecepta,
2893 3315 2966 3354 ne
2997 3305 3365 3370 exasperetur
3389 3305 3552 3356 tener
3579 3301 3636 3354 in
3671 3301 3844 3354 intel-

2200 3391 2455 3461 ligentia,
2486 3396 2614 3462 post
2659 3392 2988 3446 modum....
3037 3409 3142 3463 per
3176 3393 3413 3447 fortiora
3461 3393 3726 3448 mandata
3777 3397 3848 3448 ut

2201 3485 2544 3539 convalescat
2569 3501 2673 3556 per
2705 3501 2896 3556 opera.
2927 3485 3113 3540 Infans
3139 3486 3281 3540 lacte
3309 3486 3580 3556 nutritur,
3625 3491 3682 3541 et
3713 3487 3850 3540 cati-

2205 3578 2458 3632 cumenis
2485 3579 2786 3634 chrismate
2825 3583 3138 3650 unguetur.
3171 3581 3276 3635 Lac
3317 3597 3386 3634 ex
3431 3581 3628 3635 matris
3666 3580 3846 3634 ubera

2203 3677 2498 3742 suggetur,
2531 3675 2588 3728 et
2615 3673 2860 3727 chrisma
2889 3673 2948 3726 in
2977 3673 3104 3728 sinu
3125 3677 3330 3728 sanctae
3357 3674 3553 3728 matris
3583 3673 3846 3728 Ecclesiae

2203 3771 2586 3821 consecratur.

2277 3858 2440 3912 Liber
2464 3864 2654 3913 autem
2685 3861 2970 3931 Evangelii
3015 3861 3076 3916 in
3116 3861 3299 3933 specie
3345 3861 3596 3932 corporis
3637 3861 3846 3916 Christi

2203 3951 2376 4005 rubro
2401 3951 2617 4023 tegitur
2643 3952 2945 4022 velamine,
2979 3955 3271 4026 sanguinis
3303 3956 3465 4026 signo
3491 3961 3848 4010 monstrante

2207 4045 2268 4098 In
2290 4043 2476 4098 calicis
2514 4049 2708 4100 autem
2755 4047 3019 4102 chrismaa
3061 4049 3290 4103 vascula
3315 4049 3669 4118 deferuntur,
3710 4049 3848 4120 quia

2205 4138 2394 4192 omnia
2440 4144 2786 4194 sacramenta
2823 4141 3177 4213 baptismatis
3229 4141 3287 4196 in
3329 4143 3534 4198 Christi
3589 4143 3848 4214 passione

2204 4231 2523 4287 ﬁrmantur.
2555 4234 2737 4288 Vitrea
2765 4239 2958 4288 autem
2983 4235 3070 4290 vel
3097 4235 3400 4290 cristallina
3413 4253 3544 4290 vasa
3568 4237 3844 4291 chrisma-

2207 4324 2297 4394 tis,
2317 4325 2628 4382 claritatem
2647 4327 2873 4398 signant
2893 4328 3264 4399 baptismatis.
3291 4329 3612 4384 Balsamum
3647 4335 3848 4386 autem

2206 4418 2450 4474 chrisma
2495 4419 2811 4475 conﬁcitur.
2856 4421 3143 4476 Lentiscus
3193 4439 3374 4494 genus
3423 4423 3568 4494 ligni
3613 4423 3846 4493 dicitur,

2205 4512 2357 4566 unde
2412 4512 2588 4567 risina
2631 4514 2896 4569 balsama:
2945 4516 3192 4586 tolletur,
3239 4517 3308 4571 de
3363 4517 3469 4571 hoc
3519 4517 3750 4572 lentisco
3787 4517 3854 4572 in

2207 4621 2372 4660 cruce
2399 4606 2682 4662 dominica
2711 4607 2807 4661 illa
2831 4625 2963 4679 pars
3001 4609 3172 4663 fuisse
3203 4609 3465 4678 traditur,
3496 4610 3594 4664 ubi
3629 4615 3854 4664 sanctas

2205 4715 2408 4753 manus
2438 4701 2658 4754 Domini
2679 4701 2835 4756 clavo
2857 4702 3089 4757 conﬁxit
3111 4703 3342 4774 impius,
3374 4704 3687 4774 perﬁcitur.
3717 4703 3852 4758 Ideo

2207 4797 2262 4846 et
2286 4791 2460 4846 risina
2485 4794 2628 4865 ligni
2653 4794 2829 4866 ipsius
2854 4795 3278 4867 dispensante...
3299 4796 3467 4850 etiam
3499 4797 3567 4850 al)
3603 4795 3854 4867 antiquis

2207 4887 2558 4956 temporibus
2601 4887 3034 4960 imprimatis....
3079 4889 3530 4944 transfun'detur.
3593 4889 3853 4961 Angelus

2129 4993 2187 5064 D
2211 4979 2364 5034 enim
2391 4981 2488 5034 Dei
2515 4981 2584 5034 ad
2615 4987 2828 5037 secreta
2845 4999 3017 5055 super
3035 4983 3208 5038 altare
3239 4987 3508 5054 tanquam
3537 4999 3708 5054 super
3735 5001 3858 5036 mo-

2217 5077 2558 5128 numentum
2591 5075 2897 5146 descendit,
2945 5079 3002 5130 et
3035 5076 3222 5149 ipsam
3265 5077 3508 5131 hostiam
3551 5077 3854 5147 benedicit,

2217 5167 2394 5222 instar
2417 5167 2567 5222 illius
2597 5169 2784 5240 angeli
2809 5169 2906 5240 qui
2933 5169 3142 5224 Christi
3165 5171 3640 5226 resurrectionem
3677 5187 3856 5226 evan-

2220 5261 2492 5331 gelizavit.
2523 5263 2676 5316 Tunc
2711 5261 2888 5316 libera
2923 5261 3138 5334 lingua,
3193 5267 3248 5318 et
3287 5281 3420 5318 voce
3469 5265 3616 5318 clara
3663 5265 3858 5318 omnia

2217 5355 2435 5408 cantica
2475 5371 2602 5426 quae
2643 5354 2703 5409 in
2749 5355 3180 5428 quadragesima
3215 5357 3446 5412 fuerunt
3484 5359 3588 5412 sub
3631 5358 3858 5413 silentio

2219 5446 2404 5502 clausa
2443 5447 2814 5520 recipiuutur,
2847 5452 2904 5504 et
2929 5449 3242 5505 submersio
3281 5451 3587 5506 Pharaonis
3623 5456 3678 5506 et
3725 5453 3860 5508 San-

2220 5541 2341 5593 ctus
2371 5541 2440 5596 de
2466 5541 2615 5596 caelis
2657 5545 2714 5596 et
2747 5542 2968 5598 alleluia
3018 5559 3148 5598 cum
3189 5544 3406 5615 gaudiis
3447 5545 3579 5616 quia
3613 5547 3860 5602 surrexit

2221 5633 2506 5688 Dominus.
2547 5635 2725 5690 Media
2763 5639 2954 5692 autem
2983 5639 3145 5693 nocte
3183 5637 3244 5692 in
3280 5637 3462 5694 ofﬁcio
3493 5655 3858 5694 consumma-

2219 5731 2332 5796 tur,
2352 5727 2484 5798 quia
2513 5729 2698 5784 media
2725 5733 2889 5785 nocte
2918 5730 3093 5802 fregit
3117 5729 3408 5786 infernum
3429 5732 3698 5802 Salvator,
3719 5737 3858 5788 tunc

2219 5821 2286 5877 ab
2315 5837 2409 5880 ore
2435 5821 2616 5880 ﬁdelis
2641 5825 2836 5896 p0puli
2857 5825 3004 5896 Agni
3025 5841 3152 5882 caro
3183 5825 3517 5898 comeditur,
3541 5831 3596 5882 et
3622 5829 3860 5900 sanguis
