4042 6184
189 295 257 356 9-;
997 295 1343 358 uxrosmo
1379 299 1620 357 nanus
1655 300 1968 368 ANTIQUAS
2007 285 2338 358 munem:
2375 303 2784 360 GALLICAN/E.
3504 311 3572 364 98

188 409 436 465 dulciter
483 408 739 477 hibetur,
800 423 904 481 per
945 410 1096 481 quod
1133 409 1318 466 omnis
1369 410 1616 466 mundus
1653 409 1835 481 pretio
1858 422 1917 494 Α
2006 411 2415 467 Vestimentum
2444 413 2764 484 parvolum,
2787 413 2938 485 quod
2966 428 3080 468 non
3115 412 3188 469 sit
3227 413 3284 469 in
3311 413 3420 470 alio
3445 431 3569 486 uso,

185 505 340 559 claro
367 503 690 572 redimitur,
707 505 876 575 atque
903 503 1050 558 illico
1076 503 1309 560 discitur
1334 509 1395 560 ut
1424 503 1642 559 auroris
1663 507 1834 559 tentes

187 596 426 653 diliculo
476 597 604 651 laus
649 597 1048 652 resurrectioni
1113 598 1334 653 Domini
1393 598 1544 653 claro
1615 598 1834 653 cantico

186 708 316 746 cum
347 689 843 745 benedictionibus
872 691 1204 748 celebretur.

252 785 521 840 Palicum
549 801 683 839 vero
713 784 772 840 in
798 785 1016 857 pascha
1041 801 1170 840 cum
1199 785 1598 840 tintinnabulis
1622 785 1834 841 Eucha-

184 878 353 932 ristia
397 878 617 933 velatus
651 877 832 933 instar
877 879 1080 933 veteris
1118 879 1464 948 testamenti,
1506 879 1602 933 ubi
1648 878 1835 933 tonica

183 971 503 1026 sacerdotis
531 971 698 1042 plena
727 970 1128 1027 tintinnabulis
1154 972 1390 1044 signans
1415 971 1586 1028 verba
1623 971 1830 1044 praedi-

183 1064 437 1119 cationis
491 1065 830 1120 ostenditur.
889 1065 1218 1120 Praecinctio
1267 1069 1458 1122 autem
1514 1065 1831 1121 vestimenti

184 1157 422 1212 candidi
463 1158 614 1229 quod
654 1158 911 1213 sacerdos
946 1159 1334 1230 baptizaturus
1370 1159 1742 1232 prmcingitur
1775 1159 1832 1213 in

184 1250 357 1322 signa
393 1251 576 1306 sancti
605 1251 834 1306 Joannis
862 1255 1084 1323 agetur,
1107 1253 1202 1324 qui
1225 1253 1560 1324 prmcinctus
1587 1251 1836 1324 baptiza-

183 1345 261 1398 vit
309 1344 650 1400 Dominum.
685 1345 842 1400 Albis
885 1349 1077 1400 autem
1119 1346 1365 1401 vestibus
1411 1345 1469 1399 in
1504 1327 1713 1400 Pascha
1749 1345 1834 1400 in-

183 1437 402 1492 duetur
453 1437 765 1493 secundum
799 1438 952 1510 quod
1002 1439 1236 1510 angelus
1277 1439 1346 1494 ad
1393 1443 1831 1494 monumentum

185 1531 330 1586 albis
361 1531 619 1586 vestibus
645 1536 989 1588 cerneretur.
1032 1531 1186 1586 Alba:
1227 1532 1438 1588 etenim
1486 1531 1653 1588 vestis
1679 1532 1834 1586 exul-

185 1624 475 1680 tationem
503 1624 842 1695 signiﬁcant.

255 1717 474 1772 Casula
511 1734 684 1790 quam
721 1717 1110 1790 amphibalum
1140 1723 1362 1787 vocant,
1395 1719 1549 1790 quod
1579 1719 1832 1774 sacerdos

1935 503 2043 558 nisi
2094 505 2165 559 ad
2213 505 2692 577 frequentandum
2752 506 3111 577 sacrificium,
3161 507 3250 564 vel
3292 507 3574 580 signiﬁcat

1934 598 2084 670 quod
2099 615 2218 652 non
2241 604 2550 670 graventur
2568 616 2774 654 manus
2791 605 2999 655 nostrae
3027 601 3337 657 honoribus
3359 603 3568 669 saeculi,

1934 691 2031 746 sed
2082 691 2506 747 circumdentur
2547 692 2773 747 subtilia
2838 693 3111 748 exercitia
3164 695 3572 750 mandatorum

1934 783 2050 839 Dei.
2091 785 2356 840 Prohibet
2386 789 2575 840 autem
2606 785 2831 840 manica
2860 786 3047 841 tonica
3071 804 3144 842 ne
3167 793 3443 859 appareat
3467 788 3574 844 vile

1931 879 2352 945 vestimentum,
2407 865 2507 933 aut
2573 895 2931 950 quocumque
2986 879 3286 952 indignum
3358 886 3574 937 tactum

1933 973 2185 1028 sordium
2224 988 2394 1043 super
2419 971 2608 1027 divina
2652 971 2947 1043 sacriﬁcia,
2977 989 3089 1045 quo
3130 990 3337 1029 manus
3365 974 3574 1029 immo-

1931 1065 2115 1121 lantes
2144 1064 2488 1121 discurrunt.

2001 1159 2168 1214 Albas
2203 1175 2353 1229 vero,
2385 1175 2524 1230 quas
2561 1159 2744 1214 levitas
2789 1163 3050 1229 utuntur,
3087 1159 3212 1215 ideo
3253 1164 3579 1217 statuerunt

1930 1257 2141 1324 patres,
2160 1252 2296 1324 quia
2322 1251 2380 1306 in
2405 1252 2745 1308 vestimento
2773 1252 2947 1307 tincto
2966 1269 3086 1308 non
3108 1253 3185 1307 sic
3205 1258 3444 1325 apparet
3465 1254 3576 1310 cito

1931 1347 2152 1401 macula
2180 1346 2467 1417 quomodo
2510 1345 2570 1400 in
2607 1347 2734 1400 albo
2765 1363 2778 1400 :
2809 1351 2866 1400 et
2905 1345 3166 1400 minister
3217 1347 3410 1402 altaris
3454 1347 3580 1403 ideo

1930 1439 2130 1508 utitur,
2169 1443 2234 1494 ut
2275 1439 2531 1494 observet
2584 1443 2640 1493 et
2675 1444 2868 1494 caveat
2913 1456 3144 1494 omnem
3191 1439 3493 1510 maculam,
3525 1446 3581 1496 et

1931 1532 2257 1587 nullatenus
2275 1532 2610 1587 vestimenta
2625 1531 3073 1588 ministrantium
3094 1533 3180 1588 vel
3197 1533 3402 1588 leviore
3424 1537 3577 1588 tactu

1934 1628 2248 1697 appareant
2273 1625 2516 1695 sordita;
2546 1627 2642 1682 sed
2671 1625 2913 1681 candida
2956 1626 3072 1681 sint
3111 1626 3360 1682 exterius
3402 1633 3575 1698 veste,

1934 1719 2172 1773 interius
2201 1722 2410 1774 mente.
2441 1719 2613 1774 Sirico
2638 1723 2736 1774 aut
2761 1719 2968 1774 vellere
2999 1719 3186 1789 ﬁetur,
3223 1719 3357 1791 quia
3395 1721 3583 1776 Domi-

185 1810 493 1880 induetur,
523 1816 637 1866 tota
661 1812 824 1866 unita
850 1828 954 1883 per
979 1813 1220 1883 Moysem
1247 1811 1549 1884 legiferum
1579 1811 1836 1866 instituta
1856 1797 1912 1866 Β
1936 1828 2042 1866 nus
2058 1811 2440 1867 sacerdotibus
2458 1812 2584 1868 ideo
2603 1813 2805 1868 exinde
2832 1813 3044 1867 habere
3065 1813 3399 1869 indumenta
3419 1831 3581 1870 man-

188 1904 470 1976 primitus
507 1904 948 1960 demonstratur.
999 1905 1170 1960 Jussit
1212 1921 1349 1978 ergo
1393 1904 1669 1960 Dominus
1715 1905 1837 1959 ﬁeri

193 1997 603 2052 dissimilatum
645 1997 1070 2068 vestimentum,
1123 2002 1190 2054 ut
1231 1999 1406 2054 talem
1457 1997 1714 2053 sacerdos
1757 1999 1840 2053 in-

193 2090 408 2160 duerit,
427 2091 598 2162 quale
621 2091 779 2146 indui
799 2093 1042 2163 populus
1066 2108 1181 2147 non
1209 2092 1534 2147 auderetur.
1565 2091 1691 2146 Ideo
1719 2092 1838 2146 sine

194 2184 475 2253 manicas,
510 2184 639 2256 quia
679 2185 935 2240 sacerdos
971 2185 1156 2256 potius
1197 2185 1479 2240 benedicit
1523 2201 1698 2256 quam
1736 2184 1840 2239 mi-

195 2278 424 2333 nistrat.
452 2277 580 2332 Ideo
607 2277 769 2333 unita
784 2277 1094 2350 prinsecus,
1121 2295 1237 2334 non
1264 2279 1452 2350 scissa,
1480 2295 1595 2333 non
1620 2283 1836 2349 aperta,

199 2372 334 2444 quia
362 2371 562 2426 multze
605 2374 738 2426 sunt
765 2371 1056 2444 scriptura:
1095 2389 1268 2428 sacrae
1301 2377 1515 2427 secreta
1545 2373 1835 2445 mysteria,

199 2482 331 2537 qua?
359 2463 523 2538 quasi
552 2465 655 2519 sub
682 2465 866 2536 sigillo
897 2465 1172 2521 sacerdoti
1193 2466 1389 2522 doctus
1416 2466 1582 2522 debet
1609 2467 1840 2522 abscon-

201 2559 362 2628 dere,
411 2563 472 2614 et
514 2559 791 2613 unitatem
839 2559 970 2614 ﬁdei
1010 2559 1310 2632 custodire,
1360 2576 1476 2615 non
1516 2559 1575 2615 in
1624 2561 1840 2616 haerese

199 2654 284 2707 vel
313 2651 625 2707 schismata
653 2652 957 2709 declinare.

269 2746 532 2801 Palicum
574 2761 708 2800 vero
753 2745 905 2818 quod
940 2745 1091 2801 circa
1139 2747 1281 2802 collo
1318 2763 1494 2820 usque
1539 2747 1610 2802 ad
1646 2751 1840 2820 pectus

203 2841 382 2908 venit,
411 2838 689 2894 rationale
712 2839 1023 2894 vocabatur
1060 2839 1118 2894 in
1143 2845 1332 2896 vetere
1357 2844 1713 2912 testamento,
1742 2841 1842 2895 sci-

202 2934 336 2989 licet
364 2934 594 3004 signum
637 2933 945 2988 sanctitatis
989 2949 1160 3006 super
1194 2934 1530 2989 memoriam
1574 2933 1837 3006 pectoris,

204 3027 432 3082 dicente
463 3027 740 3099 propheta
759 3043 829 3082 ex
854 3043 1097 3098 persona
1123 3027 1346 3082 Domini
1365 3029 1602 3100 Spiritus
1631 3029 1845 3084 Domini

203 3137 370 3192 sapa
389 3136 496 3176 me.
525 3121 592 3175 Et
615 3125 743 3192 post
767 3136 970 3192 pauca,
1002 3125 1066 3176 ut
1100 3137 1352 3192 ponerem
1395 3123 1626 3192 gloriam
1654 3122 1840 3192 lugen-

208 3216 353 3269 tibus
389 3216 542 3276 Sion,
571 3219 620 3268 et
666 3214 854 3269 darem
893 3216 967 3270 eis
1004 3229 1252 3270 coronam
1286 3230 1388 3286 pro
1430 3217 1620 3284 cinere,
1674 3216 1846 3270 oleum

207 3308 408 3379 gaudii
441 3324 540 3378 pro
588 3308 736 3386 luctu
779 3307 928 3377 (1εαί.
955 3324 1064 3375 in,
1093 3307 1167 3379 3).
1212 3307 1468 3363 Palleum
1506 3308 1700 3364 laudes
1739 3325 1844 3380 pro

209 3401 410 3474 spiritu
437 3401 714 3456 maeroris.
751 3401 909 3466 Quod
950 3405 1142 3456 autem
1189 3401 1332 3456 collo
1369 3401 1566 3474 cingit,
1596 3402 1845 3474 antiqua:

209 3493 638 3551 consuetudinis
663 3499 767 3564 est,
799 3495 931 3567 quia
970 3511 1134 3567 reges
1171 3498 1228 3550 et
1273 3495 1589 3552 sacerdotes
1613 3496 1848 3551 circum-

209 3589 324 3644 dati
349 3593 516 3644 erant
559 3588 745 3660 palleo
797 3593 949 3644 veste
991 3588 1268 3660 fulgente,
1315 3589 1465 3662 quod
1495 3589 1680 3660 gratia
1706 3607 1848 3662 prae-

213 3683 490 3754 signabat.
505 3683 666 3746 Quod
675 3686 866 3737 autem
883 3680 1121 3737 ﬁmbriis
1136 3683 1469 3738 vestimenta
1485 3682 1847 3738 sacerdotalia

215 3776 616 3846 adnectuntur,
644 3775 917 3830 Dominus
959 3775 1131 3848 Moysi
1160 3777 1430 3848 praecepit
1470 3776 1529 3830 in
1567 3776 1844 3846 Numeris,

211 3874 275 3926 ut
292 3886 396 3942 per
414 3872 664 3942 quatuor
689 3867 931 3940 angulos
955 3869 1266 3941 palleorum
1287 3869 1384 3925 ﬁlii
1411 3869 1576 3925 Israel
1596 3869 1848 3940 ﬁmbrias

211 3962 484 4030 facerent,
513 3967 580 4018 ut
614 3963 856 4036 populus
893 3963 1116 4018 Domini
1144 3979 1259 4018 non
1309 3963 1496 4018 solum
1535 3979 1726 4036 Opere,
1753 3963 1849 4018 sed

214 4057 388 4112 etiam
414 4060 474 4111 et
495 4055 698 4112 vestitu
730 4057 1128 4112 mandatorum
1170 4057 1270 4112 Dei
1305 4054 1534 4129 signum
1577 4059 1846 4129 portaret.

280 4150 564 4206 Hanualia
594 4167 749 4219 vero,
780 4151 922 4207 idest
947 4151 1198 4206 manicas
1223 4149 1458 4207 induere
1475 4151 1852 4207 sacerdotibus

213 4257 340 4299 mos
357 4247 449 4300 est
471 4245 657 4301 instar
683 4243 1058 4316 armillarum,
1087 4261 1230 4317 quas
1252 4261 1458 4317 regum
1486 4245 1574 4300 vel
1599 4242 1853 4300 sacerdo-

213 4343 338 4393 tum
363 4337 600 4394 brachia
625 4339 1180 4411 constringebantur.
1215 4339 1343 4394 [deo
1367 4343 1558 4395 autem
1584 4355 1653 4394 ex
1679 4338 1854 4411 quoli-

211 4431 312 4487 bet
337 4431 590 4504 pretioso
614 4431 841 4502 vellere,
881 4449 998 4487 non
1040 4432 1252 4488 metalli
1291 4431 1499 4488 duritia
1527 4436 1742 4501 extant,
1769 4433 1856 4487 vel

213 4531 280 4581 ut
307 4542 510 4582 omnes
536 4525 917 4582 communiter
939 4526 1276 4597 sacerdotes,
1305 4525 1475 4582 etiam
1501 4524 1738 4582 minoris
1768 4525 1854 4581 di-

215 4619 455 4692 gnitatis
478 4619 541 4675 in
565 4619 773 4675 saeculo
794 4619 1012 4675 facilius
1035 4619 1346 4676 inveniant.

1865 3164 1920 3239 C

1937 1904 2107 1972 davit,
2137 1910 2202 1960 ut
2227 1921 2424 1960 eorum
2459 1905 2626 1961 vestis
2651 1923 2810 1978 spem
2853 1906 3280 1961 resurrectionis
3312 1907 3577 1962 ostende-

1937 2003 2044 2053 ret.
2071 1998 2244 2053 Sirico
2268 1999 2421 2054 enim
2458 2000 2528 2054 de
2567 1999 2722 2071 ligno
2769 2015 2872 2070 per
2909 2015 3098 2055 verme
3137 1999 3321 2056 ﬁctur.
3365 2000 3583 2055 Vermis

1936 2097 2063 2163 post
2087 2096 2330 2148 mortem
2368 2093 2623 2164 procedit
2664 2092 2723 2147 in
2751 2093 2918 2162 alate,
2967 2097 3024 2148 et
3071 2097 3196 2165 post
3237 2110 3496 2150 occasum
3529 2099 3586 2150 et

1936 2185 2186 2240 volatum
2235 2187 2492 2258 ﬁgurans
2537 2186 2845 2256 Christum,
2897 2186 2992 2258 qui
3063 2202 3133 2242 ex
3183 2187 3339 2259 ligno
3399 2187 3584 2244 crucis

1937 2279 2232 2350 quiescens
2256 2281 2312 2335 in
2339 2280 2638 2352 sepulchro
2669 2284 2968 2352 tamquam
3013 2280 3222 2336 vermis
3261 2281 3486 2337 clausus
3521 2282 3582 2336 in

1937 2374 2156 2428 sacculo
2199 2378 2464 2446 augusto,
2515 2373 2764 2430 surrexit
2812 2375 2881 2430 de
2924 2375 3170 2445 tumulo,
3212 2379 3269 2430 et
3309 2376 3382 2431 ad
3420 2376 3584 2431 caelos

1939 2467 2141 2522 sumsit
2182 2468 2456 2523 volatum.
2501 2468 2747 2523 Alterius
2806 2484 2936 2523 vero
2975 2469 3198 2524 velleris
3249 2469 3377 2524 alba
3425 2469 3586 2524 inno-

1938 2561 2184 2616 centiam
2214 2565 2438 2616 tantum
2469 2561 2596 2617 vitae
2623 2562 3040 2617 demonstrant.
3073 2563 3210 2617 Alba
3244 2568 3438 2618 autem
3465 2579 3581 2619 non

1939 2654 2346 2725 constringitur
2368 2655 2616 2726 cingulo,
2650 2656 2748 2710 sed
2774 2671 3051 2728 suspensa
3077 2656 3222 2727 tegit
3247 2657 3432 2712 levitas
3461 2674 3581 2712 cor-

1937 2747 2260 2818 pusculum,
2289 2747 2422 2818 quia
2453 2747 2638 2802 omnis
2664 2747 3016 2803 conversatio
3055 2748 3298 2804 Levitica
3339 2749 3398 2804 in
3442 2749 3586 2804 desi-

1941 2840 2096 2895 derio
2123 2840 2356 2895 caelestis
2383 2840 2583 2912 patriae
2615 2858 2649 2895 a
2687 2840 2926 2896 terrenis
2961 2841 3224 2912 operibus
3271 2841 3438 2897 debet
3464 2858 3585 2898 esse

1939 2951 2228 3006 suspensa,
2260 2950 2364 2989 nec
2391 2933 3018 3006 cingulo'peccatorum
3046 2934 3372 2992 constricta.

2013 3027 2170 3083 Stola
2212 3032 2403 3083 autem
2439 3044 2614 3100 quam
2651 3044 2822 3099 super
2875 3027 3001 3082 alba
3051 3029 3324 3085 diaconus
3380 3030 3583 3099 induit,

1945 3120 2226 3194 signiﬁcat
2252 3120 2576 3177 subtilitatis
2600 3120 3038 3193 intelligentiam
3068 3122 3126 3178 in
3153 3122 3343 3178 divina
3370 3129 3584 3197 myste-

1945 3215 2048 3284 ria,
2070 3215 2202 3270 licet
2220 3215 2396 3270 veteri
2416 3214 2558 3270 stola
2586 3215 2888 3272 induentes
2914 3215 3190 3286 gaudium
3211 3217 3588 3274 solemnitatis

1944 3325 2003 3364 se
2031 3288 2243 3364 habere
2268 3308 2685 3364 monstrabant.
2714 3309 2783 3363 Et
2809 3325 2914 3380 pro
2941 3309 3045 3364 hac
3065 3326 3237 3365 causa
3265 3310 3325 3365 in
3345 3312 3589 3383 quadra-

1945 3403 2164 3474 gesima
2189 3419 2293 3474 pro
2325 3401 2712 3456 humiliatione
2736 3417 2852 3456 non
2880 3407 3094 3472 utetur,
3125 3403 3268 3459 sicut
3303 3421 3406 3459 nec
3453 3405 3588 3460 alle-

1944 3497 2056 3550 luia
2107 3496 2166 3550 in
2215 3501 2410 3552 nostra
2478 3495 2744 3564 Ecclesia,
2798 3497 3053 3564 Sanctus,
3119 3497 3206 3550 vel
3259 3497 3583 3570 prophetia,

1948 3589 2230 3661 hymnum
2252 3589 2426 3644 trium
2447 3604 2778 3660 puerorum,
2799 3589 2885 3644 vel
2905 3589 3193 3644 canticum
3215 3589 3392 3646 Rubri
3413 3590 3587 3646 maris

1947 3681 2058 3737 illis
2083 3681 2279 3737 diebus
2305 3681 2693 3738 decantantur.
2723 3682 2875 3738 Stola
2903 3683 3031 3738 alba
3072 3699 3324 3756 namque
3351 3685 3587 3756 angelus

1945 3775 2281 3847 praecinctus
2308 3775 2576 3848 apparuit
2613 3776 2839 3847 quando
2877 3777 3078 3832 sedens
3119 3777 3178 3832 in
3215 3781 3588 3834 monumento

1947 3869 2191 3940 Domini,
2239 3869 2656 3925 solemnitatem
2696 3870 3122 3926 resurrectionis
3164 3870 3310 3926 illius
3354 3871 3589 3928 nuncia-

1947 3963 2046 4019 vit.
2082 3963 2210 4018 Ideo
2249 3962 2308 4018 in
2349 3962 2794 4034 Quadragesima
2829 3963 3250 4036 prohibendum
3299 3965 3424 4021 haec
3462 3982 3588 4022 can-

1947 4057 2078 4128 tica,
2109 4057 2243 4130 quia
2280 4055 2526 4112 cmlestia
2558 4060 2616 4112 et
2651 4057 2908 4129 angelica
2949 4063 3098 4114 sunt.
3132 4059 3210 4115 De
3248 4059 3400 4114 caelis
3427 4059 3586 4116 enim

1949 4152 2218 4206 columna
2257 4150 2406 4222 ignis
2449 4149 2509 4205 in
2543 4154 2728 4221 nocte,
2773 4154 2829 4206 et
2865 4152 3132 4208 columna
3173 4153 3340 4208 nubis
3384 4151 3444 4208 in
3472 4152 3586 4223 die,

1949 4245 2187 4318 angelus
2212 4245 2271 4300 in
2300 4244 2528 4300 camino
2557 4246 2805 4300 ﬁammze
2829 4245 2891 4301 in
2917 4246 3067 4301 caelis
3092 4246 3286 4301 audita
3311 4251 3414 4302 est.
3442 4246 3590 4302 Alle«

1951 4338 2065 4394 luia
2090 4339 2178 4394 vel
2203 4338 2387 4395 Sancti
2439 4342 2698 4394 tacentur
2724 4355 2862 4411 ergo
2889 4339 2948 4393 in
2972 4338 3320 4410 poenitentia,
3357 4342 3418 4393 ut
3441 4354 3590 4395 nova

1953 4432 2092 4488 ﬁant
2115 4433 2176 4488 in
2206 4431 2636 4488 Resurrectione
2677 4431 2959 4486 dominica
2992 4432 3222 4504 quando
3263 4436 3591 4488 reserantur

1956 4531 2014 4583 et
2049 4526 2348 4598 baptisma.
2382 4523 2619 4596 Oportet
2658 4541 2796 4597 ergo
2852 4525 3020 4582 levita
3061 4525 3345 4582 czelestem
3397 4528 3590 4583 cantet

1958 4620 2264 4676 canticum.

291 4802 316 4830 ι
341 4789 404 4844 Id
437 4792 522 4844 est
561 4789 762 4865 breves
799 4789 1079 4865 orationes
1113 4789 1226 4846 illm
1262 4805 1392 4863 quae
1429 4805 1464 4845 a
1499 4789 1674 4846 verbo
1704 4791 1933 4848 Sanctus
1973 4787 2342 4861 incipiebant,
2383 4785 2575 4861 quales
2618 4786 2993 4846 cantabantur
3030 4793 3162 4849 ante
3202 4791 3584 4865 praphetiam,

221 4865 353 4916 ante
379 4865 440 4916 et
463 4864 594 4933 post
621 4857 1008 4934 Evangelium.

294 5003 470 5059 Non.
499 5003 563 5076 in
588 5003 694 5058 hac
723 5004 778 5060 S.
809 5004 1075 5076 Germani
1104 5005 1448 5076 Erposz‘tione
1484 5005 1806 5062 recudenda
1841 5002 2302 5076 Mabillonianum
2329 5001 2640 5076 exemplar,
2670 5003 2785 5060 sive
2822 5005 2976 5076 quod
3011 5004 3164 5060 idem
3203 5009 3310 5075 est,
3337 5001 3590 5076 codicem

227 5075 812 5153 Augustodunensem
828 5075 898 5130 de
912 5076 1094 5153 _verbo
1120 5073 1206 5153 ad
1217 5075 1457 5153 verbum
1484 5077 1906 5152 exscripsimus.
1933 5076 2133 5133 Menda
2159 5075 2337 5148 igitur
2360 5073 2566 5150 quibus
2592 5073 2707 5132 non
2741 5073 2916 5132 seuiel
2951 5076 3200 5150 syntaxis
3225 5073 3472 5153 laeditur,
3500 5073 3592 5138 cui

226 5145 341 5224 par'
354 5149 446 5204 est
467 5145 686 5205 tribuat
707 5146 889 5205 lector
911 5147 1238 5206 benevolus.
1267 5145 1417 5207 Edit.
