4044 6196
497 309 596 362 103
799 313 808 322 ·
1279 297 1608 354 APPENDIX
1645 295 1734 350 AD
1769 294 1990 350 orem
2028 293 2262 350 SANCTI
2299 292 2598 350 GERMANI
2636 291 3062 350 PARISIENSIS.
3563 275 3578 287 ’
3747 294 3852 348 io;

493 409 886 469 deﬁcientibus
917 405 1126 481 quippe
1156 404 1379 461 idoneis
1402 403 1572 474 hujus
1601 403 1682 458 rei
1717 401 2130 459 monumentis.
2164 401 2308 456 Illud
2337 401 2489 473 apud
2516 417 2718 456 omnes
2747 401 2806 457 in
2833 402 3094 456 confesso
3127 403 3231 470 est,
3261 399 3574 472 Liturgiam
3607 400 3848 456 Gallica-

492 521 629 570 nam
671 499 950 574 principio
982 517 1016 554 a
1052 499 1314 552 Romana
1353 493 1529 548 fuisse
1575 493 1880 560 diversam,
1913 493 2149 564 ejusque
2195 492 2578 547 mutationem
2611 495 2746 547 ante
2791 508 3011 547 annum
3053 491 3260 548 Christi
3304 489 3851 562 octingentesimum

490 591 796 664 contigisse
837 588 1022 645 Caroli
1063 583 1246 656 Magni
1288 583 1628 654 principatu.
1663 586 1713 638 Is
1743 583 1898 638 enim
1941 583 2119 637 sancti
2153 581 2410 654 Gregorii
2441 582 2987 646 Sacramentarium,
3018 597 3130 652 quo
3162 579 3406 636 Romani
3433 579 3491 634 in
3522 579 3692 635 sacris
3721 583 3852 634 ute-

489 683 722 748 bantur,
753 681 1102 746 utunturque
1134 673 1310 727 etiam
1345 689 1515 741 nunc,
1549 673 1622 727 ab
1651 674 1905 727 Adriano
1931 689 2080 743 papa
2111 671 2298 743 primo
2327 671 2591 742 suscepit,
2621 670 2774 726 edito
2803 671 3133 742 Capitulari,
3164 674 3226 724 ut
3253 670 3430 724 missa
3463 669 3522 723 in
3552 672 3854 740 posterum

489 773 678 828 ordine
703 773 940 826 Romano
965 765 1022 818 in
1057 762 1359 818 Gallicanis
1385 762 1636 818 ecclesiis
1667 763 2068 818 celebraretur.

563 923 626 976 Π,
665 915 942 978 Quanam
976 910 1149 965 fuerit
1183 909 1416 980 hujusce
1462 909 1797 964 mutationis
1835 926 2024 976 causa,
2063 908 2122 962 in
2165 908 2437 980 ambiguo
2480 911 2583 963 est.
2624 909 2737 963 Hoc
2773 907 2894 963 sine
2932 907 3270 964 temeritatis
3303 910 3442 963 nota
3481 906 3669 962 dicere
3693 905 3850 972 licet,

488 1012 805 1071 Adrianum
832 1003 890 1057 id
919 1001 1055 1056 satis
1090 999 1272 1071 egisse
1315 998 1467 1070 apud
1505 1000 1772 1054 Carolum
1802 1015 1815 1053 :
1847 998 1945 1070 qui
1993 998 2168 1062 ultro,
2200 1001 2262 1052 ut
2296 997 2558 1053 Romano
2595 997 2852 1069 pontiﬁci
2901 997 3338 1068 gratiﬁcaretur,
3371 995 3592 1068 petenti
3627 1010 3850 1050 annue-

487 1103 580 1160 rit.
605 1099 764 1154 Idem
782 1107 998 1164 magno
1019 1088 1318 1144 molimine
1350 1087 1585 1142 tandem
1616 1088 1781 1142 evicit
1805 1087 2112 1160 Gregorius
2136 1089 2224 1141 νη
2247 1087 2400 1158 apud
2429 1087 2726 1158 Hispanos,
2753 1087 2848 1158 qui
2871 1087 2943 1142 ab
2965 1086 3127 1141 avitis
3153 1089 3211 1141 et
3234 1086 3433 1158 patriis
3451 1085 3654 1140 ritibus
3675 1101 3856 1156 ager-

486 1192 633 1248 rime
671 1182 1069 1242 discesserunt.
1102 1177 1380 1232 Nimirum
1411 1177 1534 1230 hac
1569 1194 1800 1249 semper
1831 1179 2067 1232 fuerunt
2097 1192 2455 1232 summorum
2476 1177 2813 1248 pontiﬁcum
2836 1175 3238 1231 ardentissima
3260 1175 3466 1242 studia,
3491 1178 3554 1229 ut
3573 1175 3854 1230 Romana

487 1276 749 1337 Ecclesia
779 1273 921 1328 ritus
959 1267 1082 1324 aliis
1112 1265 1372 1322 Eeclesiis
1401 1266 1792 1337 approbarent
1829 1284 1894 1321 ac
1935 1267 2367 1338 persuaderent,
2401 1266 2510 1320 rati
2539 1265 2598 1320 id
2633 1265 2788 1338 quod
2815 1283 2906 1321 res
2932 1269 3074 1333 erat,
3105 1283 3202 1320 eas
3227 1265 3448 1320 facilius
3473 1265 3531 1320 in
3574 1281 3688 1318 una
3714 1263 3854 1318 fidei

489 1379 832 1436 morumque
861 1356 1186 1423 concordia,
1217 1360 1388 1426 atque
1416 1355 1475 1410 in
1507 1356 1782 1411 Romana
1807 1357 2070 1411 Ecclesiae
2101 1355 2376 1426 obsequio
2403 1355 2758 1426 perstituras,
2794 1356 2838 1410 si
2866 1355 3084 1410 eisdem
3117 1355 3494 1422 caremoniis,
3529 1354 3852 1424 eademque

490 1471 782 1514 sacrorum
812 1453 1001 1507 forma
1027 1447 1478 1502 continerentur.
1511 1447 1590 1499 Ea
1619 1461 1784 1500 mens
1810 1445 1918 1500 fuit
1955 1445 2272 1500 Innocentii
2304 1447 2325 1498 Ι
2354 1445 2412 1498 in
2458 1444 2699 1516 epistola
2734 1445 2807 1500 ad
2845 1445 3182 1499 Decentium
3221 1445 3552 1516 episcopum
3597 1443 3854 1515 Eugubi-

492 1563 632 1603 num
659 1562 671 1599 :
702 1541 905 1599 eadem
944 1538 1120 1592 etiam
1149 1535 1412 1590 omnium
1443 1535 1716 1606 cujusque
1749 1535 1914 1606 regni
1948 1537 2046 1589 aut
2066 1534 2372 1606 provincia
2397 1533 2816 1606 pracipuorum
2838 1535 3178 1601 antistitum,
3203 1534 3407 1605 quibus
3427 1535 3549 1588 hac
3569 1532 3628 1586 in
3649 1533 3854 1605 primis

489 1653 627 1692 cura
651 1633 777 1701 fuit,
813 1633 875 1684 ut
905 1628 976 1682 ad
1015 1626 1364 1681 uniformem
1391 1623 1630 1678 modum
1662 1641 1864 1678 omnes
1895 1624 2000 1678 sibi
2039 1623 2278 1678 subdita
2310 1623 2573 1678 Ecclesia
2609 1626 3113 1695 componerentur.
3147 1624 3231 1676 Ita
3257 1622 3518 1677 Patribus
3545 1623 3768 1677 concilii
3797 1639 3854 1676 iv

486 1721 766 1790 Toletani,
802 1715 1162 1774 Bracarensis
1196 1715 1237 1782 Ι,
1275 1717 1333 1768 et
1367 1713 1753 1768 Gerundensis
1787 1713 1941 1784 apud
1974 1713 2252 1784 Hispanos
2292 1715 2465 1783 atque
2495 1713 2745 1768 Venetici
2775 1716 2834 1766 et
2871 1712 3225 1783 Epaonensis
3263 1711 3416 1783 apud
3445 1712 3632 1767 Gallos
3665 1712 3850 1766 visum

490 1817 594 1870 est.
629 1814 786 1866 Hanc
815 1809 1028 1862 rituum
1057 1803 1115 1858 in
1141 1801 1346 1858 divinis
1372 1801 1573 1856 ofﬁciis
1599 1803 1968 1858 concordiam
1993 1818 2348 1873 magnopere
2376 1805 2668 1868 curarunt,
2702 1805 2847 1856 teste
2879 1802 3170 1868 Cassiano,
3199 1801 3373 1856 etiam
3406 1801 3575 1872 primi
3601 1801 3728 1856 vita
3755 1817 3846 1854 re-

491 1903 707 1976 ligiosa
733 1897 1086 1953 institutores
1111 1909 1124 1948 :
1161 1915 1189 1941 ‹‹
1214 1894 1490 1946 Verentes
1519 1891 1748 1960 scilicet,
1781 1909 1851 1946 ne
1881 1909 1994 1964 qua
2017 1891 2075 1944 in
2110 1890 2458 1962 quotidianis
2484 1891 2943 1945 solemnitatibus
2975 1891 3128 1945 inter
3154 1890 3304 1944 viros
3330 1889 3587 1960 ejusdem
3615 1889 3851 1945 cultura

491 1993 784 2048 consortes
809 1983 1163 2044 dissonantia
1188 1983 1274 2036 vel
1302 1981 1546 2035 varietas
1571 1984 1786 2048 exorta,
1821 1981 2169 2052 quandoque
2201 1980 2260 2034 in
2291 1983 2585 2052 posterum
2613 1979 2841 2048 erroris,
2863 1980 2955 2036 vel
2977 1979 3378 2046 aemulationis,
3407 1995 3504 2033 seu
3532 1977 3856 2052 schismatis

493 2047 726 2137 noxium
755 2091 995 2150 germen
1021 2071 1328 2137 emitteret,
1363 2091 1390 2119 »
1419 2073 1483 2124 ut
1513 2069 1632 2141 ipse
1659 2047 1858 2124 scribit
1878 2070 1937 2124 in
1963 2047 2136 2124 lib.-n
2162 2047 2577 2136 Iusti—tutorum,
2607 2086 2732 2141 cap.
3776 2047 3786 2054 ’

564 2235 652 2290 Ill.
680 2233 808 2288 Hac
835 2227 1104 2299 Liturgia
1133 2223 1436 2280 Gallicana
1465 2223 1523 2279 in
1550 2225 1873 2280 Romanam
1898 2223 2142 2280 mutatio
2173 2227 2334 2280 tanta
2359 2224 2637 2280 universa
2667 2225 2861 2280 Gallia
2885 2225 3264 2280 Ecclesiarum
3293 2224 3670 2280 consensione
3699 2225 3854 2279 facta

494 2329 599 2392 est,
628 2325 690 2378 ut
716 2321 998 2392 regnante
1025 2315 1227 2372 Carolo
1255 2315 1444 2381 Calvo,
1475 2314 1664 2386 Magni
1695 2317 1927 2385 nepote,
1954 2313 2142 2368 missa
2173 2313 2478 2369 Gallicana
2506 2313 2711 2369 notitia
2734 2314 2859 2384 jam
2887 2314 3114 2386 penitus
3140 2313 3467 2369 oblitterata
3491 2317 3659 2368 esset.
3687 2312 3853 2368 Unde

494 2413 730 2470 Carolus
760 2410 980 2474 Calvus,
1014 2409 1076 2460 ut
1101 2405 1223 2476 ejus
1253 2420 1287 2458 a
1311 2405 1574 2458 Romana
1599 2403 1906 2458 discrimen
1938 2403 2114 2458 oculis
2139 2403 2463 2474 perciperet
2503 2420 2569 2458 ac
2593 2403 3016 2474 comprobaret,
3053 2403 3288 2458 missam
3321 2403 3594 2458 Toletano
3621 2418 3785 2456 more
3819 2417 3854 2454 a

495 2501 840 2577 quibusdam
883 2493 1246 2569 presbyteris,
1283 2496 1381 2564 qui
1409 2509 1476 2548 ea:
1503 2495 1757 2564 partibus
1809 2494 2074 2548 Toletana
2114 2495 2361 2549 Ecclesia
2405 2493 2477 2548 ad
2528 2510 2587 2548 se
2637 2496 2934 2560 venerant,
2976 2493 3252 2548 celebrari
3293 2491 3468 2548 voluit
3515 2509 3528 2546 :
3577 2491 3856 2563 quoniam

493 2598 748 2649 veterem
793 2589 1084 2645 Gallorum
1127 2583 1440 2656 Liturgiam
1477 2601 1606 2638 cum
1642 2585 1916 2640 Toletana
1949 2583 2280 2638 convenisse
2327 2583 2622 2638 didicerat.
2662 2583 2722 2638 Id
2759 2587 2918 2655 patet
2961 2600 3028 2638 ex
3069 2583 3192 2654 ejus
3236 2583 3476 2655 epistola
3511 2581 3584 2636 ad
3624 2583 3858 2638 Clerum

493 2683 910 2746 Ravennatem,
937 2677 996 2730 in
1023 2691 1137 2746 qua
1161 2675 1282 2727 hac
1315 2672 1507 2726 subdit
1534 2689 1546 2727 :
1581 2695 1607 2723 «
1639 2673 1941 2729 Celebrate
1969 2672 2144 2727 etiam
2171 2676 2305 2728 sunt
2335 2689 2530 2728 coram
2556 2673 2722 2728 nobis
2741 2673 3048 2727 missarum
3075 2673 3356 2728 solemnia
3381 2689 3542 2728 more
3567 2671 3858 2741 Jerosoly-

495 2774 738 2838 mitano,
780 2770 1010 2824 auctore
1049 2763 1260 2819 Jacobo
1295 2763 1585 2833 apostolo;
1619 2765 1678 2816 et
1712 2779 1875 2816 more
1921 2762 2580 2833 Constantinopolitano,
2619 2766 2850 2817 auctore
2892 2761 3096 2817 Basilio
3133 2779 3146 2817 :
3193 2761 3294 2816 sed
3345 2778 3448 2816 nos
3497 2759 3860 2832 sequendam
3955 2831 3965 2839 ι

497 2863 757 2919 ducimus
794 2859 1116 2912 Romanam
1157 2852 1465 2906 Ecclesiam
1505 2852 1564 2906 in
1607 2851 1912 2906 missarum
1953 2853 2358 2911 celebratione.
2389 2874 2416 2902 »
2449 2852 2543 2906 His
2575 2852 2762 2906 verbis
2787 2853 3022 2908 Carolus
3045 2851 3252 2918 innuit,
3285 2868 3414 2906 eam
3453 2851 3682 2922 hujusce
3714 2849 3858 2903 facti

497 2954 785 3012 rationem
813 2945 1008 3009 fuisse,
1039 2946 1102 2996 ut
1129 2941 1260 2995 visis
1285 2941 1708 3012 eompertisque
1740 2941 2094 2996 diversarum
2119 2941 2501 2996 Ecclesiarum
2527 2941 2696 2996 variis
2721 2943 3080 2996 celebranda
3111 2941 3296 2996 missa
3324 2940 3523 2994 ritibus
3552 2941 3856 3003 statueret,

501 3043 731 3118 qualem
757 3035 920 3091 alteri
950 3035 1200 3088 formam
1227 3031 1650 3103 praferendam
1679 3031 2030 3086 existimaret
2061 3049 2074 3087 :
2103 3032 2206 3087 sed
2233 3035 2555 3088 Romanum
2577 3033 2815 3088 tandem
2840 3033 3014 3088 ritum
3037 3033 3141 3088 sibi
3169 3049 3286 3105 pra
3312 3031 3531 3088 cateris
3551 3031 3855 3102 placuisse.

497 3135 583 3190 Ab
609 3147 678 3186 eo
703 3132 964 3198 tempore
990 3121 1206 3176 nemini
1233 3121 1303 3174 de
1324 3120 1679 3175 restituenda
1702 3121 1958 3193 Liturgia
1978 3122 2286 3191 Gallicana,
2313 3123 2641 3179 Romanave
2663 3123 3007 3178 dimittenda
3027 3123 3340 3196 quidquam
3371 3124 3594 3176 tentare
3617 3119 3774 3174 venit
3794 3119 3858 3174 in

499 3222 779 3286 animum,
813 3231 918 3270 nec
948 3216 1082 3268 ante
1112 3213 1368 3266 nostram
1397 3213 1625 3265 atatem
1657 3211 1810 3282 apud
1839 3212 2028 3266 Gallos
2057 3211 2128 3268 de
2157 3211 2340 3283 prisco
2367 3212 2463 3268 illo
2494 3213 2606 3267 ritu
2631 3213 2739 3268 fuit
2765 3214 2880 3268 ulla
2909 3213 3030 3268 fere
3069 3213 3288 3268 mentio
3315 3214 3414 3266 aut
3440 3209 3741 3267 memoria.

571 3378 654 3432 Ν.
688 3375 843 3429 Inter
875 3369 1091 3442 primos
1125 3365 1248 3437 ejus
1279 3363 1543 3420 notitiam
1575 3365 1764 3422 denuo
1799 3365 2106 3421 revocandi
2136 3366 2496 3422 occasionem
2522 3367 2768 3438 prabuit
2789 3366 3051 3422 Matthias
3087 3367 3314 3422 Flaccus
3347 3365 3616 3438 lllyricus,
3653 3366 3856 3419 centu-

497 3463 776 3523 riatorum
799 3454 1378 3530 Magdeburgensium
1410 3455 1574 3510 facile
1601 3454 1867 3527 princeps
1897 3473 1909 3509 :
1946 3455 2042 3527 qui
2069 3470 2198 3510 cum
2234 3459 2488 3510 veterem
2521 3457 2834 3528 quamdam
2867 3454 3102 3512 missam
3125 3457 3388 3511 Latinam
3415 3473 3482 3510 ex
3511 3453 3715 3511 Codice
3744 3469 3855 3508 ms.

497 3552 755 3620 eruisset,
789 3549 960 3621 atque
985 3545 1317 3618 Argentina
1343 3560 1496 3600 anno
1526 3547 1662 3600 13557
1687 3545 1976 3613 edidisset,
2005 3563 2135 3600 eam
2165 3562 2286 3600 esse
2315 3545 2628 3617 suspicatus
2660 3550 2745 3600 est
2779 3563 2905 3618 qua
2931 3549 3064 3602 ante
3092 3547 3415 3602 Romanam
3444 3545 3503 3600 in
3534 3561 3636 3598 usu
3666 3544 3862 3598 fuerat

499 3645 654 3718 apud
693 3641 881 3698 Gallos
912 3641 970 3692 et
995 3638 1332 3691 Germanos.
1365 3636 1520 3689 Hanc
1553 3635 1946 3707 conjecturam
1975 3652 2080 3708 pro
2114 3635 2438 3690 indubitata
2463 3636 2748 3691 sententia
2777 3636 2997 3708 excepit
3019 3636 3329 3692 Guillemus
3352 3637 3624 3706 Peyratus
3647 3632 3705 3688 in
3731 3632 3861 3687 His-

496 3735 647 3791 toria
681 3729 926 3802 Capella
971 3741 1175 3796 regum
1214 3725 1590 3792 Francorum;
1628 3742 1876 3797 eumque
1909 3728 2133 3780 secutus
2168 3726 2403 3780 Carolus
2440 3725 2716 3794 Cointius,
2755 3726 3113 3782 doctissimus
3147 3725 3393 3782 Oratorii
3435 3724 3753 3796 presbyter,
3797 3721 3862 3777 in

496 3828 658 3880 tome
697 3822 740 3875 ll
785 3831 1018 3872 suorum
1055 3813 1384 3868 Annalium.
1422 3813 1726 3884 Utriusque
1767 3815 2114 3870 sententiam
2151 3815 2225 3870 ad
2264 3832 2505 3870 examen
2539 3817 2826 3872 revocavit
2859 3816 3184 3872 clarissima
3219 3815 3515 3870 memoria
3551 3811 3862 3868 cardinalis

498 3913 658 3969 Bona
681 3909 740 3964 in
769 3905 978 3977 insigni
1011 3919 1183 3974 opere
1208 3902 1421 3957 Rerum
1447 3902 1872 3974 liturgicarum;
1899 3905 2238 3976 idoneisque
2260 3905 2501 3961 asseruit
2527 3907 2902 3979 argumentis,
2929 3908 3100 3979 longe
3123 3905 3406 3961 diversam
3435 3904 3506 3958 ab
3537 3901 3864 3975 lllyriciana

497 3999 671 4060 fuisse
697 3997 934 4054 missam
964 3992 1316 4048 Gallicanam
1341 4009 1355 4048 :
1378 3991 1438 4046 in
1461 3992 1622 4064 cujus
1646 3996 1845 4048 tamen
1871 3991 2239 4066 inquisitione
2271 4011 2330 4049 se
2355 3997 2691 4068 implicatum
2721 3997 2887 4052 fateri
2909 4013 3026 4052 non
3053 3995 3281 4051 erubuit
3302 3995 3388 4050 vir
3411 3993 3704 4050 modestia
3737 3991 3859 4046 sin-

500 4089 732 4165 gularis.
772 4085 958 4142 Nihilo
1000 4082 1190 4136 minus
1227 4081 1493 4152 Li'turgia
1533 4082 1836 4138 Gallicana
1875 4088 2122 4156 quatuor
2159 4085 2470 4157 assignavit
2510 4087 2750 4156 indicia;
2787 4091 2844 4142 et
2885 4087 3126 4142 Missalia
3171 4087 3306 4153 duo,
3347 4101 3525 4140 unum
3569 4081 3864 4138 Vaticana

496 4178 878 4242 bibliotheca,
906 4173 1151 4228 alterum
1189 4171 1568 4226 serenissima
1599 4172 1913 4228 Succorum
1949 4174 2184 4245 regina,
2212 4174 2502 4244 indicavit,
2532 4192 2660 4248 qua
2689 4193 2792 4248 pro
2821 4177 3085 4248 genuinis
3110 4175 3411 4233 Gallicanis
3439 4171 3706 4228 habenda
3732 4186 3864 4225 esse

499 4270 807 4328 arbitratus
833 4268 938 4320 est.
966 4264 1088 4318 Duo
1115 4262 1237 4316 hac
1264 4260 1506 4317 Missalia
1532 4265 1665 4317 ante
1689 4261 1988 4318 biennium
2013 4264 2243 4336 integra
2267 4265 2506 4337 protulit
2529 4265 2588 4321 in
2619 4267 2808 4322 lucem
2837 4267 3118 4338 Iosephus
3145 4264 3498 4332 Thomasius,
3522 4260 3865 4318 clericorum

496 4357 851 4434 regularium
881 4355 941 4411 in
965 4352 1116 4408 Urbe
1147 4351 1446 4424 presbyter
1473 4369 1668 4407 rerum
1699 4369 1990 4408 sacrarum
2031 4354 2494 4424 studiosissimus,
2521 4356 2691 4412 tertio
2716 4355 2920 4413 Missali
2947 4355 3163 4426 addito,
3195 4356 3350 4429 quod
3381 4353 3582 4410 itidem
3607 4349 3680 4407 ad
3709 4349 3864 4421 pris-

499 4467 631 4506 cum
657 4447 961 4505 Gallicana
983 4441 1247 4499 Ecclesia
1273 4441 1448 4496 ritum
1479 4442 1771 4514 pertinere
1803 4442 2163 4500 existimavit.

569 4602 633 4660 V.
663 4605 805 4660 Cum
828 4615 920 4656 res
944 4599 1024 4654 ita
1053 4615 1114 4654 se
1139 4599 1442 4666 haberent,
1476 4598 1744 4654 adeundo
1775 4599 2143 4655 Germaniam
2169 4600 2410 4673 contigit
2435 4605 2498 4656 ut
2526 4599 2585 4657 in
2611 4601 2957 4658 Luxoviense
2987 4599 3403 4659 monasterium
3429 4600 3864 4668 accederemus,

500 4694 672 4768 atque
703 4690 853 4746 inter
879 4688 1240 4744 semilaceras
1263 4687 1470 4742 veteris
1497 4688 1619 4758 ejus
1645 4688 1752 4744 loci
1779 4688 2142 4744 bibliotheca
2168 4690 2442 4762 reliquias
2467 4691 2930 4763 antiquissimum
2959 4691 3401 4760 Lectionarium,
3426 4691 3580 4763 quod
3600 4691 3660 4745 in
3681 4689 3872 4744 sacris

501 4785 579 4841 ad
602 4774 877 4854 legendas
904 4775 1236 4849 prophetias
1261 4778 1320 4829 et
1342 4775 1622 4846 Epistolas
1646 4795 1777 4832 cum
1805 4778 2127 4850 Evangeliis
2153 4783 2287 4834 ante
2317 4797 2501 4836 annos
2527 4781 2682 4838 mille
2714 4781 2772 4836 in
2800 4799 2904 4836 usu
2927 4782 3138 4850 fuerat,
3166 4781 3572 4836 inveniremus.
3593 4779 3715 4834 Mox
3735 4793 3871 4849 pra

502 4871 714 4950 gaudio
741 4866 1081 4933 exsilientes,
1109 4861 1250 4918 illud
1273 4863 1578 4919 Gallicana
1611 4866 1874 4923 Ecclesia
1905 4867 2203 4940 proprium
2238 4869 2410 4924 fuisse
2441 4869 2706 4942 suspicati
2740 4887 2955 4926 sumus.
2984 4872 3098 4926 Nec
3128 4887 3232 4926 nos
3265 4869 3472 4926 fefellit
3503 4868 3866 4940 conjectura.

499 4967 646 5024 Nam
670 4977 732 5017 re
757 4955 1037 5014 maturius
1065 4955 1124 5009 in
1149 4953 1338 5009 reditu
1375 4967 1641 5025 eXpensa,
1675 4956 1862 5011 nullus
1902 4957 2066 5013 nobis
2102 4957 2332 5013 relictus
2372 4961 2458 5013 est
2496 4959 2830 5032 ambigendi
2872 4961 3047 5028 locus,
3081 4961 3190 5016 hoc
3233 4975 3354 5014 esse
3394 4957 3872 5030 antiquissimum

467 5055 470 5058 ’
499 5049 921 5112 Lectionarium
951 5043 1213 5100 Ecclesia
1239 5041 1562 5099 Gallicana.
1591 5043 1776 5108 Quam
1802 5045 1874 5100 ob
1901 5063 2026 5102 rem
2055 5047 2372 5104 amicorum
2403 5050 2666 5104 consultu
2705 5049 2999 5121 quoddam
3035 5065 3225 5121 opera
3254 5047 3502 5120 pretium
3533 5047 3656 5102 fore
3693 5045 3872 5103 duxi-

500 5158 650 5210 mus,
677 5141 722 5195 si
769 5139 879 5194 hoc
921 5136 992 5190 de
1033 5135 1376 5206 argumento
1417 5132 1768 5206 singularem
1806 5136 2187 5194 conderemus
2227 5141 2537 5194 tractatum
2567 5155 2580 5194 :
2612 5138 2673 5193 in
2711 5155 2824 5210 quo
2863 5139 3132 5212 Liturgia
3161 5137 3486 5205 Gallicana,
3514 5135 3696 5208 qualis
3725 5136 3875 5192 ante

503 5231 768 5290 Carolum
792 5227 1058 5298 Magnum
1084 5222 1238 5296 apud
1261 5222 1512 5295 majores
1545 5225 1771 5279 nostros
1793 5227 2026 5296 recepta
2056 5230 2200 5296 erat,
2226 5244 2362 5283 vera
2401 5227 2609 5295 forma,
2640 5227 2990 5300 genuinique
3017 5227 3161 5284 ritus
3194 5227 3630 5299 explicarentur.
3658 5223 3725 5280 Id
3755 5241 3876 5298 pro

501 5319 736 5380 modulo
763 5313 1008 5372 exsecuti
1032 5329 1226 5368 sumus
1253 5329 1268 5370 :
1301 5329 1416 5386 quo
1445 5313 1652 5384 fructu,
1686 5311 1781 5370 alii
1805 5313 2072 5370 viderint.
2100 5316 2272 5372 Nobis
2301 5320 2456 5374 certe
2484 5317 2628 5390 (sine
2652 5317 2934 5390 jactantia
2964 5318 3154 5374 dicere
3195 5316 3384 5388 liceat)
3413 5313 3714 5388 diligentia
3754 5330 3876 5386 pro

503 5407 763 5472 materia
792 5405 1072 5480 dignitate
1097 5421 1216 5461 non
1247 5403 1449 5460 defuit.

573 5567 660 5626 VI.
687 5565 892 5623 Totum
917 5578 1060 5636 opus
1087 5559 1148 5618 in
1175 5562 1293 5616 tres
1324 5554 1502 5618 libros
1533 5556 1856 5618 tribuimus.
1889 5561 1954 5619 In
1983 5555 2192 5636 primo,
2218 5563 2525 5639 postquam
2563 5556 2635 5622 de
2677 5556 2846 5622 variis
2882 5562 3144 5622 Ecclesia
3177 5558 3394 5620 Latina
3429 5558 3696 5634 Liturgiis
3725 5561 3881 5618 bre.

500 5663 647 5722 viter
680 5657 872 5715 actum
905 5655 1010 5722 est,
1041 5651 1346 5710 Gallicana
1385 5651 1599 5709 indicia
1630 5667 1894 5728 veraque
1931 5657 2084 5711 nota
2133 5653 2468 5726 aﬁ'erimtur,
2511 5657 2928 5730 expenduntur,
2973 5659 3032 5712 et
3072 5654 3409 5728 probantur.
3449 5652 3667 5709 Deinde
3706 5651 3882 5709 facta

505 5749 766 5828 ejusdem
807 5741 1076 5818 Liturgia
1123 5758 1252 5798 cum
1298 5741 1648 5799 Mozarabica
1692 5743 2146 5818 comparatione,
2178 5745 2362 5822 totam
2392 5745 2515 5818 ejus
2553 5747 2763 5803 seriem
2803 5763 2870 5803 ex
2903 5744 3178 5820 Gregorio
3211 5731 3526 5802 Turonensi
3567 5742 3878 5816 episcopo,

504 5841 742 5930 pliisque
772 5834 970 5917 priscis
998 5831 1390 5891 monumentis
1415 5831 1667 5890 eruimus
1692 5836 1750 5891 et
1773 5833 2140 5896 illustramus.
2175 5834 2390 5904 Quibus
2417 5837 2708 5906 absolutis,
2732 5839 2892 5895 vetus
2917 5853 3090 5894 sacra
3113 5831 3474 5910 snpellectilis
3495 5833 3650 5908 apud
3669 5830 3884 5904 Gallos
