4044 6196
217 261 318 319 1Οὸ
1095 263 1163 319 ΙΝ
1203 262 1437 319 LIBROS
1473 262 1558 317 DE
1595 262 1907 320 LITURGIA
1943 262 2315 320 GALLICANA
2352 262 2719 321 PRAEFATIO.
3479 270 3575 326 106

209 380 514 444 nostrates,
545 372 1023 446 ecclesiarumque
1061 375 1242 429 forma
1278 381 1333 430 et
1370 379 1672 446 apparatus
1716 376 2066 432 describitur.
2100 379 2270 431 Porro
2311 376 2371 432 in
2406 378 2636 431 exordio
2677 381 2734 431 et
2766 376 2878 432 fine
2907 377 3036 433 libri
3067 377 3368 450 exponitur
3394 384 3578 453 qualis

209 464 387 518 fuerit
423 465 710 535 majorum
750 470 1074 520 nostrorum
1110 482 1213 536 per
1251 465 1310 519 id
1347 469 1572 536 tempus
1604 465 1670 519 de
1703 466 2054 520 Eucharistia
2079 466 2216 520 ﬁdes
2244 470 2299 520 et
2324 467 2632 537 persuasio.
2666 469 3017 537 Argumenta
3044 473 3298 540 repetere
3327 471 3432 525 hoc
3457 473 3577 527 loco

210 571 328 608 non
349 556 532 625 juvat.
561 557 706 610 Illud
730 556 974 627 quadam
1001 556 1371 627 explicatione
1402 555 1642 626 indiget,
1667 557 1816 627 quod
1845 558 2064 628 agendo
2095 558 2163 612 de
2191 557 2415 611 ciboriis
2441 557 2690 629 antiquis
2717 558 2985 627 (aedicula:
3015 566 3175 614 erant
3201 561 3579 618 umbellarum

210 643 396 698 instar
421 662 593 717 super
619 646 834 714 altaria,
858 650 1102 716 quatuor
1130 646 1434 701 minimum
1465 647 1740 700 columnis
1764 647 1994 717 innixae)
2022 647 2082 700 in
2111 648 2436 717 exemplum
2461 648 2793 702 adducimus
2821 649 2994 703 altare
3023 651 3387 719 parthenonis
3413 653 3580 707 Vallis

215 733 422 788 Gratias
447 735 598 804 apud
628 735 887 803 Parisios,
917 735 1069 806 quod
1099 735 1399 789 recentiori
1426 737 1815 790 Romanorum
1841 753 1948 790 usu
1983 753 2098 790 non
2125 736 2424 804 ciborium,
2453 737 2548 791 sed
2575 737 2977 792 baldachinum
3006 739 3276 809 appellari
3302 740 3488 808 debet,
3517 746 3581 797 ut

209 836 305 875 me
353 824 576 877 monuit
623 823 878 877 eruditus
924 828 981 878 et
1031 825 1369 878 venerabilis
1409 825 1676 879 Claudius
1713 826 2057 880 Castellanus
2104 825 2361 880 Ecclesiae
2405 825 2729 880 Parisiensis
2773 827 3094 881 canonicus.
3149 828 3206 881 ld
3252 845 3383 884 vero
3431 831 3581 886 inter

210 914 526 982 utrumque
552 911 890 966 discriminis
918 917 1021 982 est,
1055 913 1204 984 quod
1245 914 1568 968 baldachini
1599 931 1729 985 pars
1755 916 2015 986 superior
2039 921 2253 986 aperta,
2283 920 2340 970 et
2365 916 2426 969 in
2457 932 2677 970 coronae
2703 916 2937 970 modum
2968 934 3212 972 convexa
3237 924 3350 989 est;
3385 920 3579 975 ciborii

213 1016 383 1071 aequa
408 1006 465 1055 et
482 1001 672 1072 plana,
695 1018 812 1056 non
837 1007 1063 1074 aperta;
1093 1003 1409 1057 armarium
1434 1005 1775 1075 quadratum
1804 1006 1863 1059 in
1889 1021 2112 1060 summo
2139 1005 2355 1059 habens
2375 1006 2444 1059 ad
2465 1005 2830 1059 asservandas
2851 1006 3146 1077 reliquias;
3173 1011 3229 1061 et
3252 1009 3575 1080 particulas,

213 1091 388 1160 vulgo
418 1093 735 1160 ringuiéres,
763 1092 821 1146 in
847 1091 1085 1146 circuitu
1113 1093 1363 1148 armarii.
1399 1095 1476 1148 Ita
1508 1095 1701 1148 Romae
1737 1095 2014 1149 ciborium
2046 1095 2220 1149 sancti
2247 1091 2494 1164 Joannis,
2526 1099 2580 1149 et
2616 1099 2825 1148 sancta:
2861 1096 3150 1164 Praxedis;
3181 1095 3578 1152 baldachinum

207 1180 396 1233 sancti
438 1180 586 1234 Petri
622 1181 957 1252 appellatur.
986 1184 1072 1236 An
1112 1187 1422 1254 utrumque
1461 1185 1613 1255 apud
1655 1186 1916 1257 antiquos
1951 1186 2012 1240 in
2055 1202 2162 1240 usu
2203 1186 2394 1254 fuerit,
2427 1201 2543 1239 non
2589 1185 2767 1255 liquet
2800 1201 2813 1238 :
2847 1189 2905 1239 at
2942 1189 3091 1238 certe
3127 1201 3243 1239 una
3278 1186 3386 1240 fuit
3427 1187 3579 1257 apud

206 1284 417 1322 omnes
459 1270 649 1323 cibarii
687 1270 1011 1340 appellatio.
1041 1271 1198 1325 Unde
1239 1272 1517 1327 ciborium
1559 1275 1803 1345 sepulcri
1841 1275 2018 1329 sancti
2053 1275 2204 1329 Petri
2241 1275 2301 1328 in
2327 1275 2591 1329 Vaticano
2631 1277 2861 1326 vocatur
2897 1290 2929 1326 a
2963 1273 3232 1344 Gregorio
3266 1275 3578 1331 Turonensi

207 1357 481 1428 episcopo
511 1357 571 1410 in
595 1357 694 1412 lib.
729 1374 744 1411 1
771 1358 839 1413 de
867 1359 1055 1413 Gloria
1079 1365 1398 1432 martyrum
1424 1379 1549 1434 cap.
1577 1367 1668 1419 28.
1699 1364 1758 1418 Id
1787 1364 2072 1418 monuisse
2102 1365 2209 1418 hoc
2235 1364 2356 1419 loco
2382 1361 2656 1434 aliquanti
2685 1361 2963 1416 momenti
2989 1367 3092 1416 est.

285 1485 401 1540 VII.
432 1486 719 1541 Secundus
754 1488 899 1543 liber
936 1489 1165 1545 exhibet
1205 1490 1620 1546 Lectionarium
1657 1493 2028 1559 Gallicanum,
2061 1493 2213 1564 quod
2251 1493 2311 1547 in
2343 1490 2679 1546 Luxoviensi
2715 1488 3094 1545 Benedictinae
3133 1490 3583 1562 congregationis

208 1575 401 1629 sancti
429 1576 614 1630 Vitoni
640 1577 950 1648 percelebri
978 1581 1321 1634 monasterio
1348 1581 1686 1652 reperimus.
1719 1583 1778 1635 In
1819 1583 1941 1653 ipso
1975 1583 2209 1653 hujusce
2236 1582 2366 1636 libri
2396 1581 2595 1635 limine
2630 1580 2904 1634 nonnulla
2944 1580 3012 1635 de
3054 1580 3311 1634 Adventu
3338 1580 3579 1651 Domini,

209 1669 268 1718 et
299 1664 372 1718 de
414 1665 573 1720 festis
612 1667 761 1737 apud
793 1667 976 1722 Gallos
1013 1669 1329 1742 antiquitus
1355 1671 1593 1742 receptis
1632 1672 2082 1743 praemittuntur,
2112 1671 2445 1744 singillatim
2485 1671 2686 1725 deinde
2723 1670 2837 1723 suis
2866 1669 3001 1724 locis
3029 1686 3130 1740 per
3165 1674 3346 1724 totum
3371 1669 3584 1724 librum

207 1754 575 1824 explicanda.
604 1755 751 1809 Nihil
779 1755 836 1810 in
869 1757 965 1812 illo
999 1758 1352 1814 Lectionario
1376 1778 1492 1816 non
1531 1761 1770 1834 dignum
1808 1763 2199 1817 observatione
2228 1779 2242 1816 :
2273 1762 2456 1816 multa
2487 1759 2820 1831 singularia,
2844 1759 3162 1830 praesertim
3188 1776 3316 1830 quae
3344 1759 3414 1813 ad
3449 1775 3580 1830 pas-

208 1842 435 1898 sionem
463 1843 684 1898 Domini
712 1849 767 1899 et
793 1847 864 1901 ad
891 1847 1233 1919 Rogationes
1262 1851 1568 1921 pertinent.
1601 1853 1889 1908 Lectiones
1914 1869 1982 1907 ex
2013 1853 2303 1923 Scriptura
2332 1868 2435 1906 nec
2465 1851 2710 1904 multum
2735 1850 3011 1903 recedunt
3039 1866 3072 1902 a
3099 1849 3339 1919 Vulgata
3366 1854 3580 1918 nostra,

208 1949 321 1988 nec
350 1934 587 1988 omnino
617 1951 747 1988 cum
775 1935 872 1990 illa
895 1938 1260 1994 conveniunt.
1283 1940 1591 1997 Varietates
1612 1942 1946 2015 insigniores
1967 1943 2024 1997 in
2045 1943 2156 1996 fine
2177 1941 2360 2013 operis
2379 1941 2712 1995 referemus.
2737 1937 3066 1993 Lectionarii
3090 1937 3259 2007 hujus
3277 1936 3584 2008 antiquitas

211 2039 282 2077 ex
314 2023 476 2077 festis
505 2023 564 2078 in
601 2042 666 2079 eo
691 2027 1002 2097 recensitis,
1033 2033 1089 2083 et
1117 2045 1187 2083 ex
1214 2029 1555 2099 litterarum,
1585 2033 1792 2104 quibus
1827 2039 2093 2088 exaratus
2122 2038 2205 2087 est
2241 2031 2446 2101 Codex,
2475 2030 2660 2084 forma
2688 2027 3046 2099 intelligitur.
3078 2028 3263 2081 Pauca
3289 2026 3498 2098 quippe
3524 2026 3583 2080 in

212 2129 276 2166 eo
311 2113 457 2167 festa
486 2131 500 2167 :
534 2115 756 2170 nullum
801 2121 1011 2172 sanctae
1046 2119 1341 2175 Genovefae
1369 2121 1458 2176 die
1497 2124 1674 2178 natali
1712 2123 2015 2180 recentius.
2044 2123 2411 2177 Characteres
2441 2120 2548 2191 ipsi
2586 2117 3022 2190 Merovingicam
3051 2117 3307 2172 referunt
3338 2116 3580 2187 scriptu-

209 2220 362 2272 ram,
391 2220 524 2274 quae
556 2205 658 2259 sub
685 2205 870 2276 prima
898 2224 1104 2279 regum
1131 2216 1456 2267 nostrorum
1483 2213 1656 2286 stirpe
1677 2213 1886 2269 usitata
1915 2217 2054 2268 erat.
2084 2213 2189 2268 Sed
2214 2227 2286 2266 ne
2311 2209 2506 2266 lectori
2531 2209 2728 2264 fucum
2755 2207 2940 2264 facere
2959 2205 3275 2274 videamur,
3299 2205 3584 2278 specimen

211 2292 535 2364 scripturae,
567 2311 696 2366 quae
722 2295 778 2350 in
805 2295 899 2352 illo
929 2299 1118 2355 codice
1143 2300 1358 2374 ubique
1389 2303 1619 2375 aqualis
1637 2308 1737 2371 est,
1769 2303 1870 2359 ωτὶ
1895 2302 2140 2358 incisum
2173 2301 2265 2357 hic
2296 2300 2650 2358 exhibemus.

502 2534 2352 2829 immnmndtmnmummﬁp
2370 2609 2684 2771 8mm‘
2717 2501 3486 2800 satian

364 2611 865 3001 iusin
879 2844 1183 3001 γὸῖδτ
1246 2772 2121 3001 damnaudtm
2132 2738 3337 3001 Wmmﬂ

1226 2738 2121 3090 "quam;
2132 2738 3337 3033 imit

725 3111 839 3220 πη
957 3073 1330 3271 aut
1388 3065 2114 3288 ριωςωψειγδ
2261 2975 3506 3345 ςεςθιςδῖείαὶεβὶωςω

213 3478 326 3534 Hoc
365 3481 654 3552 specimen
693 3484 739 3539 si
779 3486 904 3558 quis
953 3504 1083 3543 cum
1125 3487 1257 3559 illis,
1300 3506 1429 3562 quae
1468 3487 1526 3543 in
1567 3486 1712 3542 libro
1751 3505 1784 3541 v
1826 3489 1894 3543 de
1938 3489 2018 3543 Re
2064 3486 2426 3559 diplomatica
2464 3489 2848 3556 exponuntur,
2894 3485 3148 3540 conferre
3187 3487 3426 3543 voluerit
3461 3505 3586 3544 eam

213 3569 650 3643 Merovingicam
690 3591 807 3630 esse
844 3577 1186 3648 scripturam
1219 3579 1516 3633 nobiscum
1552 3577 1700 3630 ultro
1740 3577 2028 3631 fatebitur.
2059 3577 2222 3630 Haud
2252 3575 2364 3630 scio
2403 3592 2476 3629 an
2510 3575 2696 3629 ullum
2733 3575 2804 3628 sit
2833 3574 3249 3630 Lectionarium
3285 3577 3391 3632 hoc
3422 3578 3586 3632 Galli-

215 3674 357 3714 cano
385 3662 676 3734 antiquius
710 3681 723 3718 :
752 3665 797 3719 si
821 3665 965 3721 forte
996 3667 1244 3740 excipias
1269 3669 1482 3722 librum
1508 3666 1747 3734 comitis,
1778 3666 2128 3720 indicantem
2160 3665 2427 3720 lectiones
2452 3665 2523 3718 ad
2547 3680 2717 3718 usum
2743 3664 3004 3719 Ecclesiae
3034 3666 3302 3720 Romanae
3335 3683 3348 3720 :
3377 3683 3490 3738 quo
3515 3667 3585 3722 de

214 3747 360 3802 libro
402 3753 616 3806 mentio
657 3753 721 3806 ﬁt
765 3754 825 3809 in
870 3755 1068 3810 charta
1110 3757 1477 3824 Cornutiana,
1524 3771 1653 3826 quae
1697 3758 1864 3811 Leone
1898 3757 2144 3825 Augusto
2192 3771 2266 3823 Iv,
2305 3760 2356 3810 et
2394 3756 2662 3810 Probiano
2701 3770 2853 3818 coss.,
2900 3771 3000 3809 seu
3046 3771 3195 3810 anno
3235 3755 3440 3811 Christi
3479 3747 3576 3811 471

215 3836 351 3892 data
370 3845 486 3895 est.

285 3965 428 4020 VIII.
457 3968 711 4024 Tertium
749 3970 960 4029 librum
1003 3974 1356 4030 constituunt
1381 3972 1621 4029 Missalia
1661 3972 1795 4044 tria,
1824 3989 2070 4046 quorum
2094 3969 2344 4045 primam
2373 3969 2680 4029 editionem
2709 3972 2948 4046 Josepho
2973 3972 3274 4028 Thomasio
3297 3990 3433 4029 mox
3456 3974 3579 4029 lau-

214 4054 355 4111 dato
381 4064 668 4129 acceptam
699 4063 908 4119 referre
939 4065 1230 4120 debemus.
1259 4064 1514 4119 Primum
1547 4069 1628 4134 est
1654 4064 1948 4119 Gothicum
1978 4081 2078 4119 seu
2101 4064 2683 4137 Gothicogallicanum
2705 4081 2721 4118 :
2743 4081 2854 4135 quo
2880 4062 3087 4118 scilicet
3113 4063 3420 4119 utebantur
3442 4063 3584 4119 Galli

213 4144 639 4215 Visigothorum
663 4150 903 4223 imperio
933 4155 1189 4226 subjecti.
1219 4155 1520 4227 Exemplar
1538 4159 1720 4210 exstat
1738 4155 1797 4208 in
1827 4154 2170 4210 bibliotheca
2197 4154 2570 4210 serenissimae
2593 4153 2891 4208 Christinae
2918 4154 3226 4209 Succorum
3252 4154 3466 4225 reginae
3496 4154 3584 4208 lit.

209 4234 352 4288 teris
381 4237 671 4305 quadratis
701 4247 756 4295 et
788 4245 1119 4314 majusculis
1148 4245 1424 4316 scriptum
1449 4248 1582 4300 ante
1610 4261 1789 4299 annos
1813 4249 2160 4316 nongentos,
2193 4250 2253 4299 ut
2280 4245 2597 4317 peritorum
2615 4243 2830 4316 judicio
2861 4243 3076 4298 censuit
3100 4241 3580 4297 eminentissimus

208 4323 520 4378 candinalis
559 4328 729 4396 Bona,
760 4336 816 4385 et
853 4334 1186 4390 Thomasius
1230 4339 1358 4406 post
1397 4352 1549 4390 eum.
1581 4335 1808 4389 Nullum
1853 4335 1912 4389 in
1952 4351 2018 4389 eo
2054 4335 2263 4390 festum
2302 4334 2584 4390 recentius
2624 4351 2796 4406 quam
2839 4332 3013 4387 sancti
3057 4330 3400 4402 Leodegarii,
3431 4347 3579 4385 anno

205 4413 314 4466 6'78
355 4429 498 4468 nece
532 4417 734 4474 affecti.
763 4422 1012 4477 Alterum
1049 4425 1266 4480 Missale
1313 4426 1538 4480 brevius
1574 4431 1804 4480 vocatur
1841 4425 2214 4496 Francorum,
2248 4441 2318 4479 ex
2359 4425 2559 4479 eadem
2601 4423 2971 4490 bibliotheca,
3009 4421 3162 4492 quod
3197 4421 3501 4474 uncialibus
3529 4424 3580 4476 et

202 4503 511 4570 quadratis
533 4507 725 4564 litteris
756 4510 953 4566 itidem
984 4514 1259 4585 scriptum
1289 4515 1484 4569 asserit
1517 4513 1784 4585 Morinus,
1815 4514 1912 4586 qui
1951 4514 2088 4569 illud
2126 4513 2416 4587 quondam
2447 4513 2601 4581 vidit,
2632 4517 2688 4567 et
2720 4515 2849 4567 ante
2883 4527 3101 4566 annum
3137 4512 3239 4565 560
3281 4515 3578 4564 exaratum

201 4591 581 4650 existimavit.
607 4598 794 4654 Malim
824 4601 1008 4658 dicere
1035 4609 1160 4675 post
1188 4605 1522 4676 Gregorium
1549 4606 1838 4676 Magnum,
1870 4605 2030 4676 cujus
2066 4605 2516 4659 additamentum
2543 4602 2601 4656 in
2630 4619 2841 4656 canone
2868 4602 3074 4671 misszn,
3107 4617 3332 4672 nempe,
3363 4601 3580 4672 diesque

199 4687 429 4735 nostros
455 4687 510 4738 in
536 4691 628 4741 tua
648 4705 782 4759 pace
803 4692 1078 4763 disponas,
1098 4694 1155 4748 in
1182 4712 1247 4750 eo
1267 4696 1477 4750 missali
1500 4695 1762 4751 habetur.
1789 4697 1848 4749 In
1869 4695 2217 4750 orationibus
2243 4711 2347 4766 pro
2373 4709 2552 4765 regno
2579 4697 2635 4749 et
2657 4692 2886 4764 regibus
2911 4691 3235 4746 indicantur
3253 4691 3578 4746 Francorum

199 4784 368 4840 reges
405 4776 451 4825 et
477 4781 712 4834 rectores.
742 4781 899 4844 Quod
938 4791 1276 4857 argumento
1305 4792 1388 4840 est
1414 4803 1529 4840 non
1564 4787 1635 4840 ad
1665 4802 1866 4856 unum,
1898 4787 1994 4841 sed
2019 4785 2090 4839 ad
2125 4787 2318 4856 plures
2358 4789 2492 4839 tunc
2530 4783 2870 4855 pertinuisse
2895 4781 3296 4854 principatum.
3325 4779 3576 4835 Tertium

198 4859 438 4915 Missale
483 4863 683 4921 dicitur
719 4870 1094 4946 Gallicanum,
1123 4893 1157 4930 a
1195 4876 1474 4931 cardinale
1516 4877 1668 4931 Bona
1704 4876 2000 4931 laudatum
2033 4895 2045 4930 :
2077 4876 2168 4929 cui
2201 4874 2498 4946 imperitus
2534 4890 2820 4929 nonnemo
2858 4874 3032 4929 Missa
3071 4874 3322 4927 Romanae
3344 4870 3575 4924 titulum

200 4949 502 5007 afﬁxerat.
529 4956 735 5014 Eodem
775 4963 1165 5020 characterum
1203 4983 1408 5038 genere
1449 4966 1723 5038 scriptum
1766 4970 1849 5021 est
1884 4983 1948 5020 ac
1986 4966 2178 5037 priora
2215 4965 2348 5020 duo.
2376 4968 2709 5020 Asservatur
2737 4963 2796 5018 in
2835 4962 3174 5017 bibliotheca
3199 4960 3480 5028 Vaticana,
3509 4977 3574 5016 eo

201 5039 561 5098 translatum
588 5062 654 5101 ex
684 5050 934 5109 Palatina
949 5072 1049 5111 seu
1077 5057 1558 5129 Heidelbergensi.
1588 5058 1755 5112 Plura
1781 5056 1849 5111 de
1876 5056 1964 5110 his
1995 5056 2176 5110 tribus
2201 5055 2510 5111 Missalibus
2537 5052 2700 5109 initio
2726 5051 2855 5108 libri
2884 5069 2963 5107 III.

280 5167 379 5221 IX.
414 5166 636 5227 Duobus
677 5175 798 5231 aliis
832 5184 954 5236 tum
993 5181 1342 5255 integritate,
1370 5187 1494 5238 tum
1530 5181 1884 5254 antiquitate,
1916 5182 2084 5254 longe
2124 5187 2358 5254 praestat
2391 5181 2607 5236 Missale
2647 5180 2921 5251 primum,
2950 5177 3103 5250 quod
3143 5176 3442 5232 Gothicam
3479 5187 3592 5234 seu‘

201 5255 804 5330 Gothicogallicanum
847 5271 1213 5341 appellamus.
1247 5275 1423 5346 Hujus
1460 5275 1784 5345 fragmenta
1821 5273 2083 5344 quaedam
2119 5273 2176 5327 in
2213 5276 2365 5327 tomo
2407 5278 2692 5343 postremo
2728 5269 3090 5324 Bibliotheca;
3126 5269 3356 5323 Patrum
3396 5269 3576 5324 addu-

201 5351 430 5403 cuntur
467 5367 536 5406 ex
562 5353 748 5410 oflicio
787 5360 957 5414 tridui
996 5369 1126 5418 ante
1172 5365 1405 5420 Pascha.
1438 5367 1504 5420 Et
1541 5365 1773 5436 quidem
1815 5364 1873 5417 in
1911 5364 2093 5419 oflicio
2135 5363 2360 5419 Sabbati
2401 5362 2600 5430 sancti,
2634 5376 2765 5415 cum
2803 5360 3082 5414 orationes
3117 5358 3188 5414 ad
3227 5359 3577 5430 baptismum

199 5439 564 5512 referuntur,
595 5443 859 5516 quaedam
901 5451 1154 5508 lectionis
1180 5454 1417 5509 varietas
1445 5460 1530 5509 est
1553 5454 1612 5508 in
1647 5454 1851 5510 ultima
1879 5454 2207 5509 collectione
2237 5455 2308 5509 ad
2343 5455 2464 5507 htec
2498 5451 2672 5506 verba
2705 5467 2717 5504 :
2749 5451 2988 5512 Oremus,
3012 5451 3215 5516 fratres
3251 5451 3575 5512 charissim-2‘,

201 5531 502 5586 Dominum
526 5540 576 5588 et
603 5539 769 5591 Deum
796 5545 1035 5595 nostrum
1057 5559 1160 5612 pro
1185 5547 1386 5611 aufetis
1412 5548 1629 5599 nostris.
1652 5547 1735 5599 Ita
1756 5545 1908 5616 apud
1934 5544 2331 5610 Thomasium;
2356 5547 2415 5597 at
2439 5544 2498 5597 in
2521 5541 2869 5596 Bibliotheca
2898 5541 3151 5606 Patrum,
3168 5553 3271 5608 pro
3291 5539 3581 5608 amphibiis

197 5622 339 5672 suis.
371 5619 486 5674 Sed
538 5629 744 5680 neutra
782 5629 947 5684 lectio
993 5632 1158 5686 nobis
1194 5633 1502 5704 probatur;
1542 5635 1843 5706 potiusque
1888 5635 2200 5706 legendum
2246 5633 2487 5700 videtur,
2520 5648 2622 5703 pro
2654 5632 2934 5702 neophytis
2959 5631 3175 5692 nostris,
3208 5631 3268 5682 ut
3306 5643 3407 5680 suo
3449 5627 3575 5683 loco

203 5710 566 5767 monuimus.
598 5715 909 5774 Luculenta
937 5737 1071 5776 vero
1095 5738 1162 5776 ex
1184 5723 1294 5778 hoc
1321 5723 1525 5778 Missali
1556 5725 1790 5780 Gothico
1824 5725 2154 5780 testimonia
2181 5727 2460 5779 eruuntur
2486 5721 2560 5777 ad
2595 5717 3108 5776 demonstrandam
3146 5731 3340 5772 veram
3367 5715 3576 5772 Christi

204 5801 471 5872 corporis
503 5807 559 5857 et
586 5795 882 5878 sanguinis
908 5810 966 5865 in
993 5813 1346 5869 Eucharistia
1370 5815 1755 5884 praesentiam,
1781 5831 2096 5888 verumque
2121 5815 2308 5872 missae.
2344 5811 2703 5878 sacrificium,
2737 5815 2795 5866 et
2829 5807 3072 5866 Romani
3098 5803 3379 5877 pontiﬁcis
3407 5819 3583 5877 super

544 5901 820 5970 PA'I'ROL.
870 5907 1104 5976 LXXII.
3226 5909 3261 5966 4
