4042 6184
459 245 558 318 l0?
1243 239 1575 310 Appianum
1611 210 1712 306 AD.
1735 247 1957 306 oram
1993 241 2225 306 sucu
2261 249 2560 308 cunmm
2596 233 3022 310 PARISIENSIS.
3151 235 3163 246 ’
3711 254 3814 312 me

455 394 658 436 omnes
684 373 981 448 episcopos
1005 367 1335 443 primatum.
1370 367 1493 420 Non
1521 363 1837 436 repetimus
1861 362 2037 420 modo
2065 379 2193 436 quae
2220 363 2292 418 de
2315 363 2438 436 ipsa
2463 363 2668 420 Christi
2695 364 3004 438 prmaentia
3032 363 3090 420 in
3117 363 3350 422 exordio
3377 366 3436 420 et
3463 363 3523 422 in
3546 365 3662 421 ﬁne
3682 363 3814 421 libri

453 467 624 544 primi
649 465 784 521 inde
817 460 1174 546 protulimus.
1206 454 1349 510 Illud
1379 457 1605 546 tantum
1639 452 1904 546 addimus
1929 451 1986 507 in
2020 470 2292 524 praesens,
2325 453 2665 510 vocabulum
2692 457 3190 523 transformationis
3217 455 3422 526 saepius
3447 455 3708 511 adhiberi
3739 455 3816 510 ad

454 541 893 632 signiﬁcandam
919 549 1114 621 (quam
1147 542 1434 613 vocamus)
1467 541 2186 610 transsubstantiationem,
2215 545 2278 598 ut
2307 543 2365 597 in
2394 543 2569 598 missa
2595 547 2794 600 octava
2820 545 2891 600 de
2919 544 3381 613 Circumcisione,
3410 561 3542 616 pag.
3570 546 3727 611 202‘,
3752 543 3814 598 in

452 649 628 705 missa
655 642 922 699 vicesima
947 653 1050 710 pro
1082 632 1357 689 cathedra
1382 631 1564 687 sancti
1591 631 1764 699 Petri,
1798 635 1856 686 et
1893 632 1954 687 in
1989 631 2164 686 missa
2200 632 2626 704 septuagesima
2661 634 2862 706 quinta
2897 634 2968 688 de
3002 637 3200 690 sancto
3236 633 3610 706 Leodegario.
3640 632 3811 688 Simi-

451 738 584 794 liter
609 731 852 792 occurrit
881 728 1036 784 idem
1059 721 1400 780 vocabulum
1430 721 1488 776 in
1518 720 1733 777 missali
1757 722 2126 790 Francorum,
2153 737 2285 794 pag.
2321 725 2444 791 307,
2476 725 2534 778 et
2566 723 2626 778 in
2655 723 2966 794 Gallicana,
2993 723 3152 796 cujus
3181 723 3526 778 sententiam
3561 739 3693 778 mox
3717 737 3810 776 re-

451 825 621 882 laturi
651 836 864 877 sumus.

517 995 578 1050 X.
611 987 888 1063 Egregius
911 987 1069 1041 locus
1097 985 1182 1038 est
1209 980 1444 1037 Missalis
1472 979 1694 1037 Gothici
1737 980 1795 1035 in
1822 979 2012 1036 ofﬁcio
2041 981 2465 1053 septuagesimo
2493 986 2694 1039 octavo
2730 983 2800 1038 de
2835 981 3110 1038 sacriﬁcio
3144 980 3397 1054 corporis
3427 984 3486 1036 et
3515 978 3815 1052 sanguinis

448 1084 533 1140 sui
566 1100 600 1137 a
624 1078 848 1136 Christo
873 1076 932 1130 in
963 1089 1126 1130 coena
1155 1072 1437 1127 instituto.
1473 1072 1579 1138 Qui
1599 1072 1838 1138 formam
1863 1073 2118 1141 sacriﬁcii
2135 1074 2387 1142 perennis
2415 1075 2722 1136 instituens,
2752 1075 2984 1128 hostiam
3007 1088 3062 1128 se
3085 1073 3188 1128 tibi
3215 1072 3418 1143 (Deum
3452 1071 3682 1124 Patrem
3716 1085 3811 1124 sa-

447 1171 649 1230 cerdos
677 1163 1003 1238 alloquitur)
1023 1165 1266 1234 primum
1291 1161 1505 1223 obtulit,
1529 1165 1581 1216 et
1601 1161 1816 1231 primus
1843 1161 2026 1216 docuit
2047 1162 2249 1231 oﬂ'eri‘i.
2280 1161 2445 1226 Quod
2474 1161 2545 1216 de
2577 1163 2873 1230 sacriﬁcio,
2903 1179 3022 1217 non
3047 1161 3246 1228 crucis,
3271 1161 3372 1215 sed
3395 1175 3570 1214 coenae
3591 1157 3814 1212 dictum

447 1278 571 1318 esse
602 1257 782 1331 quivis
807 1253 1074 1310 cordatus
1103 1253 1283 1306 lector
1311 1249 1600 1320 intelligit.
1632 1251 1848 1329 Praeter
1872 1249 1981 1305 hoc
2009 1250 2426 1318 testimonium,
2455 1251 2609 1323 quod
2634 1251 2798 1306 initio
2823 1251 2952 1306 libri
2983 1268 3042 1306 ιιι
3063 1250 3443 1323 exposuimus,
3468 1247 3620 1302 aliud
3641 1246 3812 1302 nobis

447 1352 602 1408 idem
629 1346 848 1403 Missale
876 1341 1204 1415 suppeditat
1229 1340 1288 1394 in
1317 1339 1480 1394 Missa
1510 1339 1895 1410 praecedente,
1927 1339 2022 1394 ubi
2047 1339 2106 1394 in
2136 1339 2398 1395 oratione
2416 1346 2542 1412 post
2567 1343 2907 1410 mysterium,
2937 1340 2996 1395 id
3022 1344 3108 1394 est
3134 1341 3264 1411 post
3291 1335 3806 1402 consecrationem,

444 1444 568 1498 haec
594 1439 864 1510 leguntur
890 1453 904 1490 :
933 1437 1194 1504 Magnum
1219 1432 1313 1486 hoc
1337 1445 1531 1486 munus
1553 1431 1934 1486 misericordiae
1961 1435 2058 1495 est,
2084 1433 2182 1501 qui
2203 1432 2355 1487 nobis
2379 1432 2560 1487 docuit
2583 1432 2966 1504 redemptionis
3004 1436 3202 1487 nostra:
3223 1429 3487 1498 sacriﬁcia
3519 1425 3807 1486 celebrare,

441 1535 581 1588 sicut
607 1527 802 1584 obtulit
827 1525 1081 1580 Dominus
1107 1525 1285 1576 noster
1307 1523 1457 1576 Iesus
1485 1521 1726 1578 Christus
1752 1522 1813 1574 in
1839 1521 2017 1576 terris.
2045 1519 2140 1574 His
2179 1519 2401 1575 accedit
2439 1521 2640 1576 tertius
2674 1521 2831 1576 locus
2866 1537 2933 1574 ex
2971 1519 3174 1576 Missali
3214 1517 3504 1574 Gallicana
3535 1515 3594 1569 in
3630 1514 3810 1570 Coena

444 1617 694 1685 Domini,
725 1617 784 1670 in
819 1629 928 1684 qua
967 1612 1220 1668 Dominus
1261 1614 1439 1665 noster
1477 1611 1626 1665 Iesus
1663 1611 1907 1668 Christus
1949 1611 2009 1664 in
2044 1625 2180 1664 novo
2209 1613 2542 1666 Testamento
2571 1611 2918 1680 sacriﬁcandi
2941 1613 3109 1665 ritum
3137 1609 3432 1664 instituisse
3455 1607 3808 1666 memoratur,

443 1711 574 1766 dum
595 1720 796 1779 panem
823 1708 874 1758 et
895 1705 1100 1764 vinum,
1133 1715 1252 1770 qua
1291 1699 1670 1756 Melchisedech
1708 1701 1766 1753 in
1794 1701 2232 1770 pra’ﬁguratione
2255 1701 2440 1768 futuri
2462 1703 2710 1770 mysterii
2741 1701 2986 1756 sacerdos
3017 1699 3304 1760 obtulerat,
3327 1698 3387 1752 in
3411 1696 3809 1750 sacramentum

439 1801 529 1856 sui
547 1797 782 1868 corporis
807 1798 857 1849 et
881 1792 1163 1862 sanguinis
1192 1790 1625 1857 transformavit.
1653 1789 1766 1842 Nec
1792 1788 2180 1844 omittendum
2204 1789 2313 1844 hoc
2344 1789 2468 1844 loco
2495 1789 2555 1843 id
2584 1789 2739 1862 quod
2765 1789 2975 1862 legitur
2991 1787 3052 1842 in
3075 1785 3280 1842 Missali
3299 1786 3645 1840 Francorum
3663 1796 3803 1853 pag.

443 1891 548 1944 325
577 1902 590 1942 :
621 1885 853 1942 Remotis
879 1879 1374 1937 obumbrationibus
1399 1879 1702 1934 carnalium
1725 1879 2089 1944 victimarum,
2118 1880 2422 1950 spiritalem
2453 1879 2573 1944 tibi,
2601 1894 2804 1936 summe
2827 1881 3011 1942 Pater,
3038 1879 3268 1933 hostiam
3293 1873 3529 1946 supplici
3551 1874 3810 1928 seruitute

440 1977 733 2045 deferimus
761 1991 776 2028 :
808 1987 928 2043 qua
950 1972 1090 2026 miro
1122 1969 1492 2039 ineﬂ‘abilique
1517 1970 1772 2038 mysterio
1797 1972 1849 2022 et
1873 1969 2189 2023 immolatur
2209 1984 2434 2039 semper,
2471 1972 2524 2023 et
2556 1967 2742 2024 eadem
2778 1983 2984 2039 semper
3025 1967 3277 2037 offertur;
3301 1965 3616 2034 pariterque
3641 1965 3689 2015 et
3715 1959 3808 2013 de-

438 2070 684 2122 uotarum
707 2076 921 2125 munus,
951 2064 1004 2116 et
1029 2061 1424 2115 remunerantis
1450 2061 1527 2113 est
1546 2060 1857 2128 prmium.
1879 2057 1984 2112 Ubi
2011 2059 2316 2129 spiritalem
2340 2060 2571 2114 hostiam
2591 2058 2730 2112 dicit
2750 2057 3036 2124 sacerdos,
3065 2055 3220 2128 quod
3249 2052 3578 2126 spiritaliter
3600 2049 3809 2104 immo-

439 2155 590 2210 letur
610 2169 746 2208 vera
775 2147 982 2208 Christi
1005 2164 1159 2217 caro,
1189 2163 1471 2218 verusque
1499 2146 1749 2218 sanguis.
1781 2147 1968 2211 Quid?
1995 2147 2150 2220 quod
2175 2148 2462 2204 adoranda
2487 2151 2752 2219 sacriﬁcia
2780 2147 3144 2220 appellantur
3161 2145 3220 2200 in
3241 2145 3356 2198 ﬁne
3376 2141 3529 2198 tertii
3546 2139 3804 2207 Missalis,

442 2243 656 2297 scilicet
679 2239 972 2306 Gallicani,
1002 2253 1134 2308 pag.
1165 2239 1288 2291 3‘77.
1318 2235 1443 2290 Alia
1466 2234 1527 2290 id
1554 2251 1737 2312 genus
1762 2252 1877 2290 non
1905 2252 2088 2307 pauca
2113 2236 2630 2308 praetermittimus.

509 2413 593 2468 XI.
619 2407 786 2475 Quod
806 2407 1013 2462 attinet
1031 2405 1103 2461 ad
1129 2405 1442 2477 primatum
1465 2404 1710 2460 Romani
1729 2405 2034 2476 pontiﬁcis,
2060 2422 2192 2460 eum
2213 2405 2420 2478 probat
2439 2405 2614 2461 missa
2635 2406 2704 2460 de
2727 2409 2924 2461 sancto
2943 2407 3111 2478 Xysto
3132 2420 3281 2478 papa
3301 2406 3360 2458 et
3378 2405 3647 2474 martyre,
3671 2415 3806 2472 qua:

439 2501 500 2558 in
527 2498 731 2558 Missali
761 2496 999 2553 Gothico
1027 2497 1114 2549 est
1142 2495 1344 2552 ordine
1371 2494 1853 2566 quinquagesima
1881 2499 2082 2550 octava
2109 2511 2122 2550 :
2151 2493 2238 2551 Ea:
2262 2497 2456 2566 quibus
2481 2501 2559 2552 est
2581 2500 2798 2552 sanctus
2824 2512 2888 2552 ac
2907 2495 3228 2551 venerabilis
3259 2496 3446 2552 Simius
3469 2495 3804 2560 martyr.....

436 2593 535 2662 qui
569 2591 701 2645 dum
733 2587 1038 2658 apostolica
1069 2584 1211 2640 sedis
1249 2587 1532 2655 accepisset
1569 2586 1828 2654 insignia,
1855 2589 1906 2639 et
1938 2600 1994 2640 se
2025 2587 2268 2656 primum
2300 2601 2408 2641 esse
2439 2589 2759 2657 conspiceret
2795 2585 3150 2648 sacerdotum,
3179 2583 3240 2638 id
3265 2586 3354 2638 est
3380 2581 3802 2653 episcoporum,

437 2679 534 2752 qui
560 2678 620 2733 in
645 2677 735 2732 his
756 2673 1068 2731 Missalibus
1096 2674 1284 2729 solent
1309 2672 1586 2744 appellari
1611 2673 1928 2736 sacerdotes,
1958 2674 2276 2745 presbyteri
2305 2691 2440 2730 vero
2473 2693 2590 2731 non
2631 2675 2809 2729 semel
2835 2677 3084 2738 seniores,
3113 2677 3175 2728 ut
3197 2673 3307 2728 col.
3335 2673 3460 2726 000.
3489 2668 3664 2740 Hujus
3688 2667 3806 2723 loci

437 2767 736 2824 occasione
780 2764 842 2820 in
881 2766 1139 2818 mentem
1181 2762 1426 2818 recurrit
1462 2762 1734 2817 solemnis
1767 2764 1924 2818 locus
1963 2781 2030 2818 ex
2060 2764 2327 2835 Cypriani
2361 2765 2508 2820 libro
2539 2765 2610 2819 de
2649 2765 2878 2820 Unitate
2914 2763 3197 2832 Ecclesiae,
3229 2760 3325 2816 ubi
3343 2763 3615 2831 primatus
3643 2759 3807 2812 Petro

433 2858 621 2913 datur.
652 2855 715 2909 Id
739 2856 1020 2924 tanquam
1051 2855 1444 2906 assumentum
1470 2851 1798 2921 rejecerunt
1827 2852 2030 2922 nuperi
2057 2851 2307 2907 editores
2332 2853 2704 2922 Oxonienses,
2735 2852 2870 2908 freti
2900 2852 3270 2924 antiquorum
3290 2847 3628 2904 auctoritate
3649 2844 3809 2900 codi-

437 2961 588 3010 cum,
623 2955 870 3013 quorum
895 2939 1158 2994 nonnulli
1185 2940 1334 2993 hanc
1361 2940 1674 2994 clausulam
1703 2957 1819 2995 non
1845 2941 2080 3010 habent,
2111 2941 2235 2995 aliis
2271 2958 2400 2996 eam
2439 2943 2786 2997 habentibus
2824 2959 3066 2996 numero
3106 2945 3163 2995 et
3199 2940 3355 2994 bona
3385 2939 3522 2992 nota
3548 2935 3632 3006 (ut
3663 2933 3810 3005 ipsis

436 3030 678 3101 videtur)
692 3029 962 3102 potiores.
976 3031 1048 3082 At
1067 3029 1288 3082 nullum
1307 3027 1578 3084 Codicem
1598 3029 1895 3099 proferent
1910 3029 1995 3101 (ut
2014 3030 2248 3102 quidem
2267 3033 2557 3103 putamus)
2577 3032 2963 3104 antiquiorem
2981 3029 3214 3102 Pelagio
3235 3044 3386 3101 papa
3411 3027 3532 3096 ejus
3549 3023 3809 3079 nominis

437 3119 710 3186 secundo,
743 3117 841 3190 qui
869 3117 930 3170 in
959 3116 1202 3188 epistola
1231 3119 1388 3171 sexta
1412 3117 1566 3172 hunc
1591 3117 1857 3188 Cypriani
1887 3119 2078 3174 locum
2107 3119 2186 3175 ita
2215 3120 2397 3175 refert
2419 3137 2432 3174 :
2453 3122 2560 3178 Sed
2587 3126 2638 3177 et
2667 3122 2852 3176 beatus
2879 3122 3204 3192 Cyprianus,
3225 3119 3467 3188 egregius
3491 3117 3727 3182 martyr,
3745 3114 3810 3166 in

436 3211 591 3272 libro,
623 3222 779 3278 quem
803 3205 869 3260 de
899 3207 1134 3262 Unitatis
1165 3207 1378 3260 nomine
1410 3207 1676 3270 titulavit,
1703 3209 1844 3262 inter
1885 3207 2002 3262 alia
2032 3210 2108 3263 sic
2141 3209 2275 3263 dicit
2300 3228 2317 3263 :
2347 3210 2648 3265 Emordium
2683 3211 2752 3264 ab
2789 3212 3000 3264 unitate
3030 3209 3405 3279 proﬁciscitur,
3443 3208 3493 3258 et
3527 3205 3811 3274 primatus

432 3301 590 3356 Petro
613 3297 800 3358 datur,
825 3298 888 3350 ut
915 3309 1026 3349 una
1053 3295 1257 3352 Christi
1287 3293 1523 3350 Ecclesia
1561 3299 1613 3350 et
1645 3295 1903 3351 cathedra
1927 3301 2272 3354 monstretur.
2301 3301 2373 3354 Et
2397 3303 2643 3369 pasto-res
2679 3303 2805 3354 sunt
2846 3314 3042 3362 omnes,
3070 3301 3121 3352 et
3153 3311 3286 3366 grew
3311 3309 3448 3349 unus
3478 3290 3806 3359 ostenditur,

432 3390 530 3460 qui
553 3387 623 3442 ab
649 3385 905 3457 apostolis
931 3385 1184 3438 unanimi
1209 3385 1542 3441 consensione
1561 3389 1844 3455 pascatur.
1873 3386 1982 3440 Pro
2009 3386 2116 3442 hac
2141 3387 2385 3442 lectione
2415 3387 2666 3442 editores
2693 3387 2872 3443 citant
2905 3386 3141 3443 Codices
3179 3385 3378 3439 decem
3408 3399 3420 3437 :
3455 3380 3556 3435 sed
3582 3395 3679 3434 eos
3705 3395 3806 3432 re-

426 3475 653 3548 jiciunt,
683 3473 841 3528 nulla
863 3471 1079 3544 Pelagii
1106 3487 1272 3544 papae
1296 3472 1448 3528 facta
1471 3472 1884 3530 mentionemAt
1905 3475 2114 3530 sufﬁcit
2135 3474 2209 3530 ad
2228 3475 2543 3547 primatum
2563 3475 2735 3545 Petri,
2763 3476 2918 3548 quod
2939 3475 3256 3547 Cyprianus
3285 3470 3548 3526 Ecclesiae
3567 3471 3813 3524 unitatis

431 3567 713 3636 originem,
742 3563 812 3617 ab
838 3577 965 3624 uno,
988 3561 1048 3615 id
1069 3563 1155 3615 est
1185 3578 1218 3616 a
1237 3562 1426 3629 Petro,
1449 3555 1812 3634 incipientem,
1837 3564 2040 3618 asserit
2059 3580 2093 3618 a
2114 3565 2337 3620 Christo
2359 3565 2700 3620 institutam.
2721 3566 2939 3622 Clarius
2959 3564 3019 3619 in
3043 3563 3293 3636 Epistola
3314 3561 3387 3616 ad
3411 3559 3760 3616 Jubaianum
3786 3575 3804 3614 :

432 3657 589 3710 Petro
617 3655 860 3723 primum
891 3652 1166 3712 Dominus,
1201 3666 1362 3720 super
1399 3667 1555 3721 quem
1592 3652 1881 3722 wdiﬁcavit
1904 3655 2217 3718 Ecclesium,
2233 3661 2297 3726 et
2333 3656 2476 3710 unde
2508 3658 2740 3711 unitatis
2777 3657 3040 3726 originem
3065 3655 3307 3710 instituit
3330 3655 3384 3706 et
3407 3650 3669 3716 ostendit;
3691 3665 3808 3720 po-

433 3745 678 3798 testatem
710 3741 867 3794 illam
901 3739 1073 3802 dedit,
1100 3741 1208 3792 etc.
1240 3739 1354 3794 Sed
1395 3756 1570 3811 quam
1607 3743 1915 3812 praeclarus
1953 3743 2112 3798 locus
2149 3743 2210 3798 in
2241 3743 2499 3815 ejusdem
2535 3744 2775 3816 epistola
2818 3743 2892 3798 ad
2935 3742 3211 3808 Quintum
3239 3758 3252 3796 :
3285 3743 3428 3799 Nam
3454 3753 3548 3793 nec
3583 3740 3807 3802 Petrus,

432 3846 588 3903 quem
606 3831 850 3900 primum
875 3829 1130 3882 Dominus
1165 3827 1344 3897 elegit,
1373 3833 1425 3882 et
1465 3844 1626 3900 super
1654 3846 1810 3900 quem
1841 3832 2130 3901 aediﬁcavit
2163 3835 2454 3888 Ecclesiam
2486 3849 2662 3898 suam,
2701 3849 2820 3890 cum
2855 3849 3032 3889 secum
3070 3831 3276 3888 Paulus
3313 3831 3381 3886 de
3405 3827 3814 3884 circumcisione

426 3918 767 3992 postmodum
809 3916 1152 3986 disceptaret,
1177 3917 1476 3972 vindicavit
1510 3919 1618 3974 sibi
1649 3920 1866 3990 aliquid
1901 3921 2209 3986 insolenter,
2237 3927 2336 3978 aut
2377 3928 2699 3992 arroganter
2737 3925 3047 3994 assumpsit,
3075 3926 3140 3977 ut
3177 3921 3375 3976 diceret
3409 3931 3465 3974 se
3495 3919 3812 3988 primatum

435 4015 628 4071 tenere,
652 4008 766 4061 “etc.
794 4006 964 4060 Petro
982 4007 1348 4076 prioritatem,
1378 4009 1436 4060 et
1463 4007 1507 4061 si
1535 4008 1698 4062 lubet
1712 4011 2016 4080 primatum
2043 4011 2370 4067 concedunt
2393 4011 2642 4068 editores
2671 4011 3021 4067 Oxonienses
3046 4011 3106 4066 in
3137 4010 3289 4066 notis
3312 4007 3386 4063 ad
3409 4007 3560 4062 hanc
3584 4005 3811 4076 episto-

432 4098 572 4166 lam,
601 4094 776 4151 modo
808 4095 890 4150 ne’
911 4097 1300 4166 principatum.
1327 4095 1702 4160 Quantumvis
1735 4102 1928 4153 autem
1961 4100 2045 4172 (ut
2068 4100 2174 4172 ipsi
2203 4101 2545 4174 obtendunt)
2570 4101 2820 4157 Africani
2845 4102 3118 4174 praesules
3141 4098 3518 4172 prohiberent
3541 4093 3812 4166 appella-

433 4187 620 4243 tiones
646 4183 1087 4253 transmarinas;
1111 4185 1265 4257 apud
1292 4201 1392 4242 eos
1417 4189 1612 4242 tamen
1633 4189 1867 4244 Ecclesia
1890 4193 2135 4247 Romana
2157 4197 2322 4263 caput
2345 4195 2582 4248 omnium
2601 4193 2955 4250 Ecclesiarum
2983 4191 3342 4257 censebatur,
3365 4191 3512 4243 teste
3538 4183 3814 4256 Eugenio

433 4276 701 4348 episcopo
727 4275 1166 4348 Carthaginensi
1199 4276 1353 4348 apud
1383 4276 1668 4332 Victorem
1693 4279 1984 4334 Vitensem
2013 4280 2074 4336 in
2095 4281 2191 4337 lib.
2217 4299 2276 4336 ιι.
2302 4283 2416 4338 Sed
2435 4283 2663 4354 longius
2683 4283 3072 4354 provehimur.
3096 4283 3285 4337 Unum
3307 4283 3502 4334 tamen
3530 4273 3814 4331 addimus

432 4382 642 4437 nempe
671 4381 739 4420 ex
770 4367 1171 4436 praeconcepta
1197 4364 1294 4420 illa
1319 4364 1389 4420 de
1417 4366 1663 4421 Romani
1690 4369 1974 4438 pontiﬁcis
1993 4369 2248 4442 primatu
2270 4371 2422 4444 apud
2449 4373 2770 4428 Catholicos
2796 4371 3168 4444 persuasione
3190 4371 3386 4426 forsan
3411 4368 3626 4422 factum
3647 4378 3814 4430 esse,

433 4456 496 4509 ut
525 4453 798 4510 Catholici
826 4453 979 4525 apud
1005 4454 1346 4526 Gregorium
1372 4456 1763 4512 Turonensem
1795 4457 2127 4532 episcopum
2153 4464 2387 4518 Romani
2411 4479 2530 4517 non
2557 4463 2737 4517 semel
2765 4461 2901 4517 dicti
2929 4461 3060 4516 sint.
3089 4461 3244 4515 Unus
3269 4459 3428 4514 locus
3452 4457 3539 4510 est
3567 4453 3624 4508 in
3646 4451 3752 4506 lib.
3789 4469 3816 4507 ι

434 4541 505 4596 de
536 4541 726 4597 Gloria
749 4544 1069 4613 martyrum
1099 4560 1224 4616 cap.
1253 4548 1342 4614 25,
1373 4545 1467 4600 ubi
1493 4547 1800 4620 Gregorius
1823 4565 2004 4620 agens
2032 4549 2103 4605 de
2133 4549 2356 4606 violatis
2385 4567 2488 4622 per
2519 4551 2820 4606 haereticos
2854 4551 3158 4606 Lusitaniae
3189 4547 3462 4614 fontibus,
3491 4546 3550 4598 et
3578 4541 3649 4596 de
3679 4557 3813 4597 coe-

431 4629 558 4685 lesti
587 4628 838 4684 vindicta
864 4630 921 4684 in
950 4631 1275 4701 violatores,
1308 4635 1430 4690 haec
1455 4635 1648 4691 subdit
1675 4654 1688 4692 :
1721 4659 1749 4688 «
1775 4639 2032 4710 Denique
2064 4640 2512 4712 Theodegisilus,
2541 4641 2711 4713 hujus
2736 4658 2834 4696 rex
2858 4641 3131 4713 regionis,
3159 4655 3290 4694 cum
3309 4635 3544 4690 vidisset
3560 4632 3670 4686 hoc
3695 4631 3822 4685 mi-

431 4719 710 4786 raculum,
739 4719 894 4791 quod
923 4719 983 4774 in
1009 4720 1096 4775 his
1123 4724 1356 4778 sacratis
1380 4725 1500 4780 Deo
1531 4727 1785 4782 fontibus
1809 4729 2140 4800 gerebatur,
2173 4729 2445 4802 cogitavit
2469 4731 2621 4788 intra
2647 4749 2708 4786 se
2740 4732 2954 4800 dicens,
2984 4731 3119 4802 quia
3143 4725 3444 4800 ingenium
3475 4725 3560 4778 est
3587 4721 3822 4776 Roma-

431 4823 642 4864 norum
666 4807 978 4880 (Romanos
1008 4809 1164 4865 enim
1193 4812 1445 4868 vocitant
1474 4815 1739 4871 homines
1768 4822 1979 4874 nostra:
2003 4819 2318 4892 religionis)
2346 4823 2410 4874 ut
2431 4820 2511 4876 ita
2542 4820 2782 4890 accidat,
2808 4823 2866 4875 et
2891 4837 3010 4875 non
3042 4821 3129 4874 est
3153 4816 3256 4872 Dei
3282 4815 3476 4871 virtus.
3500 4832 3528 4862 ››
3552 4809 3720 4864 Idem
3743 4810 3822 4865 in

432 4897 693 4970 ejusdem
718 4897 846 4952 libri
872 4913 998 4970 cap.
1029 4902 1096 4955 80
1125 4901 1304 4956 refert
1330 4903 1670 4960 miraculum
1697 4923 1801 4978 pro
1833 4907 1966 4963 ﬁdei
1995 4909 2333 4966 Christiana:
2363 4911 2781 4983 approbatione
2808 4911 3025 4966 factum
3058 4909 3118 4964 in
3148 4906 3484 4984 presbytero
3511 4899 3822 4956 catholico

325 5067 340 5073 _
431 4986 702 5042 adversus
728 4987 1128 5060 presbyterum
1152 4990 1428 5048 Arianum
1459 5011 1472 5049 :
1505 4993 1603 5066 qui
1629 4997 1942 5054 catholicus
1965 4999 2266 5072 presbyter
2285 5006 2480 5057 nostra:
2505 5003 2782 5072 religionis
2809 5018 2842 5056 a
2859 4999 3164 5072 Gregorio;
3184 5001 3545 5056 Romanorum
3564 5005 3705 5044 vero
3731 4989 3827 5046 ab

429 5073 712 5174 ξξθτξίςίοίδ
736 5077 1076 5174 δΡΡθῙῙᾶξὶιιΓο
1104 5081 1224 5174 {mo
1251 5081 1426 5174 etiam
1459 5100 1493 5174 a
1522 5085 1828 5142 Catholicis
1857 5089 1992 5161 ipsis
2019 5093 2263 5147 Romana
2288 5091 2431 5146 ﬁdes
2462 5108 2566 5162 pro
2606 5091 2886 5147 catholica
2921 5094 3056 5146 ante
3083 5089 3144 5144 id
3180 5091 3408 5158 tempus
3438 5079 3824 5137 sumebatur.

431 5163 522 5220 Sic
553 5164 930 5238 Hieronymus
959 5165 1020 5222 in
1045 5168 1232 5240 prima
1257 5172 1538 5246 Apologia
1570 5175 1842 5232 adversus
1868 5177 2137 5234 Ruﬁnum
2171 5195 2184 5235 :
2219 5203 2246 5231 «
2278 5180 2475 5236 Fidem
2507 5197 2670 5236 suam
2702 5197 2875 5253 quam
2907 5178 3113 5236 vocat?
3137 5179 3374 5242 Eamne,
3398 5189 3511 5244 qua
3533 5171 3832 5226 Romana

363 5305 369 5310 .
430 5253 608 5326 pollet
627 5255 894 5324 Ecclesia,
916 5273 991 5312 an
1013 5257 1190 5326 illam,
1211 5276 1338 5332 quae
1361 5263 1418 5316 in
1441 5263 1707 5336 Origenis
1725 5267 2111 5325 voluminibus
2133 5270 2501 5326 continetur?
2518 5271 2576 5326 Si
2600 5271 2922 5326 Romanam
2943 5264 3497 5341 responderitzErgo
3518 5257 3832 5316 Catholici

429 5359 644 5398 sumus.
669 5367 697 5394 »
725 5345 848 5401 Non
876 5362 1014 5420 ergo
1046 5349 1325 5406 novitium
1357 5357 1461 5422 est,
1496 5355 1652 5426 quod
1679 5356 1953 5414 Catholici
1976 5363 2208 5417 Romani
2231 5361 2494 5417 dicimur.
2525 5362 2654 5417 Haec
2693 5361 2992 5416 occasione
3017 5357 3322 5416 Missalium
3349 5350 3826 5408 Gallicanorum.

495 5504 604 5562 ΧΠ.
627 5505 746 5563 Erit
767 5508 1008 5566 fortasse
1037 5511 1133 5584 qui
1159 5513 1414 5584 inquirat
1439 5529 1552 5588 quo
1579 5521 1748 5590 pacto
1775 5520 1897 5576 haec
1920 5518 2163 5578 Missalia
2187 5539 2255 5578 ex
2279 5524 2460 5580 Gallia
2482 5525 2728 5580 Romam
2750 5523 3053 5596 deportata
3073 5521 3214 5590 sint;
3239 5517 3573 5586 nullumque
3595 5512 3832 5572 forsan

427 5595 674 5670 supersit
691 5597 844 5672 apud
865 5599 1017 5673 ipsos
1038 5601 1228 5658 Gallos
1249 5602 1516 5678 Liturgiae
1537 5607 1842 5666 Gallicanae
1865 5613 2210 5685 exemplum.
2232 5613 2514 5670 Nimirum
2533 5616 2657 5672 haec
2679 5595 3020 5671 nostratium
3034 5613 3244 5686 (neque
3262 5607 3418 5700 enim
3435 5602 3834 5666 dissimulare

485 5790 508 5819 ‘
536 5789 629 5845 Hic
655 5794 708 5844 et
729 5791 864 5846 intra
884 5797 1162 5850 revocetur
1181 5795 1352 5852 lector
1373 5797 1439 5853 ad
1463 5814 1713 5860 numeros
1735 5801 1791 5858 in
1813 5808 1960 5862 textu
1983 5807 2225 5865 crassiori
2249 5809 2552 5868 charactere
2577 5821 2874 5878 expressos.
2899 5807 3048 5864 Enn.
