4042 6184
227 344 322 399 109
1090 337 1159 392 IN
1198 334 1435 391 LIBROS
1471 332 1558 389 DE
1595 331 1823 390 LITURC

1990 331 2317 388 ALLICANA
2355 333 2718 392 ΡΗᾸΕἘΑΤΙΟ.
3487 345 3505 400 1
3527 348 3585 401 10

220 449 373 520 licet)
399 448 622 504 incuria
645 447 771 515 fuit,
795 449 859 501 ut
885 446 959 500 ad
982 448 1206 500 exteros
1225 448 1345 498 tam
1367 443 1642 513 praeclara
1662 458 1856 496 rerum
1879 444 2206 496 nostrarum
2223 446 2605 498 monumenta
2627 445 3110 502 transferrentur:
3136 451 3440 523 actumque
3463 458 3589 510 erat

221 541 289 594 de
319 538 596 609 Liturgize
626 537 932 592 Gallicanae
963 533 1265 600 memoria,
1291 531 1398 586 nisi
1426 532 1547 586 hzec
1577 531 1819 586 Missalia
1847 531 1906 586 in
1934 531 2129 586 doctas
2157 535 2216 586 et
2243 532 2494 588 eruditas
2519 550 2623 588 nec
2645 535 2882 590 minime
2907 536 3212 594 invidiosas
3231 557 3438 596 manus
3453 542 3590 598 inci-

221 629 460 682 disserit.
499 628 622 691 Quo
648 631 815 698 pacto
850 627 970 680 hzec
1006 623 1380 695 migraverint
1414 623 1678 689 Romam,
1700 622 1823 692 jam
1865 620 2126 675 diximus.
2164 623 2378 692 Nempe
2417 623 2530 678 duo
2568 641 2634 677 ex
2664 624 2749 678 his
2785 642 2890 696 per
2917 628 3342 685 serenissimam
3373 631 3587 688 Suecim

215 717 493 788 reginam
521 734 588 770 eo
621 717 842 782 delata;
867 715 1100 769 tertium
1127 731 1193 767 ex
1219 712 1569 766 bibliotheca
1589 711 1849 766 Palatina
1868 710 1926 764 in
1949 711 2301 765 Vaticanam.
2330 714 2396 764 Et
2418 712 2512 766 illa
2537 713 2769 783 quidem
2794 715 2906 770 duo
2929 732 2996 769 ex
3015 719 3336 775 Alexandro
3357 722 3587 776 Petavio

215 811 565 877 comparata
592 808 821 860 fuerant
847 823 858 860 :
884 807 992 859 hoc
1016 821 1150 858 vero
1173 802 1408 857 tertium
1433 819 1498 855 ex
1522 802 1718 856 Jacobi
1744 801 2039 872 Bongarsii
2062 801 2397 855 haereditate
2420 801 2478 856 in
2501 803 2771 873 principis
2790 806 3030 859 Palatini
3059 812 3401 877 potestatem
3424 827 3590 866 vene-

215 900 326 950 rat.
362 897 529 950 Unde
559 899 752 949 autem
784 897 905 949 haec
928 896 1177 966 supellex
1200 893 1312 946 sive
1334 890 1583 958 Petavio,
1610 891 1722 945 sive
1747 892 2058 962 Bongarsio
2080 892 2427 962 provenerit,
2453 892 2625 946 modo
2649 896 3072 963 exponendum.
3096 899 3219 952 Uno
3244 899 3417 954 verbo
3440 900 3586 969 dico,

215 986 342 1039 fere
375 985 566 1040 omnis
595 1002 660 1038 ex
692 985 1037 1039 bibliotheca
1065 982 1428 1036 Floriacensi.
1463 982 1605 1034 Rem
1637 981 1887 1034 breviter
1917 998 2108 1035 narro.
2139 983 2279 1035 Cum
2305 998 2458 1035 anno
2504 984 2637 1035 1562
2672 982 2944 1050 haeretici,
2977 987 3415 1042 Aurelianorum
3450 989 3588 1043 urbe

215 1078 559 1145 expugnata
581 1077 638 1127 et
659 1073 923 1144 expilata,
941 1073 1115 1127 etiam
1135 1071 1383 1125 ﬁnitima
1405 1071 1529 1125 loca
1551 1070 1883 1141 diriperent,
1903 1071 2114 1141 prazdaa
2132 1070 2280 1124 avidi
2300 1070 2472 1124 etiam
2491 1072 2866 1124 convolarunt
2887 1073 3221 1143 Floriacum,
3238 1078 3396 1148 cujus
3414 1077 3591 1132 abbas

215 1163 517 1217 sacularis
545 1166 678 1216 tunc
705 1167 829 1216 erat
854 1162 1158 1216 cardinalis
1184 1161 1600 1227 Castillioneus,
1628 1164 1685 1213 et
1704 1160 1824 1231 ipse
1849 1161 2191 1213 accerrimus
2213 1159 2614 1214 haereticorum
2639 1161 2846 1214 fautor.
2873 1162 3006 1215 Huic
3031 1163 3085 1216 in
3108 1166 3305 1235 primis
3326 1170 3591 1237 acceptus

215 1256 347 1306 erat
369 1254 574 1306 Petrus
597 1252 814 1319 Daniel,
839 1252 1168 1308 Causidicus
1190 1251 1340 1322 apud
1361 1251 1701 1304 Aurelianos
1723 1250 1996 1316 eruditus,
2023 1253 2081 1304 et
2101 1250 2472 1304 Floriacensis
2494 1250 2755 1304 Ballivius
2777 1268 2788 1304 :
2815 1251 2909 1322 qui
2933 1253 3236 1308 cardinalis
3259 1258 3442 1326 gratia
3464 1257 3592 1311 dex-

215 1345 342 1395 tere
376 1359 532 1407 usus,
557 1341 927 1396 Floriacensis
951 1342 1314 1396 Bibliothecze
1337 1339 1572 1396 Codices
1599 1357 1732 1393 mss.
1761 1356 1792 1392 a
1813 1339 2247 1410 praedatoribus,
2275 1339 2478 1410 quibus
2502 1339 2708 1394 nullius
2732 1341 2912 1394 ferme
2939 1343 3098 1412 pensi
3126 1349 3308 1412 erant,
3335 1363 3446 1416 qua
3468 1350 3589 1401 arte

216 1448 337 1501 quo
372 1431 562 1502 pretio
589 1431 756 1484 facile
782 1431 1126 1502 impetravit.
1161 1431 1256 1483 His
1288 1446 1440 1483 anno
1480 1430 1615 1482 156i
1641 1446 1706 1481 ex
1735 1446 1846 1482 uno
1875 1429 2082 1483 horum
2113 1429 2294 1482 Plauti
2317 1429 2700 1496 Aululariam;
2726 1445 2792 1483 ex
2815 1431 2926 1484 alio
2949 1431 3125 1486 Servii
3149 1436 3592 1492 commentarios

213 1521 275 1575 in
302 1521 613 1591 Virgilium
646 1537 801 1574 anno
832 1523 965 1575 1600
996 1519 1263 1590 vulgavit.
1301 1518 1440 1589 Lupi
1473 1517 1850 1572 Ferrariensis
1881 1518 2134 1588 epistolae
2165 1518 2416 1588 primum
2444 1536 2511 1571 ex
2537 1518 2744 1572 eodem
2774 1536 2946 1590 penu,
2982 1524 3152 1591 atque
3181 1523 3382 1578 Justini
3417 1525 3591 1580 editio

215 1612 544 1666 correctior
568 1610 923 1681 prodierunt.
947 1612 1114 1663 Anno
1150 1611 1303 1675 1603,
1328 1611 1556 1663 mortuo
1585 1607 1839 1674 Daniele,
1863 1609 2070 1661 Paulus
2089 1608 2349 1662 Petavius
2372 1612 2603 1662 senator
2623 1609 2974 1678 Parisiensis,
3000 1614 3057 1663 et
3074 1613 3316 1666 Jacobus
3337 1614 3590 1685 Bongar-

216 1701 362 1766 sius,
391 1700 644 1754 Danielis
674 1700 845 1754 ambo
871 1699 1040 1753 amici
1075 1702 1132 1752 et
1159 1699 1381 1762 affines,
1410 1701 1576 1768 pacto
1599 1715 1730 1751 cum
1762 1697 1884 1766 ejus
1905 1698 2230 1751 haeredibus
2256 1697 2411 1751 mille
2435 1698 2884 1768 quingentorum
2905 1700 3235 1755 francorum
3258 1703 3464 1772 pretio,
3490 1705 3594 1759 hos

214 1790 404 1843 libros
433 1790 585 1842 inter
613 1806 670 1843 se
701 1789 894 1860 partiti
923 1790 1072 1841 sunt.
1106 1787 1263 1841 Pauli
1295 1787 1482 1857 portio
1515 1787 1838 1840 Alexandro
1866 1787 1982 1841 filio
2015 1787 2182 1840 cessit
2205 1803 2216 1840 :
2243 1787 2338 1856 qui
2362 1804 2429 1840 ex
2455 1786 2534 1840 eis
2554 1787 2798 1840 Andreae
2825 1788 3068 1843 Chesnio
3099 1791 3387 1861 suppetias
3413 1794 3486 1848 ad
3513 1795 3595 1849 in-

217 1879 570 1933 struendam
601 1883 860 1933 veterum
888 1877 1082 1932 Gallize
1122 1876 1463 1947 scriptorum
1504 1876 1900 1931 collectionem
1941 1875 2408 1942 subministravit,
2438 1892 2713 1946 suamque
2756 1877 2990 1931 demum
3025 1883 3282 1933 veterum
3320 1882 3595 1937 Codicum

217 1972 458 2039 partem
488 1968 863 2022 serenissimze
886 1966 1185 2024 Christinze
1208 1965 1481 2020 vendidit.
1509 1967 1852 2036 Bongarsius
1874 1966 2113 2037 publicis
2133 1966 2203 2019 ab
2227 1965 2467 2020 Henrico
2489 1967 2554 2018 IV
2577 1966 2925 2020 Francorum
2945 1984 3083 2038 rege
3105 1969 3257 2039 apud
3279 1971 3594 2027 Germanos

220 2057 482 2128 negotiis
510 2057 796 2123 admotus,
827 2073 956 2110 eam
986 2073 1112 2127 quae
1143 2055 1247 2108 sibi
1280 2055 1604 2125 contigerat
1630 2056 1954 2126 portionem
1985 2058 2453 2125 Argentoratum,
2481 2055 2575 2108 ubi
2607 2055 2858 2109 residere
2890 2057 3086 2110 solitus
3108 2063 3248 2126 erat,
3277 2062 3594 2116 convehen-

220 2146 366 2201 dam
389 2146 637 2211 curavit;
662 2163 907 2217 eamque
933 2146 1167 2200 demum
1191 2145 1429 2216 hospitae
1453 2162 1566 2199 suae
1592 2145 1740 2216 (quae
1761 2144 2176 2214 Lugdunensis,
2198 2148 2254 2198 et
2274 2144 2576 2214 gemmarii
2600 2144 2849 2198 hominis
2871 2163 3010 2200 uxor
3031 2147 3172 2219 erat)
3196 2148 3332 2217 ﬁlio,
3357 2151 3593 2205 nomine

220 2236 558 2301 Graniceto,
593 2239 938 2290 testamento
978 2234 1209 2305 legavit.
1244 2238 1441 2306 Itaque
1482 2251 1612 2288 cum
1653 2235 1890 2288 Lutetiae
1921 2234 2268 2289 Parisiorum
2313 2250 2465 2288 anno
2511 2237 2645 2288 1612
2688 2235 3030 2305 Bongarsius
3072 2253 3139 2290 ex
3179 2239 3383 2292 morbo
3421 2239 3592 2294 decu-

219 2326 465 2391 buisset,
500 2324 765 2396 princeps
804 2325 1112 2391 Palatinus,
1152 2324 1278 2379 Jani
1315 2324 1540 2379 Gruteri
1581 2324 1996 2378 bibliothecarii
2039 2324 2122 2377 sui
2168 2340 2461 2394 persuasu,
2502 2324 2794 2394 Bongarsii
2831 2325 3123 2380 librariam
3163 2329 3590 2398 supellectilem,

221 2415 600 2486 Argentorati
625 2416 904 2482 relictam,
925 2417 1231 2469 numerata
1253 2415 1496 2485 pecunia
1516 2414 1887 2486 comparavit,
1913 2417 1970 2468 et
1990 2413 2047 2467 in
2067 2414 2474 2468 bibliothecam
2498 2431 2659 2468 suam
2681 2414 3224 2486 Heidelbergensem
3246 2418 3596 2489 comportari

223 2505 467 2559 curavit.
497 2505 756 2576 Denique
785 2505 935 2558 bello
969 2504 1121 2558 inter
1151 2504 1577 2558 Ferdinandum
1609 2504 2018 2576 imperatorem
2042 2508 2100 2558 et
2124 2504 2487 2558 Fredericum
2508 2505 2816 2559 electorem
2838 2505 3177 2575 palatinum,
3202 2507 3299 2578 qui
3321 2507 3391 2562 de
3412 2524 3593 2579 regno

226 2595 519 2649 Bohemize
562 2594 958 2661 decertabant,
998 2597 1224 2662 exorto;
1256 2595 1553 2648 Bavaricus
1587 2594 1870 2665 princeps,
1906 2595 2057 2648 facto
2095 2593 2153 2647 in
2181 2593 2566 2648 Palatinatum
2607 2594 2844 2665 impetu,
2885 2611 3160 2666 magnam
3206 2597 3328 2666 ejus
3369 2601 3594 2668 partem

227 2684 546 2755 occupavit,
583 2683 1022 2754 Heidelbergam
1054 2700 1206 2737 anno
1242 2687 1376 2738 1622
1402 2683 1459 2737 in
1489 2701 1654 2738 suam
1679 2686 2023 2754 potestatem
2053 2683 2298 2753 redegit,
2331 2684 2506 2737 libros
2536 2683 2768 2737 abstulit
2793 2700 2859 2737 ex
2889 2683 3256 2753 bibliotheca,
3289 2687 3593 2757 plerosque

226 2790 458 2827 summo
484 2773 745 2844 pontiﬁci
773 2773 1048 2844 Gregorio
1078 2774 1164 2826 XV
1203 2773 1356 2826 dono
1394 2772 1570 2840 dedit,
1604 2772 1662 2826 in
1702 2773 2034 2826 Vaticanam
2078 2772 2489 2826 bibliothecam
2530 2772 2769 2826 tandem
2813 2772 3018 2826 illatos.
3061 2774 3191 2827 Haec
3230 2774 3594 2829 bibliotheca

227 2862 604 2917 Floriacensis
631 2863 884 2928 fortuna,
916 2863 1148 2932 qualem
1174 2861 1477 2916 didicimus
1508 2878 1575 2915 ex
1601 2845 1979 2932 integerrimo
2011 2860 2130 2915 viro
2160 2861 2371 2915 Jacobo
2399 2862 2464 2915 de
2491 2862 2662 2924 Givet,
2691 2861 2842 2931 apud
2867 2861 3205 2917 Aurelianos
3230 2861 3390 2932 regio
3419 2861 3592 2917 advo-

227 2954 377 3005 cato.
410 2952 553 3006 Hinc
581 2951 865 3021 conjicere
891 2951 1042 3018 licet,
1070 2951 1181 3005 tria
1211 2951 1333 3005 haec
1360 2949 1613 3005 missalia
1644 2967 1710 3004 ex
1740 2951 2112 3005 Floriacensis
2145 2949 2506 3004 bibliothecae
2540 2950 2906 3005 distractione
2945 2951 3189 3006 Romam
3227 2952 3465 3008 tandem
3491 2970 3593 3025 ap-

229 3041 463 3110 pulisse,
487 3045 662 3112 atque
695 3040 903 3112 duplici
931 3040 1019 3095 via
1049 3040 1190 3095 istuc
1213 3041 1623 3112 commigrasse
1656 3057 1787 3095 cum
1817 3039 1940 3094 aliis
1971 3039 2231 3111 ejusdem
2259 3039 2623 3094 bibliothecae
2649 3039 2824 3094 libris.

299 3303 404 3357 XII.
434 3302 570 3356 Haec
595 3300 848 3356 missalia
877 3316 1008 3356 cum
1034 3301 1392 3356 Lectionario
1420 3306 1616 3357 nostro
1645 3301 1951 3372 conjuncta
1976 3303 2158 3356 totam
2188 3300 2609 3373 propemodum
2628 3299 2836 3356 veteris
2856 3301 3042 3357 missae
3063 3301 3366 3359 Gallicanae
3388 3299 3596 3362 seriem

233 3392 398 3446 nobis
422 3394 864 3463 repraesentant.
888 3393 1012 3446 Duo
1042 3395 1268 3446 tantum
1295 3392 1713 3460 desiderantur,
1738 3409 1946 3463 nempe
1973 3392 2220 3463 capitula
2241 3392 2338 3446 illa
2356 3393 2733 3459 Psalmorum,
2759 3391 3070 3446 aliarumve
3093 3409 3268 3447 sacrae
3289 3394 3595 3466 Scripturze

229 3481 532 3549 librorum,
569 3498 695 3552 quae
726 3485 848 3536 tum
877 3482 950 3536 ad
980 3482 1167 3536 missa:
1195 3481 1442 3549 initium,
1467 3486 1591 3536 tum
1621 3485 1752 3554 post
1779 3482 2142 3553 propheticas
2164 3485 2222 3535 et
2240 3481 2580 3552 apostolicas
2599 3481 2892 3549 lectiones,
2919 3499 2982 3535 ac
3009 3485 3268 3552 tempore
3291 3484 3595 3538 oblationis

231 3572 359 3624 cani
391 3588 520 3625 mos
543 3575 702 3626 erat:
729 3575 786 3624 et
805 3573 994 3626 forma
1013 3573 1337 3639 verborum,
1363 3572 1568 3643 quibus
1593 3572 1946 3626 consecratio
1968 3572 2167 3642 peragi
2193 3574 2474 3625 censetur.
2502 3573 2796 3626 Canonem
2819 3570 3053 3642 quidem
3074 3571 3261 3626 missae
3280 3589 3384 3643 pro
3408 3572 3596 3644 singu-

230 3661 301 3714 lis
327 3660 513 3713 missis
541 3660 849 3730 diversum,
883 3662 982 3715 sed
1013 3662 1410 3716 brevissimum
1442 3662 1672 3716 exhibet
1694 3661 1910 3716 Missale
1942 3661 2557 3732 Gothico-gallicanum
2593 3677 2605 3714 :
2635 3662 2693 3714 at
2719 3677 2849 3714 cum
2882 3659 2955 3714 ad
2979 3660 3099 3714 haec
3127 3661 3320 3728 verba,
3350 3664 3455 3729 Qui
3471 3666 3594 3732 pri-

233 3751 322 3803 die
346 3766 513 3819 quam
533 3755 834 3820 pateretur,
862 3755 1097 3805 ventum
1129 3755 1232 3819 est,
1258 3751 1576 3822 sequentia,
1607 3768 1733 3823 quae
1765 3751 2257 3806 consecrationem
2284 3749 2578 3804 continere
2608 3749 2916 3816 debebant,
2941 3752 3221 3820 tanquam
3242 3767 3310 3804 eo
3334 3753 3595 3822 tempore

232 3839 511 3908 vulgaria,
545 3855 658 3893 uno
689 3845 786 3894 etc.
815 3841 1403 3911 comprehenduntur.
1437 3844 1639 3896 Morem
1664 3843 1981 3896 catholicum
2007 3841 2113 3894 hac
2143 3840 2202 3894 in
2228 3857 2288 3894 re
2320 3857 2353 3893 a
2381 3839 2589 3893 nostris
2628 3839 2991 3893 observatum
3022 3842 3263 3893 testatur
3291 3840 3597 3911 Gregorius

230 3926 294 3981 in
327 3944 452 3998 cap.
485 3931 550 3981 16
577 3928 648 3981 de
675 3929 812 3982 Vitis
840 3931 1091 3984 Patrum.
1126 3931 1394 3985 Formam
1419 3932 1861 3986 Ambrosianam
1898 3931 1956 3984 in
1986 3930 2150 4001 panis
2180 3928 2608 3984 consecratione
2651 3915 2973 3982 adhibitam
3008 3929 3180 3982 fuisse
3217 3945 3333 3984 non
3370 3929 3593 3984 dubita-

229 4032 383 4069 mus.
416 4017 511 4069 Est
538 4020 731 4071 autem
759 4018 1087 4088 hujusmodi
1117 4036 1129 4074 :
1157 4023 1266 4075 Hoc
1291 4025 1367 4076 est
1395 4023 1535 4075 enim
1561 4036 1751 4091 corpus
1778 4037 1971 4088 meum,
2002 4020 2145 4090 quod
2168 4036 2267 4090 pro
2293 4020 2442 4074 vobis
2466 4021 2856 4088 con/“ﬁngetur.
2890 4018 3147 4081 Quatuor
3180 4023 3474 4089 postrema
3497 4036 3593 4074 vo-

231 4105 444 4158 cabula
468 4105 625 4174 {nam
664 4106 733 4159 de
760 4107 1043 4176 prioribus
1075 4109 1229 4163 nulla
1267 4109 1590 4180 difficultas)
1622 4126 1654 4162 a
1681 4109 1852 4164 Gallis
1885 4109 2092 4164 nostris
2119 4107 2315 4162 addita
2340 4107 2513 4162 fuisse
2545 4107 2678 4161 inde
2706 4107 3044 4178 colligimus,
3081 4107 3234 4178 quod
3271 4107 3328 4161 in
3377 4107 3596 4162 duabus

227 4199 360 4266 post
389 4209 612 4248 sacram
639 4195 926 4250 actionem
956 4199 1327 4266 orationibus,
1353 4199 1410 4253 in
1433 4199 1636 4269 quibus
1661 4216 1794 4254 mox
1820 4200 1986 4254 facta;
2014 4197 2458 4253 consecrationis
2479 4199 2543 4251 fit
2563 4197 2822 4267 specialis
2845 4200 2901 4250 et
2928 4199 3148 4250 attenta
3174 4213 3595 4251 commemora-

225 4284 330 4349 tio,
364 4285 591 4338 mentio
622 4285 874 4355 injicitur
906 4286 975 4340 de
1001 4290 1274 4355 confracto
1301 4289 1505 4343 Christi
1533 4306 1792 4360 corpore,
1821 4289 1899 4343 uti
1934 4293 1992 4343 et
2022 4288 2091 4342 de
2125 4287 2405 4360 sanguine
2429 4289 2612 4358 effuso.
2643 4287 2808 4350 Quod
2838 4285 3049 4339 indicio
3078 4289 3181 4352 est,
3205 4287 3443 4339 verbum
3469 4301 3594 4340 con-

224 4375 511 4442 fringatur
536 4373 595 4426 in
626 4377 1055 4431 consecratione
1087 4379 1251 4449 panis
1277 4379 1634 4449 praemissum
1662 4379 1855 4447 fuisse,
1890 4378 1971 4432 uti
1997 4382 2055 4432 et
2077 4378 2456 4448 eﬂ‘undeturin
2484 4375 2915 4432 consecratione
2936 4374 3143 4428 calicis.
3170 4375 3417 4445 Uterque
3440 4374 3596 4428 locus

228 4467 314 4516 est
343 4462 407 4515 in
433 4461 638 4516 Missali
673 4464 909 4520 Gothico
945 4483 958 4521 :
993 4470 1050 4520 et
1079 4468 1298 4538 primus
1330 4470 1564 4540 quidem
1591 4469 1650 4524 in
1691 4469 1865 4523 missa
1897 4468 1966 4522 de
2003 4468 2305 4522 Nativitate
2336 4467 2565 4521 Domini
2594 4469 2720 4521 Post
2752 4469 2954 4520 secreta
2983 4483 2999 4517 :
3029 4464 3326 4528 Credimus,
3355 4466 3594 4528 Domine,

225 4553 530 4606 adventum
561 4558 745 4620 tuum;
776 4557 1053 4612 recolimus
1073 4562 1377 4628 passionem
1409 4565 1577 4615 tuam.
1612 4563 1814 4630 Corpus
1845 4565 1996 4615 tuum
2035 4562 2094 4614 in
2115 4563 2454 4629 peccatorum
2490 4561 2794 4611 nostrorum
2821 4556 3183 4609 remissionem
3218 4556 3549 4621 confractum
3579 4570 3593 4607 :

222 4643 459 4710 sanguis
492 4649 708 4698 sanctus
744 4649 867 4700 tuus
904 4648 963 4700 in
985 4651 1223 4717 pretium
1258 4655 1452 4705 nostra
1478 4651 1860 4720 redemptionis
1886 4650 2080 4719 effusus
2106 4653 2202 4704 est.
2229 4649 2356 4701 Haec
2384 4646 2580 4700 omnia
2606 4644 2781 4698 verba
2806 4644 2879 4699 ad
2912 4643 3268 4715 praemissam
3298 4660 3593 4699 consecra-

229 4729 413 4783 tionis
445 4731 697 4786 formam
725 4735 1055 4790 referuntur
1087 4755 1098 4792 :
1129 4738 1189 4791 in
1221 4755 1333 4809 qua
1359 4740 1480 4793 haec
1505 4739 1736 4793 recitari
1761 4740 2024 4794 solebant
2051 4737 2124 4792 ad
2149 4737 2443 4807 utriusque
2470 4735 2717 4807 symboli
2747 4734 3240 4789 consecrationem
3272 4751 3285 4788 :
3313 4737 3436 4790 Haec
3463 4750 3594 4804 quo-

231 4823 546 4890 tiescunque
567 4824 824 4889 feceritis,
853 4828 910 4880 in
949 4830 1056 4882 mei
1077 4832 1390 4883 memoriam
1416 4832 1649 4896 facietis.
1683 4830 1842 4883 Unde
1869 4828 2133 4883 sacerdos
2154 4827 2234 4881 ait
2262 4845 2273 4880 :
2301 4828 2577 4882 recolimus
2599 4828 2903 4896 passionem
2925 4830 3094 4879 tuam.
3117 4823 3365 4878 Verbum
3388 4825 3598 4889 confra-

225 4915 378 4964 ctum
409 4913 492 4979 (ut
522 4928 658 4966 mox
688 4913 1036 4986 dicebamus)
1063 4918 1136 4972 ad
1166 4921 1565 4988 confringetur;
1595 4921 1791 4989 effusus
1821 4919 1894 4972 ad
1922 4919 2227 4988 effundetur
2252 4919 2488 4988 spectat.
2510 4917 2600 4971 Sic
2627 4932 2755 4970 cum
2787 4915 2994 4969 affectu
3019 4914 3284 4968 sacerdos
3308 4912 3482 4966 verba
3502 4928 3597 4982 ge-

227 4999 503 5054 minabat
535 5005 663 5072 post
687 5006 933 5070 Sanctus,
964 5007 1213 5062 subdens
1238 5025 1250 5062 ε
1281 5011 1412 5064 Vere
1430 5015 1663 5072 sanctus,
1693 5026 1811 5065 vere
1838 5009 2156 5071 benedictus,
2181 5011 2288 5061 etc.
2311 5008 2469 5061 Alter
2489 5008 2645 5062 locus
2668 5009 2752 5059 est
2774 5006 2832 5058 in
2854 5004 3027 5058 missa
3050 5001 3400 5069 dominicali,
3421 5019 3478 5055 n.
3505 5004 3592 5070 78,

231 5090 331 5143 ubi
353 5093 486 5146 Post
511 5097 734 5157 secreta,
764 5096 1028 5151 sacerdos
1055 5096 1134 5150 ita
1159 5101 1425 5168 precatur
1453 5116 1465 5155 :
1501 5100 1798 5162 Credimus,
1827 5101 2066 5161 Domine,
2098 5099 2360 5153 credimus
2384 5101 2444 5151 in
2469 5099 2568 5152 hac
2599 5097 2960 5163 conf-motione
2985 5095 3238 5164 corporis,
3270 5096 3320 5146 et
3345 5091 3596 5160 effusione

228 5183 316 5233 tui
334 5183 632 5250 sanguinis
656 5199 749 5239 nos
774 5201 880 5240 esse
907 5187 1225 5257 redemptos.
1250 5189 1578 5244 Pronomen
1611 5191 1711 5244 hac
1738 5189 1976 5243 denotat
2006 5188 2162 5260 prius
2200 5189 2413 5242 factam
2446 5203 2566 5241 esse
2603 5187 2983 5253 confractionis
3011 5182 3389 5237 mentionem.
3423 5180 3590 5236 Simi-

222 5269 364 5323 liter
394 5270 454 5323 in
484 5275 920 5329 consecratione
947 5277 1136 5331 calicis
1165 5283 1536 5348 praecesserat
1559 5279 1779 5334 mentio
1811 5278 2108 5349 sanguinis
2133 5279 2291 5349 effusi
2315 5295 2327 5332 :
2353 5277 2467 5331 sive
2501 5276 2706 5330 eadem
2733 5273 2907 5328 fuerit
2935 5274 3123 5328 forma
3152 5288 3281 5326 cum
3311 5271 3592 5337 Romana,

223 5359 348 5413 sive
381 5360 579 5431 potius
607 5362 811 5417 eadem
836 5381 966 5419 cum
995 5367 1363 5436 Mozarabica,
1397 5386 1525 5440 quae
1551 5369 1630 5424 sic
1655 5369 2001 5424 efferebatur
2034 5385 2047 5423 ε
2077 5371 2176 5425 Hic
2203 5373 2279 5424 est
2305 5369 2451 5422 caliar:
2472 5369 2599 5421 novi
2623 5366 2944 5421 Testamenti
2968 5366 3026 5418 in
3052 5364 3314 5432 sanguine
3337 5376 3470 5424 meo,
3503 5362 3601 5430 qui

217 5465 327 5520 pro
351 5451 508 5505 vobis
534 5456 585 5505 et
606 5468 712 5523 pro
739 5455 923 5510 multis
947 5457 1251 5526 e/fundetur
1277 5461 1334 5513 in
1362 5461 1721 5515 remissionem
1740 5464 2100 5530 peccatorum.
2131 5459 2274 5514 Cum
2298 5455 2680 5511 Ambrosiana
2705 5455 2827 5509 haec
2857 5457 3083 5508 tantum
3110 5452 3369 5518 haberet,
3397 5453 3496 5506 Hic
3519 5453 3596 5504 est

226 5543 372 5594 enim
399 5544 630 5611 sanguis
669 5558 834 5598 meus.
861 5545 985 5600 Non
1024 5546 1147 5602 hac
1187 5551 1310 5602 erat
1340 5548 1459 5603 sine
1493 5548 1666 5604 dubio
1699 5549 1851 5620 apud
1890 5549 2077 5604 Gallos
2117 5550 2304 5602 forma
2343 5547 2648 5601 verborum
2675 5545 2735 5600 in
2765 5543 2956 5599 calicis
2980 5541 3430 5609 consecratione,
3465 5552 3589 5609 qua

226 5631 476 5687 verbum
509 5631 817 5703 e/fundetur
843 5635 1194 5707 continebat,
1226 5640 1288 5693 ut
1317 5654 1384 5694 ex
1413 5639 1695 5711 superiori
1718 5638 2064 5712 repetitione
2094 5637 2456 5710 intelligitur.

308 5877 436 5936 XIII.
469 5876 605 5937 Haec
635 5880 767 5936 sunt
793 5893 920 5953 qua:
947 5876 1179 5953 praefari
1199 5882 1381 5939 visum
1415 5887 1500 5938 est
1538 5881 1612 5941 ad
1649 5884 2047 5958 exponendam
2081 5883 2322 5944 instituti
2355 5880 2535 5942 nostri
2568 5885 2854 5940 rationem
2896 5883 2966 5938 de
2992 5876 3246 5948 Liturgia
3277 5874 3587 5938 Gallicana.
