4044 6196
461 332 554 407 an
1233 347 1565 404 APPENDIX
1597 347 1686 402 AD
1725 345 1946 402 OPERA
1983 345 2216 402 SANCTI
2250 345 2547 402 GERMANI
2588 343 3012 404 PARISIE‘NSIS.
3113 314 3128 320 ’
3711 355 3814 408 41-2

455 460 598 516 Huic
625 457 787 530 operi
815 455 1106 514 Coronidis
1131 457 1311 512 instar
1341 455 1676 527 subjicimus
1705 453 2176 526 Disquisitionem
2203 455 2274 511 de
2301 472 2468 512 cursu
2496 456 2810 526 Gallicano,
2839 457 2900 512 id
2925 461 3012 512 est
3037 457 3109 513 de
3135 456 3461 514 divinorum
3493 458 3814 516 ofﬁciorum

457 547 681 620 origine
707 550 767 602 et
793 563 1100 619 progressu
1129 547 1188 600 in
1219 545 1482 600 Ecclesiis
1511 544 1816 600 Gallicanis
1849 561 1863 598 :
1896 545 1989 598 cui
2015 544 2414 616 Disquisitioni
2442 546 2752 601 succedent
2781 548 3060 602 nonnulla
3099 550 3481 604 monumenta
3505 547 3578 602 ad
3606 549 3810 604 utrius-

457 653 568 710 que
595 636 785 708 operis
815 635 1238 707 probationem.
1269 635 1406 699 Quae
1437 635 1636 690 omnia
1659 633 1802 688 faxit
1825 635 1974 689 Deus
2003 634 2254 706 optimus
2277 636 2562 690 maximus
2581 638 2644 689 ut
2669 637 2880 691 cedant
2904 637 2962 691 in
2990 637 3312 708 profectum
3337 636 3601 692 Ecclesiae
3625 638 3816 693 catho-

455 726 599 793 licus,
633 725 792 796 cujus
826 724 1045 795 judicio
1089 741 1155 778 ac
1195 741 1449 778 censura:
1488 724 1639 778 hanc
1677 725 1946 796 opellam,
1980 740 2199 795 nosque
2230 723 2382 796 ipsos
2407 725 2673 779 lubenter
2710 725 3117 780 submittimus.
3149 726 3262 780 Nec
3290 725 3611 796 refugimus
3637 725 3812 780 etiam

455 831 756 870 censuram
788 813 1145 868 eruditorum
1179 813 1502 868 hominum.
1534 816 1654 871 Non
1687 816 1828 868 enim
1861 815 2149 878 vincimur,
2189 815 2406 884 quando
2441 815 2738 884 oﬂ’eruntur
2762 816 2913 871 nobis
2951 816 3197 880 meliora,
3231 817 3325 870 sed
3365 818 3706 880 instruimur,
3753 817 3814 868 ut

455 903 644 958 verbis
674 904 904 957 utamur
928 902 1130 974 magni
1161 903 1432 974 Cypriani
1459 919 1528 958 ex
1556 903 1801 974 epistola
1830 902 1906 957 ad
1935 901 2231 967 Quintum.
2711 903 2724 911 “

848 1316 1100 1464 DE
1235 1315 2185 1466 LITURGIA
2307 1317 3420 1467 GALLICANA

1607 1563 2027 1674 LIBER
2103 1567 2660 1672 PRIMUS.

982 1861 1204 1918 CAPUT
1255 1857 1537 1916 PRIMUM.

443 1959 817 2030 Liturgiarum
843 1956 1198 2030 consideratio
1233 1953 1692 2030 quam_utilisad
1711 1953 1872 2030 ﬁdem
1895 1953 2075 2009 Eccle-

585 2025 680 2086 sia
711 2029 984 2084 catholicae
1021 2027 1087 2082 de
1111 2027 1460 2082 Eucharistia
1487 2025 1930 2094 conﬁrmandam.

2097 1853 2157 1927 Α
2173 1860 2338 1928 ﬁcata
2363 1859 2639 1916 accedant.
2665 1859 2830 1925 Quod
2857 1875 2974 1915 non
3001 1859 3187 1915 solum
3215 1857 3286 1913 de
3307 1858 3418 1914 ﬁde
3440 1857 3731 1914 Trinitatis
3751 1861 3812 1914 et

2177 1953 2613 2022 Incarnationis,
2647 1954 2750 2009 sed
2781 1953 2957 2009 etiam
2989 1952 3062 2008 de
3098 1951 3212 2007 ﬁde
3239 1951 3611 2007 Eucharistiae
3639 1951 3810 2007 intel-

2175 2045 2476 2118 ligendum
2515 2051 2618 2116 est,
2649 2047 2964 2102 secundum
3002 2046 3146 2100 illud
3179 2045 3335 2118 quod
3361 2045 3422 2100 in
3451 2045 3658 2100 Missali
3697 2045 3808 2100 Go-

517 2146 568 2220 1
611 2149 660 2201 1.
682 2145 824 2201 Cum
845 2143 1002 2198 varia
1026 2141 1142 2196 sint
1161 2145 1506 2214 argumenta
1527 2159 1654 2214 quae
1674 2157 1870 2196 veram
1889 2139 1952 2195 in
1974 2141 2076 2196 Eu-

445 2239 716 2296 charistia
749 2235 958 2294 Christi
992 2236 1246 2307 corporis
1271 2235 1682 2308 sanguinisque
1708 2234 2075 2307 praesentiam

441 2333 726 2407 probant;
751 2347 868 2386 non
889 2329 1224 2384 inferiorem
1248 2328 1306 2383 in
1328 2329 1416 2383 his
1435 2330 1625 2384 locum
1653 2331 1854 2384 tenent
1873 2344 2076 2399 augus-

443 2425 651 2480 tissimi
691 2425 833 2478 ritus
862 2439 928 2478 ac
965 2423 1254 2478 solemnes
1280 2422 1392 2476 illae
1418 2439 1616 2493 preces
1647 2421 1856 2493 quibus
1881 2420 2074 2477 Chris-

442 2519 617 2577 tianae
638 2517 821 2572 ubivis
842 2517 1103 2588 gentium
1123 2515 1397 2587 legitimae
1417 2515 1718 2571 societates
1738 2514 1810 2569 ab
1830 2513 1996 2569 initio
2015 2513 2073 2567 in

441 2629 505 2670 re
532 2628 692 2668 sacra
723 2627 839 2665 usae
868 2613 1017 2664 sunt.
1047 2609 1109 2664 Id
1136 2609 1293 2663 enim
1312 2607 1502 2664 modis
1525 2608 1793 2664 omnibus
1813 2607 1935 2678 agit
1955 2606 2076 2678 Spi-

440 2707 557 2762 ritu
581 2709 777 2760 sancto
803 2703 1062 2758 animata
1085 2701 1355 2769 Ecclesia,
1385 2705 1447 2756 ut
1469 2717 1749 2774 magnum
1770 2699 1988 2772 aliquid
2009 2716 2074 2755 ac

439 2800 613 2872 plane
641 2795 898 2852 divinum
918 2796 1026 2851 hoc
1046 2794 1322 2849 sacriﬁcio
1341 2794 1627 2850 contineri
1646 2795 1838 2866 palam
1859 2796 2074 2865 protes-

438 2896 612 2946 tetur.
653 2891 770 2945 Huc
801 2892 1063 2962 spectant
1085 2887 1311 2959 praevias
1340 2904 1408 2942 ex
1437 2891 1680 2959 utroque
1707 2889 2071 2942 Testamento

439 2985 736 3050 lectiones,
770 2997 1015 3052 quarum
1057 2980 1437 3034 meditatione
1478 2979 1735 3034 ﬁdelium
1781 2979 1961 3034 animi
1999 2979 2073 3034 ad

441 3080 670 3132 tantum
706 3073 1045 3146 mysterium
1091 3072 1512 3144 disponantur:
1540 3073 1653 3126 huc
1697 3073 1864 3144 panis
1894 3073 2072 3127 studio

432 3173 801 3243 preparatus,
825 3165 1200 3236 ejusdemque
1231 3181 1362 3219 cum
1391 3165 1524 3220 vino
1546 3165 1662 3219 Deo
1684 3165 1835 3219 facta
1857 3165 2070 3220 oblatio

439 3263 628 3318 verbis
655 3260 877 3316 arcanis
903 3275 1033 3314 cum
1059 3257 1120 3332 2
1147 3273 1308 3313 sacro
1335 3257 1557 3326 sufﬁtu;
1585 3257 1697 3312 huc
1725 3258 1797 3312 ad
1826 3257 2069 3312 circum-

441 3359 658 3412 stantes
681 3369 955 3410 conversa
979 3353 1162 3407 oratio
1189 3351 1546 3406 Prtefationis
1566 3349 1765 3419 instar,
1787 3354 1848 3405 ut
1869 3366 2069 3406 eorum

441 3467 608 3506 aures
638 3453 696 3504 et
734 3447 909 3503 corda
929 3445 988 3501 in
1019 3444 1271 3501 coelestia
1299 3445 1633 3516 erigantur:
1656 3445 1767 3499 huc
1799 3445 1948 3499 actio
1979 3460 2066 3499 sa-

440 3561 555 3613 cra,
597 3546 655 3598 et
692 3539 1046 3598 consecratio
1091 3538 1344 3611 mysticis
1386 3537 1596 3594 Christi
1641 3537 1828 3594 verbis
1869 3537 2072 3610 peragi

441 3637 637 3703 solita;
669 3640 794 3690 tum
832 3633 1036 3690 hostiae
1075 3631 1381 3703 calicisque
1423 3631 1664 3687 elevatio
1701 3648 1830 3686 cum
1856 3629 2071 3702 insigni

439 3727 764 3788 reverentia
805 3725 1118 3782 sacerdotis
1160 3728 1218 3778 et
1260 3724 1456 3796 populi
1494 3724 1954 3796 procumbentis;
1996 3722 2070 3778 ad

441 3822 564 3878 haec
593 3821 851 3876 vivorum
882 3819 1398 3889 defunctorumque
1429 3816 1740 3884 memoria;
1772 3817 1884 3872 huc
1914 3816 2072 3871 deni-

443 3932 556 3987 que
599 3912 930 3969 communio
977 3927 1108 3964 cum
1152 3908 1223 3964 iis
1260 3908 1557 3981 religionis
1587 3912 1644 3964 et
1683 3909 2070 3964 venerationis

443 4008 640 4080 signis,
663 4024 795 4062 cum
825 4023 896 4060 ea
920 4003 1238 4076 gratiarum
1264 4003 1510 4070 actione,
1543 4001 1731 4058 nullus
1756 4006 1817 4058 ut
1849 4003 2071 4058 intuen-

441 4103 593 4158 tibus
621 4099 924 4156 dubitandi
952 4099 1110 4153 locus
1150 4097 1529 4168 relinquatur,
1561 4097 1710 4152 hanc
1741 4113 1882 4166 esse,
1918 4113 2068 4151 sem-

441 4211 660 4270 perque
710 4193 883 4249 fuisse
939 4189 1200 4246 Ecclesiae
1259 4190 1437 4244 ﬁdem
1493 4207 1558 4245 ac
1612 4190 2065 4262 persuasionem,

442 4291 730 4348 Christum
762 4303 893 4342 vere
920 4286 979 4340 in
1007 4285 1119 4340 hoc
1147 4283 1424 4339 sacriﬁcio
1455 4283 1730 4338 exhiberi.

511 4390 564 4442 2.
598 4386 668 4440 Et
708 4383 830 4437 haec
865 4379 1099 4452 quidem
1135 4378 1195 4432 in
1239 4393 1546 4434 commune
1575 4375 1842 4449 Liturgise
1867 4393 2069 4432 omnes

439 4478 877 4551 repraesentant.
899 4473 957 4530 Si
973 4489 1106 4528 vero
1123 4472 1444 4544 singulares
1465 4470 1906 4543 uniuscujusque
1926 4469 2069 4524 ritus

2174 2139 2330 2196 thico
2371 2140 2656 2212 gallicano
2701 2141 2932 2213 legitur,
2976 2139 3252 2195 nimirum
3299 2139 3360 2194 in
3407 2139 3582 2194 missa
3622 2143 3711 2194 75.
3744 2141 3815 2194 Ut

2172 2234 2400 2289 solemne
2443 2235 2538 2290 hoc
2570 2237 2893 2305 sacriﬁcium
2929 2236 3222 2304 sanctiﬁcet
3253 2233 3416 2288 corda
3440 2237 3646 2296 nostra,
3678 2233 3814 2288 dum

2173 2329 2431 2391 creditur,
2459 2329 2637 2384 deleat
2659 2333 2898 2399 peccata,
2926 2329 3056 2383 dum
3079 2329 3332 2383 sumitur.

2247 2418 2308 2493 3
2326 2423 2377 2476 3.
2395 2422 2606 2476 Verum
2628 2422 2676 2476 si
2697 2422 2771 2477 ad
2790 2421 3151 2494 precationes
3171 2421 3230 2476 in
3251 2419 3521 2492 Liturgiis
3542 2419 3814 2476 adhiberi

2175 2513 2370 2568 solitas
2413 2515 2808 2583 attendamus;
2837 2517 3005 2587 plura
3029 2514 3246 2586 utique,
3282 2530 3464 2585 eaque
3495 2513 3682 2586 magis
3708 2529 3809 2569 ex-

2173 2623 2388 2678 pressa,
2417 2607 2551 2664 huic
2580 2609 2666 2663 rei
2699 2607 3112 2664 conﬁrmandae
3148 2607 3482 2662 testimonia
3509 2607 3676 2662 nobis
3705 2623 3806 2662 oc-

2171 2704 2420 2756 current.
2443 2705 2506 2756 In
2535 2702 2624 2756 his
2643 2703 3000 2757 luculentum
3022 2705 3108 2756 est
3127 2700 3288 2767 illud,
3312 2699 3467 2772 quod
3489 2700 3654 2756 nobis
3678 2717 3816 2772 sup-

2172 2796 2395 2867 peditat
2439 2796 2608 2850 Liber
2646 2797 3152 2870 Sacramentorum
3193 2793 3454 2864 Gregorii
3497 2793 3697 2864 magni
3737 2793 3813 2848 in

2171 2889 2473 2944 Dominica
2509 2889 2711 2961 quinta
2755 2891 2885 2960 post
2927 2886 3331 2960 Epiphaniam,
3360 2887 3458 2941 ubi
3495 2885 3554 2940 in
3588 2887 3813 2942 Priefa-

2170 2981 2329 3036 tione
2369 2983 2490 3036 huic
2527 2983 2798 3053 leguntur
2820 2982 3080 3051 :~Singuli
3105 2983 3376 3050 accipiunt
3403 2981 3670 3038 Christum
3695 2983 3814 3036 Do-

2169 3077 2397 3139 minam,
2435 3079 2488 3130 et
2519 3078 2580 3130 in
2615 3075 2844 3145 singulis
2880 3075 3219 3146 portionibus
3260 3078 3398 3128 totus
3441 3078 3556 3141 est;
3591 3089 3684 3128 nec
3704 3089 3819 3144 per

2169 3169 2410 3238 singulos
2431 3171 2720 3233 minuitur,
2747 3169 2842 3225 sed
2869 3171 3138 3238 integrum
3163 3183 3218 3223 se
3235 3167 3440 3238 praebet
3467 3169 3525 3220 in
3552 3167 3812 3236 singulis.

2173 3258 2338 3326 Quod
2375 3261 2774 3318 testimonium
2814 3261 3166 3316 Guitmundo
3206 3259 3354 3315 tanti
3388 3259 3571 3314 visum
3603 3263 3706 3327 est,
3741 3263 3814 3314 ut

2170 3355 2311 3410 illud
2339 3356 2602 3410 retulerit
2637 3355 2696 3409 in
2731 3355 2944 3409 librum
2986 3370 3152 3408 suum
3191 3353 3260 3408 de
3299 3369 3539 3426 corpore
3580 3356 3638 3407 et
3667 3368 3809 3408 san-

2171 3448 2344 3520 guine
2384 3447 2648 3514 Domini;
2677 3447 2994 3520 itidemque
3019 3448 3260 3518 Algerus
3287 3446 3348 3500 in
3375 3445 3472 3500 lib.
3507 3463 3526 3500 ι
3551 3461 3677 3518 cap.
3710 3448 3808 3513 15,

2171 3559 2238 3596 ex
2262 3541 2585 3609 Ambrosio,
2612 3541 2670 3595 id
2699 3545 2786 3596 est
2809 3556 2876 3596 ex
2896 3540 3153 3612 Liturgia
3175 3539 3576 3606 Ambrosiana,
3599 3538 3659 3592 in
3685 3553 3812 3610 qua

2169 3633 2291 3690 haec
2331 3636 2602 3707 leguntur
2630 3634 2782 3706 apud
2817 3633 3137 3689 Pamelium
3163 3632 3464 3688 Dominica
3495 3631 3712 3704 quinta,
3745 3635 3813 3687 et

2170 3728 2232 3782 in
2283 3727 2567 3784 hodierno
2609 3727 2816 3783 Missali
2864 3726 3246 3782 Ambrosiano
3294 3725 3593 3782 Dominica
3643 3728 3812 3780 sexta

2168 3825 2299 3892 post
2323 3805 2739 3893 Epiphaniam.-

2239 3915 2293 3968 4.
2324 3913 2490 3978 Quod
2524 3913 2572 3968 si
2613 3916 2874 3969 auctores
2908 3912 2992 3968 illi
3031 3911 3172 3969 alias
3199 3911 3376 3968 etiam
3400 3910 3701 3984 Liturgias,
3739 3911 3807 3969 in

2168 4005 2370 4078 primis
2401 4011 2656 4062 veterem
2684 4005 3058 4076 Gallicanam,
3092 4007 3152 4062 in
3179 4010 3412 4080 promtu
3441 4007 3805 4077 habuissent,

2168 4099 2324 4155 haud
2374 4100 2545 4155 dubie
2592 4102 2802 4156 multas
2848 4100 2984 4156 inde
3031 4101 3321 4173 suppetias
3358 4101 3679 4156 hausissent
3723 4101 3808 4156 ad

2169 4193 2540 4249 asserendam
2590 4194 2930 4250 catholicam
2969 4194 3164 4250 ﬁdem.
3201 4196 3335 4248 Tres
3379 4197 3601 4249 tantum
3641 4195 3808 4250 locos

2168 4289 2278 4343 huc
2309 4287 2594 4343 adducere
2611 4287 2774 4360 juvat
2803 4304 2868 4342 ex
2888 4287 3095 4342 Missali
3113 4287 3352 4343 Gothico
3383 4304 3483 4342 seu
3505 4286 3807 4343 Gallicana

2167 4381 2532 4454 perantiquo,
2566 4381 2771 4453 quibus
2808 4381 2948 4436 locis
2986 4380 3129 4435 nihil
3166 4380 3488 4452 signantius
3515 4384 3612 4436 aut
3635 4381 3807 4436 lucu-

2167 4475 2378 4530 lentius
2410 4475 2603 4530 afferri
2628 4477 2836 4546 potest.
2865 4476 3020 4529 Unus
3052 4477 3235 4528 exstat
3271 4474 3331 4528 in
3360 4473 3535 4529 missa
3566 4473 3637 4528 de
3661 4475 3809 4546 Epi-

441 4572 808 4630 considerare
825 4584 976 4622 nunc
993 4569 1239 4633 vacaret,
1259 4567 1444 4621 nullos
1461 4565 1522 4620 in
1545 4563 1814 4620 eur'ndem
1831 4580 2067 4636 scopum
2088 4591 2143 4666 Ο
2167 4569 2402 4641 phania,
2430 4568 2528 4624 ubi
2567 4567 2762 4622 statim
2800 4568 2871 4622 ab
2907 4567 3072 4623 initio
3107 4567 3228 4622 hinc
3265 4567 3598 4623 solemnitas
3622 4584 3808 4622 vene-

441 4681 560 4721 non
587 4663 879 4718 collimare
909 4659 1076 4713 facile
1105 4659 1577 4731 intelligeremus.
1603 4659 1727 4724 Quo
1757 4659 1817 4713 in
1854 4673 2066 4730 genere

438 4757 783 4832 praeclarum
825 4755 911 4806 est
949 4752 1010 4805 in
1047 4751 1222 4804 missa
1257 4752 1608 4808 Mozarabica
1633 4753 1978 4818 institutum,
2007 4754 2070 4804 ut

439 4849 680 4908 recitato
691 4849 925 4904 Canone
943 4842 1209 4898 sacerdos
1225 4843 1472 4898 hostiam
1487 4848 1880 4900 consecratam
1897 4860 2070 4916 super

441 4945 677 5001 calicem
700 4946 924 5006 tenens,
948 4935 1284 5010 Symbolum
1309 4937 1414 4992 GP.
1443 4937 1720 5009 praecinat
1743 4956 1810 4992 ex
1835 4938 2065 4994 decreto

439 5037 666 5095 concilii
696 5053 757 5092 ιιι
777 5033 1055 5100 Toletani,
1079 5033 1462 5102 subsequente
1483 5031 1622 5086 cleri
1641 5035 1700 5085 et
1719 5033 1917 5104 pOpuli
1937 5049 2067 5088 con.

439 5135 629 5188 centu.
663 5131 776 5186 Hac
801 5127 960 5183 enim
986 5124 1346 5181 confessione
1378 5140 1580 5180 omnes
1609 5127 1668 5180 et
1692 5125 1902 5197 singuli
1927 5143 2062 5182 con-

437 5223 638 5281 testari
661 5222 946 5288 videntur,
981 5236 1040 5274 se
1071 5236 1140 5274 ea
1167 5218 1282 5273 ﬁde
1307 5234 1506 5273 verum
1537 5217 1745 5273 Christi
1776 5234 1982 5290 corpus
2007 5222 2068 5273 et

437 5316 782 5390 sanguinem
805 5315 866 5370 in
887 5312 1240 5370 Eucharistia
1260 5312 1514 5380 credere,
1540 5328 1652 5383 qua
1672 5311 1786 5366 ﬁde
1807 5311 2066 5384 omnipo.

435 5413 658 5467 tentem
683 5411 865 5464 Deum
885 5422 1065 5463 unum
1091 5410 1262 5478 atque
1292 5406 1529 5473 trinum,
1563 5422 1628 5460 ac
1653 5404 1856 5460 Filium
1884 5404 2066 5460 incan-

437 5508 638 5562 natum
687 5503 946 5559 credunt.
983 5500 1118 5556 Ideo
1163 5500 1374 5572 quippe
1414 5497 1673 5555 Toletani
1712 5500 1908 5554 Patres
1955 5499 2064 5554 hoc

436 5599 792 5674 Symbolum,
821 5599 1142 5667 priusquam
1167 5596 1441 5650 Dominica
1465 5593 1682 5649 dicatur
1702 5596 1898 5657 oratio,
1911 5588 2065 5648 clara

431 5710 552 5752 voce
580 5711 615 5750 a
642 5691 848 5765 populo
874 5691 1158 5746 decantari
1178 5687 1535 5760 praecipiunt,
1569 5704 1672 5759 quo
1698 5693 1750 5744 et
1780 5688 1911 5758 ﬁdes
1935 5703 2064 5744 vera

431 5790 780 5859 manifestum
808 5785 1165 5844 testimonium
1185 5783 1398 5848 habeat,
1421 5787 1472 5840 et
1489 5782 1564 5838 ad
1585 5783 1786 5842 Christi
1803 5797 1992 5856 corpus
2013 5785 2065 5839 et

430 5886 745 5962 sanguinem
767 5878 1165 5963 praelibandum
1187 5881 1408 5957 pectora
1427 5877 1752 5952 populorum
1773 5876 1878 5949 ﬁde
1903 5877 2062 5950 puri-

2167 4663 2352 4718 randa
2378 4661 2740 4734 proponitur,
2770 4661 3126 4717 exhortando
3153 4662 3350 4717 ﬁdeles
3379 4661 3452 4716 ad
3477 4661 3814 4718 ferventem

2169 4755 2513 4823 orationem,
2538 4771 2748 4826 nempe
2772 4759 2835 4810 ut
2857 4757 2956 4826 qui
2980 4759 3104 4810 tunc
3126 4771 3299 4826 aquas
3314 4757 3372 4810 in
3392 4757 3520 4810 vina
3541 4757 3811 4820 mutavit,

2165 4865 2307 4904 nunc
2350 4851 2410 4903 in
2438 4843 2758 4918 sanguinem
2789 4863 2946 4902 suum
2991 4849 3321 4904 oblationum
3345 4851 3474 4902 vina
3499 4853 3811 4907 convertat.

2167 4941 2266 4997 Hic
2296 4957 2525 4996 necesse
2553 4944 2639 4995 est
2667 4957 2980 5013 agnoscere
3009 4958 3204 4996 veram
3232 4958 3297 4996 ac
3336 4941 3640 5009 sinceram,
3673 4957 3816 4998 non

2165 5035 2473 5107 ﬁguratam
2509 5035 2787 5090 duntaxat
2809 5035 2928 5089 vini
2952 5036 3334 5090 mutationem
3362 5034 3421 5089 in
3452 5033 3826 5106 sanguinem

2166 5127 2402 5196 Christi;
2432 5127 2506 5183 ad
2534 5141 2708 5200 quam
2735 5129 2949 5184 scilicet
2989 5128 3357 5184 efﬁciendam
3385 5130 3526 5185 ccelo
3555 5128 3825 5187 devoca-

2164 5225 2260 5278 tur
2286 5220 2710 5292 omnipotentis
2741 5222 2862 5289 Dei,
2901 5238 2970 5278 ea
3000 5221 3236 5293 quidem
3273 5223 3418 5294 ipsa,
3449 5237 3576 5294 quae
3617 5238 3830 5294 aquas

2166 5315 2224 5370 in
2251 5316 2449 5370 vinum
2475 5313 2786 5386 aliquando
2813 5317 3112 5371 convertit.

2236 5411 2286 5464 5.
2311 5408 2424 5464 Sed
2452 5407 2737 5479 insignior
2762 5409 2908 5464 alter
2929 5409 3087 5465 locus
3107 5412 3194 5465 est
3212 5409 3316 5465 sub
3336 5409 3516 5466 ﬁnem
3535 5407 3830 5481 ejusdem

2161 5501 2397 5557 Missalis
2434 5501 2494 5556 in
2528 5501 2704 5557 missa
2742 5501 3096 5558 dominicali.
3131 5503 3223 5559 Sic
3254 5503 3408 5559 enim
3446 5502 3694 5559 habetur
3747 5505 3834 5563 in

2165 5595 2425 5652 oratione
2449 5599 2668 5652 secreta
2697 5599 3023 5654 :Precamur
3047 5602 3220 5654 mente
3243 5596 3436 5654 devota
3456 5603 3525 5660 te,
3542 5596 3842 5666 Majestas

2163 5694 2382 5756 aeterna,
2403 5690 2464 5763 4
2493 5696 2555 5747 ut
2571 5697 2825 5764 aperante
2848 5695 3068 5755 virtute,
3093 5706 3290 5762 panem
3313 5696 3583 5747 mutatum
3596 5693 3654 5746 in
3671 5707 3838 5751 car-

2161 5799 2304 5850 nem,
2329 5785 2584 5858 poculum
2623 5801 2834 5843 versum
2870 5788 2930 5843 in
2970 5789 3310 5858 sanguinem,
3340 5786 3498 5842 illum
3521 5799 3844 5852 sumamus

2162 5881 2221 5937 in
2247 5879 2426 5948 calice,
2448 5881 2544 5955 qui
2569 5881 2635 5937 de
2654 5885 2702 5937 te
2725 5882 2886 5950 ﬂuxit
2909 5882 2970 5941 in
2994 5896 3142 5940 nuce
3161 5896 3227 5939 er
3247 5881 3433 5940 latere.
3458 5879 3595 5950 Quis
3615 5878 3833 5952 hodie
