4044 6196
208 333 314 408 H3

1210 353 1297 414 DE
1337 356 1650 417 LITURGIA
1683 359 2057 420 GALLICANA
2094 361 2293 422 LIBER
2329 361 2592 422 PRIMUS.

3477 345 3576 418 ΗΞ

204 453 643 564 Catholicon
675 475 840 518 suam
877 461 950 519 de
988 463 1346 522 Eucharistia
1381 467 1559 523 ﬁdem
1594 470 1846 542 apertius
1867 489 1926 564 Α
1949 478 2357 546 respexerunt;
2384 475 2630 532 multum
2661 467 3010 528 discriminis
3038 466 3099 527 in
3126 457 3302 528 sacris
3331 481 3580 542 agnoven

203 556 262 609 et
285 553 579 635 enicacius
599 560 796 627 posset
823 557 1163 629 exprimere,
1187 577 1362 632 quam
1391 561 1557 618 istius
1577 563 1846 636 Liturgizn

204 648 516 704 auctores?
561 665 705 722 quos
742 654 875 705 ante
922 668 1107 707 annos
1141 653 1298 709 mille
1344 655 1548 712 vixisse
1598 660 1842 726 constat,

205 755 338 796 cum
379 742 580 810 codex,
609 743 764 799 unde
801 745 924 799 haec
965 750 1231 818 excerpta
1255 751 1360 816 est,
1392 749 1597 805 litteris
1627 751 1844 822 majus-

204 834 348 888 culis
387 839 448 890 et
482 835 776 907 quadratis
815 839 1076 910 scriptus,
1105 845 1336 912 superet
1367 859 1552 898 annos
1578 859 1843 916 nongen-

205 931 312 994 tos,
348 932 414 982 ut
438 927 499 982 in
531 931 1016 1002 consequentibus
1042 947 1412 1004 exponemus.

275 1024 330 1076 6.
361 1022 636 1092 Ejusdem
683 1027 770 1078 est
808 1027 1093 1082 momenti
1131 1027 1288 1082 aliud
1329 1045 1396 1083 ex
1435 1029 1641 1085 eadem
1672 1029 1846 1086 missa

203 1115 605 1170 testimonium
623 1120 754 1188 post
765 1119 1088 1175 orationem
1103 1119 1457 1176 dominicam
1473 1139 1486 1177 :
1503 1125 1696 1180 Libera
1705 1138 1799 1180 nos
1810 1141 1846 1179 α

201 1209 369 1271 malo,
405 1209 616 1266 Christe
640 1213 783 1266 Jesu.
816 1214 1018 1284 Corpus
1047 1219 1198 1269 tuum
1234 1231 1333 1285 pro
1361 1217 1514 1272 nobis
1537 1219 1846 1287 cruciﬁwum

203 1302 434 1365 edimus,
465 1308 518 1358 et
545 1307 862 1373 sanguinem
886 1311 1132 1362 sanctum
1162 1311 1314 1362 tuum
1332 1325 1436 1380 pro
1455 1310 1605 1365 nobis
1623 1309 1846 1380 eﬂ'usum

205 1396 459 1451 bibimus.
489 1395 640 1450 Nihil
683 1396 1166 1468 interpretatione
1205 1400 1298 1455 hic
1334 1417 1476 1472 opus
1508 1405 1612 1457 est.
1645 1405 1847 1474 Corpus

208 1491 413 1547 Christi
436 1488 496 1542 in
525 1489 884 1545 Eueharistia
907 1492 1134 1556 edimus,
1161 1509 1278 1548 non
1301 1495 1718 1568 qualecunque,
1743 1497 1845 1552 sed

207 1582 349 1636 illud
375 1582 567 1654 ipsum
595 1583 740 1653 quod
759 1600 865 1655 pro
880 1586 1032 1640 nobis
1051 1589 1363 1656 cmciﬁa'um
1383 1591 1498 1643 est:
1522 1592 1846 1660 sanguinem

203 1675 314 1744 ejus
342 1675 594 1738 bibimus,
623 1692 743 1734 non
774 1678 1180 1745 umbraticum,
1205 1679 1305 1734 sed
1330 1680 1493 1736 illum
1513 1681 1721 1753 ipsum,
1745 1682 1845 1754 qui

199 1785 297 1839 pro
342 1771 500 1824 nobis
541 1770 740 1840 eﬂ'usus
781 1773 884 1825 est.
914 1773 1037 1827 Uno
1072 1773 1247 1828 verbo
1285 1789 1498 1844 panem
1543 1775 1842 1844 sumimus,

1944 571 2098 636 runt,
2132 585 2248 624 non
2291 572 2518 624 tantum
2556 568 2711 622 inter
2744 566 3098 622 Orientalem
3139 569 3198 621 et
3237 563 3578 620 Occidenta-

1943 663 2079 730 lem,
2110 662 2208 717 sed
2236 662 2411 716 etiam
2443 661 2593 716 inter
2617 660 2849 716 Latinas
2875 659 3124 714 invicem
3147 657 3445 714 Ecclesias.

2014 768 2065 821 3.
2097 767 2159 821 In
2196 765 2490 820 occidente
2519 781 2619 818 seu
2653 762 2806 834 apud
2843 762 3096 829 Latinos,
3123 765 3370 833 quatuor
3399 761 3576 817 mini-

1943 875 2104 916 mum
2132 860 2418 914 solemnes
2447 842 2730 926 Liturgias
2760 855 2910 910 inter
2939 871 3062 910 sese
3089 855 3342 911 diversas
3370 856 3573 911 distin-

1946 969 2121 1024 guere
2167 952 2300 1006 licet
2349 967 2363 1006 :
2412 953 2554 1022 puta
2599 949 2941 1017 Romanam,
2987 948 3428 1004 Ambrosianam
3472 965 3575 1004 seu

1943 1045 2446 1112 Mediolanensem,
2476 1042 2849 1109 Gallicanam,
2887 1045 2946 1095 et
2979 1041 3364 1112 Hispanicam,
3397 1057 3573 1113 quam

1945 1139 2123 1194 secuti
2147 1143 2280 1193 sunt
2307 1137 2459 1209 apud
2491 1136 2770 1208 Hispanos
2799 1133 3106 1190 Christiani
3135 1135 3416 1190 Arabibus
3439 1149 3570 1205 per-

1944 1232 2119 1299 misti,
2149 1233 2220 1287 ob
2245 1232 2304 1286 id
2334 1231 2696 1286 Mozarabum
2725 1229 3074 1300 appellatam
3103 1244 3116 1283 :
3146 1224 3350 1299 q'uibus
3385 1227 3574 1284 Litur-

1946 1326 2054 1398 giis
2079 1325 2216 1380 addi
2239 1328 2480 1397 possunt
2501 1323 2769 1378 Africana
2801 1325 2860 1377 et
2893 1320 3218 1376 Hibernica.

2014 1429 2066 1483 4.
2091 1429 2366 1484 Romanae
2390 1426 2658 1498 Liturgim
2687 1425 2892 1496 triplex
2912 1422 3086 1478 veluti
3113 1422 3253 1478 ordo
3275 1438 3374 1476 seu
3394 1425 3574 1478 status

1945 1521 2395 1578 considerandus
2431 1523 2534 1575 est.
2583 1521 2738 1576 Unus
2771 1516 3171 1590 primigenius,
3199 1517 3271 1571 ab
3311 1515 3574 1570 Ecclesiae

1945 1615 2232 1670 nascentis
2253 1615 2486 1670 exordio
2509 1613 2581 1668 ad
2603 1612 2890 1668 Gelasium
2912 1627 3090 1682 usque
3112 1613 3407 1682 receptus;
3431 1610 3578 1665 alter

1943 1709 2296 1776 Gelasianus,
2348 1710 2642 1764 auctorem
2689 1723 2788 1760 seu
2830 1704 3307 1776 amplificatorem
3355 1703 3575 1758 habens

1945 1801 2234 1858 Gelasium
2281 1817 2492 1873 papam
2547 1799 2670 1870 ejus
2731 1797 2982 1853 nominis
3030 1797 3318 1868 primum;
3373 1797 3576 1851 tertius

202 1862 404 1918 divina
431 1869 688 1966 02mm
710 1867 911 1966 virtute
933 1870 1204 1966 m'ft‘fmm
1222 1869 1282 1922 in
1305 1883 1553 1966 “mimi
1573 1869 1843 1966 909119“?
1863 1862 1922 1934 Β
1946 1862 2465 1966 (ἰιιθεοῐ-ἱειῐιιίείὶῐθ
2503 1862 2685 1948 dictus
2723 1907 2790 1946 ex
2833 1890 3067 1945 nomine
3098 1888 3359 1961 Gregorii
3384 1889 3576 1963 Magni

200 1973 415 2012 tersum
459 1961 520 2012 in
557 1960 893 2028 sanguinem,
931 1959 1029 2030 qui
1053 1962 1113 2014 in
1144 1975 1294 2015 cruce
1333 1977 1400 2016 ea:
1435 1961 1602 2017 latere
1635 1962 1843 2017 Christi

203 2050 384 2116 ﬂuxit,
418 2051 504 2105 uti
535 2051 799 2122 superior
821 2053 980 2106 locus
1005 2053 1216 2107 diserte
1244 2054 1465 2108 astruit.

273 2149 328 2198 7.
355 2145 436 2198 Ex
469 2143 678 2214 quibus
705 2143 1049 2216 intelligitur
1077 2150 1362 2217 quantum
1399 2147 1626 2202 intersit
1651 2149 1839 2220 reipu-

203 2237 366 2292 blicae
411 2237 752 2294 Christianae
779 2238 850 2293 de
894 2239 1130 2293 vetustis
1164 2239 1277 2294 illis
1302 2239 1573 2311 Liturgiis
1609 2257 1839 2297 accura-

206 2335 326 2386 tam
361 2330 581 2385 habere
621 2331 908 2399 notitiam,
939 2335 1000 2386 ut
1035 2349 1102 2386 ex
1140 2332 1250 2387 illis
1289 2333 1569 2388 catholica
1607 2335 1840 2390 traditio

207 2423 370 2478 reddi
401 2424 584 2495 possit
622 2423 912 2480 illustrior.
943 2425 1308 2497 Quapropter
1341 2442 1413 2480 ne
1444 2426 1503 2481 in
1546 2431 1841 2498 posterum

207 2517 464 2588 Liturgia
515 2517 828 2585 Gallicana,
885 2535 1011 2589 quae
1059 2519 1476 2590 Gregorianam
1531 2522 1838 2592 praecessit,

207 2611 452 2666 obscura
488 2615 746 2679 maneat,
776 2610 974 2666 induxi
1007 2612 1267 2668 animum
1295 2629 1365 2667 ea
1391 2613 1451 2666 in
1495 2630 1675 2668 unum
1702 2631 1838 2670 con-

205 2705 380 2771 ferre,
408 2721 536 2776 quas
567 2705 643 2758 ad
673 2705 831 2760 illam
860 2723 892 2760 e
920 2705 1174 2760 tenebris
1214 2705 1517 2761 oblivionis
1541 2705 1837 2762 vindican-

208 2798 344 2853 dam
378 2799 638 2870 reperire
675 2798 968 2870 potuimus
1004 2815 1017 2854 :
1046 2803 1110 2853 ut
1141 2800 1373 2871 quando
1411 2801 1533 2856 haec
1570 2800 1630 2856 in
1675 2807 1854 2856 usum'

202 2891 326 2962 jam
351 2892 602 2963 amplius
631 2891 887 2947 revocari
915 2892 1135 2964 nequit,
1168 2895 1372 2948 saltem
1400 2911 1466 2949 ex
1497 2894 1619 2966 ejus
1648 2895 1842 2966 cogni-

207 2986 365 3040 tione
391 2987 682 3040 asseratur
703 2985 992 3058 majorum
1021 2989 1370 3052 nostrorum,
1393 2987 1452 3042 id
1479 2991 1566 3043 est
1582 2991 1839 3044 veterum

207 3079 522 3146 Gallorum,
553 3079 778 3151 religio.

857 3159 1081 3216 CAPUT
1118 3162 1181 3216 ll.

211 3242 394 3298 Varie
416 3241 678 3310 Liturgix
705 3240 856 3311 apud
881 3243 1121 3313 Latinos,
1147 3257 1438 3313 earumque
1474 3245 1839 3300 convenientia
1858 3227 1913 3302 C

811 3316 861 3366 et
898 3312 1235 3382 differentiae.

276 3389 334 3464 5
366 3393 416 3445 1.
443 3391 509 3444 In
556 3390 900 3447 celebrando
941 3396 1300 3449 sacrosancto
1342 3393 1530 3449 missae
1559 3393 1836 3451 sacriﬁcio

208 3501 408 3539 omnes
463 3482 714 3538 Orientis
776 3488 834 3538 et
899 3485 1222 3540 Occidentis
1278 3487 1539 3544 Ecclesiae
1597 3489 1836 3544 modum

207 3576 522 3648 quemdam
541 3577 601 3631 in
623 3593 848 3632 summa
869 3595 1239 3634 communem
1259 3581 1331 3635 ab
1351 3580 1518 3636 initio
1540 3582 1793 3637 habuere
1819 3599 1832 3636 :

207 3671 445 3743 singula:
471 3673 673 3724 tamen
700 3671 840 3726 ritus
867 3671 1090 3743 aliquos
1121 3673 1440 3744 singulares
1467 3691 1532 3728 ac
1562 3674 1831 3730 diversos.

205 3765 330 3820 Haec
363 3763 636 3820 omnibus
675 3781 904 3836 semper
939 3767 1290 3834 communia,
1323 3783 1532 3838 nempe
1561 3767 1837 3824 lectiones

205 3874 498 3914 sacrarum
527 3857 950 3929 Scripturarum
975 3858 1140 3915 initio
1167 3860 1456 3932 Liturgim,
1479 3861 1836 3933 psalmorum

204 3951 567 4022 aliorumque
601 3950 956 4007 canticorum
997 3953 1288 4021 recitatio;
1321 3955 1534 4010 oblatio
1572 3955 1738 4027 panis
1779 3958 1839 4010 et

203 4043 318 4098 vini
339 4059 493 4115 aqua
517 4044 702 4111 misti;
725 4045 1080 4100 consecratio
1102 4047 1397 4120 utriusque
1419 4049 1606 4103 verbis
1627 4047 1836 4106 Christi

203 4137 436 4192 Domini
475 4153 605 4192 cum
643 4137 1048 4193 benedictione
1079 4155 1143 4194 ac
1178 4141 1342 4212 signo
1374 4142 1556 4196 crucis
1584 4159 1618 4197 a
1647 4159 1835 4197 sacer-

203 4229 334 4285 dote
381 4229 572 4296 facto;
607 4231 790 4286 oratio
839 4231 1174 4306 Dominica;
1209 4237 1266 4288 et
1307 4251 1470 4289 sacra
1503 4235 1834 4290 communio

199 4340 328 4378 cum
357 4323 680 4396 gratiarum
717 4324 962 4380 actione.
991 4328 1065 4381 At
1098 4325 1422 4399 designatio
1455 4331 1742 4383 certarum
1769 4345 1836 4384 ex

198 4417 499 4488 Scriptura
531 4417 873 4485 lectionum;
905 4420 1281 4490 psalmorum,
1315 4421 1674 4494 aliarumque
1704 4438 1833 4494 pre-

197 4527 328 4565 cum
363 4526 644 4564 numerus
679 4513 737 4564 et
779 4511 1058 4580 definitio,
1093 4513 1490 4570 ministrorum
1516 4515 1659 4569 ritus
1689 4531 1832 4586 pras-

1944 1989 2044 2060 qui
2100 1987 2465 2043 Gelasianum
2522 1986 2787 2042 ordinem
2840 1983 3148 2040 correxisse
3196 1987 3573 2039 memoratur.

1945 2081 2138 2146 Qualis
2163 2080 2336 2136 fuerit
2364 2080 2746 2152 primigenius
2773 2079 2886 2146 ille,
2915 2095 3031 2132 non
3061 2077 3300 2133 omnino
3327 2077 3572 2133 constat.

1943 2174 2276 2230 Gelasianus
2301 2173 2399 2228 diu
2425 2173 2781 2228 desideratus
2811 2175 2897 2228 est
2926 2189 2939 2226 :
2968 2171 3069 2225 sed
3094 2171 3330 2227 tandem
3355 2170 3517 2224 illum
3541 2185 3574 2223 θ

1943 2267 2198 2323 tenebris
2240 2267 2389 2322 eruit
2433 2266 2518 2321 vir
2560 2267 2632 2321 de
2671 2265 2921 2320 Ecclesia
2957 2265 3107 2319 bene
3151 2263 3391 2318 meritus
3413 2263 3574 2318 Iose-

1942 2361 2089 2433 phus
2135 2360 2310 2416 Maria
2355 2359 2712 2427 Thomasius,
2759 2359 3006 2420 clericus,
3049 2357 3350 2428 regularis,
3401 2359 3572 2426 atque

1943 2458 2076 2510 ante
2106 2438 2290 2510 annos
2316 2456 2562 2526 quatuor
2590 2452 2866 2508 Romanis
2887 2452 3036 2524 typis
3058 2449 3328 2522 vulgavit.
3357 2450 3575 2520 Grego-

1941 2548 2136 2602 rianus
2181 2547 2417 2602 demum
2463 2547 2524 2602 in
2571 2565 2674 2601 usu
2721 2545 3017 2602 communi
3059 2547 3144 2600 est
3196 2544 3371 2600 modo
3420 2541 3575 2615 apud

1942 2657 2143 2696 omnes
2185 2641 2307 2694 fere
2354 2641 2652 2707 Ecclesias,
2699 2639 2851 2694 notis
2895 2642 2952 2694 et
2995 2636 3489 2694 observationibus
3540 2653 3575 2693 a

1938 2733 2208 2788 Menardo
2238 2735 2433 2787 nostro
2461 2732 2791 2786 illustratus.

2013 2839 2062 2890 5.
2097 2834 2438 2907 Gregoriani
2461 2852 2494 2890 a
2523 2834 2822 2891 Gelasiano
2853 2835 3037 2890 totum
3063 2832 3373 2889 discrimen
3405 2830 3572 2886 estin

1938 2929 2214 2985 varietate
2231 2931 2290 2983 et
2305 2944 2546 2984 numero
2565 2945 2766 2983 earum
2784 2927 3113 2984 orationum
3131 2943 3272 2999 quas
3293 2925 3573 2981 Collectas

1939 3025 2172 3090 vocant;
2191 3039 2328 3076 nam
2347 3025 2554 3078 uetera
2573 3021 2870 3092 utriusque
2885 3020 3106 3076 eadem
3123 3019 3363 3076 omnino
3379 3020 3574 3092 partes

1939 3118 2094 3171 sunt.
2116 3117 2180 3171 In
2211 3115 2512 3171 Gelasiano
2541 3114 2668 3170 dum
2692 3117 2790 3170 aut
2809 3117 2926 3170 tres
2947 3117 3080 3168 ante
3101 3113 3416 3186 Epistolam
3441 3126 3571 3166 ora-

1940 3209 2160 3277 tiones;
2187 3209 2358 3266 unica
2377 3208 2610 3264 Secreta
2630 3211 2763 3263 ante
2782 3207 3218 3274 Praefationem;
3243 3209 3416 3280 atque
3445 3205 3574 3264 duae

1937 3306 2067 3375 post
2087 3302 2578 3371 communionem,
2600 3317 2844 3374 quarum
2868 3317 2984 3357 una
3005 3303 3092 3355 est
3103 3316 3272 3371 supra
3286 3301 3568 3371 populum.

1936 3399 2008 3454 At
2037 3397 2096 3452 in
2119 3395 2175 3470 7
2203 3395 2556 3468 Gregoriano
2589 3399 2704 3450 tres
2737 3397 2962 3450 tantum
2990 3394 3065 3450 ad
3085 3394 3341 3464 singulas
3365 3392 3570 3450 missas

1938 3490 2306 3562 assignantur
2331 3488 2640 3556 orationes,
2676 3504 2921 3558 quarum
2948 3503 3064 3542 una
3089 3489 3223 3542 ante
3253 3485 3571 3557 Epistolam

1937 3585 2118 3638 altera
2139 3582 2388 3650 Secreta,
2413 3581 2586 3637 tertia-
2606 3583 2735 3653 post
2759 3579 3251 3636 communionem.
3269 3579 3331 3633 Id
3350 3594 3485 3633 vero
3508 3577 3569 3633 in

1937 3676 2150 3732 Ordine
2175 3675 2476 3732 Gelasiano
2497 3674 2762 3747 praestitit
2785 3672 3111 3744 Gregorius,
3129 3674 3378 3730 testante
3401 3673 3572 3728 Joan-

1937 3787 2009 3825 ne
2031 3769 2306 3836 Diacono,
2325 3767 2480 3841 quod
2494 3769 2716 3823 «multa
2740 3765 3036 3833 subtraxit,
3055 3782 3238 3838 pauca
3265 3765 3566 3834 convertit,

1935 3864 2215 3919 nonnulla
2225 3862 2490 3934 adjecit,»
2505 3864 2678 3934 atque
2690 3860 3057 3917 Gelasianum
3070 3858 3363 3928 Codicem,
3377 3859 3439 3914 in
3452 3862 3568 3915 tres

1935 3957 2111 4012 libros
2141 3956 2493 4026 distinctum,
2533 3976 2561 4004 «
2584 3972 2698 4011 uno
2728 3953 3020 4010 volumine
3050 3953 3380 4008 coarctavit.
3401 3952 3567 4018 Quod

1934 4052 2203 4106 volumen
2255 4049 2488 4106 Librum
2543 4049 3050 4106 Sacramentorum
3098 4047 3482 4122 prastitulavit.
3535 4069 3566 4098 ››

2005 4147 2057 4198 6.
2089 4144 2173 4198 Ita
2199 4159 2337 4214 ergo
2369 4142 2631 4215 procedit
2661 4141 2813 4196 Ordo
2845 4141 3156 4210 Romanus,
3177 4145 3239 4197 ut
3266 4142 3454 4214 primo
3477 4141 3566 4195 di-

1935 4239 2096 4292 catur
2122 4236 2460 4309 antiphona,
2484 4252 2608 4307 quin
2629 4237 2798 4308 vulgo
2820 4235 3088 4291 introitus
3108 4235 3448 4307 appellatur,
3473 4234 3568 4290 de-

1935 4329 2070 4384 inde
2096 4331 2262 4400 Kyrie
2281 4331 2494 4392 eleison,
2517 4332 2640 4384 tum
2667 4329 2916 4400 hymnus
2939 4327 3234 4399 angelicus
3256 4343 3358 4381 seu
3379 4327 3564 4384 Gloria

1933 4425 1992 4478 in
2017 4424 2234 4478 emcelsis
2258 4422 2395 4478 olim
2425 4421 2626 4476 diebus
2660 4421 2824 4476 festis
2858 4424 2916 4475 et
2949 4419 3262 4475 Dominicis
3293 4419 3353 4474 in
3389 4419 3564 4474 missa

1936 4515 2264 4588 episcopali,
2293 4514 2352 4568 in
2383 4513 2602 4568 caeteris
2629 4515 2852 4567 tantum
2874 4512 2934 4567 in
2959 4512 3204 4579 Pascha;
3229 4515 3429 4584 postea
3449 4519 3566 4567 u‘na

189 4607 276 4658 ter
319 4620 424 4659 eos
471 4603 572 4674 qui
623 4607 755 4658 sunt
791 4621 858 4660 ex
893 4605 1250 4668 institutione
1294 4608 1507 4677 divina,
1550 4609 1671 4664 haec
1701 4605 2022 4678 veroDvel
2057 4609 2246 4680 plures
2285 4605 2604 4673 orationes;
2647 4605 2776 4660 exin
2817 4605 3087 4677 Epistola,
3125 4605 3406 4661 Graduale
3434 4623 3567 4660 cum

189 4697 395 4752 omnia
421 4713 529 4768 pro
553 4697 692 4752 locis
722 4714 786 4752 ac
814 4699 1171 4771 temporibus
1198 4701 1357 4758 varia
1386 4702 1740 4758 exstiterunt.

257 4794 314 4844 2.
365 4789 479 4854 Qui
527 4789 780 4862 priorem
839 4792 1079 4848 modum
1128 4795 1502 4850 attenderunt
1547 4798 1828 4863 auctores,

185 4884 385 4938 missa:
418 4883 688 4939 ordinem
714 4884 926 4958 ubique
963 4886 1316 4942 uniformem
1341 4888 1515 4943 fuisse
1545 4889 1828 4944 dixerunt.

186 4976 348 5041 Quos
381 4976 539 5031 inter
560 4977 828 5046 Isidorus,
858 4983 1064 5051 etpost
1090 4997 1222 5036 eum
1243 4981 1528 5036 Etherius
1549 4985 1607 5036 et
1628 4983 1832 5038 Beatus

185 5070 491 5143 Hispanici
527 5071 834 5143 scriptores
871 5072 929 5126 in
969 5074 1115 5129 libro
1152 5091 1169 5128 I
1214 5078 1419 5130 contra
1464 5075 1828 5148 Elipandum,

185 5163 440 5218 totidem
467 5164 659 5218 verbis
682 5164 740 5219 id
763 5171 1160 5222 asseruerunt:
1182 5169 1325 5225 Ordo
1341 5170 1517 5224 misse
1535 5169 1620 5224 vel
1637 5171 1834 5224 oratio-

180 5275 336 5322 num,
371 5257 573 5328 quibus
599 5259 782 5314 oblata
808 5262 912 5315 Deo
940 5263 1204 5330 sacrificia
1238 5266 1629 5326 consecrantur,
1651 5265 1833 5333 primo

181 5368 216 5405 α
241 5356 438 5408 sancto
463 5353 624 5406 Petro
649 5357 728 5407 est
749 5355 1029 5409 institutus
1057 5373 1073 5408 :
1103 5354 1252 5425 cujus
1285 5356 1688 5411 celebrationem
1725 5371 1832 5410 uno

180 5447 480 5516 eodemque
508 5445 666 5500 modo
695 5447 975 5502 universus
1009 5451 1228 5519 peragit
1255 5449 1416 5504 orbis.
1447 5449 1568 5504 Non
1599 5448 1828 5520 ignora-

183 5539 326 5593 bant
375 5537 594 5593 eruditi
637 5537 719 5593 illi
763 5543 1024 5596 auctores
1067 5541 1514 5614 discrepantiam
1563 5537 1831 5614 Liturgiaa

181 5631 512 5704 Hispanicae
543 5648 578 5687 a
619 5632 900 5702 Romana,
930 5637 988 5688 et
1018 5634 1164 5702 aliis,
1198 5635 1298 5690 sed
1335 5635 1415 5690 ita
1449 5636 1832 5707 loquebantur

181 5725 388 5780 habita
412 5725 646 5782 ratione
689 5725 850 5781 modi
881 5727 1026 5782 illius
1055 5729 1342 5801 generalis
1373 5729 1696 5784 uniformis.
1723 5731 1829 5784 Ve-

183 5836 317 5874 rum
339 5819 442 5891 qui
475 5819 550 5874 ad
579 5820 721 5874 ritus
747 5819 985 5893 singulis
1005 5823 1270 5878 Ecclesiis
1294 5821 1354 5896 6
1378 5839 1478 5877 seu
1499 5823 1834 5894 regionibus

181 5912 478 5985 proprios,
510 5913 583 5968 ad
619 5914 914 5970 orationes
949 5916 1286 5989 peculiares,
1315 5915 1540 5989 aliaque
1568 5915 1625 5972 id
1653 5933 1834 5990 genus

1932 4701 2193 4768 Alleluia,
2230 4699 2624 4771 Evangelium,
2665 4697 3052 4766 Oﬂ'ertorium,
3086 4699 3270 4754 oratio
3311 4699 3563 4768 Secreta,

1932 4793 2220 4860 Praelatio,
2241 4791 2560 4864 Trisagion,
2583 4791 2804 4858 Canon,
2829 4791 3012 4848 oratio
3035 4791 3356 4860 Dbminica,
3379 4793 3568 4862 Agnus

1931 4889 2046 4951 Dei,
2077 4885 2395 4957 antiphona
2434 4885 2507 4940 ad
2547 4885 3041 4954 communionem,
3074 4884 3562 4951 Postcommunio,

1933 4983 1992 5035 et
2017 4977 2364 5035 benedictio.
2393 4979 2769 5052 Evangelium
2802 4979 2986 5034 sancti
3019 4979 3256 5034 Joannis
3287 4978 3568 5034 recentio-

1931 5073 2010 5130 ris
2044 5076 2130 5128 est
2157 5073 2422 5141 instituti,
2457 5076 2519 5128 ut
2552 5090 2618 5128 ex
2655 5073 2962 5145 Micrologo
3003 5071 3363 5143 intelligitur.
3397 5072 3562 5144 Sym-

1930 5168 2130 5222 bolum
2163 5170 2294 5240 post
2324 5167 2700 5239 Evangelium
2731 5165 2980 5222 Romani
3008 5184 3037 5217 ((
3069 5165 3226 5220 nullo
3265 5165 3443 5222 modo
3471 5183 3563 5222 ce-

1933 5261 2199 5316 cinerunt
2227 5277 2406 5334 usque
2435 5260 2507 5315 ad
2543 5263 2806 5332 tempora
2841 5259 2985 5314 dive:
3015 5259 3312 5314 memoria:
3339 5261 3569 5316 Henrici

1931 5355 2320 5428 Imperatoris,
2347 5376 2376 5405 »
2406 5353 2622 5409 scilicet
2656 5353 2848 5426 primi,
2880 5355 3024 5408 teste
3053 5353 3316 5409 Bernone
3357 5354 3566 5410 abbate

1932 5449 2205 5521 Augiensi
2257 5465 2270 5504 :
2321 5465 2532 5520 nempe
2577 5447 2732 5518 quod
2769 5465 2797 5499 ‹‹
2843 5447 3105 5504 Romana
3150 5448 3400 5503 Ecclesia
3450 5465 3566 5502 non

1933 5543 2135 5598 fuisset
2190 5541 2502 5614 aliquando
2555 5541 2671 5596 ulla
2723 5541 3008 5596 haereseos
3056 5542 3194 5597 faece
3247 5541 3479 5596 infecta.
3534 5561 3561 5590 ν»

1934 5636 2100 5702 Quod
2145 5653 2284 5709 ergo
2331 5635 2478 5692 Galli
2532 5635 2708 5690 etiam
2769 5639 3053 5708 regnante
3111 5635 3315 5692 Carolo
3360 5635 3565 5704 Magno

1935 5730 2273 5803 Symbolum
2300 5733 2447 5787 lecto
2468 5730 2779 5802 Evangelio
2806 5729 3194 5797 recitaverint,
3218 5727 3276 5783 id
3298 5743 3365 5780 ex
3384 5726 3566 5782 veteri

1935 5824 2148 5879 Ordine
2175 5825 2465 5882 Gallicano
2492 5823 2718 5879 videtur
2741 5839 3025 5880 manasse.

2006 5923 2056 5976 7.
2091 5917 2346 5994 Liturgia
2375 5917 2754 5974 Ambrosiana
2787 5933 2883 5972 seu
2914 5912 3352 5970 Mediolanensis
3379 5915 3570 5988 plures
