4044 6196
451 336 551 394 “5

1232 334 1562 392 APPENDL‘i
1600 333 1692 387 AB
1725 331 1947 387 OPERA
1987 331 2220 388 SANCTI
2257 331 2556 387 GERMANI
2593 331 3016 388 PARISIENSIS.

3702 328 3802 385 “6

446 445 626 503 habet
651 446 862 518 partes.
891 440 1264 499 Pramittitur
1281 438 1472 496 oratio
1488 438 1738 508 Secreta,
1762 441 2076 511 antequam
2097 451 2156 525 Α
2175 440 2270 493 tur
2289 435 2624 493 Ambrosius
2646 437 2706 493 in
2731 438 3071 510 praefatione
3093 455 3266 511 super
3282 439 3570 512 psalmum
3590 439 3810 497 mdiu-

447 540 718 598 sacerdos
744 537 1021 611 procedat
1054 537 1127 592 ad
1155 536 1364 599 altare;
1392 531 1647 604 itemque
1678 531 1812 601 alia,
1843 549 1973 588 cum
2000 532 2076 588 ad

447 635 589 690 illud
631 633 870 689 accedit.
913 630 1056 685 Dein
1096 630 1226 700 post
1264 627 1606 697 ingressam,
1645 643 1773 698 qua
1812 626 2076 682 lntroitui

445 729 644 784 nostro
670 723 998 797 respondet,
1021 720 1279 792 sequitur
1297 719 1494 792 p0puli
1515 719 1780 774 salutatio
1801 736 1931 774 cum
1953 736 2076 774 ora-

445 821 606 878 tione
648 834 820 890 super
859 816 1156 888 p0pulum.
1205 815 1418 868 Rursus
1463 813 1576 868 alia
1623 813 1910 881 salutatio,
1949 816 2076 868 tum

445 915 692 986 hymnus
719 909 1032 982 angelicus,
1066 906 1128 982 8
1156 910 1358 980 postea
1380 908 1548 976 Kyrie
1583 907 1776 962 eleison
1793 926 1810 974 ;
1841 909 1900 961 et
1929 923 2070 978 pra-

438 1005 617 1064 missa
657 1003 1003 1060 salutatione
1047 1001 1217 1056 lectio
1267 1000 1584 1073 propheta,
1634 1003 1692 1055 et
1735 1000 2071 1067 Psalmulus,

443 1099 610 1172 quale
638 1099 726 1153 est
749 1099 1011 1152 nostrum
1035 1094 1340 1150 Graduale.
1371 1093 1749 1166 Subsequitur
1774 1109 1904 1147 cum
1931 1093 2075 1148 salu-

438 1191 660 1249 tatione
677 1189 844 1246 lectio
867 1188 1124 1261 epistola
1143 1187 1353 1242 deinde
1373 1186 1616 1242 Alleluia
1628 1202 1759 1240 cum
1772 1202 1873 1241 suo
1885 1201 2072 1253 versu,

435 1288 563 1341 tum
589 1284 703 1340 alia
727 1282 1066 1354 antiphona,
1091 1297 1225 1336 mox
1254 1279 1630 1350 Evangelium
1655 1278 1951 1351 pramissa
1971 1279 2073 1333 be-

439 1377 788 1434 nedictione.
821 1375 1008 1431 Finito
1047 1373 1357 1446 Evangelio
1397 1389 1593 1428 rursus
1627 1371 1916 1440 salutatio,
1949 1375 2075 1427 tum

438 1474 605 1542 Kyrie
641 1471 856 1534 eleison,
894 1468 1036 1522 item
1081 1467 1372 1534 salutatio,
1415 1469 1537 1520 tum
1583 1465 1902 1536 antiphona
1946 1468 2077 1537 post

440 1563 837 1635 Evangelium,
854 1578 960 1617 nos
977 1560 1345 1616 Offertorium
1363 1575 1652 1614 vocamus.
1675 1560 1811 1612 Post
1829 1558 1949 1613 hac
1966 1574 2076 1629 pax

443 1659 502 1714 et
534 1654 820 1723 salutatio,
851 1653 1036 1709 oratio
1071 1669 1242 1724 super
1283 1651 1594 1706 sindonem
1623 1667 1724 1705 seu
1753 1652 2072 1722 corporale,

2176 531 2346 587 lieres
2371 531 2770 604 Apostolus'in
2814 532 3053 588 ecclesia
3083 535 3274 588 tacere
3304 532 3492 604 jubet,
3519 533 3806 605 psalmum

2177 625 2351 682 etiam
2365 625 2515 680 bene
2533 626 2849 680 clamant...
2865 625 3155 690 Quantum
3176 627 3473 682 laboratur
3493 627 3551 682 in
3569 628 3808 684 ecclesia

2177 723 2239 775 ut
2269 720 2370 774 ﬁat
2418 718 2710 774 silentium
2747 736 2877 774 cum
2917 719 3194 775 lectiones
3237 721 3540 792 leguntur!
3572 721 3632 778 Si
3659 739 3806 778 unus

2175 813 2446 883 loquitur,
2481 812 2818 883 obstrepunt
2843 813 3112 868 universi.
3136 813 3279 869 Cum
3300 813 3553 884 psalmus
3572 814 3802 886 legitur,

2174 905 2295 977 ipse
2331 905 2439 959 sibi
2474 904 2712 961 effector
2744 909 2831 960 est
2866 905 3078 960 silentii
3107 922 3120 962 :
3152 923 3354 962 omnes
3383 907 3716 978 loquuntur,
3748 912 3809 964 et

2175 999 2363 1053 nullus
2387 997 2686 1068 obstrepit.
2715 1020 2744 1048 »
2779 999 2907 1054 Hac
2941 999 3116 1054 verba
3147 999 3396 1055 innuunt
3425 1016 3628 1056 omnes
3652 1000 3808 1056 inter

2174 1091 2537 1163 psallendum
2579 1093 2752 1146 cantu
2792 1095 3098 1163 occupatos
3127 1093 3334 1159 fuisse;
3363 1109 3494 1148 cum
3530 1094 3808 1149 lectiones

2174 1185 2525 1255 legerentur,
2554 1185 2644 1239 vix
2673 1184 2967 1239 silentium
2991 1185 3386 1257 impetratum.
3417 1186 3531 1242 Sed
3560 1188 3805 1242 fortasse

2175 1278 2281 1332 iste
2307 1278 2464 1332 locus
2493 1277 2569 1332 ad
2595 1277 2912 1348 Liturgiam
2937 1295 3160 1334 sacram
3188 1295 3305 1334 non
3325 1279 3514 1350 magis
3533 1296 3710 1351 quam
3731 1281 3808 1336 ad

2174 1371 2318 1426 alios
2342 1371 2606 1426 Ecclesia
2637 1373 2951 1426 conventus
2980 1372 3250 1443 pertinet.
3287 1375 3350 1427 ln
3380 1372 3576 1428 libello
3607 1373 3680 1428 de
3713 1373 3803 1428 Li-

2176 1465 2369 1531 taniis,
2402 1481 2576 1535 quem
2622 1481 2690 1518 ex
2733 1464 2848 1520 ritu
2889 1465 3272 1521 Ambrosiano
3311 1455 3540 1520 sanctus
3571 1466 3808 1522 Carolus

2177 1558 2534 1613 Borromaus
2561 1557 2710 1629 typis
2728 1558 2952 1630 vulgari
2971 1559 3210 1626 curavit,
3234 1562 3324 1613 ter
3344 1558 3638 1614 silentium
3661 1560 3810 1616 indi-

2175 1651 2322 1706 citur
2348 1653 2482 1706 ante
2508 1651 2804 1722 Evangelii
2833 1651 3141 1707 lectionem
3169 1651 3233 1706 in
3264 1651 3446 1706 tribus
3473 1653 3676 1708 diebus
3701 1655 3810 1709 Ro-

439 1753 505 1806 ut
522 1749 834 1821 loquimur,
859 1746 1070 1803 oblatio
1092 1745 1258 1817 panis
1279 1748 1337 1799 et
1353 1743 1491 1813 vini,
1517 1743 1807 1800 orationes
1829 1744 2074 1799 Secreta
2097 1819 2128 1821 _
2177 1744 2503 1816 gationum,
2523 1745 2631 1800 hoc
2648 1744 2826 1814 modo
2847 1761 2860 1799 ε
2881 1747 3149 1802 Diaconus
3167 1745 3334 1800 dicit:
3355 1747 3567 1801 Parcite
3578 1747 3805 1815 fabulis.

443 1847 502 1901 et
539 1819 877 1898 offerenda:
911 1843 1034 1895 tum
1071 1837 1283 1910 pravia
1327 1836 1673 1893 salutatione
1715 1837 2072 1908 Symbolum,
2095 1819 2153 1892 Β
2179 1840 2361 1897 Custos
2395 1841 2524 1894 item
2562 1857 2579 1893 :
2619 1839 2908 1896 Silentium
2943 1839 3150 1894 habete.
3188 1842 3260 1895 Et
3301 1840 3443 1896 alter
3477 1841 3805 1912 respondet:

440 1954 636 1993 rursus
664 1934 928 1994 salutatio
955 1936 1015 1989 et
1038 1931 1223 1988 oratio
1251 1949 1423 2003 super
1449 1931 1662 1999 oblata,
1693 1930 1902 1985 deinde
1934 1931 2078 1985 Pra-

440 2030 602 2097 fatio,
633 2027 952 2099 Trisagion,
982 2027 1182 2083 Canon
1224 2026 1486 2080 Romano
1526 2040 1809 2096 perquam
1852 2022 2072 2090 similis,

441 2124 552 2180 nisi
577 2121 732 2195 quod
755 2121 889 2176 lotis
913 2120 1181 2175 manibus
1207 2119 1473 2174 sacerdos
1496 2119 1672 2173 verba
1695 2116 2078 2172 consecratio-

441 2217 530 2273 nis
569 2217 648 2272 sic
677 2215 844 2272 effert
874 2231 888 2270 :
920 2217 1030 2272 Hoc
1064 2217 1143 2270 est
1183 2215 1326 2268 enim
1371 2227 1560 2284 corpus
1585 2227 1780 2276 meum,
1811 2211 1956 2282 quod
1974 2225 2077 2282 pro

439 2313 626 2368 multis
661 2311 1050 2379 eonfringetur.
1089 2307 1158 2361 Et
1185 2323 1199 2362 :
1226 2309 1326 2363 Hic
1361 2311 1439 2361 est
1472 2308 1612 2362 enim
1647 2307 1872 2376 sanguis
1907 2319 2076 2368 meus,

443 2421 550 2460 nec
575 2405 758 2476 plura.
781 2404 916 2458 Post
939 2402 1235 2457 Canonem
1264 2399 1466 2456 hostia
1490 2398 1807 2454 confractio
1836 2401 1894 2453 et
1918 2414 2077 2452 com-

441 2497 636 2556 mistio
655 2497 714 2552 in
730 2496 925 2564 calice,
941 2495 1079 2550 dum
1101 2494 1333 2550 interim
1352 2493 1578 2548 canitur
1594 2491 2075 2548 Confractorium.

443 2593 560 2649 sive
607 2590 924 2664 antiphona
966 2589 1041 2644 ad
1086 2587 1540 2644 confractionem
1579 2603 1592 2641 :
1637 2585 1846 2641 deinde
1893 2584 2077 2640 oratio

443 2684 763 2752 Dominica,
797 2683 952 2756 pacis
983 2682 1290 2749 nuntiatio,
1319 2679 1684 2747 Communio,
1707 2678 2080 2751 postmodum

445 2779 736 2836 orationes
775 2779 905 2850 post
939 2775 1442 2833 Communionem.
1477 2775 1692 2839 Quibus
1729 2772 1894 2827 dictis
1921 2788 2076 2827 com-

443 2873 644 2930 munio
672 2871 959 2944 prabetur
975 2869 1293 2924 astantibus
1307 2868 1396 2922 his
1411 2867 1618 2934 verbis,
1635 2870 1836 2937 Corpus
1857 2867 2078 2928 Christi,

447 2971 506 3021 et
543 2965 945 3036 respondetur,
977 2965 1170 3018 Amen.
1201 2962 1317 3017 Sub
1348 2962 1469 3014 hac
1505 2960 1824 3030 antiphona
1862 2957 2082 3014 Transi-

447 3057 662 3114 torium
687 3057 868 3124 dicta;
903 3058 1105 3127 postea
1143 3053 1408 3108 salutatio
1441 3055 1500 3107 et
1539 3052 1724 3107 oratio
1754 3054 1883 3124 post
1911 3053 2077 3106 Com-

447 3151 788 3207 munionem
824 3165 838 3204 :
879 3148 1090 3203 iterum
1126 3146 1416 3213 salutatio,
1445 3148 1611 3215 Kyrie
1648 3146 1861 3208 eleison,
1900 3145 2074 3199 bene-

450 3244 624 3301 dictio
651 3243 868 3316 populi,
897 3241 1270 3313 ejusdemque
1299 3239 1557 3294 dimissio
1589 3239 1677 3293 his
1708 3239 1894 3292 verbis
1920 3255 1933 3293 :
1955 3241 2082 3294 Pro-

447 3340 696 3396 cedamus
737 3340 797 3392 in
826 3351 981 3410 pace.
1024 3333 1426 3406 Respondetur
1466 3336 1572 3389 ειη
1612 3336 1824 3388 nomine
1862 3335 2080 3391 Christi.

449 3435 513 3488 In
539 3431 787 3487 Ecclesia
814 3427 1226 3484 Mediolanensi
1255 3427 1330 3482 ad
1360 3427 1512 3481 hunc
1538 3443 1718 3498 usque
1747 3426 1902 3480 diem
1929 3425 2086 3497 viget

451 3529 500 3583 is
525 3527 686 3594 ritus,
715 3523 876 3596 cujus
905 3526 1198 3578 auctorem
1227 3519 1597 3576 Ambrosium
1633 3520 1895 3591 agnoscit
1917 3520 2080 3574 Vala-

450 3621 634 3678 fridus
659 3618 898 3675 Strabus
925 3617 984 3672 in
1009 3633 1134 3687 cap.
1173 3618 1241 3670 22
1269 3631 1282 3669 :
1307 3613 1684 3669 «Ambrosius
1713 3630 1942 3686 quoque
1971 3614 2084 3669 Me-

454 3711 806 3770 diolanensis
829 3711 1149 3782 episcopus,
1171 3711 1294 3762 tam
1328 3707 1516 3762 missa
1543 3724 1719 3778 quam
1746 3711 2084 3762 caterorum

454 3805 892 3878 dispositionem
936 3802 1257 3858 ofﬁciorum
1293 3817 1408 3855 sua
1443 3801 1707 3856 Ecclesia
1745 3804 1803 3855 et
1842 3801 1968 3856 aliis
1994 3801 2083 3856 Li-

455 3899 692 3974 guribus
719 3895 1022 3953 ordinavit.
1057 3895 1194 3960 Qua
1221 3897 1278 3949 et
1313 3910 1488 3965 usque
1523 3894 1694 3980 hodie
1727 3894 1785 3949 in
1815 3894 2082 3950 Mediola-

455 3992 623 4050 nensi
665 3993 937 4048 tenentur
983 3988 1250 4044 Ecclesia.
1282 4007 1308 4040 η
1337 3989 1502 4044 Certe
1543 3989 1831 4061 pleraque
1876 3989 2084 4043 funda-

441 4089 716 4144 mentum
745 4083 963 4139 habent
997 4082 1058 4137 in
1096 4082 1256 4137 libris
1288 4081 1358 4137 de
1390 4081 1794 4150 Sacramentis,
1824 4081 1920 4154 qui
1947 4084 2082 4136 Am-

451 4179 644 4238 brosio
667 4178 1014 4233 tribuuntur.

525 4272 586 4348 9
615 4277 666 4330 8.
699 4273 858 4327 Hunc
898 4271 1086 4326 missa
1114 4269 1509 4325 Ambrosiana
1537 4269 1802 4324 ordinem
1833 4267 2088 4323 exhibuit

455 4385 610 4425 anno
642 4370 770 4422 1571
807 4364 1111 4433 Pamelius,
1141 4363 1296 4419 haud
1327 4363 1500 4418 dubie
1529 4381 1594 4418 ex
1617 4362 1854 4434 antiquo
1877 4361 2026 4417 ritu:
2052 4379 2087 4417 a

456 4479 569 4534 quo
589 4461 874 4532 discrepat
891 4459 949 4514 in
971 4457 1264 4515 nonnullis
1282 4457 1498 4512 Missale
1511 4455 1956 4511 Ambrosianum
1973 4455 2088 4509 edi-

2100 3193 2156 3267 C

2174 1933 2377 1988 Habete
2409 1932 2706 1987 silentium.
2735 1931 3110 2002 Evangelium
3151 1932 3361 1987 deinde
3401 1933 3812 2004 pronuntiatur

2178 2024 2228 2098 1
2245 2023 2304 2098 ο
2335 2027 2469 2079 ante
2495 2025 2752 2080 missam.
2785 2026 2912 2080 Hac
2937 2025 3008 2080 de
3039 2025 3296 2097 Liturgia
3319 2026 3720 2082 Ambrosiana.

2247 2121 2298 2172 9.
2331 2119 2458 2173 Non
2487 2118 2682 2174 minor
2707 2122 2792 2173 est
2816 2119 3086 2190 Liturgia
3105 2119 3473 2174 Mozarabica
3495 2137 3529 2174 a
3548 2120 3811 2176 Romana

2149 2253 2152 2256 .
2178 2211 2730 2283 discrepantia._Ejus
2749 2215 2944 2283 partes
2963 2213 3230 2280 Isidorus,
3248 2216 3452 2284 etpost
3471 2230 3602 2268 eum
3623 2214 3814 2270 Ethe-

2177 2305 2296 2360 rius
2325 2309 2383 2360 et
2409 2306 2614 2360 Beatus
2639 2305 2846 2360 iisdem
2869 2305 3059 2361 verbis
3085 2305 3416 2361 describunt
3437 2305 3495 2360 in
3516 2307 3668 2362 hunc
3689 2324 3814 2362 mo-

2179 2399 2350 2454 dum:
2375 2399 2609 2454 «Prima
2631 2399 2816 2454 oratio
2848 2399 3108 2471 ejusdem
3134 2400 3322 2462 missa
3342 2401 3815 2456 commonitionis

2179 2509 2318 2564 erga
2330 2493 2606 2564 populum
2623 2495 2726 2560 est,
2742 2496 2804 2547 ut
2820 2510 3023 2548 omnes
3034 2493 3353 2548 excitentur
3367 2493 3443 2546 ad
3455 2494 3814 2549 exorandum

2179 2587 2379 2641 Deum.
2415 2586 2680 2642 Secunda
2717 2585 3098 2642 invocationis
3130 2586 3205 2642 ad
3241 2587 3422 2642 Deum
3462 2589 3567 2655 est,
3596 2590 3659 2641 ut
3695 2589 3813 2642 cle-

2178 2683 2408 2734 menter
2431 2679 2677 2751 excipiat
2696 2697 2895 2752 preces
2919 2681 3199 2750 ﬁdelium,
3223 2682 3690 2754 oblationemque
3719 2698 3817 2737 eo-

2179 2789 2328 2828 rum.
2361 2773 2551 2828 Tertia
2575 2776 2770 2828 autem
2797 2773 3112 2830 effunditur
3134 2792 3239 2846 pro
3267 2775 3656 2841 offerentibus,
3691 2775 3814 2830 sive

2179 2883 2284 2938 pro
2310 2866 2595 2921 defunctis
2619 2867 2902 2936 ﬁdelibus,
2931 2871 2994 2922 ut
3019 2886 3123 2940 per
3147 2869 3336 2940 ipsum
3362 2869 3700 2924 sacriﬁcium
3721 2885 3821 2924 ve-

2182 2960 2337 3016 niam
2369 2963 2815 3032 consequantur.
2846 2961 3063 3026 Quarta
3103 2949 3232 3034 pdst
3270 2963 3392 3017 hac
3426 2963 3672 3018 infertur
3705 2979 3817 3034 pro

2181 3054 2371 3108 osculo
2399 3053 2555 3124 pacis
2579 3056 2638 3107 et
2657 3053 2970 3122 charitatis,
2995 3058 3058 3109 ut
3081 3055 3434 3111 reconciliati
3459 3073 3661 3112 omnes
3681 3072 3822 3112 con-

2181 3147 2469 3202 socientur
2484 3147 2659 3218 digne
2678 3164 2780 3218 per
2792 3148 3231 3204 Sacramentum
3248 3149 3502 3220 corporis
3518 3153 3576 3204 et
3587 3149 3819 3220 sangui-

2184 3241 2271 3295 nis
2301 3240 2574 3295 Christi...
2600 3240 2811 3305 Quinta
2831 3241 3042 3296 deinde
3067 3242 3313 3297 infertur
3339 3242 3538 3298 inlatio
3571 3243 3628 3298 in
3655 3259 3821 3297 sanc-

2183 3333 2496 3388 tiﬁcatione
2529 3333 2874 3389 oblationis:
2903 3335 2962 3389 in
2991 3353 3102 3407 qua
3137 3337 3312 3391 etiam
3343 3336 3418 3391 ad
3449 3335 3552 3391 Dei
3578 3335 3820 3390 laudem

2183 3426 2543 3480 terrestrium
2604 3430 2996 3482 creaturarum
3047 3417 3437 3500 virtutumque
3497 3428 3820 3485 calestium

2185 3521 2524 3591 angelorum
2573 3519 2915 3575 universitas
2959 3525 3320 3592 provocatur,
3363 3525 3422 3576 et
3459 3525 3713 3579 Hosanna
3753 3524 3822 3577 in

2184 3615 2400 3669 excelsis
2427 3617 2702 3669 cantatur.
2726 3615 2903 3669 Porro
2929 3618 3085 3669 sexta
3119 3615 3362 3687 proinde
3397 3614 3648 3670 succedit
3672 3631 3817 3670 eon-

2184 3707 2433 3761 ﬁrmatio
2469 3707 2845 3776 Sacramenti,
2880 3711 2943 3762 ut
2976 3708 3189 3764 oblatio
3237 3725 3364 3780 qua
3403 3709 3520 3764 Deo
3554 3708 3820 3774 offertur,

2187 3800 2538 3856 sanctiﬁcata
2565 3817 2670 3872 per
2709 3801 2987 3872 Spiritum
3025 3805 3306 3870 sanctum,
3340 3801 3550 3858 Christi
3586 3802 3825 3874 corpori

2187 3898 2245 3948 et
2294 3893 2565 3966 sanguini
2613 3894 3006 3949 conﬁrmetur.
3062 3895 3276 3950 Ultima
3326 3913 3460 3951 vero
3517 3895 3826 3951 Dominica

2187 3987 2370 4042 oratio
2402 3990 2506 4041 est.
2535 4005 2562 4038 »
2598 3987 2899 4058 Hucusque
2930 3987 3179 4044 Isidorus
3214 3992 3273 4043 et
3305 3989 3526 4044 Beatus.

2261 4083 2344 4136 10.
2378 4079 2713 4135 Mozarabici
2754 4080 2898 4134 ritus
2939 4085 3132 4152 partes
3182 4081 3504 4138 distinctius
3546 4087 3606 4138 et
3637 4082 3828 4138 fusius

2188 4173 2542 4245 explicarunt
2565 4174 2776 4228 Vaseus
2802 4174 2859 4228 in
2891 4175 3196 4244 Chronico,
3222 4179 3280 4231 et
3301 4193 3365 4231 ex
3387 4177 3484 4232 illo
3510 4178 3824 4246 Pamelius,

2188 4271 2245 4322 et
2266 4271 2394 4339 post
2414 4284 2512 4322 eos
2527 4268 2695 4323 clara
2717 4269 3014 4323 memoriae
3031 4271 3283 4325 Joannes
3302 4271 3458 4325 Bona
3474 4270 3788 4326 cardinalis
3807 4289 3824 4327 :

2189 4361 2396 4433 quibus
2421 4360 2570 4416 adde
2603 4361 2940 4432 scriptorem
2963 4362 3100 4418 Vita
3121 4363 3404 4419 Francisci
3425 4365 3689 4419 Ximenes
3708 4366 3823 4421 To-

2187 4455 2365 4510 letani
2392 4453 2806 4527 archiepiSCOpi
2831 4459 2889 4509 et
2915 4456 3240 4512 cardinalis.
3271 4458 3370 4512 Hic
3394 4457 3612 4514 Missale
3631 4459 3822 4515 Moza-

454 4559 578 4610 tum
624 4571 778 4609 anno
820 4556 972 4620 1560,
1005 4556 1066 4607 at
1108 4553 1281 4623 longe
1328 4551 1386 4605 in
1417 4551 1675 4622 pluribus
1702 4566 1914 4604 novum
1945 4549 2164 4636 anniD
2185 4549 2443 4603 rabicum
2463 4549 2644 4603 Toleti
2670 4548 2869 4603 excudi
2892 4550 3189 4605 mandavit
3209 4568 3363 4606 anno
3388 4555 3540 4608 1500.
3557 4553 3670 4608 Sed
3687 4553 3836 4624 quia

459 4650 612 4704 1669.
634 4647 826 4702 Primo
855 4646 914 4700 in
944 4645 1132 4700 missis
1163 4645 1324 4699 deest
1344 4644 1652 4716 Prophetia
1674 4643 1732 4698 in
1756 4660 1922 4710 novo,
1948 4659 2087 4714 pra-

453 4745 719 4814 terquam
744 4741 804 4795 in
832 4739 1019 4794 missis
1045 4738 1115 4792 de
1139 4737 1612 4809 Quadragesima,
1637 4737 1707 4790 de
1729 4735 2087 4791 sanctissimo

454 4836 848 4901 Sacramenta,
883 4835 940 4886 et
979 4831 1038 4885 in
1079 4829 1268 4885 missis
1297 4833 1426 4901 post
1454 4831 1850 4884 Pentecosten.
1883 4832 1945 4883 ln
1975 4828 2086 4885 alio

453 4930 611 4985 nulla
637 4931 772 4983 ante
798 4925 1112 4996 Epistolam
1141 4923 1309 4977 lectio
1338 4939 1404 4976 ex
1431 4922 1613 4976 veteri
1638 4923 2004 4977 Testamento
2027 4923 2086 4977 in

451 5021 767 5078 Dominicis
797 5021 927 5090 post
959 5019 1336 5072 Pentecosten
1369 5033 1382 5070 :
1412 5015 1490 5069 sic
1517 5031 1651 5070 vero
1684 5015 1742 5070 in
1785 5015 2085 5070 nativitate

453 5114 704 5181 Domini,
733 5112 974 5183 aliisque
1009 5109 1452 5165 solemnioribus
1481 5108 1659 5176 festis,
1694 5109 1774 5162 uti
1802 5111 1860 5162 et
1886 5108 1946 5162 in
1973 5109 2085 5164 Do-

451 5207 680 5264 minicis
705 5203 1191 5276 Quadragesima.
1221 5205 1282 5256 ln
1319 5201 1480 5267 festis
1510 5202 1752 5273 pascha,
1785 5201 2083 5257 Ascensio-

453 5300 542 5355 nis
559 5303 617 5355 et
629 5301 996 5354 Pentecostes
1011 5297 1278 5369 Epistola
1291 5295 1660 5368 pramittitur
1671 5295 1840 5351 lectio
1860 5311 1926 5350 ex
1940 5296 2086 5350 Acti-

450 5394 558 5448 bus
584 5393 975 5465 apostolorum
1003 5390 1063 5444 in
1089 5392 1333 5462 utroque
1352 5389 1576 5445 Missali.
1593 5391 1735 5444 Item
1760 5389 1817 5443 in
1842 5392 2082 5462 utroque

451 5487 624 5542 verba
652 5484 1100 5542 consecrationis
1129 5484 1356 5552 eadem,
1385 5501 1511 5556 qua
1537 5483 1597 5538 in
1619 5485 1901 5551 Romano,
1925 5484 2084 5555 cujus

451 5579 617 5636 multi
639 5579 781 5636 ritus
798 5579 857 5634 in
876 5577 1142 5634 ordinem
1157 5577 1602 5633 Ambrosianum
1619 5594 1653 5633 a
1667 5577 2085 5633 recentioribus

452 5674 670 5730 inducti
706 5676 857 5730 sunt.
899 5671 1140 5745 Ubique,
1178 5671 1237 5726 id
1276 5675 1360 5726 est
1399 5675 1518 5727 tam
1563 5672 1716 5744 apud
1763 5671 2083 5726 Pamelium

452 5785 626 5838 quam
659 5768 719 5822 in
749 5767 961 5840 duplici
991 5766 1215 5834 Missali,
1246 5767 1403 5821 nulla
1429 5766 1494 5820 ﬁt
1513 5764 1732 5820 mentio
1761 5764 1830 5819 de
1854 5763 2081 5818 silentio

451 5863 584 5917 ante
613 5861 888 5921 lectiones
907 5860 1144 5919 indicto.
1164 5861 1337 5934 Cujus
1358 5862 1554 5916 tamen
1576 5857 1908 5912 meminisse
1929 5855 2080 5912 vide-

2189 4641 2480 4696 rarissima
2506 4644 2639 4695 sunt
2659 4641 2718 4696 in
2749 4641 2837 4696 his
2862 4643 3121 4715 partibus
3151 4644 3312 4699 istius
3338 4645 3608 4700 editionis
3635 4662 3836 4702 exem-

2189 4734 2391 4806 plaria,
2425 4734 2662 4807 ejusque
2699 4736 2905 4791 notitia
2951 4737 3432 4809 subsequentibus
3471 4739 3835 4794 illustrandis

2187 4827 2498 4899 plurimum
2520 4828 2814 4896 conducit;
2840 4829 2990 4884 illius
3011 4829 3280 4902 Liturgia
3297 4835 3488 4902 partes
3504 4832 3839 4888 accuratius

2189 4937 2474 4993 exponere
2524 4939 2714 4993 opera
2757 4923 3008 4994 pretium
3049 4928 3151 4978 est.
3189 4925 3478 4996 Principio
3527 4925 3838 4997 pramissa

2189 5015 2547 5070 confessione
2571 5019 2629 5070 et
2648 5015 2930 5083 oratione,
2952 5017 3017 5070 ﬁt
3036 5017 3266 5072 initium
3287 5018 3359 5072 ab
3381 5019 3699 5090 antiphona
3720 5036 3839 5076 seu

2187 5108 2428 5163 Introitu
2459 5125 2587 5163 cum
2616 5109 2840 5164 duobus
2869 5110 3124 5165 versibus
3149 5115 3206 5165 et
3233 5113 3418 5170 Gloria
3443 5117 3496 5168 et
3521 5113 3688 5168 honor
3708 5115 3837 5168 Pa-

2188 5205 2280 5257 tri.
2329 5202 2602 5274 Sequitur
2649 5206 2807 5256 extra
2851 5202 3163 5260 adventum
3207 5208 3264 5259 et
3289 5204 3842 5277 ~Quadragesimam

2188 5297 2373 5353 Gloria
2401 5297 2460 5350 in
2485 5295 2722 5359 excelsis,
2745 5295 2905 5366 cujus
2935 5298 3060 5353 loco
3094 5298 3187 5354 die
3210 5299 3510 5354 Dominica
3537 5298 3586 5372 1
3603 5298 3652 5372 1
3685 5305 3840 5357 ante

2187 5390 2368 5444 sancti
2387 5389 2625 5445 Joannis
2641 5389 2906 5461 Baptista
2921 5391 3287 5446 Nativitatem
3309 5392 3519 5448 dicitur
3533 5393 3844 5452 canticum

2184 5484 2515 5540 Benedictus.
2543 5484 2684 5539 Tum
2717 5484 2902 5540 oratio
2930 5485 3117 5555 prima
3137 5485 3414 5541 recitatur
3440 5487 3653 5558 absque
3681 5504 3848 5558 pree-

2185 5577 2274 5632 vio
2293 5579 2531 5641 Oremus,
2551 5593 2736 5649 eaque
2753 5577 2993 5633 recitata
3011 5579 3279 5634 sacerdos
3301 5579 3423 5634 sine
3447 5581 3843 5640 conversione

2184 5670 2258 5725 ad
2293 5671 2568 5742 populum
2606 5671 2764 5738 dicit,
2805 5673 3060 5728 Dominus
3096 5675 3169 5729 sit
3203 5688 3410 5745 semper
3435 5674 3732 5742 vobiscum;
3772 5683 3850 5733 et

2183 5763 2380 5819 audito
2418 5765 2616 5837 populi
2652 5781 2928 5836 responso
2960 5766 3102 5837 legit
3137 5767 3530 5839 Prophetiam,
3558 5768 3632 5824 ad
3661 5768 3753 5840 cuj
3766 5787 3848 5827 us

2181 5855 2411 5914 titulum
2447 5859 2692 5931 populus
2731 5859 3063 5932 respondet,
3091 5863 3195 5920 Deo
3228 5865 3462 5932 gratias,
3488 5866 3544 5918 et
3585 5863 3644 5918 in
3679 5863 3842 5937 ﬁne,
