4044 6196
231 287 336 364 in

1223 304 1310 366 DE
1347 305 1660 366 LITURGI‘A
1695 302 2069 366 GALLICANA
2105 308 2304 369 LIBER
2340 303 2606 368 PRIMUS.

3490 287 3590 370 lli

223 411 421 470 Amen.
451 407 674 468 Deinde
709 409 958 486 repetita
987 411 1330 472 salutatione
1360 414 1586 472 canitur
1614 418 1714 474 aut
1737 431 1866 489 pro-
1884 427 1944 503 Α
1963 420 2074 474 tur.
2102 418 2246 474 Tum
2276 417 2526 476 hostiam
2558 415 2744 474 elevat
2770 430 2890 474 non
2915 413 3134 474 elevato
3161 405 3356 472 calice.
3384 407 3592 472 Postea

225 504 413 567 fertur
433 505 825 575 Psallendum,
854 507 1008 579 quod
1035 507 1190 564 idem
1219 512 1305 564 est
1333 526 1464 566 cum
1493 514 1690 566 nostro
1722 511 1859 567 Gra-

228 599 408 655 duali.
443 601 652 655 Postea
688 600 956 655 sacerdos
1001 602 1090 658 vel
1135 602 1410 657 diaconus
1449 603 1549 671 ait,
1579 605 1864 661 Silentium

223 695 417 762 facite,
441 696 756 765 antequam
778 693 1160 750 subdiaconus
1178 695 1492 767 Epistolam
1511 697 1686 769 legat.
1708 697 1864 754 Hanc

225 786 598 858 subsequitur
616 786 788 842 lectio
811 788 1126 859 Evangelii,
1146 805 1259 860 quo
1277 789 1439 844 finito
1460 791 1862 861 respondetur,

223 881 421 936 Amen.
451 879 616 944 Quod
658 884 887 936 sanctus
925 881 1265 936 Benedictus
1303 886 1431 953 post
1469 883 1766 955 Evangelii
1804 883 1864 938 in

223 971 437 1043 vigiliis
460 973 758 1028 nocturnis
779 975 1088 1058 lectionem
1108 975 1411 1046 prescribit
1430 976 1491 1030 in
1511 977 1727 1049 regulae
1749 993 1864 1034 suae

223 1081 354 1136 cap.
407 1069 490 1120 11.
535 1066 708 1122 Lecto
758 1067 1066 1138 Evangelio
1111 1072 1242 1139 post
1283 1069 1688 1125 salutationem
1731 1086 1866 1125 mox

225 1160 498 1213 cantatur
537 1159 783 1214 Alleluia
820 1177 951 1214 cum
993 1178 1094 1215 suo
1135 1177 1318 1216 versu.
1357 1161 1624 1217 Succedit
1666 1163 1866 1218 hostiae

227 1243 447 1306 oblatio
495 1268 624 1306 cum
671 1253 954 1320 oratione,
1003 1270 1178 1326 quam
1228 1254 1486 1326 sequitur
1531 1255 1646 1310 alia
1689 1255 1862 1324 dicta,

224 1345 360 1399 Post
410 1345 790 1413 oblationem,
839 1345 931 1400 his
977 1347 1184 1415 verbis,
1228 1349 1292 1404 1n
1335 1350 1535 1419 spiritu
1579 1349 1864 1405 humilita-

224 1439 314 1499 tis,
376 1441 489 1491 etc.
553 1440 718 1501 Veni,
773 1443 953 1494 sancte
1013 1441 1253 1510 Spiritus
1301 1443 1694 1511 sanetiﬂcator,
1753 1445 1862 1498 etc.

221 1529 371 1584 Dein
406 1530 676 1585 sacerdos
701 1531 857 1600 dicit,
888 1533 1164 1602 Adjuvate
1192 1550 1295 1598 me,
1324 1536 1552 1601 fratres,
1581 1538 1714 1603 etc.,
1743 1537 1865 1592 tum

223 1623 455 1677 canitur
511 1623 887 1692 Sacrificium,
951 1625 1106 1696 quod
1163 1625 1522 1682 oﬂ'ertorium
1575 1643 1862 1684 vocamus.

220 1717 527 1788 Hucusque
559 1717 734 1772 missa
765 1717 1332 1775 cathecumenorum.

1963 528 2095 568 eam
2119 515 2325 567 tenens
2354 527 2526 583 supra
2549 510 2808 578 calicem,
2837 509 3041 565 recitat
3062 508 3400 581 Symbolum
3420 505 3594 564 Nicae-

1964 622 2104 662 num
2143 622 2243 660 seu
2281 605 2384 662 ΟΡ.
2423 604 2538 660 Sub
2569 604 2693 660 haec
2734 603 2954 674 frangit
2994 603 3246 660 hostiam
3281 601 3342 658 in
3384 617 3594 660 novem

1964 699 2290 771 particulas,
2318 715 2447 769 quae
2474 696 2562 752 his
2592 696 2922 770 nominibus
2953 696 3350 768 designantur,
3377 696 3611 768 (Σοί-βου

1963 791 2131 859 ratio,
2157 790 2206 864 1
2223 789 2284 864 3
2306 787 2598 856 Nativitas,
2625 788 3012 856 Circumcisio,
3035 789 3354 860 Apparitio,
3377 787 3592 856 Passio,

1963 885 2127 951 Mors,
2157 883 2536 950 Resurrectio,
2569 881 2779 949 Gloria,
2807 883 3090 954 Regnum.
3126 881 3263 946 Quae
3297 882 3595 952 particule

1965 977 2024 1032 in
2055 976 2236 1032 erucis
2258 975 2499 1031 modum
2532 974 2919 1046 disponuntur
2948 992 3118 1047 super
3147 977 3440 1048 patenam.
3471 977 3598 1032 Mox

1965 1071 2116 1126 facta
2141 1070 2396 1125 vivorum
2429 1067 3002 1134 commemoratione,
3031 1068 3256 1122 canitur
3281 1067 3466 1123 oratio
3489 1069 3596 1124 Do-

1965 1163 2212 1230 minica;
2254 1179 2370 1234 qua
2397 1161 2713 1228 recitanda,
2743 1159 2817 1215 ad
2857 1159 3111 1232 singulas
3139 1161 3256 1216 fere
3287 1160 3596 1233 petitiones

1965 1258 2208 1330 pOpulus
2238 1255 2568 1328 respondet,
2597 1255 2786 1310 Amen.
2815 1254 2950 1308 Post
2988 1252 3332 1321 orationem,
3359 1255 3601 1310 Liberati

1964 1368 1998 1407 a
2019 1353 2198 1414 malis,
2221 1354 2353 1418 etc.,
2377 1350 2653 1404 Romana:
2673 1346 3050 1419 persimilem,
3069 1346 3334 1402 sacerdos
3353 1347 3599 1419 particu-

1964 1445 2081 1499 lam
2109 1444 2374 1514 Regnum
2415 1441 2676 1496 immittit
2708 1440 2768 1494 in
2809 1440 3068 1507 calicem,
3105 1439 3371 1508 dicendo,
3400 1441 3602 1498 Sancta

1963 1539 2184 1598 sanctis,
2231 1540 2282 1591 et
2325 1535 2620 1605 conjuncta)
2665 1535 2898 1606 corporis
2942 1538 2993 1589 et
3038 1535 3342 1604 sanguinis,
3381 1535 3488 1587 etc.
3536 1533 3599 1588 In

1965 1630 2260 1696 Paschate,
2311 1630 2670 1694 Pentecoste,
2718 1630 2776 1681 et
2820 1627 2966 1681 festo
3011 1625 3356 1680 sanctissimi
3398 1625 3599 1682 Sacra-

1966 1722 2169 1790 menti,
2189 1721 2456 1777 sacerdos
2471 1721 2620 1775 hanc
2635 1719 2978 1790 particulam
2995 1722 3222 1786 tenens,
3237 1721 3326 1772 ter
3336 1719 3452 1772 alta
3462 1733 3600 1774 voce

297 1813 382 1864 11.
425 1810 522 1864 His
563 1810 793 1879 exactis,
835 1811 1102 1867 sacerdos
1137 1829 1344 1869 manus
1384 1814 1584 1882 abluit,
1616 1818 1674 1870 et
1712 1799 1940 1872 dictaB
1965 1816 2143 1871 dicit:
2183 1817 2325 1873 Vicit
2349 1818 2449 1872 Leo
2483 1815 2549 1869 de
2577 1815 2723 1869 tribu
2743 1813 2908 1876 Iuda,
2939 1813 3108 1867 radix
3131 1811 3330 1876 David,
3359 1827 3598 1884 respon-

225 1902 492 1958 oratione
517 1904 769 1972 Secreta,
801 1904 975 1959 aliam
1011 1905 1220 1974 subdit,
1250 1923 1377 1978 quia
1411 1911 1646 1962 vocatur
1678 1909 1861 1977 Missa,

222 2013 351 2051 cum
383 1997 604 2068 prasvia
629 1997 992 2053 salutatione.
1017 1999 1350 2070 Sequuntur
1373 2001 1499 2056 alia:
1521 2005 1636 2056 tres
1657 2003 1865 2058 oratio-

223 2107 345 2156 nes,
381 2107 632 2162 quarum
659 2091 978 2162 penultima
1009 2095 1096 2146 est
1118 2094 1254 2147 Post
1273 2093 1531 2161 nomina,
1556 2095 1758 2150 ultima
1777 2096 1864 2150 Ad

223 2201 449 2256 pacem.
475 2185 622 2239 Dum
647 2185 914 2240 sacerdos
935 2185 1160 2240 Missam
1183 2187 1510 2242 orationem
1533 2187 1690 2256 dicit,
1713 2189 1860 2243 inte-

225 2277 336 2332 rim
365 2278 616 2348 populus
639 2277 759 2332 Deo
785 2277 984 2332 laudes
1005 2277 1233 2346 occinit,
1258 2279 1456 2334 dicens
1483 2283 1572 2334 ter
1594 2283 1780 2350 Agios.
1801 2283 1862 2336 In

226 2369 482 2423 secunda
509 2369 772 2424 oratione
801 2370 1053 2440 postulat
1079 2371 1366 2440 sacerdos,
1401 2377 1463 2428 ut
1492 2373 1642 2428 Deus
1671 2373 1859 2430 Chris-

227 2462 522 2517 tianorum
553 2479 752 2534 preces
781 2461 1081 2531 admittat;
1120 2463 1430 2536 statimque
1463 2466 1644 2521 infert
1671 2484 1684 2524 :
1723 2469 1860 2538 Offe-

226 2560 354 2609 runt
391 2558 499 2611 Deo
533 2557 754 2610 Domino
787 2556 1109 2611 oblatin
1153 2558 1450 2614 sacerdotes
1490 2563 1682 2623 nostri;
1709 2577 1866 2633 papa

227 2651 520 2711 Bernensis,
559 2653 611 2703 et
651 2650 866 2719 reliqui,
903 2665 1004 2720 pro
1044 2665 1120 2713 se,
1157 2655 1208 2706 et
1235 2666 1339 2721 pro
1374 2655 1522 2708 omni
1563 2654 1722 2717 clero,
1752 2656 1861 2709 etc.

226 2741 368 2795 Tum
431 2758 444 2795 :
499 2744 772 2797 Facientes
831 2745 1381 2799 commemorationem
1437 2747 1865 2802 beatissimorum

225 2834 592 2904 apostolorum
645 2839 697 2889 et
743 2840 1068 2906 martyrum,
1123 2837 1370 2906 gloriosa
1419 2844 1620 2895 sanctx
1670 2842 1866 2897 Marix

225 2929 476 2997 virginis,
510 2929 806 2992 Zachariae,
841 2931 1086 2994 Joannis,
1125 2931 1426 2997 Infantum,
1472 2935 1640 2996 Petri,
1679 2934 1863 2996 Pauli,

228 3025 288 3074 et
321 3024 662 3075 cazterorum
690 3023 1099 3092 apostolorum.
1124 3023 1262 3089 Quae
1287 3025 1528 3080 nomina
1553 3027 1704 3080 elata
1727 3042 1864 3082 voce

227 3114 564 3168 recitantur.
594 3114 644 3187 1
659 3113 721 3188 2
748 3116 1078 3187 Respondet
1101 3118 1308 3174 chorus
1333 3135 1346 3174 :
1369 3123 1441 3176 Et
1466 3121 1704 3175 omnium
1721 3136 1865 3175 mar-

224 3212 432 3276 tyrum.
455 3167 644 3262 Addit
659 3167 931 3264 :aeerdros
959 3227 973 3264 :
1000 3213 1133 3266 Item
1161 3228 1266 3284 pro
1301 3214 1584 3284 spiritibus
1613 3229 1860 3284 pausan-
1885 3167 1940 3241 Ο

227 3303 384 3362 tium.
424 3304 652 3365 Hilarii,
685 3303 1000 3368 Athanasii,
1025 3307 1276 3370 Martini,
1309 3309 1440 3374 etc.,
1473 3307 1862 3378 respondente

227 3394 404 3450 choro
435 3399 542 3451 :Et
567 3397 804 3450 omnium
830 3401 1207 3468 pausantium.
1237 3399 1382 3454 Dein
1411 3403 1586 3456 oratio
1610 3404 1737 3457 Post
1763 3417 1861 3456 no-

226 3491 396 3551 mina,
437 3505 554 3560 qua
592 3488 809 3560 petitur
846 3507 880 3544 a
918 3491 1057 3558 Deo,
1106 3496 1166 3546 ut
1210 3510 1412 3564 pacem
1455 3494 1720 3549 ﬁdelibus
1762 3494 1862 3549 de-

226 3581 438 3636 functis
483 3581 781 3653 impertiat
817 3599 830 3638 :
879 3586 938 3637 et
981 3584 1094 3640 alia
1131 3585 1280 3642 festo
1319 3603 1646 3658 congruens
1679 3603 1692 3642 :
1740 3591 1863 3642 tum

228 3673 559 3730 adhortatio
599 3675 673 3730 ad
712 3692 934 3746 pacem,
965 3693 1090 3749 quae
1123 3695 1256 3734 mox
1287 3679 1475 3747 datur,
1513 3679 1740 3734 dicente
1771 3697 1862 3735 sa-

228 3767 460 3823 cerdote
492 3785 505 3822 :
537 3770 643 3836 Qui
667 3769 824 3825 modo
849 3773 1064 3836 astatis,
1086 3788 1277 3843 pacem
1301 3775 1490 3840 facite.
1519 3774 1589 3827 Et
1616 3789 1748 3828 cum
1771 3773 1866 3828 da-

230 3864 319 3914 tur
357 3862 639 3929 osculum,
676 3863 879 3919 Habete
911 3865 1147 3920 osculum
1181 3865 1482 3921 dilectionis
1519 3870 1572 3921 et
1600 3869 1774 3938 pacis,
1803 3870 1866 3922 ut

225 3956 347 4023 apti
380 3956 504 4008 sitis
542 3959 894 4012 sacrosanctis
928 3959 1198 4026 mysteriis
1233 3960 1349 4013 Dei.
1378 3957 1615 4013 Interim
1657 3959 1866 4014 chorus

226 4046 404 4114 canit,
430 4049 622 4103 Pacem
664 4049 910 4120 relinquo
953 4052 1122 4114 vobis,
1163 4053 1270 4104 etc.
1311 4051 1532 4106 Deinde
1568 4052 1864 4124 praemisso

225 4155 414 4205 versu,
443 4141 681 4196 Introibo
706 4142 781 4196 ad
808 4143 986 4198 altare
1010 4145 1126 4207 Dei,
1155 4143 1575 4216 confestimque
1617 4144 1866 4199 extensis

223 4232 519 4300 manibus,
565 4234 666 4288 sed
707 4235 942 4305 junctis,
990 4236 1257 4292 sacerdos
1317 4237 1473 4292 canit
1519 4237 1862 4306 Illationem,

223 4341 402 4396 quam
434 4327 837 4397 praefationem
877 4329 1252 4400 appellamus.
1283 4330 1532 4385 lllationi
1568 4331 1868 4404 subjicitur

221 4419 548 4490 Trisagion,
595 4425 794 4491 postea
835 4423 1054 4490 Canon,
1096 4423 1195 4494 qui
1238 4423 1298 4477 in
1347 4424 1633 4495 plerisque
1676 4423 1864 4478 missis

218 4513 418 4567 varius
438 4517 543 4567 est.
569 4514 936 4570 Consecratio
969 4515 1264 4588 quondam
1290 4517 1380 4571 his
1409 4517 1597 4572 verbis
1619 4534 1632 4572 :
1654 4520 1764 4574 Hoc
1789 4522 1866 4573 est

218 4623 418 4678 corpus
450 4623 648 4676 meum,
686 4609 832 4678 quod
858 4625 964 4680 pro
998 4609 1147 4666 vobis
1177 4611 1448 4666 tradetur.
1487 4609 1623 4675 Quae
1653 4611 1861 4678 forma,

220 4700 409 4755 veteri
428 4700 823 4756 Ambrosiana
845 4702 1178 4770 consimilis,
1203 4703 1276 4758 ab
1298 4703 1466 4758 annis
1486 4703 1866 4776 septingentis

221 4794 296 4848 ad
331 4793 658 4848 Romanam
687 4794 920 4850 redacta
953 4799 1058 4862 est,
1093 4795 1176 4849 uti
1201 4799 1260 4850 et
1283 4797 1470 4852 forma
1495 4813 1740 4869 sequens
1759 4813 1864 4869 pro

223 4887 346 4940 vini
373 4887 835 4942 consecratione.
866 4888 1156 4944 Elevando
1193 4906 1413 4944 sacram
1451 4890 1702 4946 hostiam
1735 4890 1818 4946 ait
1848 4907 1862 4946 :

218 4981 669 5052 Quotiescumque
712 4983 1190 5046 manducaveritis,
1238 4984 1332 5039 hoc
1376 4984 1544 5051 facite
1591 4986 1649 5038 in
1695 4999 1867 5039 meam

214 5077 793 5130 commemorationem.
833 5076 995 5143 Tum,
1030 5077 1294 5144 Similiter
1335 5081 1386 5132 et
1426 5077 1666 5140 calicem,
1709 5082 1862 5148 post-

214 5184 390 5239 quam
433 5171 686 5232 caenavit,
725 5169 947 5224 dicens:
978 5171 1082 5226 Hic
1119 5175 1196 5226 est
1230 5171 1378 5225 calix
1413 5173 1539 5226 novi
1565 5173 1872 5228 testamenti

215 5265 273 5317 in
298 5278 418 5317 meo
442 5265 730 5332 sanguine,
761 5265 860 5333 qui
884 5278 990 5334 pro
1025 5264 1172 5319 vobis
1199 5268 1249 5319 et
1268 5280 1372 5335 pro
1412 5265 1600 5320 multis
1625 5265 1864 5334 eﬂ'unde-

216 5363 331 5420 tur,
365 5359 480 5410 etc.
505 5356 645 5409 Hinc
666 5355 902 5411 calicem
923 5356 1098 5411 ﬁliola
1119 5374 1218 5412 seu
1250 5357 1498 5412 amiculo
1530 5361 1866 5428 coopertum

215 5449 482 5516 exhibet,
514 5448 733 5518 dicens,
759 5452 1191 5520 Quotiescumque
1218 5451 1478 5515 biberitis,
1499 5452 1594 5506 hoc
1619 5453 1786 5519 facite
1810 5453 1868 5507 in

214 5560 396 5600 meam
443 5546 1008 5599 commemorationem.
1038 5544 1159 5599 Mox
1211 5544 1421 5599 dicitur
1457 5544 1642 5600 oratio
1688 5547 1864 5613 sexta,

215 5641 428 5696 vocata
455 5638 592 5692 Post
618 5636 830 5692 Pridie.
855 5636 1075 5692 Deinde
1102 5638 1370 5694 sacerdos
1397 5637 1601 5694 dividit
1629 5639 1867 5695 calicem

217 5748 326 5786 suo
360 5729 636 5797 amiculo,
665 5729 910 5802 huicque
949 5730 1196 5803 imponit
1227 5731 1475 5786 hostiam
1509 5749 1750 5800 sacram,
1780 5731 1867 5786 di-

219 5823 412 5881 cendo
445 5823 852 5898 antiphonam,
878 5841 1005 5898 quae
1033 5825 1118 5882 Ad
1145 5823 1600 5884 contractionem
1621 5816 1869 5902 appella-

1965 1911 2138 1965 dente
2175 1909 2248 1964 ad
2281 1908 2536 1980 singulas
2569 1907 2720 1961 vices
2755 1906 2950 1974 choro,
2979 1907 3086 1974 Qui
3119 1905 3266 1962 sedes
3290 1921 3452 1976 super
3477 1907 3598 1961 che-

1962 2004 2143 2066 rubin,
2169 2002 2336 2057 radix
2352 2002 2554 2064 David,
2577 2001 2823 2056 alleluia.
2849 1999 3056 2055 Statim
3081 1999 3252 2054 datur
3271 1998 3600 2054 benedictio

1965 2114 2034 2152 eo
2078 2095 2274 2162 modo,
2315 2111 2428 2166 quo
2475 2098 2685 2150 nostra:
2721 2093 3095 2165 episcopales.
3125 2094 3260 2148 Post
3295 2093 3415 2146 hinc
3441 2109 3599 2148 com-

1963 2189 2185 2258 munio,
2206 2188 2344 2243 dum
2365 2187 2599 2244 interim
2625 2187 2868 2260 populus
2893 2187 3107 2253 cantat,
3128 2187 3348 2243 Gustata
3364 2189 3416 2240 et
3429 2185 3605 2242 videte

1963 2299 2126 2354 quam
2151 2284 2333 2338 suavis
2352 2285 2430 2337 est
2458 2283 2735 2343 Dominus,
2760 2280 3011 2344 alleluia,
3042 2279 3290 2334 alleluia.
3326 2280 3389 2332 In
3413 2277 3603 2334 missis

1965 2376 2370 2430 defunctorum
2403 2377 2461 2429 et
2487 2372 2975 2444 Quadragesimae,
3005 2373 3112 2440 Qui
3134 2373 3282 2427 venit
3297 2371 3374 2426 ad
3397 2387 3479 2428 me
3497 2387 3606 2428 non

1963 2471 2178 2526 esuriat.
2207 2467 2488 2524 Sacerdos
2508 2463 3014 2533 communicando,
3034 2463 3417 2536 penultimam
3431 2464 3604 2536 parti-

1964 2563 2172 2629 culam,
2191 2561 2282 2616 cui
2300 2577 2515 2616 nomen
2534 2561 2740 2624 Gloria,
2756 2558 2977 2614 exteris
2991 2552 3276 2629 majorem
3293 2557 3600 2630 accipiens,

1965 2671 2210 2726 eamque
2241 2656 2445 2707 tenens
2476 2669 2647 2724 super
2674 2652 2933 2718 calicem,
2965 2651 3314 2706 memoriam
3339 2651 3480 2706 facit
3509 2651 3604 2706 de-

1965 2747 2316 2802 functorum.
2353 2746 2476 2800 Mox
2516 2761 2646 2800 eam
2685 2745 2746 2799 in
2788 2761 2850 2798 os
2892 2743 3084 2812 sumit,
3116 2746 3468 2815 craterasque
3499 2759 3601 2800 suo

1965 2840 2188 2906 ordine,
2212 2838 2399 2911 primo
2423 2855 2656 2892 sumens
2677 2854 2793 2905 eas,
2819 2853 2946 2908 qua:
2972 2839 3278 2908 postremae
3303 2836 3522 2891 fuerint
3540 2835 3601 2894 in

1965 2937 2211 3006 patena:
2241 2931 2552 3003 statimque
2583 2931 2794 3002 populo
2821 2929 3293 2984 communionem
3318 2929 3599 3000 impertit.

1964 3029 2089 3098 Ipse
2137 3042 2272 3080 vero
2317 3024 2453 3079 inde
2496 3023 2843 3096 sanguinem
2900 3021 3150 3094 suscipit.
3193 3022 3337 3078 Dein
3377 3022 3605 3078 canitur

1965 3119 2286 3191 antiphona
2313 3121 2440 3174 Post
2489 3119 2924 3179 communionem,
2969 3115 3175 3184 oratio,
3224 3115 3492 3171 salutatio
3528 3114 3604 3171 ad

1966 3213 2264 3285 populum,
2293 3228 2398 3266 vox
2427 3211 2657 3267 diaconi
2687 3227 2701 3266 ε
2727 3211 2998 3269 Solemnia
3022 3210 3283 3282 completa
3309 3213 3455 3272 sunt,
3489 3211 3597 3263 etc.

1962 3308 2128 3362 Nulla
2149 3322 2408 3377 unquam
2432 3305 2728 3360 conversio
2754 3303 2828 3358 ad
2855 3303 3152 3374 populum,
3178 3302 3289 3356 nisi
3310 3302 3370 3356 in
3391 3303 3506 3357 fine
3527 3302 3603 3358 ad

1963 3399 2452 3467 benedictionem,
2484 3397 2640 3469 quod
2678 3399 2766 3451 est
2800 3412 2932 3450 usus
2965 3395 3326 3450 recentioris.
3351 3395 3600 3450 Mozara-

1963 3493 2123 3548 bicus
2162 3493 2254 3548 hic
2293 3492 2436 3546 ritus
2467 3491 2526 3545 in
2554 3489 2722 3544 unica
2751 3489 3040 3543 Toletanae
3075 3487 3338 3544 Ecclesia:
3361 3486 3602 3546 aedicula

1965 3603 2127 3642 sacra
2152 3602 2304 3640 nunc
2331 3585 2682 3639 observatur.

2039 3681 2122 3734 12.
2177 3680 2238 3733 1η
2295 3678 2490 3732 libello
2547 3675 2841 3731 Eldefonsi
2885 3673 3277 3746 Hispaniensis
3325 3673 3600 3747 episcopi,

1965 3773 2126 3844 cujus
2154 3771 2334 3826 libelli
2366 3771 2660 3842 exemplar
2683 3769 2949 3824 Anicium
2979 3784 3046 3822 ex
3077 3767 3350 3840 Hispania
3370 3785 3476 3840 per
3497 3769 3602 3824 Go-

1965 3867 2279 3921 tescalcum
2297 3864 2630 3936 episcopum
2648 3879 2802 3918 anno
2821 3865 2923 3918 989
2946 3862 3183 3916 allatum
3209 3864 3314 3929 est,
3334 3861 3603 3934 quendam

1968 3959 2093 4032 14
2120 3957 2435 4029 singularia
2470 3956 2843 4012 continentur
2876 3955 2947 4010 de
2981 3971 3222 4010 numero
3257 3955 3599 4024 hostiarum,

1967 4069 2094 4124 quae
2140 4069 2246 4124 per
2279 4051 2466 4106 varias
2505 4049 2645 4106 anni
2679 4049 3075 4105 solemnitates
3110 4048 3422 4104 efferendae
3449 4051 3598 4103 sunt.

1966 4148 2173 4200 Verum
2197 4145 2421 4199 libellus
2433 4143 2538 4198 iste
2551 4161 2668 4198 non
2681 4142 2900 4198 indicat
2910 4158 3136 4197 morem
3150 4145 3285 4197 tunc
3303 4141 3598 4207 usitatum,

1967 4239 2069 4294 sed
2105 4238 2288 4292 visum
2317 4238 2493 4310 ipsius
2523 4235 2818 4292 Eldefonsi
2851 4236 2924 4290 de
2961 4251 3108 4290 novo
3141 4234 3236 4289 illo
3263 4234 3398 4300 ritu,
3426 4250 3600 4304 quem

1967 4349 2250 4404 nusquam
2273 4332 2609 4402 usurpatum
2630 4329 2803 4384 fuisse
2827 4327 3110 4382 existimo.
3127 4327 3254 4381 Haec
3276 4325 3455 4380 fusius
3477 4343 3602 4398 per-

1967 4425 2262 4498 sequenda
2286 4425 2447 4478 fuere
2477 4423 2547 4478 de
2575 4422 2834 4493 Liturgia
2858 4418 3226 4487 Mozarabica,
3243 4419 3520 4491 quoniam
3541 4419 3601 4475 id

1967 4517 2352 4574 necessarium
2401 4516 2628 4570 videtur
2671 4514 2747 4569 ad
2791 4513 3058 4569 notitiam
3105 4513 3432 4581 Gallicanae,
3473 4530 3602 4586 quae

1963 4610 2329 4668 Mozarabicm
2355 4608 2546 4664 affinis
2572 4612 2678 4662 est.
2701 4608 2861 4662 Nunc
2883 4607 2953 4662 de
2974 4607 3244 4663 Africana
3265 4606 3598 4663 dicendum.

2042 4708 2126 4760 l3.
2152 4704 2393 4760 Jacobus
2421 4720 2454 4758 a
2483 4701 2752 4769 Vitriaco,
2781 4701 2842 4756 in
2870 4701 3017 4757 libro
3045 4701 3116 4756 de
3145 4701 3391 4757 Historia
3417 4701 3604 4756 orien-

1966 4797 2087 4865 tali,
2121 4797 2307 4869 capite
2338 4799 2425 4864 81,
2456 4795 2646 4850 innuit
2685 4793 3060 4863 Christianos,
3093 4795 3192 4867 qui
3230 4795 3291 4852 in
3325 4794 3515 4850 Africa
3545 4797 3604 4849 et

1969 4891 2240 4962 Hispania
2263 4907 2364 4945 suo
2397 4894 2680 4961 tempore,
2706 4888 2765 4944 id
2791 4891 2878 4943 est
2907 4890 3112 4944 saeculo
3143 4905 3262 4956 xm,
3291 4887 3597 4943 versaban-

1968 4989 2079 5052 tur,
2125 4984 2434 5042 Mosarabes
2476 4985 2862 5054 nuncupatos,
2914 4981 3124 5036 eadem
3166 4981 3422 5052 Liturgia
3471 4997 3602 5036 usos

1968 5077 2161 5132 fuisse.
2201 5099 2228 5127 «
2257 5076 2626 5133 Constituunt
2659 5079 2876 5142 autem,
2919 5073 3124 5146 inquit,
3161 5074 3603 5130 Sacramentum

1969 5171 2164 5226 altaris
2195 5171 2266 5226 de
2302 5187 2451 5243 pane
2483 5186 2706 5242 azymo,
2739 5167 3233 5240 quemadmodum
3269 5167 3368 5224 alii
3392 5167 3600 5225 Latini.

1969 5266 2241 5321 Sanctam
2263 5267 2457 5322 autem
2477 5262 2847 5319 Eucharistiae
2869 5262 3118 5318 formam
3142 5261 3379 5334 quidam
3401 5280 3600 5319 eorum

1970 5358 2029 5414 in
2061 5361 2283 5430 septem
2309 5361 2501 5430 partes
2527 5356 2810 5423 dividunt,
2835 5355 2933 5410 alii
2954 5372 3088 5418 vero
3119 5355 3177 5411 in
3201 5371 3409 5411 novem
3435 5374 3448 5412 :
3471 5373 3603 5414 cum

1967 5454 2165 5506 tamen
2184 5452 2445 5506 Romana
2461 5449 2730 5516 Ecclesia,
2749 5451 2807 5504 et
2819 5448 2917 5504 alii
2933 5448 3125 5504 eidem
3143 5449 3402 5522 subjecti,
3419 5450 3603 5522 ipsam

1968 5543 2386 5599 Eucharistiam
2411 5542 2473 5600 in
2500 5546 2616 5598 tres
2633 5545 2861 5598 tantum
2883 5542 3180 5616 portiones
3202 5543 3544 5616 partiantur.
3572 5563 3599 5592 ››

1969 5639 2179 5693 Verum
2195 5637 2373 5692 alium
2391 5636 2545 5709 apud
2560 5636 2860 5692 Africanos
2876 5636 3146 5710 Liturgiaa
3167 5637 3339 5692 ritum
3356 5635 3602 5707 antiqui-

1969 5735 2060 5786 tus
2081 5731 2254 5788 fuisse
2277 5733 2521 5798 constat,
2545 5733 2667 5786 tum
2689 5747 2755 5786 ex
2776 5730 3015 5798 Isidoro,
3036 5733 3157 5786 tum
3174 5746 3240 5783 ex
3257 5729 3599 5798 Augustino.

1919 5871 1925 5877 .
1970 5825 2219 5886 Isidorus
2241 5825 2452 5906 quippe
2484 5823 2544 5880 in
2568 5823 2667 5882 lib.
2699 5842 2715 5880 ι
2742 5825 2814 5883 de
2841 5821 3046 5880 divinis
3070 5819 3304 5890 Ofﬁciis,
3329 5835 3456 5894 cap.
3482 5839 3601 5895 vui,
