4044 6196
349 380 358 390 .
458 321 560 389 lla

1239 337 1573 394 APPENDIX
1609 337 1698 393 AD
1735 338 1958 394 OPEBA
1994 336 2226 395 SANCTI
2263 338 2561 395 GERMANI
2600 337 3024 395 PARlSlENSlS.

3708 333 3807 398 120

461 461 490 492 ‹‹
520 443 584 499 In
613 443 917 515 Africanis,
951 445 1050 514 ait,
1078 445 1413 517 regionibus
1446 462 1563 502 non
1595 447 1756 502 omni
1796 450 2077 520 tempore,
2103 459 2163 533 Α
2181 447 2450 520 Liturgiie
2475 447 2752 502 Romanae
2773 463 2807 502 a
2827 445 3102 519 Gregorio
3120 445 3324 518 Magno
3345 445 3709 515 adornatum,
3731 445 3805 503 ab

457 537 560 592 sed
589 540 815 594 tantum
839 539 1153 595 Dominicis
1185 539 1384 594 diebus
1417 543 1475 594 et
1509 539 1929 612 quinquaginta
1953 545 2084 614 post

456 630 689 687 Domini
713 633 1210 698 resurrectionem,
1232 632 1473 692 Alleluia
1497 636 1762 688 cantatur
1786 651 1889 707 pro
1911 636 2084 707 signi-

455 723 724 780 ﬁcatione
771 727 976 780 futurae
1018 725 1454 782 resurrectionis
1497 731 1555 781 et
1597 727 1826 783 laetitiae.
1872 729 2083 784 Verum

458 818 610 890 apud
628 835 749 884 nos,
765 818 1076 872 secundum
1094 818 1392 890 antiquam
1411 819 1810 892 Hispaniarum
1829 821 2084 878 traditio-

454 928 609 978 nem,
625 915 832 982 prater
843 910 965 965 dies
970 911 1325 982 jejuniorum
1336 914 1425 968 vel
1443 914 1910 986 Quadragesimaz
1923 915 2082 970 omni

452 1007 715 1075 tempore
741 1004 968 1060 canitur
992 1005 1253 1059 Alleluia.
1283 1027 1311 1055 »
1338 1007 1689 1078 Augustinus
1708 1025 1842 1062 vero
1869 1008 2080 1062 diserte

451 1096 700 1152 formam
721 1097 989 1169 Liturgiae
1009 1098 1291 1153 Africanas
1317 1099 1587 1155 describit
1606 1101 1666 1155 in
1691 1117 1957 1157 sermone
1977 1105 2081 1156 227

451 1205 614 1245 novae
645 1191 935 1258 editionis,
960 1191 1060 1262 qui
1089 1195 1175 1246 est
1195 1196 1430 1263 quartus
1451 1193 1508 1247 in
1537 1193 1628 1247 die
1649 1194 1878 1248 Pascha:
1902 1194 1976 1249 ad
2001 1194 2084 1248 in-

451 1283 660 1351 fantes,
696 1283 766 1338 de
795 1284 1197 1351 Sacramentis,
1227 1285 1285 1339 id
1311 1290 1416 1352 est,
1445 1286 1515 1340 de
1541 1303 1756 1341 mensae
1778 1286 2081 1342 dominica:

453 1377 848 1444 Sacramento,
891 1381 955 1432 ut
996 1377 1116 1448 ipse
1160 1377 1326 1434 initio
1368 1379 1650 1435 sermonis
1688 1379 1948 1451 explicat.
1991 1380 2081 1435 Sic

454 1474 647 1527 autem
672 1470 874 1526 habet:
903 1492 930 1520 «
953 1470 1130 1526 Hodie
1153 1471 1354 1544 incipit
1373 1473 1518 1527 liber
1536 1473 1656 1544 ipse
1677 1474 1855 1544 legi,»
1873 1489 2080 1545 nempe

453 1564 525 1620 de
561 1564 794 1620 Actibus
825 1566 1236 1636 apostolorum.
1273 1585 1300 1618 α
1327 1567 1556 1622 Tenetis
1593 1571 1952 1622 sacramenta
1988 1584 2079 1622 or-

452 1657 587 1713 dine
609 1674 730 1714 suo.
749 1657 941 1713 Primo
958 1663 1088 1730 post
1104 1660 1425 1715 Orationem
1445 1660 1840 1715 admonemini
1858 1677 2083 1716 sursum

450 1751 666 1806 habere
697 1768 812 1806 cor.
845 1751 894 1824 1
912 1750 969 1824 5
1003 1752 1136 1808 Ideo
1166 1769 1296 1807 cum
1323 1753 1548 1820 dicitur,
1575 1757 1798 1811 Sursum
1821 1771 1928 1817 cor,
1957 1771 2076 1808 res-

2180 541 2434 597 Adriano
2466 541 2736 613 pontifice
2767 540 2952 612 petiit,
2977 539 3436 612 impetravitque,
3460 543 3703 595 testante
3725 540 3810 613 ip-

2183 635 2298 689 sius
2330 634 2568 689 Adriani
2601 634 2861 705 epistola,
2897 649 3023 705 quae
3057 637 3144 688 est
3179 633 3530 704 octogesima
3556 633 3807 690 secunda

2183 727 2405 784 Codicis
2430 727 2700 796 Carolini,
2725 727 2783 782 in
2811 743 2924 798 qua
2944 727 3066 781 haec
3086 727 3260 781 verba
3284 743 3298 782 :
3323 748 3350 776 ‹‹
3374 727 3452 781 De
3475 727 3810 782 Sacramen-

2183 821 2328 876 tario
2345 837 2500 888 vero,
2521 837 2554 875 a
2570 824 2765 876 sancto
2782 821 3198 892 praedecessore
3217 823 3412 875 nostro
3429 821 3639 875 deiﬂuo
3655 837 3810 892 papa

2183 914 2458 986 Gregorio
2481 913 2777 986 disposito,
2793 914 2914 984 jam
2937 913 3160 986 pridem
3177 913 3384 968 Paulus
3401 913 3810 984 grammaticus

2183 1026 2216 1063 a
2250 1007 2416 1062 nobis
2446 1024 2579 1062 eum
2609 1024 2712 1078 pro
2757 1007 2916 1062 vobis
2947 1006 3129 1078 petiit,
3157 1009 3216 1061 et
3248 1007 3561 1061 secundum
3597 1010 3809 1062 sancta

2183 1105 2391 1157 nostra;
2421 1101 2684 1156 Ecclesiae
2717 1099 3086 1155 traditionem
3127 1117 3230 1170 per
3251 1100 3575 1155 Johannem
3601 1115 3809 1154 mona-

2182 1196 2352 1250 chum
2388 1199 2559 1266 atque
2599 1178 2871 1248 abbatem
2898 1193 3140 1248 civitatis
3167 1193 3583 1258 Ravennatium
3607 1196 3811 1248 vestrm

2181 1288 2365 1360 regali
2386 1287 2435 1362 1
2450 1287 2508 1359 '7
2530 1287 2824 1342 emisimus
2844 1287 3221 1342 Excellentiae.
3240 1307 3267 1338 ο
3280 1287 3418 1342 Inde
3439 1287 3809 1358 postmodum

2183 1383 2418 1437 Carolus
2455 1380 2642 1436 edicto
2681 1380 2938 1447 sancivit,
2983 1382 3046 1434 ut
3081 1379 3470 1451 unusquisque
3505 1380 3811 1450 Presbyter

2181 1475 2404 1530 Missam
2430 1473 2746 1529 celebraret
2770 1475 2958 1529 ordine
2975 1475 3231 1536 Romano,
3254 1477 3316 1527 ut
3335 1473 3548 1544 legitur
3567 1473 3627 1526 in
3648 1473 3812 1545 Capi-

2182 1568 2454 1623 tularium
2483 1567 2581 1622 lib.
2613 1583 2648 1620 v
2685 1583 2810 1638 cap.
2841 1569 2935 1622 371
2989 1582 3149 1621 novae
3189 1565 3480 1633 editionis,
3509 1566 3650 1621 alias
3682 1568 3808 1622 219.

2255 1664 2306 1716 3.
2333 1661 2418 1715 Ab
2447 1677 2515 1716 eo
2542 1664 2824 1731 tempore,
2848 1663 3132 1730 quotquot
3161 1660 3353 1730 scripti
3379 1663 3512 1714 sunt
3539 1660 3598 1714 in
3627 1659 3812 1715 Gallia

2180 1755 2428 1809 Missales
2463 1754 2626 1825 (quos
2649 1755 2873 1824 vocant)
2905 1753 3053 1820 libri,
3089 1753 3161 1807 ad
3202 1753 3362 1808 illum
3389 1753 3810 1823 Gregorianum

449 1845 738 1916 pondetis,
759 1846 1026 1901 Habemus
1053 1847 1129 1900 ad
1150 1849 1452 1902 Dominum.
1476 1847 1747 1918 Sequitur
1770 1847 2080 1920 Episcopus
2097 1831 2156 1902 B
2181 1847 2450 1903 Codicem
2491 1847 2674 1901 exacti
2710 1849 2843 1900 sunt
2881 1847 3003 1900 fere
3047 1862 3268 1901 omnes.
3299 1847 3586 1902 Gelasiani
3613 1850 3809 1900 tamen

448 1939 537 1994 vel
564 1939 862 2011 presbyter
888 1939 988 2010 qui
1017 1939 1203 2007 offert,
1228 1943 1286 1995 et
1310 1940 1482 1995 dicit:
1507 1942 1726 1998 Gratias
1743 1957 1969 2012 agamus
1984 1945 2082 1998 Do-

447 2035 592 2088 mino
621 2036 720 2088 Deo
747 2038 928 2088 nostro
956 2052 973 2099 ;
1002 2037 1060 2088 et
1081 2050 1181 2088 vos
1207 2034 1562 2089 attestamini
1590 2051 1602 2090 :
1638 2038 1868 2104 Dignum
1894 2039 1945 2089 et
1955 2035 2078 2104 jus-

449 2130 563 2182 tum
589 2131 684 2182 est.
718 2126 937 2181 Deinde
965 2129 1094 2198 post
1119 2127 1632 2182 sanctiﬁcationem
1653 2127 1916 2182 sacrificii
1938 2127 2078 2182 dici-

449 2235 580 2275 mus
605 2220 929 2302 orationem
955 2219 1334 2274 Dominicam.
1357 2221 1491 2276 Post
1518 2221 1701 2291 ipsam
1723 2220 1948 2287 dicitur,
1963 2224 2082 2277 Paa:

445 2314 732 2374 vobiscum,
761 2316 819 2367 et
849 2314 1178 2368 osculantur
1207 2331 1265 2367 se
1303 2313 1608 2368 Christiani
1641 2314 1700 2368 in
1729 2315 1920 2369 osculo
1947 2331 2076 2368 san-

449 2409 562 2461 cto.
593 2425 622 2458 »
651 2406 909 2477 Denique
945 2423 1073 2460 cum
1111 2406 1169 2460 in
1205 2406 1416 2461 Ordine
1457 2407 1808 2462 Mozarabico
1853 2425 2082 2479 semper

451 2499 578 2555 duae
603 2499 881 2554 lectiones
909 2503 1042 2554 ante
1069 2495 1462 2570 Evangelium,
1491 2518 1607 2555 una
1637 2517 1704 2554 ex
1733 2501 1924 2555 Veteri
1947 2502 2080 2556 Tes-

412 2595 731 2660 ,tamento,
769 2593 880 2648 alia
916 2610 983 2648 ex
1019 2595 1172 2648 Novo
1206 2593 1617 2664 praemittatur;
1651 2594 1822 2648 unica
1857 2597 1983 2649 erat
2019 2595 2080 2648 in

447 2686 760 2754 Africano,-
777 2690 922 2741 teste
958 2687 1276 2758 Augustino
1317 2687 1375 2741 in
1419 2704 1685 2742 sermone
1723 2692 1752 2741 '7
1789 2687 1861 2742 de
1894 2687 2082 2742 verbis

337 2783 348 2790 ’
442 2779 702 2864 Apostoli
736 2797 750 2834 :
789 2801 816 2828 ‹‹
845 2781 1181 2851 Apostolum
1221 2780 1562 2848 audivimus,
1596 2781 1883 2852 psalmum
1918 2781 2078 2835 audi-

446 2873 652 2940 vimus,
692 2873 1066 2944 Evangelium
1112 2873 1474 2928 audivimus:
1514 2878 1837 2929 consonant
1880 2890 2082 2928 omnes

451 2965 658 3020 divinae
702 2966 996 3020 lectiones.
1041 2987 1070 3014 »
1116 2966 1273 3020 Idem
1307 2967 1516 3020 clarius
1563 2967 1810 3020 habetur
1853 2967 1918 3020 in
1961 2984 2078 3022 ser-

449 3075 624 3114 mone
672 3062 737 3113 10
777 3058 848 3112 de
891 3057 1078 3112 verbis
1111 3059 1374 3129 apostoli,
1415 3062 1472 3112 et
1510 3059 1570 3113 in
1605 3076 1871 3114 sermone
1913 3063 1978 3116 33
2010 3060 2080 3115 de

448 3151 638 3206 verbis
661 3151 891 3206 Domini
915 3151 1230 3206 secundum
1255 3153 1484 3219 Lucam,
1517 3156 1575 3206 et
1601 3153 1758 3207 alibi.

526 3245 608 3299 14.
642 3243 836 3309 Qualis
865 3245 1039 3299 fuerit
1063 3245 1216 3317 apud
1243 3245 1501 3300 Britones
1531 3248 1588 3300 et
1613 3245 1894 3301 Hibernos
1915 3246 2082 3300 sacri-

449 3337 660 3393 ﬁcandi
686 3338 846 3406 ritus,
881 3354 998 3394 non
1029 3339 1201 3410 plane
1232 3343 1590 3411 compertum
1619 3342 1721 3393 est.
1750 3340 1980 3396 Modum
2000 3343 2082 3394 ta-

450 3449 586 3486 men
616 3431 778 3486 illum
804 3449 838 3486 a
873 3433 1134 3488 Romano
1177 3432 1462 3488 diversum
1493 3431 1772 3488 exstitisse
1805 3433 2080 3504 intelligi-

449 3529 545 3580 tur
569 3542 636 3579 ex
661 3525 953 3581 Bernardo
983 3526 1040 3580 in
1066 3526 1212 3581 libro
1237 3527 1307 3580 de
1329 3526 1453 3580 Vita
1472 3527 1777 3594 Malachiee,
1801 3526 2082 3598 capitibus

452 3621 483 3676 3
523 3621 580 3673 et
619 3621 671 3684 8,
702 3619 801 3673 ubi
837 3619 1141 3675 Malachias
1184 3619 1459 3675 barbaras
1496 3621 1941 3675 consuetudines
1967 3621 2078 3674 Ro-

449 3711 641 3766 manis
660 3715 930 3779 mutasse,
955 3715 1013 3766 et
1031 3713 1372 3768 canonicum
1394 3713 1601 3767 divinae
1621 3715 1806 3769 laudis
1827 3714 2082 3769 ofﬁcium

452 3803 512 3859 in
542 3804 666 3860 illas
695 3803 970 3860 Ecclesias
1000 3805 1276 3861 invexisse
1307 3810 1682 3862 memoratur.

1097 3930 1320 3987 CAPUT
1355 3933 1444 3985 Ill.

455 4025 584 4092 Quae
610 4026 662 4080 et
684 4024 864 4094 qualis
886 4025 1057 4090 fuerit
1084 4026 1356 4095 quondam
1383 4027 1632 4094 Liturgia
1659 4027 1944 4083 Gallicana
1967 4045 1984 4081 :
2009 4043 2084 4081 an

526 4111 589 4150 ea
629 4111 748 4168 qua?
791 4111 826 4150 a
875 4097 1113 4151 Matthia
1151 4096 1368 4168 Illyrico
1417 4095 1566 4150 edita
1616 4103 1714 4153 est.
1767 4100 1934 4155 Certa
1973 4099 2084 4168 ejus

523 4170 691 4233 notae;
721 4167 830 4221 haec
854 4168 1068 4236 integra
1098 4167 1314 4222 tandem
1341 4172 1576 4237 reperta.

527 4271 576 4346 1
593 4271 653 4346 6
679 4276 727 4328 l.
749 4273 861 4330 Sed
876 4273 1001 4344 jam
1024 4272 1258 4328 demum
1281 4273 1352 4327 ad
1374 4273 1690 4344 Liturgiam
1707 4267 2080 4344 Gallicanam,

451 4367 612 4438 cujus
659 4367 846 4438 gratia
891 4368 1011 4423 hazc
1056 4367 1352 4438 prmmissa
1393 4370 1544 4435 sunt,
1584 4367 1933 4423 veniendum
1969 4373 2080 4437 est;

451 4459 978 4532 inquirendumque
1021 4460 1091 4515 de
1137 4459 1260 4531 ejus
1303 4461 1510 4528 forma,
1551 4461 1622 4516 de
1658 4478 1772 4533 qua
1806 4461 2084 4518 hactenus

454 4553 663 4608 eruditi
688 4554 797 4608 viri
826 4553 1240 4626 disceptarunt.

523 4649 575 4701 2.
609 4645 894 4718 Principio
924 4647 1222 4702 advertere
1260 4648 1530 4704 convenit
1569 4647 1846 4704 Ordinem
1875 4649 2084 4703 Roma-

451 4755 613 4807 num,
647 4739 745 4810 qui
777 4741 932 4812 apud
957 4740 1238 4812 Hispanos
1258 4743 1462 4797 saeculo
1483 4759 1558 4809 x1,
1581 4741 1911 4814 insequenti
1933 4741 2087 4813 apud

451 4833 730 4889 Hibernos
764 4834 850 4905 (ut
888 4851 1022 4891 mox
1054 4835 1340 4906 dicebam)
1366 4838 1632 4906 receptus
1671 4839 1774 4902 est,
1807 4835 1864 4890 in
1901 4835 2084 4891 Gallia

449 4927 642 4999 vigere
665 4927 901 5000 coepisse
916 4929 1040 5000 jam
1063 4928 1198 4982 inde
1220 4945 1254 4982 a
1275 4931 1536 4999 tempore
1553 4928 1742 4984 Caroli
1760 4928 1951 5000 Magni
1967 4928 2083 4983 sive

450 5021 508 5075 id
536 5021 835 5077 effecerint
860 5021 1108 5077 Romani
1128 5021 1452 5087 Pontifices,
1482 5020 1580 5092 qui
1612 5020 1752 5074 alias
1775 5037 1978 5076 omnes
1999 5038 2086 5075 ec-

447 5114 648 5170 clesias
674 5116 746 5171 ad
774 5133 952 5170 unum
977 5131 1107 5169 cum
1130 5115 1392 5168 Romana
1412 5117 1777 5181 concentum,
1803 5118 2082 5185 quantum

446 5208 504 5262 in
533 5209 616 5262 eis
641 5209 768 5274 fuit,
793 5207 1082 5262 adducere
1104 5210 1406 5272 curarunt;
1430 5207 1545 5262 sive
1568 5206 1641 5262 ad
1665 5223 1762 5262 eos
1786 5207 2083 5262 demeren-

447 5301 552 5355 dos
578 5301 636 5354 id
665 5302 912 5356 voluerit
939 5303 1192 5356 Carolus.
1223 5300 1454 5355 Initium
1486 5301 1702 5356 factum
1731 5302 1817 5354 est
1845 5317 1878 5355 a
1909 5305 2082 5356 cantu

445 5393 729 5460 Romano,
755 5410 930 5464 quem
957 5393 1233 5465 Pippinus
1259 5395 1320 5448 in
1352 5395 1675 5450 Gallicanas
1699 5393 1980 5449 Ecclesias
2000 5395 2084 5449 in-

447 5484 624 5552 duxit,
657 5489 718 5540 ut
744 5486 914 5542 docet
940 5489 1148 5543 Paulus
1178 5505 1328 5559 papa
1357 5490 1378 5542 I
1406 5487 1464 5542 in
1501 5487 1743 5560 epistola
1769 5488 1844 5542 ad
1871 5487 2077 5560 ipsum,

445 5579 536 5636 cui
564 5579 954 5651 Antiphonale
987 5585 1046 5636 et
1065 5583 1415 5653 Responsale
1447 5581 1642 5637 mittit.
1666 5582 1877 5637 Directi
1905 5581 2080 5636 etiam

445 5674 517 5730 ab
538 5673 745 5730 eodem
767 5673 1025 5748 principe
1047 5676 1461 5742 adolescentes,
1483 5676 1581 5748 qui
1603 5677 1928 5731 Romanum
1950 5692 2082 5731 can-

445 5771 567 5822 tum
599 5767 982 5826 addiscerent.
1015 5772 1220 5826 Postea
1255 5787 1388 5826 vero
1425 5770 1662 5827 Carolus
1691 5770 1927 5842 Magnus
1957 5770 2080 5840 ejus

444 5859 593 5918 ﬁlius
632 5862 1159 5926 Sacramentarium
1195 5864 1635 5940 Gregorianum,
1663 5863 1724 5920 id
1755 5867 1838 5922 est
1865 5863 2077 5922 librum

2101 3193 2156 3268 C

2180 1941 2438 1996 missales
2458 1940 2693 2012 quidam
2715 1941 2918 1995 saeculo
2937 1957 2988 1994 χι
3009 1943 3175 1994 erant
3189 1940 3247 1994 in
3266 1940 3606 2011 quibusdam
3626 1941 3813 1994 Eccle-

2181 2035 2276 2088 siis
2302 2033 2614 2088 Rhemensi
2637 2033 2818 2088 sancti
2847 2032 3095 2104 Remigii
3133 2033 3484 2088 monasterio
3518 2032 3809 2103 subjectis,

2181 2128 2325 2182 sicut
2349 2127 2560 2197 legitur
2587 2127 2645 2180 in
2684 2126 2865 2181 veteri
2905 2126 3052 2181 libro
3089 2126 3364 2193 censuali,
3394 2126 3493 2197 qui
3517 2126 3810 2181 Hincmari
3915 2131 3936 2140 '

2181 2225 2444 2291 tempore
2482 2220 2724 2290 scriptus
2769 2223 2872 2274 est.
2918 2219 3002 2273 Ad
3047 2220 3167 2274 haec
3211 2220 3482 2274 Alcuinus
3526 2219 3810 2274 Missalem

2181 2313 2602 2385 Gregorianum
2629 2316 2685 2366 et
2706 2313 3071 2368 Gelasianum
3096 2313 3264 2366 simul
3287 2313 3580 2368 ordinasse
3602 2313 3815 2368 dicitur

2181 2409 2242 2461 in
2272 2407 2557 2463 Chronico
2587 2406 2920 2462 Centulensi
2949 2423 2963 2462 :
2994 2406 3178 2477 qualis
3214 2410 3299 2459 est
3329 2423 3475 2460 unus
3500 2406 3688 2462 Codex
3717 2424 3810 2462 re-

2182 2501 2308 2572 gius
2359 2500 2594 2572 optimae
2640 2503 2790 2555 nota:
2833 2518 2890 2554 n.
2940 2503 3098 2555 3865.
3135 2499 3300 2554 Unde
3340 2500 3556 2554 factum
3599 2503 3703 2567 est,
3747 2504 3816 2555 ut

2183 2595 2371 2649 nullus
2395 2593 2604 2660 Codex,
2636 2593 2734 2664 qui
2765 2593 3152 2665 antiquiorem
3183 2592 3346 2646 illum
3375 2593 3652 2648 Ordinem
3678 2593 3814 2649 Gal-

2182 2687 2434 2742 licanum
2479 2687 2714 2754 referat,
2757 2690 2890 2740 ante
2939 2686 3046 2740 hos
3089 2703 3302 2757 paucos
3345 2702 3528 2741 annos
3564 2685 3816 2741 inveniri

2181 2781 2462 2853 potuerit;
2498 2784 2669 2850 atque
2702 2779 2775 2834 ad
2805 2779 2864 2833 id
2893 2782 3122 2850 tempus
3147 2796 3378 2850 semper
3395 2779 3612 2834 incerta
3633 2779 3818 2835 fuerit

2183 2875 2254 2928 de
2280 2875 2514 2944 hujusce
2537 2873 2766 2928 Ordinis
2791 2873 2904 2926 ritu
2932 2873 3236 2926 sententia.

2253 2968 2305 3022 4.
2318 2966 2582 3021 Matthias
2598 2966 2826 3020 Flaccus
2836 2965 3109 3038 Illyricas,
3123 2966 3575 3022 centuriatorum
3587 2967 3819 3038 Magde—

2181 3059 2557 3132 burgensium
2578 3059 2862 3138 princeps,
2882 3059 3121 3114 missam
3138 3059 3402 3115 Latinam
3425 3077 3492 3114 ex
3511 3061 3688 3115 veteri
3709 3061 3818 3117 (Ζο-

2183 3153 2308 3208 dice
2337 3152 2586 3224 vulgavit
2610 3153 2942 3224 Argentinaa
2971 3170 3123 3208 anno
3164 3157 3298 3209 1557
3329 3153 3433 3208 sub
3461 3154 3570 3209 hoc
3597 3153 3762 3210 titulo
3796 3171 3812 3210 :

2180 3249 2348 3305 Missa
2370 3249 2588 3309 Latina,
2618 3262 2737 3316 qua
2765 3247 2894 3302 olim
2928 3251 3054 3301 ante
3090 3250 3406 3310 Romanam,
3433 3249 3576 3303 circa
3601 3249 3822 3304 Domini

2179 3357 2382 3396 annum
2409 3344 2534 3403 700,
2566 3343 2624 3394 in
2651 3355 2753 3395 usu
2777 3341 2910 3408 fuit,
2939 3341 3075 3395 bona
3099 3341 3205 3410 ﬁde
3244 3357 3312 3395 ea:
3337 3344 3540 3396 vetusto
3574 3343 3817 3396 authen-

2181 3437 2387 3504 ticoque
2410 3434 2595 3492 Codice
2620 3435 2912 3504 descripta.
2941 3433 3212 3488 Codicem
3241 3450 3360 3488 non
3384 3435 3520 3488 satis
3546 3434 3820 3506 designat

2181 3527 2408 3582 titulus:
2429 3527 2529 3582 sed
2546 3545 2613 3581 ex
2633 3527 2803 3581 variis
2824 3527 3199 3594 orationibus,
3220 3544 3345 3598 qua:
3362 3527 3435 3582 ad
3457 3528 3816 3585 oblationem

2182 3620 2241 3674 in
2283 3621 2380 3676 illa
2419 3619 2595 3674 missa
2639 3620 2988 3686 referuntur,
3032 3637 3147 3674 una
3195 3620 3272 3676 sic
3319 3621 3498 3675 habet
3529 3638 3542 3676 :
3573 3623 3816 3692 Suscipe,

2177 3719 2368 3770 sancta
2410 3716 2668 3778 Trinitas,
2707 3715 2846 3769 hanc
2879 3714 3222 3781 oblationem,
3253 3730 3418 3785 quam
3459 3730 3562 3785 pro
3605 3718 3820 3770 seniore

2179 3812 2358 3863 nostro
2401 3812 2452 3862 et
2493 3811 2682 3862 cuncta
2715 3809 3122 3878 congregatione
3154 3809 3332 3862 sancti
3362 3810 3514 3863 Petri
3626 3809 3818 3878 offero.

2180 3901 2250 3954 Et
2276 3899 2335 3954 in
2353 3899 2478 3955 ‘alia
2505 3900 2675 3971 paulo
2708 3903 2877 3954 ante:
2901 3901 3073 3968 Quam
3103 3901 3205 3955 tibi
3228 3901 3388 3970 offero
3403 3915 3506 3971 pro
3524 3917 3606 3956 me
3618 3917 3818 3972 pecca-

2182 3998 2292 4048 tore
2317 3997 2367 4048 et
2390 3998 2586 4048 nostra:
2611 3995 3038 4064 congregationis
3064 3995 3260 4056 salute,
3287 3999 3338 4048 et
3358 4009 3459 4064 pro
3488 3995 3728 4050 omnibus
3753 3997 3822 4050 in

2183 4088 2390 4145 Christo
2415 4087 2686 4154 fratribus
2709 4091 2760 4142 et
2786 4087 3055 4142 sororibus
3081 4089 3298 4143 nostris.
3325 4088 3404 4141 Ex
3429 4087 3518 4142 his
3546 4087 3818 4158 conjicio,

2181 4180 2332 4234 hunc
2361 4179 2570 4235 librum
2600 4179 2770 4234 fuisse
2803 4179 2874 4234 ad
2905 4198 3070 4235 usum
3093 4179 3430 4236 monasterii
3456 4181 3634 4236 sancti
3659 4182 3821 4236 Petri

2181 4273 2598 4328 Hornbacensis
2624 4273 2682 4328 in
2717 4273 2943 4329 dioecesi
2968 4275 3248 4341 Mettensi,
3278 4291 3406 4345 quae.
3436 4275 3818 4346 congregatio

2183 4365 2363 4422 sancti
2410 4367 2562 4422 Petri
2606 4384 2674 4422 ex
2721 4368 3076 4422 monasterio
3118 4369 3366 4424 Hornbac
3397 4369 3719 4440 appellatur
3737 4369 3822 4424 .in

2183 4460 2347 4516 titulo
2387 4460 2641 4532 epistolae
2674 4478 2802 4516 cxm
2841 4459 2967 4534 18
3002 4461 3154 4516 inter
3191 4460 3589 4516 Bonifacianas
3615 4461 3688 4516 ad
3717 4462 3823 4516 Hi-

2101 4562 2160 4634 D
2183 4555 2398 4608 cultum
2426 4553 2569 4608 Lulli
2601 4571 3007 4609 successorem.
3033 4555 3162 4609 Haec
3188 4554 3508 4610 observatio
3537 4554 3830 4627 aliquanti

2186 4647 2471 4702 momenti
2498 4646 2556 4701 in
2588 4648 3072 4720 consequentibus
3101 4647 3227 4702 erit.

2258 4744 2308 4794 5.
2330 4740 2505 4811 Hujus
2523 4740 2712 4795 missa:
2729 4741 2802 4795 ab
2824 4741 3044 4812 Illyrico
3070 4740 3239 4795 editae
3261 4740 3416 4795 varia
3436 4741 3545 4796 fuit
3561 4741 3828 4798 fortuna.

2183 4833 2378 4888 Primo
2423 4833 2748 4906 triumphos
2789 4834 2859 4889 de
2897 4851 2966 4888 ea
3007 4837 3254 4906 egerunt
3287 4833 3616 4902 Lutherani,
3655 4837 3832 4906 quasi

2185 4926 2488 4982 Catholicis
2523 4927 2752 4998 penitus
2790 4927 3208 4983 adversaretur.
3238 4929 3310 4983 Ut
3347 4929 3452 4982 hos
3494 4927 3834 4999 triumphos

2185 5019 2529 5090 reprimeret
2552 5020 2844 5092 Philippus
2877 5038 2913 5074 Il
2947 5020 3347 5092 Hispaniarum
3377 5039 3496 5089 rex,
3526 5021 3706 5075 dulcis
3729 5024 3840 5078 Al-

2181 5113 2375 5168 bensis
2391 5112 2682 5180 instinctu,
2697 5115 2820 5184 ejus
2832 5114 3074 5169 lectione
3089 5114 3407 5181 interdixit;
3427 5111 3836 5186 eamdemque

2183 5211 2382 5279 postea
2419 5207 2605 5263 Sixtus
2633 5207 2758 5261 Vin
2800 5207 3077 5262 librorum
3115 5208 3538 5279 prohibiturum
3577 5210 3836 5266 classem

2182 5301 2424 5373 redegit.
2453 5300 2762 5356 Lutherani
2792 5304 2990 5372 aperte
3019 5301 3258 5356 tandem
3287 5302 3523 5356 missam
3555 5303 3838 5373 Illyricia-

2183 5412 2319 5450 nam
2347 5395 2650 5451 Catholicis
2678 5389 2996 5466 suffragari,
3028 5395 3246 5466 sibique
3285 5395 3575 5451 adversari
3606 5397 3836 5453 intelli-

2182 5490 2403 5558 gentes,
2419 5488 2576 5544 illam
2596 5487 2955 5560 supprimere
2970 5489 3157 5543 modis
3170 5488 3440 5544 omnibus
3453 5489 3836 5549 studuerunt.

2180 5581 2454 5637 Catholici
2499 5599 2564 5636 ex
2603 5584 2711 5638 hac
2751 5581 3044 5654 palinodia
3079 5582 3465 5652 proficientes,
3504 5583 3843 5656 ipsammet

2179 5675 2498 5730 accuratius
2518 5677 2804 5746 legerunt,
2827 5675 3155 5741 laudarunt,
3176 5677 3649 5748 comprobarunt,
3671 5681 3726 5732 et
3747 5683 3842 5737 ad

2179 5768 2487 5824 asserenda
2503 5769 2892 5836 Eucharistiee,
2912 5769 3307 5837 confessionis,
3329 5773 3387 5825 et
3407 5771 3840 5843 suffragiorum

2177 5880 2281 5938 pro
2297 5862 2540 5920 mortuis
2558 5863 2835 5936 dogmata
2852 5862 3267 5921 adhibuerunt:
3283 5863 3341 5920 in
3359 5864 3561 5938 primis
3578 5857 3840 5939 quidem
