4044 6196
239 321 331 384 l2l

1225 327 1314 385 DE
1350 325 1661 385 LITURGIA
1697 328 2069 386 GALLICANA
2107 331 2306 387 LIBER
2343 329 2607 388 PRIMUS.

3494 317 3596 388 ηε

238 433 578 491 Guillelmus
606 435 899 506 Peyratus,
931 435 990 491 in
1019 435 1163 492 libro
1195 451 1235 491 ιι
1260 436 1332 492 de
1356 436 1596 513 historia
1624 437 1869 508 Capella
1891 448 1950 522 Α
1972 439 2126 511 quod
2153 440 2210 496 in
2234 459 2302 496 ea
2322 441 2615 510 passiones
2637 443 2957 511 martyrum
2982 435 3380 506 recitarentur,
3400 452 3467 492 ex
3488 435 3598 492 Hil-

237 544 446 599 regum
494 528 766 596 Francia,
807 546 930 601 cap.
969 533 1052 598 l3,
1081 547 1331 602 eumque
1374 534 1599 586 secutus
1636 531 1872 586 Carolus

236 621 500 677 Cointius
536 622 596 676 in
639 623 955 678 Annalibus
987 624 1378 679 ecclesiasticis
1415 625 1763 679 Francorum
1796 625 1872 680 ad

235 731 461 770 annum
488 718 612 783 601,
643 715 740 770 ubi
767 716 1002 772 missam
1037 717 1419 790 lllyricianam
1458 734 1492 772 a
1531 718 1870 773 Lutheranis

233 825 608 880 suppressam
638 810 878 865 recudit.
911 811 1076 876 Quod
1101 811 1277 866 etiam
1308 811 1571 883 prastitit
1605 811 1869 867 cardina-

232 902 300 957 lis
328 903 493 958 Bona
520 903 580 958 in
607 903 722 957 fine
755 903 943 974 operis
972 904 1057 959 sui
1087 905 1374 977 Liturgici.

304 999 359 1052 6.
396 996 554 1050 Hanc
581 1011 717 1050 vero
743 996 802 1050 in
830 996 1145 1065 occidente,
1174 998 1493 1070 prasertim
1521 998 1579 1054 in
1605 999 1785 1054 Gallia
1812 1003 1872 1054 et

232 1089 293 1144 in
314 1090 653 1158 Germania,
673 1093 988 1162 antequam
1008 1092 1301 1146 Romanus
1318 1092 1470 1150 Ordo
1489 1093 1772 1148 admissus
1789 1109 1872 1148 es-

233 1186 340 1248 set,
372 1183 502 1238 usui
539 1183 710 1238 fuisse
750 1183 972 1255 opinari
1007 1201 1066 1240 se
1102 1185 1238 1240 dicit
1261 1185 1513 1257 lllyricus
1539 1185 1597 1240 in
1630 1186 1870 1258 epistola

231 1277 615 1348 praliminari
628 1277 702 1332 ad
713 1276 1030 1349 principem
1043 1278 1366 1334 Palatinum
1375 1320 1388 1333 .
1402 1281 1673 1350 Peyratus
1685 1280 1870 1352 ipsam

233 1386 341 1442 pro
355 1370 1294 1442 antiquaGallicanaindubitanter
1305 1372 1869 1444 agnovit,eidemque

235 1464 544 1520 sententia
576 1464 832 1520 Cointius
856 1465 1219 1536 subscripsit:
1243 1466 1416 1521 ambo
1443 1482 1616 1536 porro
1643 1483 1775 1520 eam
1797 1467 1871 1520 ad

235 1557 494 1628 primam
515 1574 721 1629 regum
745 1557 1094 1614 Francorum
1117 1558 1354 1630 stirpem
1372 1562 1661 1614 revocant.
1682 1560 1759 1613 Ex
1775 1559 1872 1614 ad-

234 1666 400 1705 verso
421 1651 730 1706 Menardus
756 1655 952 1708 noster
971 1651 1030 1706 in
1047 1650 1198 1707 notis
1219 1652 1292 1707 ad
1309 1653 1518 1707 librum
1537 1654 1873 1709 Sacramen-

1971 535 2131 588 duini
2144 535 2382 606 epistola
2396 536 2469 590 ad
2480 533 2826 590 Ludovicum
2840 536 3156 604 Augustum
3166 530 3598 603 ,AreOpagiticis

1971 627 2221 699 prafixa.
2245 630 2308 682 In
2329 629 2435 684 hac
2457 629 2666 699 quippe
2689 627 2927 698 epistola
2948 629 3374 682 commemorat
3396 646 3423 674 ‹‹
3446 624 3594 679 anti-

1971 721 2294 792 quissimos,
2320 725 2376 776 et
2407 721 2587 776 nimia
2611 737 2758 792 pene
2783 723 3061 774 vetustate
3089 721 3460 790 consumptos
3477 717 3600 772 Mis-

1971 815 2116 870 sales
2149 815 2344 882 libros,
2372 815 2731 870 continentes
2753 813 2939 868 missa
2973 811 3238 868 ordinem
3271 828 3433 867 more
3465 812 3594 867 Gal-

1971 909 2098 976 lico,
2128 910 2224 982 qui
2255 910 2327 964 ab
2359 909 2521 964 initio
2553 910 2798 978 recepta
2829 906 2962 961 fidei
2994 923 3097 960 usu
3123 905 3181 960 in
3209 906 3315 960 hac
3337 904 3597 961 occiden-

1970 1003 2070 1058 tali
2101 1004 2270 1074 plaga
2296 1006 2381 1057 est
2402 1001 2649 1068 habitus,
2675 1016 2970 1070 usquequo
2993 1003 3278 1066 tenorem,
3303 1014 3417 1068 quo
3442 1014 3595 1053 nunc

1970 1096 2166 1163 utitur,
2195 1097 2524 1152 Romanum
2554 1093 2881 1164 susceperit.
2905 1095 2968 1146 In
2986 1091 3189 1162 quibus
3208 1092 3594 1146 voluminibus

1971 1191 2260 1245 habentur
2293 1191 2420 1244 dua
2452 1189 2641 1244 missa
2685 1188 2756 1242 de
2795 1189 2993 1244 sancto
3035 1185 3324 1256 Dionysio,
3359 1202 3485 1257 qua
3516 1185 3597 1240 sic

1970 1285 2122 1340 inter
2160 1283 2636 1340 celebrandum...
2661 1283 2952 1336 tormenta
2982 1278 3250 1349 martyris
3279 1279 3590 1334 sociorum-

1972 1395 2082 1450 que
2109 1379 2232 1449 ejus
2261 1377 2541 1431 succincte
2567 1376 3034 1430 commemorant
3063 1389 3074 1426 :
3106 1372 3249 1426 sicut
3276 1374 3334 1426 et
3361 1371 3596 1442 reliqua

1969 1471 2146 1528 Missa
2203 1471 2419 1526 ibidem
2473 1469 2695 1540 scripta
2751 1467 2993 1522 aliorum
3057 1465 3450 1536 apostolorum
3509 1463 3598 1518 vel

1973 1567 2314 1635 martyrum,
2349 1579 2594 1634 quorum
2630 1559 2924 1632 passiones
2965 1558 3270 1624 habentur,
3299 1555 3596 1612 notissime

1973 1659 2303 1713 decantant.
2333 1677 2361 1707 »
2395 1657 2522 1710 Hac
2562 1654 2840 1726 passionis
2878 1656 3200 1723 martyrum
3236 1666 3596 1705 commemo-

235 1747 453 1810 torum,
479 1744 584 1798 etsi
607 1744 908 1821 antiquam
930 1761 1053 1799 esse
1075 1745 1364 1812 concedit;
1385 1745 1652 1816 quadam
1670 1748 1869 1816 tamen

1979 1751 2118 1806 ratio
2145 1751 2204 1805 in
2237 1749 2578 1806 Prafatione
2608 1749 2760 1803 facta
2784 1749 2956 1803 fuisse
2981 1747 3222 1802 videtur.
3252 1744 3600 1814 Quanquam

237 1837 293 1891 in
318 1837 680 1892 contrarium
709 1838 966 1909 opponit,
996 1838 1096 1893 sed
1126 1855 1254 1910 qua
1279 1855 1404 1892 rem
1435 1855 1552 1893 non
1581 1837 1866 1892 evincunt.
1890 1819 1947 1890 B
1971 1845 2196 1914 integra
2225 1847 2351 1897 acta
2381 1827 2728 1914 quandoque
2755 1841 3116 1912 legebantur,
3150 1841 3212 1892 ut
3238 1853 3372 1892 mox
3399 1836 3470 1890 de
3503 1852 3598 1890 ac-

233 1931 412 1986 lissa
455 1930 792 2002 Illyriciana
832 1931 1080 1986 similem
1115 1931 1297 1987 edidit
1331 1932 1634 1987 Menardus
1673 1949 1739 1986 ex
1775 1947 1868 1987 co-

235 2023 360 2078 dice
411 2023 747 2078 Corbeiensi
799 2025 1024 2080 Batoldi
1078 2025 1200 2096 ejus
1247 2025 1356 2080 loci
1401 2025 1644 2091 abbatis,
1699 2028 1870 2096 atque

233 2117 411 2171 aliam
434 2116 928 2172 eminentissimus
953 2119 1258 2174 cardinalis
1278 2119 1435 2173 Bona
1455 2118 1514 2172 in
1539 2117 1684 2172 libro
1704 2135 1720 2172 ι
1744 2117 1793 2190 1
1810 2116 1870 2190 9

232 2211 453 2265 Rerum
473 2198 871 2280 liturgicarum
899 2228 1023 2282 cap.
1050 2215 1135 2279 l2,
1162 2211 1256 2265 ubi
1283 2211 1665 2283 lllyricianam
1695 2213 1874 2280 negat

234 2320 434 2358 veram
455 2320 580 2357 esse
600 2307 856 2358 veterem
875 2304 1246 2370 Gallicanam,
1260 2305 1421 2375 cujus
1437 2307 1624 2370 notas,
1639 2303 1868 2371 indicia,

236 2399 294 2451 et
317 2413 456 2450 vera
487 2397 806 2468 specimina
832 2397 1046 2452 ibidem
1074 2397 1354 2469 producit.
1382 2397 1662 2452 Indicium
1689 2413 1868 2451 unum

238 2489 615 2562 est,illudque
638 2493 858 2545 certum
873 2508 938 2546 ex
961 2491 1235 2562 Gregorio
1246 2492 1562 2547 Turonensi
1580 2490 1867 2562 episcopo,

238 2587 298 2642 in
315 2587 491 2642 missa
508 2584 800 2640 Gallicana
817 2584 956 2639 duas
976 2585 1248 2640 lectiones
1267 2585 1576 2656 Evangelio
1598 2583 1872 2656 pramitti

240 2681 463 2748 solitas,
507 2694 687 2732 unam
727 2694 794 2732 ex
831 2677 1018 2732 Veteri
1057 2677 1298 2748 passim,
1333 2678 1576 2732 alteram
1617 2694 1682 2731 ex
1715 2669 1870 2732 Ndvo

238 2775 630 2828 Testamento.
667 2771 838 2842 Atqui
881 2771 940 2824 in
981 2770 1296 2841 lllyriciana
1342 2769 1563 2825 mentio
1601 2771 1667 2824 fit
1706 2769 1873 2823 unius

239 2867 516 2938 epistola.
551 2864 769 2921 Deinde
796 2864 854 2918 in
889 2865 996 2919 hac
1031 2863 1204 2919 missa
1235 2864 1553 2935 lllyriciana
1580 2863 1772 2934 agitur
1800 2863 1871 2918 de

240 2959 584 3030 Sequentia,
625 2958 784 3028 cujus
815 2956 976 3028 origo
1019 2959 1290 3012 saculum
1337 2974 1392 3011 ix
1437 2957 1591 3011 haud
1631 2956 1870 3023 excedit,

239 3053 492 3108 Notkero
529 3051 764 3106 Balbulo
811 3051 993 3106 sancti
1031 3050 1172 3107 Galli
1215 3051 1504 3106 monacho
1539 3051 1734 3105 forsan
1770 3049 1870 3104 tri-

236 3146 491 3202 buenda.
504 3147 792 3200 Praterea
813 3143 868 3198 in
885 3145 1156 3216 Symbolo
1179 3144 1389 3216 legitur
1408 3142 1870 3198 additamentum
1893 3186 1948 3260 Ο

238 3241 501 3310 Filioque,
535 3237 691 3309 quod
730 3254 764 3292 a
801 3237 988 3293 Caroli
1034 3237 1220 3308 Magni
1265 3241 1529 3308 tempore
1574 3236 1873 3292 exordium

240 3333 416 3388 ducit.
440 3333 510 3386 Ut
541 3331 600 3384 in
631 3347 812 3402 pauca
833 3347 956 3384 rem
981 3331 1298 3398 conferam,
1322 3331 1475 3386 Ordo
1497 3329 1591 3384 ille
1613 3329 1876 3402 lllyricia-

241 3444 347 3481 nus
373 3425 616 3480 missam
653 3425 1044 3496 pontiﬁcalem
1073 3425 1327 3496 continet
1351 3423 1670 3479 secundum
1697 3423 1872 3478 ritum

240 3521 596 3585 Romanum,
616 3522 674 3574 et
684 3518 917 3588 quidem
936 3517 1078 3572 nihil
1095 3519 1214 3572 fere
1229 3517 1380 3572 aliud
1394 3534 1569 3588 quam
1585 3517 1876 3571 orationes

243 3614 490 3684 privatas
509 3613 581 3666 ab
598 3612 863 3682 episcopo
879 3611 1222 3678 recitandas,
1237 3611 1375 3664 dum
1389 3611 1597 3665 chorus
1613 3609 1874 3664 canendo

243 3709 573 3778 occupatur.
601 3705 745 3759 Nam
772 3708 903 3776 post
929 3704 1239 3772 orationes,
1267 3720 1394 3774 qua
1419 3720 1552 3757 cum
1578 3705 1713 3757 ante
1746 3701 1877 3756 mis-

243 3817 388 3866 sam,
423 3803 548 3852 tum
574 3798 858 3853 sumendo
884 3801 1067 3852 vestes
1093 3813 1282 3852 sacras
1307 3795 1654 3863 indicantur,
1679 3796 1877 3850 multa

243 3893 367 3948 alia
397 3891 742 3958 subduntur,
771 3891 934 3947 donec
957 3895 1240 3946 cantentur
1262 3904 1443 3945 versus
1470 3889 1546 3945 ad
1571 3891 1874 3952 introitum,

240 3993 291 4042 et
317 3985 490 4058 Kyrie
521 3984 759 4052 eleison,
789 3989 838 4040 et
862 3985 1056 4040 deinde
1084 3999 1297 4040 carmen
1316 3985 1650 4054 angelorum.
1672 3983 1877 4038 Postea

235 4082 396 4149 ﬁnita
427 4079 675 4148 angelica
701 4079 882 4141 laude,
911 4079 1182 4134 Missalem
1206 4080 1501 4133 orationem
1525 4077 1674 4132 dicat
1696 4077 1880 4133 Sacer-

235 4174 353 4229 dos.
413 4172 614 4229 Deinde
665 4174 839 4228 Lectio
889 4174 1159 4235 recitatur,
1197 4175 1248 4226 et
1295 4173 1436 4226 inter
1482 4172 1776 4226 Lectionem
1827 4174 1879 4224 et

234 4267 619 4336 Evangelium,
661 4265 722 4320 id
755 4270 834 4320 est
869 4269 1099 4336 tempore
1131 4265 1425 4322 Gradualis
1461 4268 1512 4318 et
1548 4263 1790 4318 Alleluia
1815 4278 1879 4318 ac

233 4362 561 4430 Sequentia,
605 4361 878 4429 episcopus
910 4359 1060 4413 dicat
1095 4359 1194 4413 has
1230 4359 1517 4418 orationes,
1547 4358 1655 4410 etc.
1693 4355 1878 4410 Multis

235 4451 579 4522 interjectis,
621 4452 869 4522 quandiu
907 4452 1247 4521 Oﬂ’ertorium
1287 4454 1339 4504 et
1370 4464 1554 4504 versus
1587 4453 1876 4511 canuntur,

1971 1937 2042 1992 tis
2070 1937 2250 1992 sancti
2275 1935 2562 1991 :Emiliani
2589 1934 2930 1989 videbimus.
3075 2005 3080 2014 ι

2042 2036 2093 2086 9.
2121 2032 2378 2086 Alterum
2422 2029 2610 2083 missa
2651 2028 2953 2082 Gallicana
2987 2026 3263 2082 indicium
3303 2027 3406 2090 est,
3441 2024 3599 2095 quod

1973 2125 2178 2180 eodem
2219 2123 2331 2177 ritu
2369 2123 2490 2176 hac
2527 2101 2932 2186 celebraretur,
2976 2105 3147 2191 atque
3179 2118 3454 2173 Toletana
3499 2132 3601 2170 seu

1968 2216 2337 2273 Mozarabica.
2361 2215 2532 2285 Cujus
2551 2214 2634 2268 rei
2661 2217 2835 2268 testes
2863 2216 2994 2267 sunt
3013 2211 3199 2268 Caroli
3221 2209 3372 2266 Calvi
3394 2209 3600 2264 littera

1971 2311 2046 2365 ad
2080 2311 2296 2364 clerum
2328 2310 2720 2363 Ravennatem
2752 2307 2808 2360 in
2840 2307 2962 2360 hac
2999 2305 3173 2360 verba
3203 2321 3215 2359 :
3249 2325 3276 2353 «
3308 2304 3494 2373 Usque
3526 2301 3601 2356 ad

1970 2407 2237 2474 tempora
2256 2401 2419 2456 abavi
2440 2401 2620 2456 nostri
2639 2400 2944 2455 Gallicana:
2964 2397 3224 2454 Ecclesia
3242 2396 3408 2451 aliter
3423 2411 3600 2466 quam

1971 2497 2236 2552 Romana
2261 2497 2346 2550 vel
2391 2493 2827 2549 Mediolanensis
2852 2492 3099 2547 Ecclesia
3126 2491 3318 2546 divina
3344 2489 3599 2544 celebra-

1972 2591 2114 2645 bant
2133 2590 2342 2656 ofﬁcia,
2362 2589 2508 2643 sicut
2526 2587 2774 2642 vidimus
2795 2589 2852 2640 et
2873 2584 3194 2640 audivimus
3218 2584 3288 2638 ab
3311 2582 3393 2636 eis
3415 2581 3513 2653 qui
3536 2599 3603 2636 ex

1971 2683 2228 2756 partibus
2256 2683 2544 2737 Toletana
2572 2680 2834 2734 Ecclesia
2855 2679 2929 2734 ad
2949 2695 3054 2734 nos
3073 2677 3386 2742 venientes,
3406 2692 3604 2730 secun-

1973 2777 2111 2832 dum
2127 2791 2352 2830 morem
2369 2773 2543 2845 ipsius
2559 2773 2820 2827 Ecclesia
2840 2788 3036 2826 coram
3054 2770 3218 2825 nobis
3234 2786 3396 2824 sacra
3412 2767 3603 2823 ofﬁcia

1972 2869 2354 2925 celebrarunt.
2380 2889 2407 2916 n
2433 2867 2569 2931 Qua
2593 2865 2767 2920 verba
2796 2863 3268 2934 consequentiam
3291 2879 3408 2917 non
3431 2861 3604 2916 habe-

1972 2965 2122 3031 rent,
2144 2961 2250 3016 nisi
2271 2961 2478 3016 eadem
2500 2959 2702 3014 fuisset
2717 2959 2994 3014 Toletana
3016 2960 3188 3028 atque
3207 2956 3497 3011 Gallicana
3517 2953 3602 3008 Li-

1974 3056 2182 3128 turgia.
2199 3056 2364 3111 Certe
2381 3053 2613 3125 Hispani
2632 3052 2774 3107 vitas
2795 3055 3125 3106 sanctorum
3145 3049 3320 3121 (quod
3341 3049 3410 3102 de
3433 3047 3604 3103 Gallis

1973 3150 2150 3206 tradit
2171 3147 2488 3218 Hilduinus)
2513 3145 2631 3220 21
2667 3146 2726 3200 in
2753 3145 2925 3200 sacris
2947 3143 3122 3198 etiam
3146 3141 3385 3214 publicis
3404 3141 3606 3195 recita-

1975 3244 2134 3311 bant,
2163 3245 2226 3297 ut
2252 3243 2572 3297 luculenter
2591 3240 2742 3294 inter
2769 3239 2880 3294 alia
2909 3237 3116 3308 probat
3145 3234 3462 3291 Braulionis
3482 3233 3601 3288 Ca-

1975 3335 2372 3407 saraugustani
2387 3333 2634 3406 episcopi
2646 3332 2869 3387 libellus
2881 3331 2952 3386 de
2967 3329 3141 3402 gestis
3152 3325 3607 3383 beatixEmiliani

1975 3429 2217 3496 abbatis,
2237 3445 2411 3500 quem
2428 3427 2685 3482 libellum
2705 3425 2834 3480 ideo
2853 3423 3186 3494 conscripsit
3204 3443 3231 3470 «
3254 3424 3316 3475 ut
3335 3423 3526 3491 posset
3545 3418 3604 3472 in

1974 3522 2165 3578 missa
2205 3522 2328 3591 ejus
2361 3519 2746 3575 celebratione
2789 3515 3130 3588 quantocius
3166 3513 3360 3584 legi,»
3399 3526 3602 3582 quem-

1976 3615 2294 3670 admodum
2329 3612 2552 3668 Braulio
2587 3611 2706 3682 ipse
2742 3610 2799 3664 in
2828 3607 3172 3664 Prafatione
3199 3623 3300 3660 sua
3329 3603 3601 3674 loquitur.

2050 3712 2135 3764 lO.
2149 3707 2402 3763 Tertium
2421 3705 2694 3760 indicium
2713 3707 2799 3757 est
2815 3701 2970 3774 quod
2987 3701 3046 3756 in
3066 3700 3267 3756 ordine
3289 3697 3602 3763 Gallicano,

1975 3805 2223 3857 testante
2241 3799 2516 3871 Gregorio
2532 3795 2847 3854 Turonensi
2866 3795 3139 3862 antistite,
3156 3794 3306 3848 facta
3326 3791 3398 3846 sit
3416 3790 3607 3862 prima
3645 3829 3658 3836 -

1976 3895 2143 3950 lectio
2192 3912 2260 3948 ex
2302 3893 2616 3965 prophetis,
2665 3891 2847 3944 altera
2886 3906 2954 3943 ex
2997 3887 3292 3959 Apostolo,
3330 3884 3500 3940 tertia
3540 3901 3607 3937 ex

1977 3987 2305 4059 Evangelio.
2344 3986 2404 4040 Id
2443 3985 2730 4056 colligitur
2768 4001 2835 4038 ex
2880 3983 3032 4036 facto
3069 3979 3343 4037 Chramni
3372 3976 3607 4034 Clotarii

1976 4081 2129 4152 regis
2159 4080 2278 4149 ﬁlii,
2313 4079 2410 4150 qui
2446 4095 2575 4133 cum
2619 4077 2917 4132 Divionem
2963 4075 3054 4129 die
3085 4072 3384 4129 Dominico
3416 4087 3605 4125 acces-

1978 4175 2158 4243 sisset,
2193 4176 2407 4227 sortem
2435 4189 2596 4226 suam
2619 4189 2652 4226 a
2672 4169 2890 4225 clericis
2911 4167 3162 4239 expetiit.
3187 4164 3388 4222 Clerici
3409 4162 3608 4234 positis

1977 4285 2149 4339 super
2173 4268 2353 4321 altare
2379 4265 2560 4320 tribus
2587 4263 2764 4330 libris,
2792 4264 2853 4318 id
2887 4266 2964 4318 est
2996 4261 3311 4330 prophetia,
3337 4255 3604 4326 Apostoli,
3665 4263 3669 4268 '

1977 4367 2029 4418 et
2055 4361 2491 4430 Evangeliorum,
2519 4373 2624 4429 pro
2667 4373 2830 4411 more
2865 4355 3094 4408 illorum
3124 4355 3454 4420 temporum
3483 4363 3608 4400 rem

1978 4454 2298 4525 explorant,
2329 4468 2398 4506 eo
2425 4453 2612 4522 pacto,
2636 4454 2696 4504 ut
2714 4449 3078 4516 unusquisque
3103 4446 3161 4498 in
3181 4443 3316 4498 libro
3337 4441 3480 4512 quod
3493 4442 3611 4510 pri-

235 4548 338 4602 has
359 4545 510 4600 dicat
527 4547 816 4607 orationes.
840 4547 947 4598 etc.
972 4542 1313 4598 Praefatione
1335 4541 1517 4608 ﬁnita,
1541 4543 1758 4612 quando
1777 4542 1882 4596 alii
1897 4559 1958 4630 ι)
1979 4564 2124 4602 mum
2149 4546 2446 4617 aperiebat,
2477 4545 2572 4598 hoc
2599 4543 2674 4597 ad
2699 4543 2892 4596 missas
2919 4541 3082 4594 etiam
3117 4538 3328 4606 legeret.
3358 4537 3442 4589 Ita
3470 4533 3609 4589 Gre-

235 4640 488 4696 Sanctus
526 4639 842 4700 decantant,
881 4639 990 4692 hac
1023 4638 1197 4692 oratio
1239 4637 1435 4691 cursim
1469 4636 1697 4690 dicenda
1739 4639 1817 4691 est
1842 4652 1878 4690 a

230 4733 532 4795 sacerdote,
562 4735 671 4786 etc.
699 4731 901 4788 Deinde
925 4746 1043 4784 eum
1060 4731 1359 4784 reverentia
1387 4731 1635 4799 incipiat,
1664 4729 1738 4783 'l‘e
1770 4728 1874 4799 igi-

235 4830 354 4890 tur,
399 4830 506 4880 etc.
540 4825 648 4891 Qui
689 4825 888 4880 Canon
931 4827 1016 4878 est
1049 4821 1277 4878 Ordinis
1314 4821 1580 4889 Romani,
1616 4822 1690 4876 ad
1719 4821 1880 4891 cuius

235 4921 420 4976 ritum
462 4918 698 4974 indubie
740 4934 945 4973 omnes
976 4916 1124 4972 illius
1153 4916 1344 4971 missa
1381 4915 1713 4987 lllyriciana
1748 4931 1875 4970 ora-

231 5014 431 5068 tiones
473 5011 804 5083 respiciunt.
837 5012 1130 5076 Quantum
1167 5026 1301 5066 vero
1333 5027 1368 5066 a
1399 5009 1690 5066 Gallicana
1715 5008 1877 5062 dill‘e-

233 5109 394 5172 rant,
425 5123 494 5160 ex
519 5105 1004 5176 consequentibus
1024 5104 1272 5176 amplius
1293 5103 1666 5158 manifestum
1688 5101 1806 5156 fiet.

309 5205 366 5255 7.
400 5199 630 5254 Primus
656 5198 971 5270 Liturgiam
1005 5197 1357 5253 Gallicanam
1401 5197 1672 5267 detegere
1713 5193 1882 5266 capit

231 5295 349 5366 pia
384 5293 689 5348 memoria
720 5291 1027 5347 cardinalis
1063 5292 1238 5358 Bona,
1271 5289 1367 5362 qui
1406 5289 1465 5344 in
1506 5290 1613 5344 hac
1641 5288 1880 5360 inquisi-

234 5389 400 5444 tione
437 5403 498 5441 se
533 5387 872 5457 implicatum
899 5383 1024 5459 2ο
1053 5386 1202 5440 ultro
1232 5383 1399 5440 fateri
1427 5400 1545 5439 non
1579 5381 1879 5449 dubitavit,

235 5483 538 5554 professus
569 5480 718 5534 hanc
743 5496 868 5534 rem
903 5479 1102 5550 magni
1138 5495 1260 5532 esse
1293 5476 1599 5544 momenti,
1633 5492 1881 5548 eamque

233 5593 359 5631 non
387 5593 458 5630 ex
485 5573 704 5646 proprii
729 5572 948 5644 ingenii
975 5571 1272 5643 figmentis
1293 5574 1392 5626 aut
1416 5567 1733 5626 temeraria
1752 5586 1885 5625 con-

226 5671 485 5739 jectura,
510 5667 615 5722 sed
635 5683 702 5721 ex
726 5667 959 5722 vetustis
979 5665 1376 5721 monumentis
1398 5664 1881 5736 investigandam.

310 5765 366 5818 8.
405 5761 590 5832 Hujus
624 5764 820 5816 autem
861 5761 1067 5815 veteris
1105 5759 1294 5814 missa
1329 5758 1636 5814 Gallicana
1675 5758 1886 5814 indicia

237 5859 496 5932 quatuor
515 5854 686 5914 nobis
706 5854 962 5914 exhibuit
980 5855 1233 5930 optimus
1253 5851 1578 5912 cardinalis.
1601 5852 1882 5924 Primum,

1981 4640 2174 4712 gorius
2201 4638 2258 4692 in
2285 4638 2383 4692 lib.
2415 4653 2469 4691 Iv
2495 4653 2622 4708 cap.
2654 4638 2736 4690 l6.
2760 4635 2828 4690 Et
2854 4635 2912 4688 in
2939 4633 3037 4690 lib.
3063 4648 3161 4685 vui
3185 4647 3308 4702 cap.
3333 4633 3385 4696 7,
3411 4626 3613 4682 memi-

1982 4733 2065 4787 nit
2088 4730 2409 4802 Prophetia
2439 4729 2531 4785 die
2552 4728 2852 4784 Dominico
2875 4727 2950 4781 ad
2969 4725 3204 4780 missam
3225 4720 3612 4794 pronuntiata

1981 4844 2015 4880 a
2062 4824 2316 4880 Palladio
2365 4821 2712 4880 Santonensi
2767 4821 3056 4892 episcopo,
3105 4816 3201 4888 qui
3250 4814 3424 4870 sacris
3475 4817 3612 4867 tunc

1981 4917 2348 4991 operabatur.
2376 4918 2454 4972 Ex
2485 4933 2598 4988 quo
2637 4915 2993 4985 intelligitur,
3025 4911 3300 4966 lectiones
3328 4904 3614 4979 ejusmodi

1981 5029 2099 5068 non
2143 5029 2373 5084 semper
2419 5029 2452 5066 a
2495 5009 2867 5074 subdiacono,
2896 5006 2996 5061 sed
3034 5005 3105 5060 ab
3151 5003 3274 5074 ipso
3315 4998 3613 5055 sacerdote

1981 5124 2080 5161 seu
2109 5106 2375 5177 episcopo
2413 5102 2724 5175 aliquando
2755 5101 2926 5157 fuisse
2963 5099 3316 5163 decantatas,
3349 5093 3506 5166 quod
3543 5093 3616 5147 de

1981 5199 2236 5272 Epistola
2267 5199 2474 5271 probat
2495 5197 2834 5267 Micrologus
2861 5194 2920 5248 in
2948 5210 3072 5264 cap.
3103 5195 3155 5246 8.

2058 5297 2141 5349 ll.
2167 5294 2442 5358 Quartam
2461 5290 2767 5346 Gallicana
2793 5286 3060 5358 Liturgia
3083 5287 3283 5340 notam
3305 5282 3470 5340 nobis
3491 5297 3618 5352 sup-

1985 5386 2204 5458 peditat
2250 5385 2406 5440 idem
2453 5382 2760 5454 Gregorius
2803 5381 2861 5436 in
2906 5380 3002 5435 lib.
3042 5396 3118 5433 vu
3162 5396 3285 5450 cap.
3325 5381 3378 5446 8,
3407 5391 3615 5445 nempe

1984 5479 2274 5534 silentium
2315 5495 2348 5533 a
2385 5477 2628 5532 diacono
2673 5475 2974 5530 indictum.
3003 5472 3262 5545 Gregorii
3294 5471 3467 5526 verba
3497 5469 3617 5522 hac

1985 5575 2118 5626 sunt
2149 5589 2162 5626 :
2187 5593 2214 5620 «
2241 5571 2403 5626 Unde
2436 5571 2652 5625 factum
2680 5573 2784 5638 est,
2804 5571 2867 5623 ut
2895 5567 3153 5639 quadam
3177 5564 3270 5620 die
3296 5559 3614 5623 Dominica,

1985 5669 2290 5738 postquam
2326 5663 2600 5720 diaconus
2637 5663 2929 5718 silentium
2960 5658 3205 5732 populis,
3235 5659 3296 5710 ut
3311 5652 3498 5708 missa
3525 5667 3620 5704 au-

1986 5760 2270 5814 scultaren
2279 5762 2386 5826 tur,
2403 5757 2622 5824 indixit,
2637 5774 2734 5812 rex
2754 5754 3217 5814 Guutchramnus
3228 5743 3620 5800 conversusad

1985 5854 2266 5928 populum
2289 5852 2576 5922 diceret,»
2597 5868 2811 5926 nempe
2831 5852 2893 5905 ut
2909 5846 3052 5904 ﬁdes
3071 5842 3175 5900 sibi
3193 5840 3540 5910 servaretur,
3564 5839 3622 5893 et
