4044 6196
448 302 543 372 l23

1238 310 1570 370 APPENDIX
1608 308 1695 366 AD
1731 307 1954 368 oram
1989 277 2222 366 s'mcn
2259 301 2556 364 canum
2595 293 3025 366 mammas.

3708 292 3804 360 iis

440 421 682 495 nepotes
710 435 842 478 suos
879 419 1133 478 enutrirc
1169 419 1276 477 sibi
1309 420 1528 476 liceret.
1567 417 1697 476 Haec
1733 433 1802 474 eo
1830 416 2076 487 dicente,
2101 429 2159 506 Α
2180 435 2388 494 eodem
2413 432 2618 492 Missaﬁ
2643 433 2836 490 locum
2863 431 3059 501 habet,
3084 427 3240 507 quod
3268 426 3516 504 proinde
3538 426 3806 488 Gothico.

441 515 632 573 omnis
665 517 908 588 populus
937 515 1260 572 orationem
1301 531 1404 586 pro
1439 531 1578 585 rege
1603 513 1754 569 fudit
1779 513 1852 570 ad
1880 514 2074 570 Domi-

441 626 604 666 num.
629 631 655 659 ››
679 610 972 682 Nusquam
1000 607 1326 678 Gregorius,
1351 623 1464 678 quo
1487 607 1676 662 missa:
1705 611 1967 678 tempore
1997 607 2077 662 in-

441 703 658 760 dictum
701 703 773 757 sit
815 701 1140 769 silentium,
1183 701 1394 755 diserte
1432 701 1634 768 tradit;
1669 705 1729 757 at
1775 701 1832 756 in
1873 701 2076 756 Missali

436 795 786 854 Mozarabico
801 793 1189 865 praescribitur
1211 792 1343 867 22
1365 798 1498 848 ante
1515 795 1827 866 Epistolam
1848 793 1937 848 his
1956 811 2077 848 ver-

439 890 526 946 bis
566 907 578 944 :
619 889 900 946 Silentium
935 888 1122 954 facite.
1165 887 1330 952 Quod
1365 888 1620 944 ofﬁcium
1657 887 1898 944 diacono
1939 891 2074 943 ante

436 981 812 1052 Evangelium
842 979 1116 1035 tribuitur
1143 998 1177 1035 a
1199 981 1373 1036 Beato
1401 981 1608 1036 abbate
1634 981 1694 1035 in
1724 981 1820 1035 lib.
1857 998 1900 1036 1:
1933 1000 1960 1033 «
1984 981 2076 1037 Sic

437 1091 566 1131 cum
586 1073 967 1146 Evangelium
987 1091 1020 1128 a
1036 1073 1209 1130 levita
1221 1091 1393 1146 super
1409 1075 1588 1130 altare
1601 1076 1838 1142 levatur,
1855 1092 1888 1130 a
1904 1076 2074 1132 levita

440 1168 696 1240 primum
726 1167 963 1222 dicitur:
989 1170 1132 1223 Laus
1149 1169 1276 1234 tibi;
1298 1171 1356 1222 et
1382 1168 1454 1251 ab
1483 1167 1752 1224 omnibus
1767 1170 2074 1240 responde-

440 1265 533 1318 tur
561 1279 575 1318 :
605 1265 746 1318 Laus
769 1263 888 1324 tibi,
919 1263 1140 1316 Domine
1163 1264 1287 1317 Jesu
1315 1263 1541 1326 Christe,
1578 1265 1692 1319 Rea:
1716 1267 1926 1318 aeternae
1951 1265 2070 1334 glo-

433 1359 552 1412 riae.
585 1354 954 1410 Prascedente
993 1355 1367 1427 Evangelium
1399 1371 1698 1411 cereorum
1733 1357 1981 1424 lumine,

437 1452 571 1505 tunc
602 1468 630 1498 «
659 1447 966 1502 Silentium
1009 1448 1278 1503 omnibus
1311 1448 1580 1519 imperat,
1611 1453 1668 1502 et
1693 1447 1829 1503 dicit
1859 1467 1871 1504 :
1900 1452 2072 1506 Lectio

439 1543 618 1597 sancti
642 1541 928 1610 Evangelii
949 1535 1236 1596 secundum
1263 1543 1600 1604 Matthaeum,
1630 1545 1727 1595 aut
1755 1542 2073 1613 quemlibet

435 1651 503 1688 ex
529 1632 730 1688 tribus.
759 1633 1162 1704 Respondetur
1181 1633 1254 1688 ab
1281 1633 1442 1688 omni
1465 1635 1676 1705 populo
1703 1651 1716 1688 :
1743 1635 1929 1691 Gloria
1947 1636 2067 1700 tibi,

436 1729 676 1783 Domine.
712 1747 740 1774 »
771 1726 1144 1798 Prosequitur
1187 1725 1502 1781 diaconus:
1545 1749 1574 1776 «
1611 1730 1674 1783 In
1707 1713 1804 1782 illo
1840 1732 2070 1798 tempore

431 1823 688 1878 Dominus
712 1825 890 1875 noster
913 1824 1061 1876 Iesus
1091 1821 1334 1878 Christus
1361 1821 1684 1883 ambulavit,
1715 1824 1822 1875 etc.
1854 1842 1882 1870 »
1927 1821 2068 1876 Hinc
2088 1807 2144 1878 Β

433 1913 738 1984 colligitur,
768 1912 1062 1967 silentium
1095 1930 1210 1968 non
1241 1913 1416 1968 modo
1439 1916 1572 1967 ante
1601 1912 1936 1984 Epistolam,
1969 1914 2072 1968 sed

437 2006 612 2060 etiam
645 2009 780 2060 ante
810 2006 1186 2077 Evangelium
1217 2005 1552 2077 impositum
1573 2007 1766 2061 fuisse.
1798 2007 1920 2072 Quo
1947 2008 2068 2062 for-

437 2103 586 2153 tasse
613 2099 844 2172 respicit
870 2099 1119 2154 Nicetius
1141 2099 1440 2170 episcopus
1466 2099 1525 2153 in
1551 2099 1666 2154 fine
1697 2103 1972 2155 tractatus
1997 2100 2068 2154 de

434 2192 774 2264 psalmodise
798 2193 974 2259 Bono,
999 2192 1286 2264 Spicilegii
1313 2197 1473 2247 tomo
1501 2194 1589 2247 ΙΙΙ.
1617 2214 1644 2242 ‹‹
1667 2193 1799 2248 ldeo
1827 2193 1984 2248 enim
2013 2197 2072 2247 et

434 2287 710 2342 diaconus
747 2287 901 2341 clara
936 2303 1071 2340 voce
1110 2287 1167 2340 in
1211 2287 1387 2341 domo
1422 2287 1526 2342 Dei
1573 2287 1750 2342 sancti
1773 2285 2070 2357 .prazconii

438 2379 718 2434 admonet
747 2382 998 2446 cunctos,
1031 2383 1092 2433 ut
1120 2379 1234 2434 sive
1269 2381 1510 2448 orando,
1540 2379 1654 2434 sive
1684 2380 1742 2434 in
1773 2379 2070 2434 ﬂectendis

368 2528 374 2534 ,
433 2472 696 2543 genibus,
728 2472 842 2528 sive
872 2473 929 2527 in
960 2473 1279 2544 psallendo,
1311 2472 1424 2527 sive
1454 2473 1512 2528 in
1547 2473 1886 2528 lectionibus
1913 2472 2064 2528 solli-

431 2565 539 2621 cite
567 2565 889 2635 audiendis,
925 2567 1112 2622 unitas
1139 2569 1396 2621 servetur
1416 2567 1487 2622 ab
1515 2566 1850 2622 omnibus.»

503 2712 588 2764 l2.
607 2708 704 2763 His
728 2708 1212 2780 quatuorindiciis
1229 2709 1558 2780 praemissis,
1577 2709 1734 2763 idem
1761 2707 2068 2764 cardinalis

439 2802 595 2857 Bona
609 2801 722 2856 duo
740 2802 938 2856 laudat
950 2803 1209 2871 Missalia,
1225 2820 1352 2874 qua:
1369 2803 1659 2858 Gallicana
1674 2806 1838 2874 putat
1855 2821 1868 2858 :
1885 2819 2064 2857 unum

431 2913 497 2949 ex
521 2895 869 2950 bibliotheca
895 2895 1033 2950 olim
1055 2896 1383 2962 Petaviana,
1409 2913 1562 2950 nunc
1587 2895 1805 2967 reginae
1827 2896 2063 2964 Sueciee,

427 2988 633 3044 litteris
661 2989 990 3059 majusculis
1012 3005 1111 3042 seu
1133 2989 1428 3060 quadratis
1449 2992 1583 3043 ante
1605 3006 1789 3044 annos
1811 3006 2068 3060 nongen-

431 3083 522 3135 tos
546 3081 820 3151 scriptum
851 3098 864 3136 :
897 3083 1142 3136 alterum
1165 3099 1230 3134 ex
1250 3082 1599 3136 bibliotheca
1617 3081 1889 3137 Vaticana
1909 3084 2068 3137 Pala-

2179 517 2524 602 gallicanufn
2555 529 2846 600 appellare
2877 527 3028 581 licet.

2249 643 2332 697 14.
2370 643 2548 696 Porro
2583 639 2777 695 Galliae
2805 637 3192 694 Narbonensis
3231 635 3496 692 ecclesias
3533 635 3810 692 eumdem

2174 733 2351 790 ritum
2387 733 2445 788 in
2492 731 2666 788 sacris
2705 736 2878 804 atque
2915 730 3245 802 Hispanicas
3287 729 3614 785 adhibuisse
3648 733 3816 802 patet

2176 845 2244 882 ex
2293 825 2516 882 concilii
2560 843 2616 880 Iv
2667 825 2927 881 Toletani
2971 840 3192 879 canone
3243 826 3328 890 l2,
3381 839 3495 894 quo
3540 823 3812 879 statuitur

2172 926 2234 976 ut
2253 922 2388 992 pari
2409 919 2564 976 modo
2590 920 2772 978 Gallia
2791 920 3166 990 Hispaniaque
3187 917 3430 972 celebret.
3453 918 3566 971 Nec
3593 915 3806 972 admit-

2173 1014 2350 1068 tenda
2372 1017 2458 1068 est
2477 1012 2775 1080 correctio,
2791 1027 2918 1083 quin
2938 1010 3012 1066 ad
3034 1026 3200 1066 oram
3221 1009 3498 1064 librorum
3517 1009 3807 1065 editorum

2175 1107 2501 1178 apponitur,
2530 1106 2626 1160 ubi
2653 1121 2758 1176 pro
2788 1103 2968 1160 Gallia
2997 1102 3108 1170 hic,
3133 1105 3306 1174 atque
3335 1102 3512 1157 etiam
3543 1102 3602 1157 in
3631 1119 3806 1157 cano-

2165 1214 2246 1255 ne
2267 1199 2550 1271 sequenti,
2567 1197 2800 1254 Gallicia
2821 1195 3073 1268 ponitur.
3097 1197 3257 1250 Hunc
3280 1195 3492 1266 quippe
3513 1196 3706 1250 locum
3730 1195 3813 1251 ita

2172 1293 2312 1364 legit
2335 1294 2519 1347 Berno
2551 1292 2728 1347 abbas
2747 1288 3051 1361 Augiensis
3071 1305 3196 1360 cap.
3212 1291 3264 1355 2,
3289 1288 3386 1344 ubi
3406 1289 3596 1344 Gallos
3630 1291 3689 1342 et
3709 1289 3812 1343 Hi-

2171 1402 2381 1457 spanos
2396 1389 2456 1441 in
2473 1387 2760 1441 missarum
2781 1399 3006 1439 suarum
3021 1382 3325 1437 celebritate
3349 1397 3386 1436 a
3409 1381 3675 1438 Romano
3703 1399 3810 1436 usu

2170 1479 2434 1534 similiter
2466 1477 2766 1533 recessisse
2799 1477 3032 1531 fatetur.
3059 1474 3232 1546 Atqui
3267 1490 3385 1530 non
3416 1475 3603 1529 solum
3627 1474 3811 1530 Gallia

2169 1561 2574 1638 Narbonensis,
2605 1570 2707 1625 sed
2733 1568 2910 1624 etiam
2939 1567 3066 1623 alia:
3091 1566 3218 1640 24
3247 1567 3560 1623 Galliarum
3581 1567 3812 1638 provin-
3862 1600 3866 1601 ί

2169 1665 2270 1719 ciae
2303 1665 2363 1719 in
2401 1665 2610 1719 eodem
2649 1663 2763 1718 ritu
2799 1661 3242 1728 conveniebant,
3281 1663 3345 1714 ut
3379 1676 3448 1714 ex
3480 1660 3608 1731 jam
3645 1659 3811 1715 dictis

2169 1757 2472 1828 colligitur,
2497 1755 2894 1827 constabitque
2923 1753 3172 1826 amplius
3200 1771 3268 1811 ex
3293 1753 3380 1821 iis,
3410 1770 3539 1825 quas
3568 1771 3636 1808 ex
3665 1754 3804 1809 Gre-

2171 1851 2334 1922 gorio
2363 1849 2678 1905 Turonensi
2705 1848 2973 1920 episcopo
3001 1849 3204 1919 postea
3231 1847 3574 1902 referemus.

2244 1968 2326 2020 lii.
2343 1966 2604 2019 Alterum
2626 1981 2692 2018 ex
2711 1963 3025 2019 Missalibus
3039 1961 3438 2018 Thomasianis
3454 1963 3806 2017 Francorum

2170 2058 2512 2128 appellatur,
2532 2057 2687 2128 quod
2709 2056 2947 2111 missam
2980 2073 3084 2128 pro
3112 2072 3252 2127 rege
3279 2057 3629 2110 Francorum
3657 2055 3809 2110 exhi-

2167 2151 2322 2216 beat,
2345 2150 2426 2204 uti
2455 2153 2513 2204 et
2539 2150 2777 2204 missam
2807 2150 2878 2204 de
2906 2153 3102 2204 sancto
3130 2148 3508 2219 Leodegario,
3529 2165 3595 2203 ac
3623 2148 3813 2218 Roga-

2169 2243 2357 2300 tiones
2397 2247 2532 2297 ante
2571 2243 3004 2298 Ascensionem.
3052 2241 3337 2296 Eumdem
3392 2245 3589 2296 autem
3627 2241 3807 2296 ritum

2169 2335 2446 2403 continet,
2479 2338 2652 2408 atque
2679 2336 3018 2408 praedictum
3047 2333 3660 2405 Gothicogallicanum.

2245 2459 2328 2510 l6.
2361 2455 2456 2510 His
2483 2455 2706 2510 duobus
2725 2455 3038 2512 Missalibus
3063 2454 3299 2510 tertium
3322 2455 3534 2526 adjecit
3557 2455 3806 2510 Thoma-

2169 2547 2284 2602 sius
2305 2565 2371 2602 ex
2393 2548 2599 2604 Codice
2629 2549 2764 2604 olim
2789 2549 3118 2616 Pctaviano,
3144 2565 3318 2620 quem
3341 2547 3539 2602 laudat
3555 2549 3810 2603 Joannes

2166 2641 2414 2696 Morinus
2441 2641 2499 2696 in
2531 2642 2674 2697 libro
2697 2643 2769 2696 de
2791 2642 2964 2697 sacris
2988 2640 3474 2706 Ordinationibus,
3496 2644 3810 2712 censetque

2167 2733 2444 2806 scriptum
2472 2739 2607 2790 ante
2637 2753 2856 2790 annum
2889 2739 2991 2790 560
3021 2735 3078 2789 in
3111 2751 3224 2806 quo
3258 2734 3504 2788 habetur
3529 2733 3706 2788 missa
3733 2735 3810 2790 de

2166 2831 2364 2882 sancto
2401 2828 2632 2896 Hilario,
2665 2827 2921 2899 itemque
2961 2827 3073 2883 alia
3112 2828 3183 2882 de
3219 2827 3649 2899 Rogationibus.
3687 2827 3810 2882 Hoc

2163 2918 2380 2974 Missale
2429 2921 2768 2976 Thomasius
2821 2920 3177 2976 Gallicanum
3223 2924 3385 2975 vetus
3426 2921 3695 2991 appellat.
3741 2922 3808 2974 In

2162 3012 2366 3067 Missali
2393 3013 2602 3086 primo,
2635 3014 2694 3068 id
2725 3018 2810 3068 est
2830 3015 2888 3068 in
2911 3013 3148 3070 Gothico
3178 3031 3353 3085 purus
3375 3013 3527 3068 Ordo
3557 3013 3801 3068 Gallica-

2167 3120 2293 3175 nus,
2316 3107 2374 3162 in
2403 3109 2654 3164 secundo
2684 3111 2742 3162 et
2770 3107 2938 3163 tertio
2970 3106 3235 3162 nonnihil
3257 3106 3572 3161 admistum
3605 3124 3670 3160 ex
3695 3107 3808 3162 Ro-

429 3173 554 3273 tina
579 3191 592 3228 ⁵
622 3174 806 3273 a_mb°_
825 3173 910 3245 (ut
937 3174 1172 3273 qui‘lem
1201 3174 1463 3273 conjid?)
1483 3175 1924 3273 ,ει-δίψείρῖιξθοει
1942 3177 2066 3273 F19“
2091 3184 2145 3258 C
2174 3173 2368 3269 mano,
2401 3201 2480 3256 uti
2511 3201 2688 3256 fusius
2716 3218 3069 3273 exponemus
3095 3200 3258 3256 initio
3288 3199 3417 3255 libri
3459 3217 3540 3267 III,
3573 3199 3666 3254 ubi
3693 3199 3810 3255 tria

425 3265 692 3334 riacensi,
718 3267 878 3338 cujus
897 3285 1028 3339 pars
1051 3268 1384 3339 Bongarsio,
1405 3268 1616 3323 deinde
1638 3269 1896 3325 Palatino
1917 3270 2071 3341 prin-

429 3358 536 3430 cipi
555 3377 568 3427 ;
590 3377 724 3431 pars
742 3361 973 3416 Petavio
1006 3362 1300 3434 quondam
1324 3365 1476 3416 sorte
1499 3362 1684 3430 cessit,
1710 3361 1790 3416 uti
1813 3363 1952 3418 alias
1973 3381 2066 3418 ex-

427 3469 730 3524 ponemus.
749 3454 870 3508 Duo
892 3455 1012 3510 hinc
1031 3455 1293 3524 Missalia,
1310 3472 1555 3527 quorum
1575 3455 1890 3526 specimina
1910 3455 2068 3511 idem

430 3545 738 3602 cardinalis
768 3547 985 3602 ibidem
1014 3548 1286 3616 exhibuit,
1313 3550 1594 3620 Iosephus
1618 3549 1959 3604 Thomasius
1987 3549 2070 3604 in-

431 3643 801 3712 tegra,prout
821 3641 880 3696 in
903 3642 1124 3712 scriptis
1147 3641 1448 3698 Codicibus
1467 3643 1774 3710 habentur,
1789 3623 2067 3699 Romanis

427 3732 577 3803 typis
605 3733 855 3803 vulgavit
884 3751 1037 3788 anno
1069 3738 1224 3801 1680,
1251 3752 1433 3806 eaque
1455 3735 1529 3789 ad
1554 3739 1810 3790 veterem
1833 3737 2067 3793 Gallica-

433 3841 574 3878 num
603 3825 881 3881 Ordinem
910 3826 1199 3898 pertinere
1228 3827 1662 3882 demonstravit.

501 3963 629 4038 23
651 3968 734 4020 13.
753 3966 1178 4036 Argumentum
1193 3967 1314 4038 ejus
1328 3983 1506 4021 unum
1523 3971 1626 4036 est,
1643 3969 1797 4039 quod
1808 3968 2063 4040 primum

433 4077 498 4112 ex
529 4058 638 4112 illis
673 4058 984 4114 Missalibus
1017 4061 1315 4132 complura
1341 4060 1534 4116 Galliae
1561 4065 1891 4116 sanctorum
1921 4063 2066 4118 festa

429 4151 744 4220 contineat,
757 4151 1022 4208 videlicet
1033 4153 1211 4208 sancti
1227 4154 1519 4210 Saturnini
1535 4154 1784 4226 episcopi
1800 4156 2062 4210 Tolosani

427 4249 485 4300 et
514 4245 804 4318 martyris,
834 4250 1165 4302 sanctorum
1204 4248 1454 4302 Ferreoli
1487 4247 1810 4320 Presbyteri
1847 4251 1905 4304 et
1929 4249 2059 4304 Fer-

425 4338 667 4406 rutionis
688 4339 913 4395 diaconi
941 4345 1264 4411 martyrum
1285 4341 1848 4410 Vesontionensium,
1882 4342 2062 4398 sancti

427 4432 834 4504 Symphoriani
863 4433 1132 4505 martyris
1152 4435 1705 4506 Augustodunensis,
1731 4440 2061 4492 sanctorum

422 4525 672 4580 Mauricii
686 4529 744 4580 et
760 4527 1046 4582 sociorum
1069 4532 1393 4600 martyrum
1409 4529 1864 4600 Agaunensium,
1880 4529 2059 4584 sancti

423 4617 762 4688 Leodegarii
789 4619 1040 4690 episcopi
1067 4621 1384 4689 Aiduensis,
1410 4625 1468 4675 et
1493 4622 1671 4677 sancti
1700 4623 1925 4678 Martini
1951 4623 2056 4677 Tu-

429 4711 713 4766 ronensis.
753 4712 974 4767 Deinde
1024 4715 1178 4785 quod
1215 4715 1497 4770 triduana;
1537 4716 1888 4788 Rogationes
1926 4719 2060 4770 ante

419 4803 830 4860 Ascensionem
849 4806 907 4860 in
929 4807 1136 4862 eodem
1158 4807 1362 4862 Missali
1389 4824 1455 4862 ex
1477 4808 1765 4862 Gallicano
1790 4809 1903 4863 ritu
1925 4816 2068 4880 praes

419 4898 642 4970 scriptae
669 4899 799 4955 sint.
834 4899 1073 4954 Accedit
1111 4900 1266 4971 quod
1298 4899 1514 4954 ibidem
1555 4900 1936 4956 Collectiones
1960 4918 2056 4956 vo-

417 4995 619 5046 cantur
645 4993 934 5048 orationes
957 4992 1134 5047 Missae
1155 5010 1166 5046 :
1189 5009 1302 5063 quo
1335 4992 1571 5046 nomine
1601 4994 1968 5063 appellantur
1997 4995 2057 5052 in

421 5085 644 5141 concilii
673 5085 1018 5156 Agathensis
1041 5101 1261 5140 canone
1285 5088 1372 5152 30,
1407 5088 1464 5139 et
1485 5085 1640 5156 quod
1661 5085 1919 5156 Symboli
1939 5090 2056 5143 tra-

421 5178 560 5233 ditio
581 5179 683 5234 fiat
706 5179 764 5232 in
787 5178 1088 5232 Dominica
1107 5179 1468 5232 Palmarum:
1495 5178 1650 5249 quod
1669 5183 1794 5234 ante
1812 5185 1923 5235 octo
1943 5181 2058 5239 dies

416 5273 695 5326 dominicae
731 5273 1146 5328 Resurrectionis
1175 5271 1388 5342 publice
1430 5274 1488 5326 in
1522 5272 1739 5328 ecclesia
1768 5279 2058 5344 competen-

415 5364 558 5418 tibus
592 5363 744 5417 tradi
777 5362 959 5417 sancit
994 5363 1151 5417 idem
1189 5363 1493 5419 concilium
1534 5381 1758 5420 canone
1797 5369 1880 5422 l3.
1914 5367 2057 5422 Illud

417 5459 612 5511 autem
635 5455 856 5510 Missale
878 5455 1182 5512 Gothicam
1205 5475 1384 5512 manu
1405 5458 1708 5515 recentiori
1730 5459 2057 5515 inscribitur

419 5550 478 5604 in
492 5547 698 5604 Codice
714 5547 1080 5621 perantiquo,
1097 5554 1405 5622 propterea
1421 5553 1575 5624 quod
1597 5553 1771 5608 fuerit
1791 5555 1865 5609 ad
1887 5572 2052 5610 usum

417 5644 731 5711 Gallorum,
751 5641 849 5714 qui
870 5644 1244 5699 versabantur
1263 5645 1322 5700 in
1351 5645 1528 5702 Gallia
1551 5647 1927 5716 Narbonensi,
1952 5650 2055 5706 Go-

421 5737 653 5792 thorum
685 5753 868 5809 regno
906 5737 1046 5792 olim
1085 5739 1359 5809 subjecta.
1401 5739 1565 5794 Unde
1601 5741 1813 5796 festum
1843 5746 2054 5798 sanctae

416 5829 644 5886 Eulalia
681 5830 916 5904 virginis
945 5835 1003 5890 et
1039 5832 1309 5906 martyris
1355 5833 1690 5892 Lusitaniae
1728 5834 1959 5893 illustris
1993 5837 2053 5894 in

2170 3293 2288 3348 hinc
2323 3293 2563 3349 Missalia
2587 3295 2816 3367 integra
2843 3295 3182 3348 referemus.

2243 3418 2326 3470 17.
2352 3417 2414 3468 In
2434 3414 2522 3469 his
2540 3413 2852 3470 Missalibus
2873 3414 3176 3470 Gallicanis
3199 3413 3447 3470 occurrit
3465 3413 3654 3485 primo
3677 3415 3804 3470 loco

2166 3507 2452 3576 Prazfatio,
2478 3524 2604 3579 quae
2627 3511 2712 3563 est
2731 3508 2919 3580 prima
2941 3508 3209 3580 Liturgia:
3229 3525 3381 3580 pars,
3405 3507 3579 3562 veluti
3598 3507 3808 3563 adhor-

2166 3601 2307 3657 tatio
2335 3601 2409 3656 ad
2439 3603 2747 3673 populum;
2777 3602 3204 3672 respondetque
3233 3600 3481 3657 orationi
3511 3600 3614 3668 illi,
3642 3601 3808 3672 cujus

2167 3695 2439 3750 meminit
2459 3695 2662 3750 Beatus
2683 3695 2859 3750 abbas
2881 3695 3162 3766 Hispanus
3182 3711 3362 3767 agens
3387 3693 3456 3748 de
3484 3693 3659 3749 missa
3684 3694 3802 3750 Mo-

2167 3789 2441 3843 zarabum
2470 3788 2558 3842 his
2585 3789 2772 3843 verbis
2797 3789 3056 3860 superius
3081 3788 3276 3844 relatis
3301 3805 3314 3843 :
3347 3810 3374 3837 «
3402 3787 3597 3843 Prima
3619 3788 3804 3844 oratio

2166 3882 2426 3952 ejusdem
2447 3881 2623 3936 Missae
2646 3881 3120 3938 commonitionis
3143 3898 3283 3953 erga
3305 3881 3584 3952 populum
3613 3883 3718 3948 est,
3743 3884 3809 3936 ut

2166 3991 2371 4030 omnes
2391 3975 2712 4029 excitentur
2731 3975 2805 4030 ad
2827 3975 3184 4031 exorandum
3206 3977 3410 4030 Deum.
3436 3995 3464 4023 »
3495 3973 3714 4029 Deinde
3744 3973 3806 4028 in

2163 4068 2274 4122 illis
2298 4067 2612 4123 Missalibus
2647 4069 2906 4140 sequitur
2931 4069 3224 4136 Collectio,
3254 4086 3367 4140 quo
3406 4067 3644 4123 nomine
3672 4083 3807 4122 ora-

2163 4161 2350 4216 tiones
2373 4161 2550 4216 Missee
2585 4162 2952 4232 appellantur
2985 4161 3044 4216 in
3073 4161 3296 4216 concilii
3325 4161 3672 4232 Agatbensis
3709 4177 3807 4216 ca-

2165 4271 2315 4308 none
2337 4257 2423 4310 30.
2457 4254 2645 4309 Tertio
2670 4255 2794 4310 loco
2815 4254 3070 4310 succedit
3091 4254 3362 4310 Collectio
3385 4255 3519 4308 Post
3541 4253 3805 4321 nomina,

2162 4347 2374 4402 scilicet
2398 4347 2790 4415 offerentium,
2829 4351 2888 4402 et
2917 4351 3268 4403 sanctorum.
3301 4348 3516 4412 Quarto
3557 4347 3809 4406 Collectio

2158 4441 2250 4496 Ad
2269 4457 2475 4512 pacem.
2508 4441 2646 4505 Quae
2673 4440 2798 4495 duae
2825 4441 3116 4496 orationes
3137 4440 3338 4496 itidem
3359 4439 3419 4495 in
3446 4439 3804 4496 Mozarabico

2165 4535 2313 4588 hunc
2335 4535 2524 4589 locum
2549 4537 2848 4606 occupant.
2877 4533 3108 4600 Quinto,
3133 4533 3510 4600 Contestatio,
3536 4533 3674 4588 alias
3695 4535 3808 4588 Im-

2162 4627 2400 4682 molatio
2430 4615 2636 4695 missae,
2669 4631 2744 4694 et,
2769 4630 2831 4682 ut
2856 4627 3010 4698 apud
3029 4627 3374 4694 Mozarabes,
3405 4626 3609 4693 lllatio,
3635 4626 3805 4682 nobis

2163 4719 2340 4774 modo
2359 4720 2644 4787 Praefatio,
2659 4720 2719 4774 in
2737 4737 2851 4791 qua
2871 4720 3072 4775 ﬁdeles
3088 4736 3302 4776 sursum
3321 4721 3484 4776 corda
3505 4737 3564 4774 se
3585 4720 3804 4774 habere

2161 4816 2576 4868 contestantur.
2605 4813 2738 4886 25
2766 4815 2970 4868 Postea
2990 4817 3310 4884 sequuntur
3344 4813 3470 4868 alia;
3499 4813 3799 4868 Collectio-

2167 4923 2270 4960 nes
2295 4907 2430 4960 Post
2454 4906 2715 4973 Sanctus,
2743 4908 2878 4960 Post
2903 4905 3266 4977 mysterium,
3298 4906 3358 4961 id
3387 4909 3474 4962 est
3497 4922 3800 4962 consacra-

2159 4998 2402 5067 tionem,
2429 5000 2576 5053 Ante
2613 5003 2670 5053 et
2686 5001 2838 5074 .Post
2876 4998 3240 5054 Dominicam
3284 4999 3629 5066 orationem,
3667 5000 3806 5054 Post

2157 5091 2574 5147 Eucharistiam
2600 5109 2700 5146 seu
2721 5085 3306 5160 communioncm,'et
3333 5092 3458 5148 aliae
3485 5091 3720 5148 similes.
3737 5094 3803 5146 In

2158 5185 2266 5240 illis
2301 5188 2498 5240 autem
2532 5185 2846 5241 Missalibus
2874 5185 3083 5240 desunt
3111 5185 3386 5240 lectiones
3413 5189 3537 5240 tum
3567 5202 3633 5239 ex
3665 5201 3801 5256 pro-

2155 5278 2344 5349 phetis
2371 5281 2430 5333 et
2467 5295 2534 5333 ex
2557 5280 2852 5350 Apostolo,
2887 5283 3008 5333 tum
3037 5296 3103 5334 ex
3130 5278 3470 5350 Evangelia;
3501 5295 3608 5333 nec
3643 5279 3800 5350 quis-

2159 5387 2334 5443 quam
2363 5388 2460 5426 eas
2483 5371 2727 5427 antehac
2745 5371 3000 5444 reperire
3028 5371 3231 5443 potuit.
3257 5373 3370 5428 Has
3387 5389 3524 5428 vero
3544 5372 3670 5444 jam
3699 5372 3802 5426 de-

2158 5481 2324 5519 mum
2355 5465 2506 5520 felici
2541 5481 2674 5520 casu
2701 5482 2886 5538 nuper
2922 5464 3250 5520 invenimus
3277 5465 3336 5521 in
3363 5465 3675 5521 veterrima
3704 5482 3804 5521 co-

2157 5557 2280 5611 dice
2327 5559 2662 5614 monasterii
2698 5559 3080 5626 Luxoviensis,
3121 5559 3326 5614 litteris
3363 5559 3808 5631 Francogallicis

2157 5653 2292 5705 ante
2327 5668 2512 5708 annos
2540 5652 2698 5708 mille
2727 5656 2980 5720 exarato,
3007 5651 3078 5707 de
3109 5669 3222 5724 quo
3251 5657 3454 5725 postea
3486 5652 3804 5708 dicendum

2155 5743 2406 5799 uberius.
2453 5745 2739 5802 Hactenus
2780 5746 3086 5802 Missalium
3135 5747 3560 5802 Gallicanorum
3607 5751 3808 5820 partes

2157 5854 2281 5912 quae
2303 5838 2542 5896 omnino
2569 5856 2700 5897 cum
2739 5840 3101 5898 Mozarabicis
3135 5839 3507 5898 conveniunt.
