4044 6196
249 259 361 318 125

888 371 1112 430 CAPUT
1148 373 1234 432 IV.

1255 264 1343 322 DE
1381 265 1692 324 LITURGIA
1727 265 2098 324 GALLICANA
2139 265 2335 323 LIBER
2371 265 2637 323 PRIMUS.

1905 373 2180 480 Atenda.
2230 373 2396 480 Quod
2441 390 2556 480 qua
2595 343 2912 480 occasicne,
2954 386 3142 480 quove
3181 367 3614 480 tempore‘fler‘i

3513 256 3612 320 126

243 472 546 531 Gallicana
597 475 860 546 Κέω-σεε
899 491 1018 532 cum
1056 477 1185 533 aliis
1220 479 1462 542 Latinis,
1499 478 1734 532 maxime
1767 491 1886 532 cum
1905 465 1966 480 ’⁸
1984 470 2231 538 emptum
2261 467 2353 536 sit,
2382 485 2448 522 ex
2472 465 2651 522 veteri
2682 465 2920 523 historia
2950 466 3416 538 Compostellana
3444 465 3616 521 docet.

310 555 662 612 Mazarabica
695 559 1048 627 comparatio.
1081 558 1170 613 An
1202 557 1548 614 Mozarabica
1584 559 1882 628 antiquior.

313 635 550 704 Qui-nam
579 635 874 692 Gallicanae
899 640 1160 694 auctores.

317 751 365 804 l.
381 747 502 804 Etsi
519 748 576 802 in
593 748 886 804 Gallicano
911 749 1032 809 ritu
1047 749 1266 805 eaedem
1292 749 1532 806 omnino
1564 751 1756 821 partes
1772 748 1887 803 sint

242 844 422 912 atque
457 842 520 896 in
563 842 934 912 Mozarabico,
967 843 1081 898 alia
1116 845 1312 899 tamen
1355 847 1440 898 est
1480 843 1540 898 in
1592 841 1884 898 Gallicano

243 935 668 990 Collectionum
701 935 1062 1008 compositio,
1091 935 1230 992 item
1263 936 1388 992 alias
1417 936 1631 1008 passim
1663 935 1880 991 Lectio-

240 1043 346 1082 nes
365 1044 436 1083 ex
458 1027 648 1083 Veteri
670 1045 736 1083 ac
755 1031 910 1086 Novo
929 1030 1318 1098 Testamento,
1341 1033 1516 1102 atque
1540 1029 1716 1086 etiam
1737 1029 1884 1086 alius

241 1137 420 1176 sacrae
445 1121 687 1177 actionis
722 1123 942 1190 Canon,
973 1122 1068 1196 qui
1099 1123 1158 1178 in
1188 1123 1478 1195 plerisque
1509 1123 1698 1178 missis
1730 1126 1883 1178 utro-

240 1214 423 1287 bique
459 1215 714 1270 diversus
755 1218 860 1270 est.
895 1217 1106 1272 Verum
1131 1217 1306 1288 longe
1337 1215 1528 1288 majus
1557 1219 1683 1272 erat
1708 1216 1879 1272 Galli-

241 1309 376 1364 cani
400 1307 630 1363 Ordinis
658 1308 964 1364 discrimen
999 1327 1032 1364 a
1059 1309 1298 1366 caeteris.

312 1405 366 1458 2.
400 1402 595 1458 Primo
627 1401 686 1456 in
713 1403 1004 1459 Gallicana
1031 1403 1330 1459 Lectiones
1355 1402 1570 1475 passim
1593 1403 1720 1458 dum
1745 1407 1880 1458 ante

241 1495 641 1566 Evangelium,
657 1497 848 1567 utjam
861 1497 1124 1564 diximus,
1141 1497 1552 1565 recitabantur,
1567 1513 1684 1552 una
1699 1513 1766 1551 ex
1781 1497 1884 1551 Ve-

243 1587 352 1644 teri
377 1589 768 1658 Testamento,
792 1591 974 1644 altera
994 1607 1061 1644 ex
1088 1591 1264 1645 Novo.
1282 1591 1357 1644 At
1381 1590 1442 1645 in
1474 1591 1736 1645 Romano
1765 1606 1882 1645 una

241 1685 474 1738 tantum
502 1683 694 1738 Lectio
720 1699 788 1737 ex
824 1683 1090 1755 Epistolis
1117 1683 1296 1751 Pauli,
1329 1687 1393 1738 ut
1423 1687 1584 1756 patet
1612 1700 1732 1739 non
1760 1687 1880 1740 tam

1981 561 2582 629 Ambrosiuslllorales,
2598 563 2657 616 et
2676 578 2742 615 ex
2763 577 2832 615 eo
2855 560 3130 615 Baronius
3151 559 3224 616 ad
3245 576 3466 615 annum
3483 562 3608 616 918.

1981 655 2200 726 Nempe
2235 675 2263 706 α
2299 655 2682 710 Sisenandum
2723 655 3125 726 Compostellae
3163 653 3497 727 episcopum
3535 653 3614 709 ad

1981 750 2266 803 Joannem
2293 765 2507 819 papam
2537 764 2592 815 x,
2625 745 2724 818 qui
2755 748 2925 818 paulo
2965 750 3100 802 ante
3133 749 3412 818 Legatum
3441 764 3610 802 suum

1983 842 2432 914 Compostellam
2455 841 2529 896 ad
2553 840 2950 896 venerandum
2972 839 3152 895 sancti
3181 840 3374 896 Jacobi
3405 857 3612 913 corpus

1983 934 2286 1003 direxerat,
2310 935 2531 991 misisse
2550 936 2835 991 Joannem
2856 934 3282 1005 Presbyterum,
3305 937 3370 988 ut
3396 935 3608 990 Roma-

1983 1046 2088 1084 nos
2111 1029 2254 1084 ritus
2285 1030 2628 1101 exploraret,
2655 1031 2712 1082 et
2740 1044 2871 1082 cum
2905 1027 3263 1084 Mozarabicis
3293 1029 3602 1084 conferret.
3647 1020 3659 1030 ’

1981 1123 2050 1178 Et
2065 1124 2350 1178 Joannem
2371 1123 2609 1194 quidem
2633 1121 2984 1188 observasse,
3009 1121 3270 1194 quamvis
3290 1122 3476 1176 multa
3494 1121 3610 1176 ritu

1982 1215 2225 1284 diverso,
2263 1217 2321 1270 in
2352 1218 2510 1271 nullo
2552 1219 2752 1271 tamen
2797 1232 2868 1270 ea
2903 1214 3227 1286 discrepare
3263 1233 3298 1270 a
3332 1215 3611 1271 catholica

1978 1309 2238 1364 veritate.
2268 1309 2454 1375 Quam
2489 1309 2561 1364 ob
2587 1327 2715 1364 rem
2746 1309 3066 1365 Sisenando
3095 1308 3155 1362 in
3182 1308 3400 1380 synodo
3423 1309 3612 1363 visum

1981 1419 2124 1472 esse,
2143 1402 2369 1459 omissis
2396 1403 2634 1475 reliquis
2660 1407 2943 1474 tanquam
2969 1401 3202 1457 levioris
3222 1402 3526 1468 momenti,
3549 1403 3612 1456 ut

1980 1496 2290 1552 sacratiora
2311 1497 2406 1552 illa
2424 1496 2788 1568 potissimum
2809 1496 3002 1564 verba,
3019 1496 3226 1568 quibus
3246 1495 3612 1552 incruentum

1979 1589 2321 1647 sacriﬁcium
2360 1590 2682 1661 perficitur,
2721 1591 2986 1646 Romano
3027 1589 3142 1647 ritu
3176 1589 3640 1660 proferrentur,.

1981 1699 2110 1754 quas
2127 1683 2409 1756 aliquibus
2433 1683 2644 1768 additis
2663 1685 2751 1738 vel
2777 1683 3015 1739 mutatis
3037 1682 3117 1738 ita
3140 1682 3200 1738 in
3232 1681 3384 1738 dicto
3409 1681 3613 1746 Missali

244 1792 308 1832 ex
331 1777 482 1831 falsa
507 1776 735 1830 Damasi
763 1776 1003 1848 epistola
1023 1777 1276 1832 secunda
1295 1777 1569 1832 decretali
1590 1777 1665 1832 ad
1689 1777 1882 1832 Hiero-
1899 1773 1958 1846 B
1981 1777 2190 1848 scripta
2219 1780 2412 1832 essent
2438 1793 2452 1832 :
2483 1781 2594 1834 Hoc
2616 1782 2693 1832 est
2721 1793 2910 1848 corpus
2936 1792 3130 1840 meum,
3175 1777 3318 1846 quod
3337 1792 3442 1847 pro
3467 1777 3616 1832 vobis

245 1887 511 1942 nymum,
559 1886 735 1940 quam
787 1887 856 1925 ex
889 1869 1036 1926 libro
1085 1869 1342 1939 Comitis,
1384 1873 1444 1924 et
1485 1887 1553 1924 ex
1586 1869 1883 1925 Walafridi

243 1963 428 2020 Strabi
461 1979 590 2034 cap.
619 1966 708 2031 22,
739 1965 1128 2035 praeterquam
1152 1964 1212 2019 in
1227 1963 1412 2021 Natali
1433 1962 1665 2019 Domini
1685 1966 1744 2018 et
1763 1963 1884 2035 qui-

243 2055 492 2112 husdam
521 2056 646 2114 aliis
677 2056 897 2124 diebus,
936 2056 1008 2112 de
1049 2057 1255 2128 quibus
1287 2057 1627 2128 Micrologus
1666 2055 1792 2130 26
1820 2057 1881 2112 in

245 2150 430 2222 capite
456 2153 545 2204 52.
568 2150 788 2205 Deinde
810 2150 870 2204 in
883 2151 1147 2207 Romano
1171 2167 1270 2204 seu
1292 2151 1594 2206 Gelasiano
1617 2150 1741 2206 aliae
1763 2167 1882 2206 om-

246 2242 380 2298 nino
407 2247 580 2297 erant
599 2246 810 2314 partes,
831 2245 986 2315 quod
1013 2261 1079 2299 ex
1109 2243 1390 2315 superiori
1410 2243 1706 2315 utriusque
1729 2259 1882 2298 com-

243 2337 548 2408 paratione
579 2336 954 2392 manifestum
986 2341 1090 2391 est.
1115 2336 1492 2393 Collectiones
1513 2337 1724 2408 quippe
1750 2339 1883 2393 Post

247 2430 504 2498 nomina,
515 2431 653 2485 Post
671 2446 892 2502 pacem,
909 2432 1059 2484 Ante
1073 2432 1274 2486 etPost
1292 2430 1654 2502 mysterium,
1672 2431 1882 2485 desunt

247 2523 303 2577 in
325 2522 650 2592 Gelasiano,
673 2523 732 2578 in
755 2540 868 2594 quo
890 2540 1120 2595 semper
1143 2523 1298 2579 idem
1319 2540 1492 2579 sacra:
1513 2523 1752 2578 actionis
1773 2525 1877 2580 Ca-

249 2633 386 2685 non,
411 2621 618 2672 contra
646 2633 822 2688 quam
849 2617 909 2672 in
934 2616 1244 2672 Gallicano.
1269 2617 1448 2672 Unica
1474 2616 1650 2672 etiam
1676 2620 1803 2671 erat
1819 2616 1882 2671 in

249 2711 516 2766 Africano
542 2710 735 2780 Lectio
763 2713 897 2764 ante
917 2709 1292 2782 Evangelium
1321 2727 1389 2764 ex
1416 2709 1600 2765 dictis.
1631 2710 1878 2765 Ambro-
1901 2754 1906 2760 .

251 2805 443 2858 sianus
473 2821 644 2876 porro
670 2804 832 2871 ritus,
853 2803 958 2859 etsi
987 2803 1130 2860 duas
1155 2821 1287 2859 cum
1309 2803 1600 2859 Gallicano
1623 2807 1682 2859 et
1699 2805 1876 2860 Moza-

249 2898 443 2953 rabico
475 2897 766 2965 admittat,
792 2897 852 2951 in
881 2898 990 2952 hoc
1020 2899 1218 2952 tamen
1240 2914 1274 2952 a
1293 2896 1643 2954 Mozarabico
1666 2897 1877 2964 differt,

250 2996 420 3063 atque
449 2992 533 3061 (ut
561 2991 798 3063 quidem
829 2990 947 3046 veri
975 2991 1334 3046 simillimum
1367 2990 1471 3062 est)
1504 3007 1538 3044 a
1564 2989 1876 3059 Gallicano,

251 3085 406 3156 quod
435 3085 681 3140 Alleluia
706 3087 947 3139 canatur
970 3085 1031 3139 in
1060 3084 1446 3139 Ambrosiano
1472 3087 1607 3138 ante
1627 3085 1883 3155 Evange-

249 3179 412 3244 lium,
426 3195 588 3234 secus
603 3178 662 3232 in
678 3177 1046 3246 Mozarabico,
1061 3181 1124 3232 ut
1138 3177 1394 3250 praecipit
1411 3195 1597 3233 canon
1617 3181 1682 3234 12
1699 3179 1884 3233 conci—
1903 3143 1958 3216 Ο

251 3273 309 3327 lii
329 3289 381 3326 IV
395 3271 675 3327 Toletani.
689 3272 949 3342 Denique
967 3271 1026 3326 in
1039 3272 1390 3327 Mozarabico
1404 3273 1676 3343 leguntur
1685 3275 1814 3328 acta
1824 3274 1884 3326 et

251 3365 388 3421 Vitae
399 3368 878 3434 sanctorum,non
891 3365 948 3418 in
960 3364 1281 3433 Gelasiano,
1296 3368 1396 3420 aut
1406 3365 1466 3419 in
1475 3365 1880 3421 Ambrosiano.

323 3463 374 3514 3.
412 3461 710 3515 Romanus
755 3459 954 3515 Canon
997 3461 1131 3513 ante
1166 3457 1508 3530 Gregorium
1543 3458 1698 3514 idem
1735 3462 1878 3526 erat,

253 3553 505 3626 pauculis
523 3552 711 3607 verbis
737 3551 1002 3624 exceptis,
1021 3554 1194 3623 atque
1215 3551 1390 3607 modo
1415 3551 1684 3607 usitatus:
1707 3569 1881 3624 quem

251 3647 484 3718 Vigilius
502 3663 655 3718 papa
667 3662 733 3700 ex
753 3644 1066 3717 apostolica
1081 3645 1391 3700 traditione
1405 3649 1727 3717 acceptum,
1742 3646 1878 3700 Gre-

249 3741 446 3812 gorius
477 3741 714 3810 Magnus
749 3755 784 3792 a
827 3737 1081 3809 quodam
1111 3738 1460 3794 Scholastico
1495 3738 1883 3810 compositum

250 3834 404 3900 dicit,
428 3835 666 3888 Precem
689 3832 989 3902 appellans
1007 3831 1068 3885 in
1089 3831 1330 3904 epistola
1353 3832 1428 3887 ad
1454 3834 1738 3888 Joannem
1761 3831 1880 3904 epi-

249 3943 488 3999 scopum
516 3926 962 3998 Syracusanum,
987 3941 1114 3996 quae
1141 3928 1228 3979 est
1255 3926 1323 3980 64
1349 3925 1480 3980 libri
1510 3942 1586 3980 vn
1609 3925 1805 3981 indict.
1828 3930 1880 3982 2.

248 4021 372 4086 Quo
395 4019 632 4076 nomine
655 4018 833 4074 etiam
857 4017 1034 4073 utitur
1051 4017 1366 4090 Cyprianus
1395 4019 1454 4074 in
1477 4018 1622 4074 libro
1643 4019 1716 4075 de
1745 4019 1881 4075 Uni-

243 4117 364 4170 tate
395 4113 680 4180 Ecclesia,
715 4111 811 4168 ubi
838 4111 1228 4167 schismaticos
1259 4115 1318 4166 et
1345 4113 1642 4168 haereticos
1672 4113 1880 4185 arguit,

247 4193 457 4280 quod'«
480 4205 832 4278 contemptis
852 4205 1150 4276 episcopis,
1174 4208 1232 4259 et
1251 4205 1351 4262 Dei
1371 4207 1762 4262 sacerdotibus
1783 4207 1882 4262 de-

247 4300 480 4368 relictis,
509 4299 860 4356 constituere
886 4299 1104 4353 audent
1131 4297 1286 4353 aliud
1307 4300 1507 4366 altare,
1535 4301 1774 4356 Precem
1801 4301 1880 4355 al-

247 4401 436 4451 teram
469 4393 678 4448 illicitis
719 4393 948 4448 vocibus
989 4392 1202 4458 facere,
1240 4395 1298 4447 et
1341 4392 1644 4449 dominicae
1681 4394 1884 4449 hostiae

1983 1871 2251 1927 tradetur.
2279 1872 2349 1926 Et
2377 1887 2390 1926 :
2415 1873 2516 1927 Hic
2529 1874 2608 1926 est
2621 1871 2770 1926 calta:
2784 1873 2912 1926 novi
2941 1871 3268 1926 Testamentz’
3279 1872 3338 1925 in
3351 1871 3616 1939 sanguine

1979 1981 2112 2029 meo,
2129 1967 2225 2035 qui
2245 1980 2348 2036 pro
2367 1965 2518 2020 vobis
2541 1967 2592 2020 et
2613 1981 2717 2036 pro
2744 1965 2929 2020 multis
2945 1963 3249 2034 effundetur
3275 1965 3335 2018 in
3354 1965 3616 2018 remissio-

1977 2073 2098 2114 nem
2120 2062 2478 2129 peccatorum.
2509 2078 2537 2107 »
2566 2059 2651 2113 Ita
2681 2074 2822 2129 ergo
2851 2056 3186 2113 Mozarabici
3211 2055 3356 2112 ritus
3389 2058 3616 2110 mutata

1982 2155 2068 2206 est
2087 2152 2359 2219 formula,
2384 2151 2604 2207 caeteris
2623 2151 2966 2218 immutatis,
2987 2167 3114 2222 quae
3135 2167 3169 2206 a
3186 2151 3449 2205 Romano
3471 2149 3616 2204 mul-

1981 2248 2106 2300 tum
2135 2245 2480 2316 discrepant.
2516 2245 2604 2301 Sic
2625 2245 2802 2300 etiam
2826 2247 2990 2300 vetus
3013 2241 3412 2299 Ambrosianae
3436 2242 3617 2297 Litur-

1982 2338 2092 2410 gise
2128 2339 2380 2394 formula
2419 2338 2866 2394 consecrationis
2896 2339 2972 2394 ad
3001 2339 3330 2394 Romanam
3345 2335 3613 2403 accessit,

1981 2449 2112 2487 cum
2152 2433 2212 2487 in
2241 2433 2673 2488 consecratione
2699 2431 2995 2503 sanguinis
3033 2433 3158 2488 haec
3183 2433 3410 2486 tantum
3441 2429 3620 2484 verba

1981 2525 2120 2580 olim
2153 2526 2450 2581 exhiberet
2478 2542 2491 2580 :
2521 2529 2621 2582 Hic
2646 2530 2724 2582 est
2749 2528 2889 2582 enim
2911 2528 3136 2596 sanguis
3159 2540 3327 2582 meus.

2049 2620 2103 2674 4.
2134 2620 2223 2674 An
2251 2619 2573 2675 Gallicanus
2602 2619 3202 2686 ordoMozarabicum
3239 2617 3614 2690 praecesserit,

1981 2711 2147 2782 eique
2185 2713 2438 2767 formam
2459 2715 2517 2766 et
2537 2713 2868 2782 exemplum
2888 2699 3354 2782 praebueritphoc
3379 2713 3506 2766 loco
3535 2710 3620 2764 in-

1981 2805 2209 2878 quirere
2241 2806 2424 2876 juvat.
2454 2804 2813 2861 Gallicanum
2850 2822 2973 2859 esse
3013 2803 3403 2875 antiquiorem
3431 2805 3617 2858 multa

1981 2899 2348 2971 persuadent.
2379 2901 2443 2955 In
2469 2898 2670 2970 primis
2691 2898 3014 2969 PrOphetiaa
3037 2897 3206 2952 lectio
3237 2897 3614 2968 apostolicam

1981 2992 2344 3064 prmeedebat
2361 2992 2518 3063 apud
2538 2993 2728 3048 Gallos
2747 2995 3011 3062 tempore
3029 2991 3209 3046 sancti
3231 2989 3460 3046 Cmsarii
3473 2992 3614 3044 Are-

1981 3063 2216 3141 latensis
2246 3085 2517 3157 episcopi,
2550 3083 2680 3158 28
2712 3084 2810 3156 qui
2848 3085 2907 3140 in
2933 3101 3206 3140 sermone
3237 3084 3311 3138 ad
3335 3085 3615 3156 populum
3659 3063 3663 3082 ι

1985 3179 2200 3248 habito,
2232 3181 2296 3233 ut
2337 3179 2408 3233 ab
2435 3179 2692 3246 ecclesia,
2721 3178 2908 3234 donec
2937 3195 3099 3233 sacra
3131 3180 3364 3249 peracta
3403 3180 3612 3244 essent,

1985 3289 2102 3328 non
2129 3271 2538 3339 recederet,ita
2557 3271 2840 3343 loquitur:
2859 3293 2887 3321 ‹‹
2915 3271 2973 3328 Si
2991 3271 3299 3342 diligenter
3310 3270 3618 3326 attenderi-

1983 3366 2075 3434 tis,
2105 3364 2462 3437 cognoscetis
2487 3365 2622 3436 quia
2651 3381 2768 3420 non
2800 3369 2937 3419 tunc
2960 3365 3108 3419 ﬁunt
3133 3363 3344 3431 missm,
3379 3363 3614 3435 quando

1985 3459 2190 3515 divinae
2216 3459 2513 3514 Lectiones
2544 3458 2601 3512 in
2635 3457 2872 3514 ecclesia
2895 3457 3231 3524 recitantur,
3253 3457 3355 3512 sed
3382 3456 3615 3527 quando

1984 3568 2231 3608 munera
2270 3551 2611 3619 offeruntur,
2646 3555 2704 3606 et
2741 3567 2946 3622 corpus
2985 3551 3074 3604 vel
3111 3549 3344 3620 sanguis
3384 3549 3616 3604 Domini

1985 3649 2369 3702 consecratur.
2402 3647 2548 3702 Nam
2583 3644 2902 3712 Lectiones,
2939 3642 3052 3698 sive
3086 3643 3468 3716 propheticas,
3501 3642 3616 3697 sive

1985 3739 2342 3811 apostolicas,
2361 3739 2475 3794 sive
2502 3737 2891 3810 Evangelicas,
2917 3737 3094 3792 etiam
3115 3737 3175 3792 in
3203 3737 3471 3793 domibus
3497 3753 3618 3791 ves-

1985 3813 2085 3890 tris
2111 3837 2210 3890 aut
2232 3833 2337 3904 ipsi
2361 3835 2578 3906 legere,
2611 3834 2712 3887 aut
2737 3831 2880 3887 alios
2903 3832 3164 3902 legentes
3189 3830 3388 3886 audire
3424 3833 3617 3902 potes-

1983 3927 2074 3995 tis;
2089 3927 2584 3984 consecrationem
2595 3943 2730 3980 vero
2744 3925 2998 3997 corporis
3011 3927 3070 3979 et
3079 3925 3376 3997 sanguinis
3385 3923 3619 3980 Domini

1984 4037 2101 4077 non
2128 4020 2282 4089 alibi,
2310 4019 2420 4076 nisi
2450 4019 2509 4075 in
2536 4019 2712 4075 domo
2743 4017 2866 4086 Dei,
2893 4018 3094 4073 audire
3123 4020 3212 4073 vel
3238 4019 3430 4074 videre
3451 4021 3617 4090 pote-

1981 4113 2123 4168 ritis.
2152 4135 2180 4164 »
2213 4116 2412 4186 Itaque
2434 4113 2672 4170 missam
2695 4111 3104 4183 praecedebant
3127 4115 3309 4166 terna:
3331 4109 3618 4182 ejusmodi

1983 4207 2298 4264 Lectiones.
2343 4208 2509 4272 Quod
2549 4207 2610 4262 in
2657 4205 3068 4263 Mediolanensi
3105 4205 3340 4260 ecclesia
3391 4203 3616 4258 vivente

1981 4301 2286 4358 Ambrosio
2319 4319 2424 4356 usu
2462 4299 2682 4356 venisse
2709 4302 2911 4354 auctor
2952 4301 3040 4352 est
3063 4296 3346 4368 Sulpicius
3372 4296 3617 4352 Severus

1983 4394 2040 4449 in
2067 4395 2164 4450 lib.
2195 4411 2256 4449 In
2284 4395 2355 4449 de
2381 4395 2495 4449 vita
2527 4391 2708 4448 sancti
2732 4389 2975 4445 Martini.

246 4490 556 4545 veritatem
579 4504 684 4560 per
705 4487 848 4541 falsa
869 4485 1143 4540 sacriﬁcia
1163 4486 1534 4557 profanare.»
1551 4485 1883 4542 Orationem
1902 4513 1962 4586 D
2057 4493 2107 4544 5.
2142 4487 2440 4543 Lectiones
2479 4487 2624 4554 illas,
2655 4486 2726 4540 de
2767 4483 2975 4554 quibus
3007 4485 3126 4556 agit
3153 4483 3450 4552 Caesarius,
3481 4499 3616 4539 vero

247 4581 533 4656 appellari
571 4582 790 4637 mavult
823 4577 1172 4650 Augustinus
1207 4579 1267 4634 in
1303 4579 1544 4651 epistola
1587 4581 1685 4635 149
1725 4577 1953 4636 nova"
1986 4582 2311 4656 proximum
2338 4584 2425 4635 est
2445 4595 2541 4635 eas
2564 4580 2716 4652 ipsas
2736 4597 2881 4648 esse,
2913 4597 3056 4652 quas
3077 4579 3136 4634 in
3163 4578 3430 4634 ordinem
3458 4577 3620 4632 rede-

247 4677 523 4733 editionis
539 4693 702 4731 num.
726 4679 788 4731 l6
808 4693 822 4730 :
844 4697 872 4725 «
891 4675 1110 4743 Omnis,
1129 4677 1231 4729 aut
1248 4690 1397 4746 pene
1413 4675 1604 4729 omnis
1617 4675 1886 4746 frequen-

245 4776 330 4826 tat
352 4769 628 4837 Ecclesia,
664 4772 726 4824 ut
750 4768 1112 4824 Precationes
1137 4767 1484 4838 accipiamus
1513 4767 1712 4835 dictas,
1743 4785 1886 4839 quas

243 4865 495 4920 facimus
522 4863 582 4917 in
609 4861 995 4918 celebratione
1025 4863 1544 4928 sacramentorum,
1567 4863 1882 4932 antequam

245 4959 410 5026 illud,
434 4956 593 5029 quod
619 4959 706 5010 est
730 4955 789 5010 in
817 4955 1049 5011 Domini
1069 4971 1292 5023 mensa,
1316 4953 1552 5026 incipiat
1572 4954 1836 5009 benedici
1866 4969 1880 5009 :

245 5051 712 5118 Orationes,cum
723 5048 986 5104 benedici
995 5051 1086 5104 tur
1097 5051 1194 5104 aut
1206 5047 1676 5116 sanctiﬁcatur,et
1687 5047 1760 5102 ad
1777 5047 1884 5102 dis-

245 5145 624 5202 tribuendum
652 5142 1084 5198 comminuitur.
1110 5142 1296 5208 Quam
1327 5144 1510 5198 totam
1539 5141 1882 5214 petitionem

241 5241 367 5296 fere
395 5237 590 5296 omnis
615 5237 865 5293 Ecclesia
891 5236 1192 5293 Dominica
1221 5235 1482 5292 oratione
1513 5234 1818 5291 concludit.
1849 5256 1878 5284 »

243 5333 664 5389 Ambrosianus
677 5335 877 5390 Canon
893 5330 954 5386 in
971 5330 1168 5402 paucis
1179 5329 1373 5386 differt
1387 5328 1510 5403 27
1534 5346 1568 5384 a
1586 5330 1849 5385 Romano
1865 5346 1880 5386 :

241 5431 300 5482 at
330 5427 691 5482 solemnibus
711 5426 918 5498 quibus
938 5423 1103 5497 panis
1129 5427 1496 5480 consecratur
1515 5422 1702 5477 verbis
1727 5439 1880 5494 quae-

243 5521 382 5578 dam
402 5521 572 5577 addit
587 5519 952 5578 Mozarabicse
973 5519 1238 5575 formulae
1258 5517 1489 5585 similia,
1514 5517 1572 5572 in
1585 5517 1739 5572 hunc
1762 5534 1885 5573 mo—

243 5615 384 5672 dum
413 5633 427 5672 :
457 5618 570 5673 Hoc
604 5619 682 5671 est
706 5629 896 5687 corpus
918 5628 1114 5677 meum,
1139 5613 1285 5683 quod
1307 5627 1410 5684 pro
1436 5612 1626 5667 multis
1647 5613 1884 5680 confrin—

243 5715 419 5778 θεων.
446 5709 820 5778 Mozarabico,
845 5708 1112 5766 tradetur.
1136 5708 1198 5761 In
1219 5706 1450 5777 vulgato
1470 5704 1676 5760 Missali
1698 5706 1880 5760 Moza-

247 5802 456 5862 rabum
484 5805 558 5862 ad
582 5803 909 5877 marginem
939 5804 1191 5871 notatur,
1215 5801 1338 5856 hinc
1361 5798 1536 5854 verba
1557 5815 1680 5856 esse
1711 5797 1878 5856 omit-

1986 4679 2150 4749 gerat
2186 4674 2394 4728 saeculo
2428 4691 2462 4726 v
2500 4675 2738 4730 Musaeus
2773 4674 3074 4746 presbyter
3090 4671 3468 4740 Massiliensis,
3497 4670 3616 4742 qui,

1985 4773 2128 4824 teste
2151 4767 2450 4825 Gennadio
2479 4767 2538 4822 in
2566 4785 2690 4840 cap.
2718 4771 2785 4823 79
2813 4768 2884 4823 de
2910 4767 3056 4823 Viris
3081 4766 3411 4833 illustribus,
3439 4787 3467 4816 «
3490 4765 3621 4820 hor.

1983 4866 2108 4918 tatu
2134 4860 2314 4916 sancti
2356 4861 2583 4916 Venerii
2619 4861 2869 4934 episcopi
2911 4861 2998 4915 sui
3028 4859 3310 4932 excerpsit
3341 4877 3408 4914 ex
3446 4860 3620 4916 sacris

1986 4954 2288 5027 Scripturis
2308 4954 2607 5010 Lectiones
2623 4954 2798 5010 totius
2817 4954 2953 5009 anni
2969 4953 3181 5009 festivis
3201 4955 3364 5024 aptas
3384 4953 3618 5022 diebus;

1984 5047 2351 5120 responsoria
2364 5047 2541 5103 etiam
2565 5049 2946 5120 psalmorum,
2963 5051 3022 5102 et
3041 5047 3290 5119 capitula
3301 5047 3549 5119 tempori
3563 5053 3622 5104 et

1985 5141 2346 5198 Lectionibus
2371 5141 2816 5214 congruentia...
2840 5141 2952 5198 Sed
2979 5145 3038 5197 et
3067 5141 3142 5196 ad
3166 5157 3477 5213 personam
3494 5159 3622 5198 san-

1985 5237 2059 5291 cti
2098 5235 2340 5291 Eustasii
2381 5235 2653 5308 episcOpi,
2687 5235 3027 5291 successoris
3070 5234 3329 5307 praedicti
3367 5235 3622 5292 hominis

1985 5331 2107 5399 Dei,
2123 5328 2447 5402 composuit
2459 5333 2956 5385 sacramentorum
2975 5328 3278 5400 egregium
3292 5332 3350 5384 et
3366 5347 3484 5386 non
3496 5347 3623 5402 par-

1982 5442 2118 5480 vum
2145 5425 2438 5490 volumen,
2453 5439 2560 5494 per
2579 5423 2848 5478 membra
2860 5423 3097 5496 quidem
3109 5440 3214 5495 pro
3228 5424 3622 5494 opportunita-

1984 5522 2042 5573 te
2055 5517 2379 5573 ofﬁciorum
2393 5520 2451 5572 et
2461 5520 2794 5589 temporum
2805 5559 2818 5586 ,
2833 5534 2936 5589 pro
2953 5516 3292 5572 Lectionum
3308 5519 3464 5571 textu
3475 5515 3622 5587 psal-

1984 5627 2335 5682 morumque
2353 5610 2500 5666 serie
2517 5613 2576 5665 et
2591 5609 2996 5666 decantatione
3009 5609 3354 5666 discretum:
3371 5609 3472 5662 sed
3485 5625 3617 5682 sup-

1983 5703 2233 5777 plicandi
2263 5705 2382 5760 Deo
2411 5707 2470 5758 et
2507 5705 2869 5762 contestandi
2899 5703 3310 5760 beneﬁciorum
3338 5700 3464 5770 ejus
3484 5702 3616 5758 soli-

1985 5798 2162 5856 ditate
2189 5797 2276 5856 sui
2303 5800 2828 5857 consentaneum.»
2856 5798 2960 5856 Ubi
2987 5792 3344 5853 contestandi
3367 5794 3620 5856 vocabu-
