4044 6196
390 235 489 304 12⁸1

1156 217 1495 309 specum):
1533 252 1620 306 AD
1657 244 1876 306 οιδιςιιΑ
1913 239 2145 308 SANCTI
2183 249 2481 308 cunmm
2519 235 2946 307 PARISIENSIS.

3646 231 3740 308 ne

385 365 507 422 lum
538 363 769 441 respicit
796 367 870 426 ad
901 366 1240 442 primaevam
1279 383 1506 423 morem
1546 366 1923 435 Gallicanum,
1953 367 2013 422 in
2035 379 2096 454 Α
2115 370 2288 440 atque
2313 367 2549 440 psalmis
2573 369 2756 422 multa
2783 365 3074 422 dulcisone
3096 359 3501 438 composuisse.
3525 384 3552 415 »
3576 362 3739 423 Unde

388 477 502 533 quo
525 461 876 519 Contestatio
907 463 964 518 in
993 481 1096 518 usu
1127 465 1251 516 erat
1271 461 1344 516 ad
1373 461 1810 534 signiﬁcandam
1835 477 2013 533 quam

386 555 559 610 hodie
580 573 851 611 vocamus
869 557 1045 610 Missae
1064 573 1163 610 seu
1184 555 1432 610 Canonis
1459 555 1887 610 Praefationem.
1905 555 2016 610 Mu-

387 665 534 704 saeus
561 666 720 722 ergo,
751 649 844 721 qui
875 652 1002 720 post
1035 648 1293 702 medium
1333 649 1604 703 saeculum
1633 664 1669 700 v
1697 665 1726 703 e
1757 648 1894 702 vivis
1920 665 2014 702 cx-

389 743 557 798 cessit
583 744 773 797 Leone
805 745 861 795 et
887 741 1165 812 Majorino
1195 741 1660 813 imperatoribus,
1694 741 1917 813 scripsit
1948 741 2012 796 li-

387 836 554 890 brum
581 837 1110 890 Sacramentorum.
1137 835 1259 900 Quo
1293 835 1531 890 nomine
1551 838 1774 889 veteres
1803 835 2014 906 passim

301 967 314 976 ς
389 945 550 982 sacra
579 926 706 1000 29
736 927 1104 982 Ειιειιιινὶδῐὶω
1140 929 1415 1000 mysteria
1445 927 1847 1000 designabant.
1876 927 2017 982 Hinc

386 1020 689 1087 Voconius,
724 1021 1031 1076 Castellani
1058 1021 1115 1076 in
1146 1021 1487 1077 Mauritania
1516 1022 1834 1094 episcopus,
1865 1021 2019 1092 apud

388 1114 663 1168 eumdem
699 1115 1064 1170 Gennadium
1097 1115 1486 1188 composuisse
1516 1115 1724 1170 dicitur
1745 1115 2018 1170 volumen

387 1207 918 1264 Saeramentorum.
944 1208 1068 1274 Quo
1090 1209 1267 1264 modo
1283 1209 1635 1282 Augustinus
1655 1210 2018 1264 sacramenta

386 1305 551 1356 vocat
583 1300 897 1357 Dominicaa
927 1319 1144 1356 mensa:
1177 1304 1537 1370 sacriﬁcium,
1567 1319 1635 1357 ex
1661 1301 1842 1357 dictis.

458 1397 510 1448 6.
543 1393 658 1449 Sed
685 1397 743 1448 et
767 1398 900 1448 ante
927 1395 1196 1450 Musaeum
1225 1395 1486 1464 Hilarius,
1513 1395 1872 1452 Pictavorum
1895 1411 2021 1449 san-

389 1486 674 1541 ctissimus
701 1487 956 1554 antistes,
980 1488 1191 1542 librum
1223 1490 1606 1560 Hymnorum,
1631 1493 1690 1543 et
1710 1488 1887 1543 alium
1911 1489 2021 1559 My-

388 1580 694 1635 steriorum
727 1581 966 1652 scripsit,
1007 1585 1240 1637 auctore
1276 1583 1626 1654 Hieronymo
1663 1581 1721 1636 in
1761 1581 1907 1636 libro
1943 1581 2014 1637 de

389 1673 770 1744 Scriptoribus
796 1691 919 1745 cap.
956 1677 1074 1728 100.
1113 1676 1371 1745 Hymnus
1403 1677 1588 1733 Gloria
1613 1678 1672 1730 in
1699 1675 1916 1730 excelsis
1941 1675 2012 1728 ab

2112 463 2364 518 Joannes
2381 461 2652 528 Mariana,
2674 461 2732 514 in
2756 461 2852 515 lib.
2876 477 2912 513 v
2933 461 3004 516 de
3020 460 3190 515 rebus
3205 459 3518 532 Hispanicis
3538 476 3660 532 cap.
3683 476 3738 528 v,

2116 555 2196 610 ait
2223 571 2390 609 usum
2421 553 2734 609 obtinuisse
2762 558 2825 608 ut
2849 553 3064 609 Isidoro
3087 553 3228 608 ritus
3245 540 3629 610 Moiarabicus
3647 553 3744 608 tri-

2114 648 2408 715 bueretur,
2433 648 2534 702 sed
2554 651 2754 702 tamen
2776 647 3105 702 Leandrum
3134 647 3413 702 nonnulla
3436 646 3741 702 invenisse.

2186 743 2239 795 9.
2255 740 2571 796 Cardinalis
2583 742 2740 796 Bona
2768 763 2795 790 «
2817 741 2927 795 hoc
2948 739 3201 796 ofﬁcium
3223 739 3462 794 concilio
3485 756 3545 794 ιιι
3579 741 3745 795 Tole-

2116 837 2274 902 tano,
2299 833 2386 889 cui
2416 833 2676 888 Leander
2701 833 2980 899 interfuit,
3004 832 3294 904 antiquius
3311 848 3432 886 esse
3455 853 3482 883 »
3508 833 3750 887 arbitra-

2116 932 2228 994 tur,
2257 948 2284 976 «
2310 931 2368 981 et
2387 926 2621 998 quidem
2644 927 2850 982 saeculo
2871 943 2906 980 ν
2909 927 3037 997 jam
3057 925 3300 996 viguisse
3316 943 3330 993 ;
3345 926 3446 980 sed
3467 925 3536 980 de
3555 925 3746 997 primo

2119 1021 2244 1092 ejus
2265 1023 2495 1075 auctore
2523 1037 2640 1075 non
2671 1023 2954 1076 constare.
2992 1019 3076 1072 Ab
3107 1018 3230 1090 ipso
3252 1023 3450 1073 tamen
3481 1018 3747 1074 Leandro

2119 1113 2486 1180 illustratum,
2515 1116 2746 1168 auctum
2777 1113 2849 1168 ab
2883 1112 3119 1178 Isidoro,
3149 1115 3321 1182 atque
3363 1111 3434 1166 ab
3461 1111 3587 1166 aliis
3611 1127 3750 1183 pro-

2121 1223 2317 1278 gressu
2348 1206 2624 1278 temporis
2649 1205 3086 1278 amplificatum,
3119 1205 3467 1260 nominatim
3503 1204 3574 1260 ab
3599 1205 3748 1260 llde-

2121 1301 2307 1366 fonso,
2331 1300 2490 1372 cujus
2517 1317 2694 1372 opera
2717 1299 2976 1355 Julianus
3003 1301 3310 1355 Toletanus
3340 1297 3398 1352 in
3427 1297 3748 1370 appendice

2121 1393 2192 1448 ad
2222 1394 2431 1448 librum
2453 1393 2524 1448 de
2552 1393 2933 1464 Scriptoribus
2955 1392 3014 1446 in
3045 1395 3296 1462 quatuor
3322 1394 3514 1463 partes
3541 1391 3748 1459 divisit,

2120 1487 2468 1558 tertiamque
2490 1486 2570 1541 ait
2587 1486 2760 1541 fuisse
2782 1507 2810 1536 ‹‹
2832 1485 3160 1552 missarum,
3179 1485 3552 1556 hymnorum,
3575 1487 3752 1556 atque

2121 1597 2477 1635 sermonum.
2497 1602 2524 1629 ››
2540 1579 2626 1634 Ad
2646 1579 2770 1634 haec
2787 1578 3032 1634 Felicem
3055 1577 3387 1650 episcopum
3408 1577 3619 1642 librum
3629 1577 3755 1632 Mis-

2120 1691 2312 1728 sarum
2335 1674 2406 1728 de
2425 1677 2544 1728 toto
2567 1673 2774 1728 circulo
2791 1672 2928 1727 anni
2953 1672 3012 1724 in
3033 1675 3278 1742 quatuor
3293 1669 3408 1744 31
3444 1673 3638 1742 partes
3663 1669 3752 1724 di-

389 1767 595 1821 eodem
620 1771 817 1821 auctus
839 1771 897 1820 et
917 1771 1352 1822 consummatus
1371 1768 1578 1823 dicitur
1597 1768 1656 1822 in
1677 1769 1911 1838 vulgato
1932 1769 2021 1821 ΑΙ-
2039 1757 2096 1830 Β
2119 1768 2300 1821 visum
2325 1767 2666 1821 emendasse
2687 1771 2858 1837 atque
2877 1765 3272 1836 complevisse;
3291 1781 3356 1818 ac
3376 1763 3751 1835 postmodum

391 1858 579 1913 cuino.
608 1859 704 1912 His
737 1859 958 1914 duobus
995 1860 1203 1916 merito
1235 1861 1712 1916 annumerandus
1736 1863 1824 1915 est
1853 1860 2016 1915 Sido-

391 1951 519 2006 nius
541 1954 932 2007 Arvernorum
956 1953 1276 2025 episcopus,
1300 1955 1461 2025 cujus
1493 1955 1638 2010 libro
1661 1955 1732 2008 de
1753 1953 1928 2008 Missis
1947 1953 2020 2007 ab

391 2061 460 2099 eo
482 2045 814 2116 compositis
827 2045 1134 2116 Gregorius
1148 2048 1494 2102 Turonensis
1504 2047 1908 2120 praefationem
1927 2045 2024 2100 ad-

385 2138 594 2208 junxit,
629 2155 697 2192 ex
723 2137 820 2192 lib.
854 2155 892 2192 ιι
924 2139 1182 2194 Historias
1213 2157 1337 2212 cap.
1367 2144 1452 2195 22.
1483 2141 1552 2195 Et
1571 2139 1870 2196 Salvianus
1887 2140 2023 2194 Mas-

395 2230 637 2285 siliensis
662 2231 964 2303 presbyter
1003 2233 1351 2288 clarissimus
1379 2255 1406 2282 «
1447 2233 1716 2288 homilias
1743 2232 2022 2304 episcopis

393 2323 574 2378 factas
594 2326 824 2392 multas,
845 2330 1341 2381 sacramentorum
1360 2344 1514 2396 vero,
1540 2330 1785 2398 quantas
1804 2343 1910 2380 nec
1929 2342 2020 2380 re-

394 2417 620 2484 cordor,
653 2417 734 2472 ait
759 2419 1106 2487 Gennadius,
1141 2420 1482 2492 composuit.
1513 2442 1542 2470 »
1566 2421 1690 2484 Quo
1713 2419 1770 2474 in
1793 2421 1918 2475 loco
1940 2437 2024 2474 sa-

394 2513 824 2564 cramentorum
847 2511 1099 2566 homilias
1111 2511 1512 2584 intelliguntur
1527 2514 1616 2567 vel
1637 2529 1935 2568 sermones
1951 2512 2022 2566 de

393 2603 682 2674 mysteriis
706 2603 897 2672 sacris,
931 2604 1082 2659 inter
1105 2606 1398 2660 Missarum
1425 2605 1706 2661 solemnia
1727 2605 2021 2677 quondam

395 2711 461 2749 ex
491 2711 654 2750 more
689 2695 970 2767 gallicano
997 2697 1224 2752 recitari
1256 2698 1463 2766 solitis;
1496 2700 1582 2752 vel
1607 2699 1896 2754 orationes
1922 2715 2023 2752 seu

392 2787 764 2858 praefationes
795 2789 868 2844 ad
904 2789 1162 2844 missam.
1201 2790 1356 2846 Mitto
1389 2791 1630 2862 quodin
1671 2791 1785 2845 ﬁne
1815 2791 1944 2845 libri
1969 2807 2024 2845 vr

393 2881 702 2951 Gregorius
729 2883 1074 2938 Turonensis
1116 2884 1373 2954 pontifex
1400 2883 1577 2938 tradit
1609 2883 1680 2938 de
1705 2883 2024 2960 Chilperico

394 2988 552 3042 rege,
578 2973 674 3043 qui
703 2973 855 3027 inter
877 2975 988 3028 alia
1019 2977 1293 3046 opuscula
1323 2977 1572 3046 hymnos
1599 2976 1822 3047 scripsit
1855 2997 1883 3026 «
1909 2976 2024 3031 sive

397 3064 620 3130 missas,
650 3081 777 3136 qua:
807 3067 962 3120 nulla
999 3067 1222 3122 ratione
1251 3068 1458 3139 suscipi
1485 3071 1743 3139 possunt.
1779 3091 1830 3142 ››¹

2117 1863 2350 1914 Petrum
2380 1859 2735 1914 llerdensem
2763 1858 3102 1924 antistitem,
3131 1860 3189 1912 et
3218 1857 3450 1912 Salvum
3479 1856 3751 1911 abbatem

2117 1953 2540 2008 Albeeldensem
2569 1953 2762 2006 eidem
2789 1953 3136 2023 argumento
3167 1967 3402 2006 navasse
3430 1966 3692 2021 operam.
3717 1971 3749 1998 »

2118 2049 2219 2100 Ast
2254 2045 2566 2117 Elipandus
2605 2046 2912 2100 Toletanus
2958 2043 3257 2116 episcopus
3298 2043 3356 2097 in
3393 2042 3634 2114 epistola
3678 2042 3757 2097 ad

2119 2139 2389 2194 Albinum
2430 2155 2531 2192 seu
2579 2138 2906 2205 Alcuinum,
2945 2137 3250 2192 Toletanos
3297 2140 3524 2191 sanctos
3557 2137 3756 2191 Patres

2121 2231 2382 2303 agnoscit
2409 2231 2716 2285 missarum
2744 2229 3230 2286 Mozarabicarum
3262 2233 3543 2296 auctores,
3577 2228 3634 2282 in
3665 2229 3758 2284 his

2121 2325 2402 2379 Isidorum
2428 2342 2440 2380 :
2466 2324 2765 2396 signanter
2779 2340 2914 2380 vero
2947 2323 3293 2394 Eugenium,
3309 2323 3682 2390 lldefonsum,
3698 2326 3761 2377 et

2119 2418 2410 2473 Iulianum
2448 2417 2714 2488 exprimit
2751 2401 2992 2484 libellus,
3022 2433 3196 2488 quem
3226 2415 3528 2471 confutant
3556 2416 3758 2470 Patres

2123 2510 2346 2566 concilii
2388 2509 2914 2566 Francofordiensis
2953 2509 3104 2581 apud
3139 2508 3462 2564 Alcuinum.
3495 2507 3756 2573 Quorum

2127 2605 2316 2658 nullus
2345 2605 2620 2658 saeculum
2643 2619 2719 2657 v11
2741 2601 3032 2674 praecedit.
3057 2603 3180 2656 Non
3203 2619 3342 2673 ergo
3374 2601 3446 2656 ad
3478 2602 3757 2656 saeculum

2123 2713 2158 2749 v
2186 2697 2438 2752 revocari
2469 2699 2707 2768 possunt
2738 2694 3062 2750 istiusmodi
3100 2693 3420 2750 ofﬁciorum
3467 2697 3755 2749 auctores.

2197 2793 2282 2844 10.
2316 2791 2437 2844 Duo
2469 2794 2666 2844 tamen
2708 2788 2875 2843 affert
2913 2788 3070 2842 idem
3106 2787 3416 2843 cardinalis
3437 2787 3509 2842 ad
3537 2787 3757 2859 produ-

2125 2883 2367 2938 cendam
2387 2883 2554 2954 hujus
2575 2882 2716 2936 ritus
2735 2881 3163 2954 antiquitatem.
3183 2883 3373 2937 Unum
3397 2884 3500 2948 est,
3525 2881 3680 2953 quod
3696 2881 3759 2936 in

2125 2976 2300 3030 missa
2331 2976 2402 3030 de
2427 2979 2623 3031 sancto
2643 2975 2904 3042 Martino,
2924 2975 3025 3046 ‘qui
3049 2975 3284 3029 ineunte
3313 2974 3518 3029 sasculo
3546 2991 3580 3026 v
3603 2974 3758 3028 vive-

2124 3085 2186 3123 re
2213 3069 2398 3137 desiit,
2429 3069 2551 3123 hasc
2577 3071 2848 3139 leguntur
2873 3067 2933 3122 in
2961 3067 3148 3123 ofﬁcio
3174 3067 3523 3123 Mozarabico
3552 3084 3566 3123 :
3605 3069 3764 3124 Hunc

465 3159 518 3211 4.
555 3119 717 3212 Tales
753 3162 1034 3227 auctores,
1075 3160 1134 3214 id
1171 3164 1257 3214 est
1293 3119 1590 3229 Hilarium,
1632 3137 1922 3231 Musaeum,
1967 3167 2026 3218 et
2045 3119 2100 3193 Ο
2123 3165 2318 3225 virum,
2515 3119 2691 3217 aetatis
2710 3167 2906 3218 nostra:
2929 3166 3168 3232 tempora
3185 3161 3765 3232 pratuleruntjubeas

397 3249 720 3317 Sidonium,
740 3251 1005 3306 habuisse
1037 3253 1263 3308 videtur
1291 3254 1444 3310 Ordo
1471 3256 1661 3311 missae
1679 3256 2021 3324 Gallicanus,

397 3360 570 3414 quem
597 3360 630 3399 a
657 3345 920 3400 Romano
951 3345 1238 3400 diversum
1269 3351 1512 3403 exeunte
1539 3350 1746 3403 saeculo
1767 3366 1822 3403 v1
1849 3349 2022 3404 fuisse

395 3439 619 3492 constat
640 3453 706 3492 ex
731 3437 972 3509 epistola
998 3439 1257 3510 Gregorii
1285 3441 1487 3512 magni
1507 3441 1582 3495 ad
1605 3441 2021 3514 Augustinum:

397 3529 494 3600 qui
523 3531 691 3586 tertio
725 3532 852 3587 loco
893 3532 1233 3604 Gregorium
1271 3533 1666 3606 interrogavit,
1709 3557 1736 3584 «
1763 3553 1862 3590 cur
1891 3553 2020 3590 cum

394 3639 512 3678 una
541 3623 614 3677 sit
641 3625 804 3691 ﬁdes,
839 3625 1078 3680 diversae
1105 3625 1219 3680 sint
1245 3623 1628 3683 Ecclesiarum
1657 3629 2021 3684 consuetudi-

397 3733 529 3782 nes;
559 3719 618 3770 et
645 3717 825 3771 altera
855 3719 1208 3774 consuetudo
1239 3720 1544 3775 missarum
1564 3721 1623 3774 in
1645 3722 1908 3777 Romana
1931 3741 2022 3778 ec-

401 3807 592 3875 clesia,
607 3812 780 3879 atque
804 3811 984 3864 altera
1005 3809 1063 3864 in
1086 3811 1399 3867 Galliarum
1420 3813 1681 3868 Ecclesiis
1703 3817 2020 3870 teneatur.»

396 3899 654 3970 Denique
679 3901 976 3956 Hilduinus
1002 3901 1060 3956 in
1091 3905 1330 3974 epistola
1349 3907 1758 3977 Areopagiticis
1795 3909 2026 3979 praeﬁxa

397 3992 686 4048 existimat
725 3993 852 4068 30
887 4017 914 4044 «
951 3995 1140 4051 missae
1180 3998 1444 4053 ordinem
1493 4017 1658 4054 more
1695 4001 1906 4058 Gallico
1953 4002 2026 4056 ab

395 4085 560 4142 initio
598 4092 845 4158 recepta:
881 4089 1015 4143 ﬁdei
1048 4111 1075 4140 »
1115 4089 1173 4144 in
1205 4091 1294 4145 his
1323 4092 1581 4163 partibus
1616 4093 1926 4149 obtinuisse
1951 4095 2026 4150 ad

395 4179 580 4236 Caroli
607 4181 796 4252 Magni
831 4181 1238 4254 principatum.

465 4277 518 4328 8.
546 4275 618 4328 At
638 4291 755 4330 non
777 4274 922 4330 adeo
945 4275 1250 4347 antiquum
1272 4294 1394 4333 esse
1413 4279 1829 4336 Mozarabicum
1849 4281 2022 4337 ritum

395 4367 762 4422 consentiunt
781 4367 1066 4440 Hispanici
1088 4373 1368 4439 auctores,
1389 4372 1484 4444 qui
1511 4373 1633 4444 ejus
1649 4374 1934 4445 originem
1952 4375 2025 4430 ad

2123 3257 2392 3310 auwilium
2417 3259 2614 3311 nostris
2638 3255 2831 3326 aﬁ‘erre
2851 3256 3193 3326 temporibus.
3221 3255 3502 3322 Alterum,
3523 3253 3677 3326 quod
3698 3254 3760 3308 in

2125 3348 2362 3404 concilio
2402 3365 2461 3403 ιιι
2499 3350 2774 3404 Toletano
2815 3348 2952 3402 anni
2997 3351 3100 3403 589
3129 3348 3399 3402 statuitur
3425 3347 3670 3418 capitulo
3700 3351 3756 3414 2,

2117 3460 2220 3516 per
2255 3459 2430 3498 omnes
2463 3443 2706 3498 ecclesias
2740 3444 3018 3512 Hispaniae
3053 3443 3138 3497 vel
3176 3443 3368 3499 Galliae
3418 3441 3758 3513 Symbolum

2125 3536 2440 3603 decantari,
2465 3535 2798 3607 priusquam
2821 3534 3002 3590 oratio
3026 3534 3325 3590 Dominica
3345 3535 3634 3589 recitetur.
3649 3533 3762 3598 Qui

2124 3631 2266 3686 ritus
2309 3634 2394 3684 est
2431 3629 2620 3684 missas
2645 3627 3008 3683 Mozarahicas
3047 3627 3368 3700 peculiaris.
3407 3627 3521 3683 Sed
3555 3627 3763 3698 reponi

2125 3727 2332 3795 potest,
2373 3724 2496 3777 haec
2535 3723 2728 3789 verba,
2755 3725 2952 3776 nostrae
2981 3725 3178 3782 atatis,
3221 3722 3308 3774 vel
3347 3738 3413 3775 ex
3450 3720 3764 3792 antiquiori

2125 3816 2378 3888 Liturgia
2399 3816 2704 3886 desumpta
2725 3814 2915 3882 fuisse,
2930 3815 3017 3869 vel
3039 3813 3266 3886 longius
3289 3831 3464 3885 quam
3483 3815 3555 3868 ad
3576 3830 3760 3868 unum

2127 3910 2398 3964 saeculum
2441 3907 2698 3980 protrahi
2744 3925 2949 3978 posse;
2991 3910 3049 3962 et
3084 3909 3360 3962 statutum
3399 3907 3470 3962 de
3503 3906 3762 3979 Symboli

2126 4006 2258 4058 ante
2280 4001 2604 4058 orationem
2626 4001 2988 4056 Dominicam
3005 4001 3345 4056 recitatione
3360 4017 3570 4056 novum
3585 3984 3762 4055 fuisse

2124 4098 2200 4152 ad
2231 4096 2654 4152 eorroborandas
2695 4096 2965 4150 hominum
2998 4095 3276 4150 invalidas
3310 4099 3529 4160 mentes,
3567 4097 3630 4148 ut
3673 4095 3758 4149 lo-

2127 4193 2388 4262 quuntur
2416 4188 2640 4244 concilii
2665 4190 2881 4242 Patres.

2201 4287 2284 4338 Η.
2327 4283 2492 4338 Certe
2532 4283 2858 4336 Romanum
2899 4281 3096 4349 ritum,
3141 4283 3346 4336 saltem
3383 4281 3442 4336 in
3469 4281 3765 4354 provincia

2127 4375 2477 4443 Bracarensi,
2496 4375 2700 4446 Vigilio
2720 4375 2991 4446 pontiﬁce
3005 4374 3261 4430 maximo
3273 4376 3444 4431 fuisse
3461 4380 3762 4450 receptum

395 4459 723 4514 Leandrum
746 4463 804 4514 et
824 4461 1103 4516 Isidorum
1117 4464 1712 4538 saculivnepisc0pos
1730 4471 2019 4523 revocant.
2042 4487 2101 4558 D
2125 4473 2348 4526 constat
2385 4478 2450 4524 ex
2492 4468 2732 4524 concilio
2771 4486 2810 4523 ιι
2844 4469 3174 4524 Bracarensi
3213 4469 3348 4524 anni
3388 4473 3510 4538 563,
3549 4471 3606 4525 in
3643 4485 3760 4543 quo

397 4550 672 4605 Baronius
715 4552 790 4606 ad
828 4569 1046 4609 annum
1098 4558 1200 4611 633
1243 4557 1366 4628 ejus
1405 4563 1700 4614 auctorem
1741 4560 2022 4616 Isidorum

397 4643 655 4714 agnoscit
678 4644 784 4698 hac
807 4645 1051 4701 ratione.
1069 4649 1212 4703 Cum
1231 4650 1386 4705 enim
1409 4653 1604 4707 Patres
1628 4653 1686 4707 in
1708 4653 1946 4708 concilio
1971 4671 2025 4707 ιγ

394 4737 668 4792 Toletano
699 4739 834 4792 tunc
864 4740 1141 4811 temporis
1167 4743 1363 4799 habito
1391 4745 1775 4800 decrevissent
1803 4763 2022 4802 canone

395 4832 448 4896 2,
464 4833 526 4884 ut
545 4847 651 4901 per
671 4846 907 4886 omnem
931 4833 1261 4906 Hispaniam
1287 4840 1345 4891 et
1373 4839 1636 4906 Galliam,
1659 4838 1872 4895 scilicet
1892 4842 2026 4895 Nar-

394 4922 737 4992 bonensem,
754 4942 882 4996 quin
895 4926 1092 4982 Gothis
1105 4929 1506 5000 Hispaniarum
1521 4931 1753 5002 regibus
1769 4936 1902 4989 tunc
1917 4952 2022 5006 pa-

395 5016 578 5084 rebat,
593 5017 748 5072 idem
764 5020 971 5075 modus
985 5020 1043 5074 in
1061 5021 1368 5077 missarum
1384 5025 1843 5081 solemnitatibus
1855 5031 2020 5082 caete-

395 5109 584 5180 risque
611 5111 812 5166 ofﬁciis
831 5119 1186 5184 servaretur;
1207 5117 1357 5172 hanc
1377 5135 1575 5173 curam
1596 5117 1812 5174 Isidoro
1834 5119 2025 5192 Hispa-

395 5201 538 5257 lensi
557 5204 857 5259 sanctitate
871 5209 930 5261 et
941 5207 1201 5263 doctrina
1219 5211 1694 5280 praestantissimo
1707 5211 1974 5285 episcopo
1990 5231 2024 5270 a

393 5295 655 5350 Patribus
680 5297 1095 5354 demandatam
1132 5301 1323 5356 fuisse.
1360 5303 1532 5359 Favet
1559 5305 1691 5360 huic
1722 5307 2022 5362 sententiae

392 5387 592 5444 titulus
615 5390 785 5446 ofﬁcii
815 5392 1035 5447 Gothici
1061 5392 1119 5447 in
1143 5393 1338 5462 Editis,
1367 5396 1462 5450 ubi
1489 5418 1517 5446 ‹‹
1534 5415 1568 5452 a
1589 5401 1786 5454 sancto
1806 5399 2023 5456 Isidoro

395 5473 726 5537 ordinatum
753 5505 782 5533 ››
807 5484 1030 5540 dicitur.
1055 5488 1267 5540 Verum
1291 5487 1537 5546 Isidorus
1557 5491 1676 5564 ipse
1699 5491 1758 5546 in
1785 5492 1928 5549 libro
1951 5494 2022 5548 de

394 5575 774 5648 Scriptoribus
802 5579 1193 5634 ecclesiasticis
1209 5581 1454 5637 Leandri
1479 5585 1670 5640 fratris
1700 5585 1785 5640 sui
1815 5587 2024 5660 scripta

395 5685 720 5736 recensens,
753 5673 998 5726 testatur
1020 5672 1210 5744 ipsum
1246 5695 1272 5724 «
1304 5675 1362 5730 in
1405 5679 1798 5735 ecclesiasticis
1824 5682 2024 5736 officiis

398 5777 512 5816 non
545 5779 719 5834 parvo
743 5764 930 5822 studio
961 5767 1270 5838 laborasse,
1303 5773 1360 5825 et
1391 5770 1449 5826 in
1476 5773 1731 5830 sacriﬁcii
1765 5775 2026 5831 laudibus

2124 4563 2470 4636 praecipitur,
2516 4579 2738 4618 canone
2777 4564 2830 4630 4,
2865 4567 2927 4618 ut
2965 4563 3146 4618 eodem
3191 4563 3380 4619 ordine
3420 4567 3592 4620 missa
3631 4565 3767 4619 cele-

2125 4657 2346 4712 brentur
2366 4657 2436 4710 ab
2463 4657 2724 4720 omnibus,
2745 4671 2899 4726 quem
2934 4657 3260 4726 profuturus
3293 4657 3564 4727 quondam
3603 4655 3766 4726 hujus

2122 4749 2548 4820 metropolitanz
2573 4751 2802 4805 ecclesiae
2821 4753 3098 4820 episcopus
3117 4751 3186 4804 ab
3214 4753 3335 4821 ipsa
3356 4751 3660 4821 apostolicae
3673 4765 3761 4806 se-

2123 4843 2210 4898 dis
2231 4844 2556 4898 auctoritate
2581 4845 2788 4912 accepit
2815 4840 2942 4914 32
2977 4845 3257 4914 scriptum.
3297 4844 3516 4915 Nempe
3545 4860 3578 4918 a
3604 4841 3762 4914 Vigi-

2124 4936 2199 4991 lio
2227 4951 2398 5008 papa,
2423 4935 2581 5005 cujus
2609 4934 2933 5006 epistolam,
2963 4952 3092 5006 quas
3113 4935 3172 4989 in
3200 4936 3445 5008 vulgatis
3466 4935 3625 4990 libris
3649 4937 3761 4990 Eu-

2123 5029 2308 5084 therio
2333 5027 2608 5100 inscripta
2641 5031 2784 5095 erat,
2812 5029 3116 5084 Profuturo
3150 5029 3288 5084 Scite
3310 5029 3617 5084 vindicavit
3637 5047 3767 5084 eru—

2125 5123 2276 5177 ditus
2304 5121 2562 5176 Baluzius
2601 5124 2725 5174 tum
2757 5121 2814 5175 in
2849 5122 3002 5176 notis
3037 5123 3112 5177 ad
3141 5122 3500 5189 Gratianum,
3541 5125 3664 5177 tum
3701 5123 3766 5178 in

2125 5219 2285 5271 tomo
2309 5231 2502 5270 Inovas
2524 5213 2887 5269 Collectionis
2910 5215 3306 5282 conciliorum,
3329 5216 3426 5271 ubi
3441 5215 3624 5288 ipsam
3648 5217 3769 5290 epi-

2125 5311 2328 5365 stolam
2359 5309 2550 5363 denuo
2579 5307 2778 5362 excudi
2810 5309 3047 5364 curavit.
3087 5310 3148 5363 In
3182 5326 3250 5363 ea
3275 5309 3515 5366 vero-sic
3553 5311 3769 5381 legitur

2125 5419 2248 5474 cap.
2284 5407 2314 5456 5
2347 5421 2359 5457 :
2397 5423 2425 5452 «
2467 5400 2744 5456 Ordinem
2785 5417 3016 5474 quoque
3053 5419 3312 5474 precum,
3343 5403 3400 5457 in
3432 5404 3765 5460 celebritate

2125 5495 2430 5550 missarum
2451 5495 2606 5550 nullo
2631 5511 2736 5550 nos
2755 5499 3040 5567 tempore,
3075 5496 3230 5550 nulla
3260 5496 3566 5552 festivitate
3583 5497 3766 5570 signi-

2123 5591 2365 5644 ﬁcamus
2392 5589 2604 5643 habere
2624 5588 2867 5643 divisum
2904 5606 2917 5643 :
2947 5589 3048 5643 sed
3069 5605 3303 5662 semper
3325 5590 3532 5645 eodem
3555 5594 3764 5648 tenore

2127 5683 2319 5738 oblata
2349 5683 2462 5736 Deo
2480 5697 2726 5737 munera
2747 5699 3102 5738 consecrare.
3120 5683 3354 5748 Quoties
3373 5701 3508 5739 vero
3525 5685 3769 5740 Pascha-

2126 5775 2214 5844 lis,
2243 5779 2342 5831 aut
2367 5775 2730 5832 Ascensionis
2759 5775 3109 5845 Domini,vel
3139 5778 3524 5847 Pentecostes,
3555 5781 3613 5832 et
3637 5778 3769 5852 Epi-
