4044 6196
226 315 334 370 129

1211 315 1298 372 DE
1335 315 1648 372 LITURGIA
1683 315 2053 371 GALLICANA
2090 273 2290 374 LlBER
2327 319 2591 376 PRIMUS.

3497 333 3597 387 130

219 423 458 498 phaniaa
492 426 935 495 sanctorumque
949 423 1485 496 dieifueritagenda
1502 424 1839 479 solemnitas
1884 437 1944 508 Α
1963 427 2165 480 cimus:
2197 429 2381 484 Gloria
2401 433 2452 483 et
2479 431 2646 484 honor
2671 433 2848 494 Patri,
2870 437 2921 486 et
2945 433 3102 498 Filio,
3129 439 3182 490 et
3203 435 3439 506 Spiritui
3463 437 3592 512 34

220 519 454 590 singula
495 517 746 588 capitula
787 517 986 572 diebus
1015 521 1151 589 apta
1186 517 1617 589 subjungimus,
1657 517 1862 589 quibus

219 611 848 666 commemorationem
873 613 1086 665 sanctae
1113 610 1516 678 solemnitatis,
1541 614 1641 666 aut
1659 627 1860 666 eorum

215 705 488 771 facimus,
514 720 762 776 quorum
791 703 1053 758 natalitia
1079 703 1439 758 celebramus
1463 721 1476 759 :
1501 707 1709 759 caetera
1727 721 1861 758 vero

217 797 430 853 ordine
458 801 733 852 consueto
761 797 1184 868 persequimur.
1212 797 1573 869 Quapropter
1603 801 1662 851 et
1687 797 1863 868 ipsius

215 891 521 946 canonica!
537 890 729 946 Precis
752 893 971 945 textum
997 889 1311 944 direximus
1331 891 1528 945 subter
1548 890 1860 960 adjectum,

215 1001 402 1056 quem
433 985 552 1039 Deo
578 984 831 1056 propitio
863 1001 929 1038 ex
965 984 1278 1056 apostolica
1305 984 1618 1039 traditione
1647 983 1862 1055 accepi-

214 1094 372 1132 mus.
393 1099 424 1127 »
449 1079 564 1132 Hoc
587 1077 645 1130 in
665 1078 793 1132 loco
815 1076 1056 1148 Vigilius
1084 1078 1274 1132 Precis
1303 1077 1541 1132 nomine
1564 1078 1860 1132 Canonem

213 1187 402 1226 sacrae
429 1171 672 1226 actionis
699 1169 987 1242 intelligit,
1013 1169 1096 1224 uti
1111 1171 1236 1242 jam
1258 1170 1518 1242 superius
1539 1171 1857 1225 observavi-

213 1280 352 1319 mus
387 1281 404 1318 :
437 1280 612 1336 quem
651 1279 936 1319 canonem
969 1263 1050 1317 ait
1078 1264 1253 1318 fuisse
1284 1264 1344 1318 in
1375 1263 1644 1318 omnibus
1679 1264 1858 1331 festis,

213 1358 369 1412 sicut
404 1360 464 1410 et
492 1356 690 1424 modo,
715 1372 1110 1424 communem,
1138 1360 1350 1428 praeter
1374 1357 1689 1428 singularia
1715 1357 1862 1428 capi-

212 1451 340 1505 tula
367 1451 676 1522 praecipuis
702 1449 862 1504 festis
885 1449 1198 1521 peculiaria
1221 1467 1234 1505 :
1259 1450 1318 1520 in
1343 1450 1549 1522 quibus
1565 1456 1764 1507 sancta:
1782 1466 1861 1506 so—

212 1545 541 1607 lemnitatis,
559 1547 659 1598 aut
675 1560 876 1599 eorum
899 1543 1076 1598 fiebat
1097 1545 1403 1612 memoria,
1424 1560 1649 1615 quorum
1662 1546 1862 1600 natali-

211 1641 294 1692 tia
307 1637 775 1692 celebrabantur.
792 1636 993 1701 Qualia
1010 1636 1186 1692 etiam
1207 1655 1358 1692 nunc
1374 1638 1656 1692 habemus
1664 1638 1724 1692 in
1738 1655 1861 1692 ora-

214 1731 384 1786 tione
405 1731 937 1797 Communicantes,
962 1747 1090 1801 qua:
1117 1731 1176 1785 in
1201 1731 1504 1802 prmeipuis
1525 1732 1684 1786 festis
1703 1731 1858 1786 varia

1960 525 2164 583 sancto,
2193 536 2367 576 amen.
2389 525 2532 580 Nam
2551 529 2601 578 et
2629 525 2722 578 ille
2752 526 2999 594 hymnus,
3019 545 3174 598 quem
3197 535 3325 586 nato
3353 533 3410 585 in
3435 547 3595 588 carne

1965 613 2172 668 Christo
2197 616 2380 683 angeli
2405 618 2706 671 cecinerunt
2731 637 2748 671 :
2779 619 2964 674 Gloria
2993 623 3049 675 in
3076 624 3295 678 excelsis
3315 627 3439 687 Deo,
3461 631 3512 681 et
3535 629 3594 681 in

1963 709 2110 759 terra
2131 722 2252 776 paa:
2285 708 2584 764 hominibus
2617 711 2764 765 bona
2803 712 3120 778 voluntatis,
3153 721 3202 769 et
3237 717 3450 787 reliqua
3475 735 3595 788 qua:

1962 799 2040 852 ibi
2091 806 2421 869 sequuntur,
2479 803 2821 858 ecclesiastici
2869 806 3106 862 doctores
3166 817 3590 879 composuerunt.

1961 892 2128 963 Apud
2155 892 2344 947 Gallos
2374 894 2850 964 frequentabatur
2880 899 3066 954 Gloria
3092 903 3272 964 Patri,
3291 906 3434 956 teste
3460 905 3592 958 Gre-

1963 985 2125 1055 gorio
2159 985 2426 1058 episc0po
2466 988 2783 1042 Turonensi
2824 989 2883 1043 in
2919 991 3016 1045 lib.
3056 1009 3110 1046 vr
3146 1010 3270 1065 cap.
3300 996 3387 1050 40.
3424 997 3589 1061 Quod

1963 1095 2080 1132 non
2103 1078 2349 1148 probant
2367 1081 2626 1135 Toletani
2645 1083 2841 1136 Patres
2863 1083 2921 1136 in
2939 1101 3160 1140 canone
3182 1090 3264 1154 15,
3278 1089 3589 1160 voluntque

1963 1173 2025 1225 ut
2054 1173 2239 1228 Gloria
2270 1177 2321 1226 et
2349 1174 2517 1228 honor
2541 1177 2700 1229 Patri
2727 1175 2966 1230 dicatur.

2033 1268 2117 1320 13.
2151 1265 2383 1320 Canone
2415 1269 2477 1321 18
2508 1268 2770 1338 arguitur
2799 1272 3191 1340 quorumdam
3222 1275 3586 1330 sacerdotum

1960 1359 2333 1425 consuetudo,
2379 1360 2478 1430 qui
2510 1365 2634 1431 post
2673 1362 2877 1417 dictam
2914 1367 3210 1421 orationem
3260 1371 3590 1424 Dominicam

1957 1455 2144 1506 statim
2179 1457 2590 1518 communicant,
2635 1460 2688 1509 et
2724 1461 2913 1526 postea
2951 1459 3360 1515 benedictionem
3395 1465 3454 1516 in
3484 1478 3586 1532 po-

1951 1546 2086 1616 pulo
2134 1546 2298 1616 dant;
2336 1547 2738 1619 statuiturque,
2771 1553 2839 1623 ut
2860 1557 2985 1620 post
3010 1556 3306 1608 orationem
3342 1557 3582 1610 Domini-

1957 1655 2075 1692 ca-m
2115 1643 2167 1693 et
2208 1639 2624 1709 coniunctionem
2652 1646 2819 1712 panis
2849 1649 2908 1698 et
2943 1647 3149 1708 calicis,
3199 1647 3493 1703 benedictio
3532 1649 3590 1704 in

1953 1733 2214 1802 populum
2232 1739 2491 1803 sequatur
2515 1737 2648 1788 ante
2676 1738 3173 1794 communionem.
3197 1740 3336 1794 Huic
3358 1741 3587 1797 decreto

215 1828 322 1879 est.
345 1823 448 1878 Hic
471 1826 668 1878 autem
689 1823 850 1891 ritus,
867 1823 937 1878 de
959 1839 1072 1894 quo
1094 1823 1334 1895 Vigilius
1354 1825 1493 1895 agit,
1513 1825 1668 1879 haud
1685 1824 1857 1878 dubie
1878 1807 1934 1879 B
1959 1825 2133 1878 affine
2159 1829 2245 1879 est
2264 1826 2418 1896 quod
2447 1827 2723 1882 Caesarius
2754 1828 2811 1882 in
2834 1846 3104 1885 sermone
3125 1835 3222 1887 281
3252 1833 3589 1904 appendicis

217 1917 558 1972 Gelasianus
582 1920 704 1971 erat
729 1934 741 1970 :
769 1933 942 1988 quem
974 1916 1219 1987 proinde
1246 1918 1452 1971 saeculo
1481 1933 1536 1970 v1
1563 1916 1858 1988 provincia

215 2012 428 2064 saltem
459 2010 822 2065 Bracarensis
851 2009 1086 2080 recepit.
1109 2011 1182 2063 At
1200 2026 1332 2064 cum
1358 2009 1647 2064 Toletanis
1667 2010 1856 2064 conci-

215 2103 308 2158 liis
334 2120 399 2158 ιιι
427 2107 489 2158 et
518 2119 574 2158 ιν
605 2105 979 2158 Bracarenses
1019 2105 1272 2176 episcopi
1299 2103 1716 2171 interfuissent,
1751 2119 1852 2158 no-

215 2213 354 2252 vum
386 2197 567 2251 ritum
595 2197 656 2251 in
685 2197 766 2252 eis
796 2198 1193 2269 praescriptum
1222 2198 1486 2252 Romano
1515 2197 1600 2267 (ut
1622 2196 1857 2252 credere

217 2307 325 2364 par
355 2293 461 2361 est)
483 2291 880 2362 praetulerunt.
905 2293 974 2346 Et
997 2291 1499 2363 quemadmodum
1521 2291 1769 2363 hymnos
1791 2308 1856 2344 ex

219 2388 419 2438 sancto
459 2384 697 2452 Hilario,
736 2384 815 2440 sic
851 2385 1029 2440 etiam
1073 2402 1241 2440 suum
1282 2386 1524 2439 fortasse
1570 2384 1746 2438 ritum
1790 2401 1857 2438 ex

220 2478 518 2532 Gallorum
535 2477 864 2532 imitatione
881 2481 1228 2550 acceperunt
1243 2477 1497 2549 Hispani.
1518 2477 1622 2533 Ubi
1635 2493 1857 2532 memo-

221 2571 374 2625 riam
395 2570 550 2624 subit
573 2571 790 2625 factum
813 2571 1015 2644 magni
1037 2571 1270 2627 Caesarii
1292 2571 1545 2643 episcopi
1564 2571 1858 2625 Arelaten-

224 2665 320 2731 sis,
345 2664 446 2735 qui
470 2685 497 2713 «
523 2681 629 2736 per
649 2665 871 2719 Italiam
893 2669 952 2718 et
970 2665 1304 2737 Hispaniam
1329 2688 1355 2715 »
1381 2665 1652 2720 homilias
1669 2680 1857 2718 sacras

224 2756 491 2812 distribui
516 2758 757 2825 curavit,
783 2756 909 2831 33
935 2780 962 2807 ιι
986 2763 1048 2812 ut
1071 2759 1342 2830 projectis
1373 2759 1542 2812 rebus
1561 2757 1778 2812 frivolis
1801 2761 1870 2826 et,

222 2849 474 2917 caducis,
489 2851 657 2922 juxta
684 2853 1042 2921 Apostolum,
1062 2852 1350 2907 bonorum
1379 2868 1621 2923 operum
1649 2851 1857 2904 fierent

221 2948 556 3011 sectatores,
587 2966 615 2994 »
647 2960 714 2998 ex
744 2945 866 3014 ejus
893 2945 1033 2999 Vita:
1060 2945 1205 3000 libro
1235 2945 1447 3016 primo,
1483 2961 1644 3000 num.
1673 2947 1760 2998 31.

299 3041 384 3092 12.
407 3039 471 3090 In
494 3037 736 3092 concilio
757 3039 1030 3093 Toletano
1053 3055 1107 3093 xv
1127 3038 1396 3110 quaedam
1419 3037 1857 3094 constitutiones

221 3131 395 3185 facta
432 3134 583 3197 sunt,
613 3147 860 3202 quarum
900 3132 1384 3189 commemoratio
1426 3131 1558 3186 huic
1585 3132 1711 3186 loco
1739 3147 1854 3186 non
1880 3174 1934 3248 Ο

222 3241 430 3248 ___--_
468 3224 727 3248 --_J---:L
772 3227 999 3248 f‘-_-__
1036 3227 1087 3248 ll
1128 3230 1349 3248 --.__A___
1380 3225 1603 3248 AII-I--2-
1633 3225 1687 3248 2..
1714 3224 1830 3248 Α---

222 3241 434 3296 parum
462 3224 748 3279 conducit.
771 3227 1002 3282 Canone
1033 3227 1088 3281 11
1120 3230 1350 3282 cavetur
1367 3225 1610 3280 Alleluia
1632 3225 1692 3279 in
1713 3224 1860 3290 Qua-

223 3317 559 3390 dragesima
589 3318 704 3374 dici
726 3336 742 3373 :
763 3323 821 3372 et
841 3336 1062 3375 canone
1097 3323 1159 3375 1'2
1174 3321 1383 3377 Laudes
1400 3325 1528 3392 post
1543 3319 1860 3391 Apostolum

221 3411 529 3474 decantari,
543 3413 868 3482 priusquam
882 3415 1234 3483 ann'gelium
1251 3415 1600 3484 praedicetur,
1616 3413 1746 3468 dum
1763 3427 1856 3467 ca-

222 3521 387 3561 nones
427 3507 758 3576 pracipiunt
797 3511 920 3575 post
959 3507 1293 3576 Apostolum,
1344 3521 1449 3561 non
1491 3507 1721 3569 Laudes,
1765 3505 1859 3562 sed

217 3599 578 3668 Evangelium
603 3602 944 3654 annuntiari.
968 3598 1194 3653 Garsias
1221 3598 1446 3653 Loiaisa
1472 3598 1732 3653 Laudum
1760 3614 1858 3652 no-

223 3691 386 3746 mine
409 3691 681 3764 intelligit
700 3694 983 3764 hymnum
1003 3691 1176 3746 trium
1199 3709 1534 3763 puerorum.
1547 3693 1620 3744 At
1636 3693 1856 3744 certum

225 3789 314 3840 est
333 3785 579 3841 Alleluia
608 3785 922 3858 signiﬁcari
953 3786 1061 3841 hoc
1099 3787 1243 3841 loco.
1273 3785 1523 3840 Isidorus
1549 3783 1620 3838 de
1651 3783 1858 3838 divinis

225 3878 446 3934 Officiis
483 3896 606 3952 cap.
654 3883 736 3936 13.
771 3902 798 3930 ‹‹
835 3879 1077 3947 Laudes,
1119 3879 1326 3951 inquit,
1355 3879 1464 3934 hoc
1495 3881 1582 3933 est
1615 3877 1857 3932 Alleluia

225 3989 457 4028 canere.
487 3995 516 4024 »
546 3975 617 4028 Et
645 3973 968 4045 signantius
991 3973 1335 4028 Walafridus
1373 3971 1610 4028 Strabus
1636 3969 1698 4025 in
1729 3988 1853 4042 cap.

225 4069 329 4122 22:
354 4088 384 4115 ‹‹
403 4067 785 4138 Responsoria
811 4071 870 4122 et
886 4066 1148 4133 Alleluia,
1174 4082 1302 4137 qua:
1323 4069 1456 4120 ante
1479 4067 1855 4138 Evangelium

221 4163 551 4226 cantantur,
571 4159 781 4214 deinde
800 4160 1074 4231 adjuncta
1089 4159 1374 4227 videntur,
1395 4163 1701 4231 postquam
1715 4160 1858 4214 anti-

217 4251 434 4324 phonze
461 4252 535 4306 ad
555 4251 878 4324 ingressum
902 4253 1014 4308 dici
1035 4253 1411 4324 exspirarunt.
1429 4253 1567 4318 Quae
1589 4257 1646 4308 et
1665 4254 1858 4308 viden-

217 4348 316 4400 tur
331 4345 638 4416 prohibitm
655 4345 972 4401 canonibus
991 4346 1395 4418 Hispanorum,
1411 4346 1510 4418 qui
1533 4348 1708 4418 longo
1729 4350 1858 4418 post

219 4443 490 4510 tempore
520 4443 653 4493 sunt
678 4439 992 4495 constituti.
1017 4442 1077 4494 In
1102 4439 1211 4494 illis
1237 4440 1392 4494 enim
1409 4439 1646 4510 jubetur
1665 4456 1739 4494 ne
1759 4439 1857 4494 ali-

1958 1917 2033 1971 ad
2070 1934 2280 1973 novam
2319 1919 2636 1975 editionem
2679 1938 3018 1977 sermonum
3056 1925 3362 1995 Augustini
3387 1927 3588 1982 fideles

1957 2014 2178 2078 monet,
2195 2015 2255 2065 ut
2275 2013 2504 2083 quivult
2524 2013 2759 2069 missam
2777 2037 2805 2064 «
2822 2016 2894 2070 ad
2911 2017 3206 2088 integrum
3228 2019 3581 2088 celebrare,»

1956 2102 2016 2158 id
2047 2107 2132 2157 est
2155 2105 2376 2172 audire,
2414 2126 2442 2155 «
2474 2123 2769 2178 usquequo
2798 2108 2983 2163 oratio
3014 2110 3321 2166 Dominica
3341 2111 3583 2181 dicatur,

1958 2200 2016 2250 et
2048 2196 2375 2252 benedictio
2419 2199 2632 2270 populo
2675 2200 2859 2268 detur,
2888 2223 2917 2251 »
2952 2219 3012 2256 se
3043 2203 3102 2257 in
3132 2203 3371 2259 ecclesia
3400 2205 3582 2260 conti-

1958 2293 2110 2344 neat.
2128 2291 2264 2355 Quae
2281 2291 2607 2346 benedictio
2624 2315 2651 2342 «
2665 2294 2962 2364 praemissa
2974 2297 3582 2354 orationeDominica»

1959 2382 2084 2436 dari
2115 2383 2321 2437 dicitur
2349 2383 2408 2437 in
2441 2401 2711 2440 sermone
2742 2389 3026 2459 sequenti.
3052 2391 3169 2446 Huc
3189 2395 3409 2463 spectat
3429 2389 3585 2464 quod

1957 2475 2168 2546 legitur
2199 2475 2258 2530 in
2290 2476 2387 2530 lib.
2420 2494 2436 2530 ι
2467 2477 2538 2531 de
2579 2478 2840 2549 ejusdem
2869 2482 3101 2537 Caesarii
3130 2485 3245 2540 vita
3280 2502 3442 2540 num.
3477 2485 3541 2540 14
3568 2503 3582 2542 :

1961 2590 1988 2616 «
2019 2570 2152 2623 Post
2180 2569 2303 2623 haec
2323 2569 2577 2641 quadam
2605 2571 2698 2627 die
2726 2575 3081 2646 prospiciens
3101 2576 3172 2632 de
3197 2579 3422 2646 altario,
3444 2576 3587 2634 vidit

1957 2660 2179 2731 aliquos
2209 2662 2370 2716 lectis
2395 2663 2721 2734 Evangeliis
2749 2665 2822 2720 de
2853 2668 3092 2722 ecclesia
3112 2669 3268 2724 foras
3287 2671 3459 2738 exire,
3485 2671 3585 2742 qui

1957 2753 2194 2807 verbum
2225 2753 2380 2808 beati
2405 2755 2543 2822 Viri,
2574 2757 2632 2810 id
2658 2761 2744 2811 est
2777 2759 3273 2829 priedicationem,
3303 2763 3582 2833 dedigna-

1957 2845 2168 2900 bantur
2189 2846 2248 2900 in
2271 2847 2460 2918 primo
2485 2865 2852 2919 cognoscere.
2877 2852 3030 2907 Illico
3052 2870 3356 2909 occurrens
3377 2856 3588 2912 clama-

1957 2939 2036 2992 vit
2065 2939 2139 2993 ad
2169 2942 2446 3012 populum
2479 2958 2493 2996 :
2529 2941 2677 3006 Quid
2703 2944 2892 3014 agitis,
2917 2961 2950 3000 ο
2979 2946 3120 3000 lilii?
3149 2947 3272 3011 Quo
3304 2947 3585 3006 ducimini

1955 3032 2111 3086 foras
2149 3034 2304 3088 mala
2342 3033 2608 3089 suasione
2646 3036 2938 3092 subversi?
2968 3037 3126 3093 State
3149 3056 3254 3110 pro
3281 3040 3586 3098 animabus

1961 3126 2160 3181 vestris
2189 3127 2264 3181 ad
2290 3127 2528 3182 verbum
2557 3128 2992 3199 admonitionis,
3025 3135 3084 3186 et
3111 3132 3307 3188 audite
3336 3135 3581 3192 solliciti.

1960 3219 2076 3274 Hoc
2102 3219 2261 3274 vobis
2285 3219 2344 3274 in
2368 3220 2461 3274 die
2484 3221 2690 3291 judicii
2709 3223 2900 3277 facere
2927 3240 3045 3280 non
3067 3224 3276 3280 licebit.
3305 3227 3506 3283 Moneo
3529 3233 3588 3283 et

1959 3315 2146 3368 clamo
2193 3313 2594 3385 obtestorque;
2645 3331 2764 3370 non
2809 3332 2948 3387 ergo
2996 3321 3177 3372 estote
3219 3319 3446 3390 fugitivi
3494 3323 3582 3376 vel

1959 3407 2134 3461 surdi.
2163 3407 2304 3461 Ecce
2332 3406 2447 3460 oris
2476 3407 2593 3460 mei
2613 3405 2876 3476 buccina,
2905 3410 3070 3480 quasi
3092 3411 3290 3465 anima
3310 3413 3584 3484 cujusque

1958 3503 2211 3554 vestrum
2243 3500 2416 3554 fuerit
2443 3499 2657 3554 diaboli
2682 3516 2960 3556 mucrone
2991 3508 3312 3574 perempta.
3341 3506 3465 3560 Non
3499 3510 3582 3560 te-

1959 3594 2141 3648 nebor
2165 3593 2238 3647 de
2264 3593 2652 3647 taciturnitate
2683 3594 3000 3665 culpabilis.
3026 3595 3109 3650 0b
3129 3596 3238 3652 hoc
3269 3597 3585 3669 saepissime

1959 3687 2105 3742 ostia
2132 3690 2262 3757 post
2291 3687 2598 3758 Evangelia
2627 3687 2816 3742 claudi
2836 3688 2992 3757 fecit,
3015 3689 3200 3745 donec
3216 3692 3334 3747 Deo
3356 3693 3584 3749 volente

1959 3781 2387 3851 gratularentur
2439 3778 2563 3852 35
2619 3781 2968 3837 coercitione
3023 3786 3082 3838 et
3132 3788 3423 3856 provectu,
3484 3785 3584 3858 qui

1956 3874 2187 3928 fuerant
2215 3875 2350 3927 ante
2376 3873 2622 3944 fugitivi.

2031 3967 2113 4021 14.
2137 3967 2499 4021 Hunclocum
2519 3966 2812 4040 integrum
2829 3970 3020 4038 retuli,
3039 3974 3162 4026 tum
3185 3973 3322 4045 quia
3343 3973 3586 4047 insignis

1958 4063 2061 4129 est,
2090 4064 2213 4114 tum
2243 4063 2303 4114 ut
2330 4064 2606 4132 appareat
2631 4061 2811 4116 moris
2836 4062 3010 4118 fuisse
3035 4065 3302 4134 Cmsario,
3326 4068 3486 4123 lectis
3511 4071 3586 4124 ad

1955 4155 2193 4210 missam
2220 4155 2564 4226 Evangeliis,
2598 4173 2932 4212 sermonem
2953 4157 3025 4212 ad
3045 4161 3322 4230 populum
3345 4161 3580 4217 habere.

1956 4251 2078 4304 Non
2108 4250 2294 4304 solum
2324 4252 2520 4304 autem
2551 4249 2608 4302 in
2641 4251 2936 4320 provincia
2960 4252 3300 4320 Arelatensi,
3327 4253 3428 4308 sed
3449 4258 3506 4308 et
3523 4254 3584 4309 in

1955 4343 2081 4397 aliis
2101 4343 2423 4398 invaluerat
2443 4359 2618 4414 prava
2641 4343 2764 4398 haec
2785 4343 3160 4411 consuetudo,
3181 4349 3244 4399 ut
3262 4349 3391 4416 post
3410 4347 3587 4402 Evan-

1957 4435 2174 4506 gelium
2203 4435 2469 4490 nonnulli
2495 4435 2756 4490 fidelium
2779 4439 2914 4490 ante
2936 4435 3172 4490 missam
3201 4437 3580 4495 discederent.

223 4532 355 4604 quis
371 4532 624 4603 hymnus
643 4533 794 4587 inter
815 4533 1125 4588 lectionem
1149 4533 1526 4605 apostolicam
1545 4537 1603 4587 et
1622 4549 1862 4603 evange-
1880 4543 1939 4616 D
1963 4529 2323 4600 Quapropter
2342 4527 2565 4581 diversa
2585 4529 2690 4582 hac
2711 4529 2782 4582 de
2803 4545 2864 4582 re
2882 4528 2940 4582 in
2954 4529 3210 4584 conciliis
3227 4534 3437 4586 statuta
3457 4549 3589 4589 con-

219 4625 400 4681 licam
421 4626 482 4680 in
506 4626 708 4681 ordine
731 4626 920 4681 missae
940 4630 1206 4699 ponatur.
1222 4649 1249 4676 ››
1264 4629 1336 4680 At
1353 4626 1594 4698 quinam
1611 4642 1862 4681 canones

227 4723 366 4774 ante
411 4720 720 4774 concilium
765 4737 820 4775 ιν
856 4721 1196 4775 Toletanum
1238 4719 1299 4774 id
1335 4723 1548 4787 vetent,
1582 4720 1722 4774 alibi
1746 4735 1862 4775 non

223 4813 379 4884 lego.
407 4813 608 4868 Canon
637 4816 702 4868 13
727 4814 889 4884 rejici
915 4816 1070 4868 vetat
1095 4814 1344 4885 hymnos
1379 4813 1440 4868 in
1473 4813 1706 4869 laudem
1738 4813 1860 4880 Dei,

229 4909 404 4977 atque
427 4908 824 4978 apostolorum
849 4911 906 4962 et
927 4910 1249 4978 martyrum
1267 4909 1500 4962 humano
1513 4908 1695 4962 studio
1713 4923 1866 4962 com-

226 4999 446 5072 positos
464 5002 644 5058 :Sicut
667 5003 726 5056 hi
742 5017 872 5071 quos
899 5001 1192 5056 beatissimi
1201 5002 1438 5059 doctores
1447 5001 1694 5057 Hilarius
1703 5004 1866 5070 atque

225 5094 543 5150 Ambrosius
577 5094 884 5150 ediderunt.
916 5095 1054 5162 Quos
1085 5099 1263 5150 tamen
1301 5095 1527 5166 quidam
1561 5094 1868 5165 specialiter

231 5189 544 5260 reprobant,
571 5205 676 5260 pro
705 5203 764 5244 eo
793 5188 938 5258 quod
961 5188 1027 5244 de
1053 5190 1350 5259 Scripturis
1376 5192 1684 5244 sanctorum
1713 5202 1870 5242 cano-

231 5297 357 5336 num
389 5282 478 5337 vel
513 5283 810 5353 apostolica
845 5281 1140 5337 traditione
1175 5298 1281 5337 non
1305 5285 1563 5337 existunt.
1586 5281 1687 5335 Hic
1712 5281 1868 5336 locus

233 5378 494 5447 spectare
521 5375 746 5430 videtur
770 5391 1056 5431 canonem
1084 5379 1148 5430 12
1169 5375 1397 5431 concilii
1424 5393 1462 5430 ιι
1485 5374 1866 5442 Bracarensis,

231 5469 289 5525 in
312 5485 430 5542 quo
453 5468 744 5540 ejusmodi
759 5469 964 5541 hymni
984 5469 1386 5542 reproban'tur,
1406 5468 1490 5523 uti
1505 5467 1683 5523 etiam
1705 5467 1765 5522 in
1786 5484 1871 5522 re-

231 5564 366 5637 gula
392 5567 730 5619 sanctorum
759 5564 920 5618 Pauli
946 5567 1003 5619 et
1025 5563 1307 5636 Stephani
1332 5565 1502 5635 caput
1530 5565 1614 5617 15.
1636 5561 1872 5617 Addunt

231 5658 432 5714 Patres
455 5658 516 5712 in
547 5657 757 5713 eodem
785 5674 1007 5714 canone
1039 5662 1102 5714 l2
1137 5676 1150 5713 :
1178 5662 1453 5730 Respuent
1478 5673 1602 5728 ergo
1636 5661 1687 5713 et
1715 5656 1872 5712 illum

235 5752 494 5825 hymnum
515 5753 585 5808 ab
605 5754 903 5810 hominibus
927 5756 1472 5826 compositum,‘quem
1495 5753 1738 5823 quotidie
1759 5765 1868 5824 pu-

235 5847 369 5913 blico
397 5851 724 5930 privatoque
747 5850 924 5921 ofﬁcio
952 5850 1008 5906 in
1033 5851 1137 5921 ﬁne
1164 5850 1395 5906 omnium
1421 5846 1754 5919 psalmorum
1782 5845 1869 5902 di-

1966 4621 2086 4676 dita
2105 4624 2256 4688 sunt,
2276 4636 2488 4691 nempe
2505 4619 2562 4672 in
2579 4621 2895 4690 Agathensi
2909 4639 3130 4678 canone
3146 4625 3215 4680 47
3231 4641 3244 4692 ;
3263 4625 3322 4680 in
3337 4624 3592 4685 Aurelia-

1965 4715 2131 4771 nensi
2149 4713 2338 4786 primo
2361 4729 2584 4768 canone
2606 4716 2693 4781 26,
2718 4717 2776 4768 et
2791 4715 2850 4768 in
2870 4717 3061 4785 tertio,
3077 4732 3298 4774 canone
3315 4722 3402 4782 29.
3418 4722 3590 4795 Cujus

1964 4811 2088 4864 haec
2112 4807 2283 4862 verba
2314 4823 2328 4862 :
2357 4811 2431 4864 De
2455 4810 2630 4863 missis
2670 4809 2854 4864 nullus
2891 4811 3150 4867 laicorum
3174 4821 3301 4870 ante
3324 4818 3587 4886 discedat.

1963 4918 2127 4973 quam
2167 4903 2440 4956 Dominica
2472 4902 2690 4957 dicatur
2726 4905 2930 4970 oratio;
2957 4909 3009 4959 et
3035 4907 3085 4960 si
3111 4911 3385 4980 episcopus
3415 4913 3590 4978 fuerit

1957 5010 2212 5068 presens,
2258 4995 2368 5064 ejus
2412 4995 2702 5051 benedictio
2745 5001 3092 5067 exspectetur.
3141 5002 3481 5059 Walafridus
3528 5004 3589 5067 id

1967 5089 2378 5160 interpretatur
2404 5087 2474 5142 de
2505 5088 2785 5158 oratione,
2810 5107 2937 5162 quae
2962 5095 3090 5163 post
3113 5096 3590 5156 communionem

1969 5181 2193 5237 dicitur.
2227 5183 2300 5236 At
2323 5185 2654 5254 repugnant
2682 5183 2856 5238 verba
2885 5184 3110 5242 concilii
3136 5186 3414 5257 Toletani,
3444 5191 3587 5248 alio-

1968 5292 2232 5347 rumque.
2265 5277 2327 5330 ln
2370 5274 2577 5329 Missali
2619 5275 2969 5331 Mozarabico
3008 5277 3333 5336 benedictio
3379 5281 3590 5356 ubiqu’e

1969 5367 2370 5425 communioni
2389 5367 2779 5440 praemittitur,
2799 5369 3055 5440 itemque
3077 5371 3135 5426 in
3159 5373 3448 5432 Gallicano
3469 5394 3592 5448 pas-

1969 5463 2078 5518 sim
2107 5461 2260 5534 apud
2283 5461 2655 5516 Thomasium
2691 5480 2702 5518 :
2733 5466 2790 5518 et
2818 5462 3096 5519 hactenus
3122 5465 3448 5525 benedictio
3476 5470 3592 5543 epi-

1971 5555 2212 5628 scOpalis
2227 5557 2361 5610 ante
2381 5556 2854 5613 communionem
2869 5557 3055 5614 datur.
3073 5559 3294 5633 Quippe
3305 5561 3514 5618 licebat
3524 5564 3594 5622 iis

1972 5649 2071 5724 qui
2086 5666 2204 5705 non
2221 5648 2748 5719 communicabant,
2769 5657 2999 5724 accepta
3015 5653 3438 5724 benedictione,
3457 5660 3593 5713 ante

1972 5745 2448 5804 communionem
2470 5743 2784 5816 discedere,
2803 5749 2866 5801 ut
2880 5763 2947 5803 ex
2966 5749 3254 5820 praedictis
3272 5748 3412 5804 locis
3429 5749 3596 5808 intel-

1971 5841 2384 5916 ligiturzatque
2408 5839 2542 5897 hinc
2563 5843 2722 5912 patet
2752 5856 2868 5898 non
2895 5857 3098 5902 omnes
3123 5843 3222 5918 qui
3242 5844 3375 5908 tunc
3403 5844 3598 5924 missa;
