4042 6184
443 223 535 283 131

1231 217 1561 277 APPENDIX
1598 213 1686 272 AD
1721 213 1941 271 OPERA
1977 211 2213 272 SANCTI
2249 210 2549 270 GERMANI
2587 210 3010 269 PARISIENSIS.
3099 214 3106 220 '

3697 211 3802 266 l3?

441 328 772 399 aderant,in
785 328 994 385 eadem
1006 325 1479 384 communionem
1493 323 1926 396 accepisse.lmo
1937 338 2071 378 vero
2094 339 2153 411 Α
2171 321 2484 378 Missalibus
2497 321 2800 376 Gallicanis
2812 319 2964 392 apud
2974 319 3156 374 Thom
3163 315 3348 374 asium
3360 317 3598 372 vocatur
3605 317 3814 390 populi

445 427 722 482 diaconus
751 427 884 479 ante
921 419 1395 477 communionem
1437 418 1688 472 clamare
1723 416 1945 471 solebat
1975 433 1988 470 :
2013 417 2074 474 Si

443 522 564 592 quis
609 535 717 574 non
759 517 1129 577 communicat,
1167 513 1258 567 det
1291 512 1483 576 locum,
1509 512 1758 565 testante
1795 508 2072 589 Gregorio

443 614 650 684 Magno
675 610 736 665 in
756 609 854 663 lib.
884 625 922 661 ιι
949 607 1344 676 Dialogorum,
1373 621 1496 676 cap.
1522 607 1610 671 23,
1635 602 1792 674 quod
1814 618 1932 658 non
1953 599 2076 656 tan-

446 711 573 761 tum
604 704 675 758 de
701 698 1126 773 paenitentibus,
1155 697 1256 751 sed
1299 696 1478 751 etiam
1507 695 1579 750 de
1609 694 1902 766 quibusvis
1927 694 2072 761 aliis,

449 798 548 870 qui
581 811 698 850 non
733 790 1264 856 communicabant,
1302 787 1748 860 intelligendum
1787 787 2071 842 existimo.

446 893 558 946 Por
570 885 816 943 romissa
828 885 1053 956 expleta
1069 881 1410 937 censebatur
1425 884 1560 936 ante
1576 880 2074 946 communionem,

446 985 510 1038 ut
534 980 704 1036 docet
730 977 1038 1048 Gregorius
1070 975 1418 1030 Turonensis
1452 973 1692 1028 antistes
1719 973 1778 1028 in
1807 973 1906 1028 lib.
1938 989 1978 1026 ιι
2005 971 2077 1026 de

445 1073 726 1130 Miraculis
752 1069 940 1124 sancti
961 1068 1206 1137 Martini,
1230 1084 1355 1138 cap.
1377 1069 1446 1122 4-7
1471 1084 1484 1122 :
1513 1067 1818 1137 «Cumque
1841 1065 2078 1136 expletis

449 1167 659 1234 missis,
694 1165 938 1236 populus
970 1161 1233 1232 coepisset
1272 1162 1700 1216 sacrosanctum
1733 1175 1938 1229 corpus
1969 1158 2076 1212 Re-

451 1258 770 1331 demptoris
803 1255 1082 1327 accipere,
1125 1277 1152 1306 »
1194 1258 1302 1309 etc.
1328 1253 1644 1325 Cyprianus
1683 1253 1756 1308 ad
1791 1269 1924 1306 eum
1958 1251 2077 1306 fere

453 1354 692 1412 modum
715 1349 842 1424 36
864 1349 1117 1420 loquitur
1141 1349 1201 1402 in
1229 1347 1374 1402 libro
1396 1347 1468 1402 de
1489 1346 1718 1418 Lapsis:
1747 1367 1775 1395 ‹‹
1796 1345 1902 1400 Ubi
1921 1361 2076 1412 vero,

451 1445 806 1504 solemnibus
858 1441 1207 1514 adimpletis,
1257 1441 1496 1496 calicem
1547 1439 1822 1495 diaconus
1871 1437 2079 1494 offerre

451 1539 832 1614 praesentibus
873 1536 1062 1607 coepit,
1091 1557 1120 1584 »
1161 1538 1269 1590 etc.
1307 1535 1599 1599 Quantum
1642 1549 1814 1604 porro
1847 1531 2082 1586 duraret

451 1632 659 1690 saeculo
698 1648 752 1685 γι
800 1629 992 1685 missae
1037 1627 1368 1695 celebratio,
1406 1627 1662 1681 declarat
1703 1623 1981 1681 Caesarius
2021 1623 2078 1676 in

2174 415 2497 472 admonitio
2519 432 2552 470 a
2574 415 2869 470 sacerdote
2893 413 3044 468 facta
3066 411 3139 466 ad
3156 411 3312 466 diem
3324 411 3419 483 pie
3432 410 3809 482 exigendum,

2175 511 2404 582 qualem
2445 509 2506 562 in
2540 507 2890 564 Mozarabico
2928 508 3259 578 usurpatam
3308 505 3482 560 fuisse
3523 521 3590 558 ex
3632 505 3814 559 Beato

2174 602 2434 674 superius
2464 601 2730 656 vidimus.
2765 600 2856 656 Sic
2887 601 2946 655 in
2985 599 3334 654 Mozarabico
3374 598 3448 652 ad
3476 597 3668 652 natale
3693 598 3815 652 Do-

2177 695 2325 750 mini
2352 713 2365 750 :
2399 696 2569 752 Hodie
2606 697 2756 750 nobis
2795 697 3078 750 thesaurus
3111 697 3275 748 natus
3310 697 3431 747 est:
3471 691 3628 746 hodie
3657 691 3821 746 nobis

2177 792 2396 846 lucerna
2426 791 2689 860 Virginis,
2710 804 2873 860 quam
2891 789 3130 858 Spiritus
3145 791 3363 843 sanctus
3387 787 3603 855 ignivit,
3624 800 3820 840 verum

2179 885 2354 939 lumen
2383 885 2665 954 apparuit,
2695 885 2800 936 etc.
2825 883 2888 935 ln
2919 881 3158 936 Gothico
3185 897 3286 935 seu
3307 877 3598 936 Gallicano
3624 877 3685 932 in
3715 877 3816 932 die

2177 977 2392 1032 Natalis
2418 975 2654 1031 Domini
2685 974 2889 1029 similis
2919 974 3189 1029 Praefatio
3229 973 3442 1044 legitur
3468 974 3598 1044 post
3622 973 3816 1025 Evan-

2181 1069 2416 1141 gelium.
2450 1072 2524 1124 At
2561 1067 2728 1124 initio
2763 1068 2954 1122 missas
2997 1066 3072 1121 ad
3110 1066 3266 1121 diem
3305 1065 3488 1120 sancti
3530 1063 3823 1136 Stephani

2179 1161 2620 1234 protomartyris
2648 1179 2662 1216 :
2700 1162 3068 1224 Venerabilem
3093 1163 3256 1230 atque
3287 1161 3567 1215 sublimem
3607 1159 3819 1214 beatis-

2177 1260 2302 1313 simi
2312 1257 2728 1328 protomartyris
2745 1256 3008 1326 Stephani
3024 1255 3326 1325 passionem
3351 1253 3508 1308 hodie
3532 1252 3819 1308 celebran-

2179 1355 2275 1414 tes,
2306 1353 2472 1406 Deum
2495 1353 2818 1418 martyrum,
2847 1350 3052 1414 fratres
3085 1348 3407 1410 charissimi,
3436 1346 3817 1416 deprecamur,

2181 1447 2288 1498 etc.
2334 1441 2556 1513 Ubique
2609 1439 2838 1508 desinit,
2876 1455 2975 1512 per
3022 1442 3306 1522 Dominum
3353 1443 3593 1494 nostrum
3633 1441 3820 1494 Iesum

2182 1538 2471 1594 Christum.
2499 1534 2592 1590 Sic
2624 1533 2686 1588 in
2724 1533 2995 1590 omnibus
3032 1533 3154 1586 fere
3189 1531 3377 1586 missis
3417 1529 3668 1587 Gothicis
3708 1547 3820 1585 seu

2181 1628 2486 1685 Gallicanis
2515 1627 2780 1682 Praefatio
2809 1627 2974 1682 initio
3002 1625 3255 1698 ponitur.

453 1731 699 1798 utroque
735 1739 1004 1778 sermone
1043 1720 1419 1793 przelaudato,
1447 1719 1546 1774 ubi
1575 1719 1675 1798 ait,
1704 1718 1898 1774 divina
1926 1733 2079 1788 mys-
2101 1714 2158 1786 B
2252 1723 2305 1777 4.
2329 1723 2486 1776 Hanc
2516 1720 2837 1792 excipiebat
2860 1719 3030 1774 lectio
3051 1717 3396 1790 Prophetias.
3421 1715 3730 1788 Gregorius
3755 1717 3819 1771 in

455 1820 602 1876 teria
625 1841 652 1869 «
684 1818 851 1873 unius
880 1817 969 1870 vel
999 1815 1245 1870 duarum
1275 1814 1552 1868 horarum
1578 1796 1764 1885 spatio
1792 1833 1819 1860 »
1849 1813 2083 1882 peracta

453 1915 648 1970 fuisse.
679 1911 840 1968 Unde
885 1909 946 1964 in
995 1925 1265 1964 sermone
1313 1906 1666 1978 praecedenti
1708 1903 2085 1976 reprehendit

455 2006 736 2080 quosdam
783 2003 1053 2058 homines
1099 2002 1508 2073 praepotentes,
1561 1999 1660 2071 qui
1717 1997 2083 2071 presbyteros

457 2100 744 2173 cogebant
775 2119 804 2149 «
834 2097 1074 2152 missam
1107 2092 1461 2149 abbreviare.
1497 2115 1524 2141 »

1110 2210 1332 2265 CAPUT
1367 2210 1430 2262 V.

456 2313 634 2368 Missae
660 2309 954 2368 Gallicanae
969 2308 1158 2377 partes
1177 2303 1500 2377 singillatim
1519 2301 1862 2372 eaplicantur
1883 2315 1950 2377 ea:
1965 2299 2088 2356 Gre-

563 2383 713 2452 gorio
743 2372 1036 2435 Turonensi
1059 2372 1321 2447 episcopo,
1351 2374 1582 2443 aliisque
1607 2372 1978 2426 monumentis.

459 2503 476 2514 ι
534 2476 582 2530 l.
612 2475 743 2529 Haec
785 2471 977 2527 missas
1020 2468 1328 2526 Gallicanae
1369 2481 1500 2521 cum
1544 2463 1913 2531 Mozarabica,
1958 2479 2084 2534 quae

459 2583 741 2641 magnam
771 2582 902 2622 cum
933 2581 1001 2618 ea
1023 2562 1105 2634 (ut
1129 2561 1470 2634 praedictum
1501 2559 1604 2631 est)
1627 2556 1969 2612 afﬁnitatem
1991 2556 2088 2610 ha-

392 2649 403 2658 ’
457 2663 575 2731 bet,
604 2658 960 2732 comparatio
985 2656 1106 2710 visa
1137 2657 1223 2709 est
1255 2654 1364 2709 hoc
1390 2654 1516 2708 loco
1544 2650 1902 2706 necessaria:
1935 2667 2087 2704 nunc

459 2773 594 2812 vero
621 2755 761 2828 quid
791 2770 856 2808 ex
882 2748 1188 2807 Gallicanis
1213 2745 1632 2813 monumentis,
1661 2744 1985 2816 praesertim
2021 2760 2086 2797 ex

459 2849 736 2920 Gregorio
762 2843 1080 2901 Turonensi
1107 2841 1362 2896 antistite
1401 2840 1473 2894 de
1514 2839 1805 2893 Gallicana
1833 2836 2087 2908 Liturgia

457 2942 728 3012 colligere
758 2937 922 2992 nobis
945 2935 1124 3002 licuit,
1157 2932 1562 3005 exponendum
1597 2933 1700 2985 est.
1789 2969 1800 2976 ς

530 3039 584 3090 2.
611 3035 674 3088 In
703 3030 973 3087 omnibus
1001 3026 1270 3097 Liturgiis
1305 3025 1479 3080 missa
1510 3023 1822 3094 incipiebat
1845 3023 1917 3078 ab
1949 3022 2091 3078 anti-

462 3129 658 3201 phona
679 3123 952 3198 quadam.
971 3121 1134 3177 Unde
1151 3119 1314 3188 liber,
1334 3119 1432 3190 qui
1449 3117 1736 3188 ejusmodi
1749 3133 1944 3174 versus
1963 3134 2094 3172 con-

463 3223 630 3288 tinet,
658 3214 1144 3288 Antiphonarium
1176 3215 1452 3268 a‘Joanne
1488 3211 1739 3266 Diacono
1774 3213 2008 3266 vocatur
2033 3210 2092 3264 in

463 3315 593 3370 Vita
617 3309 878 3384 Gregorii
907 3307 1116 3380 Magni.
1147 3307 1226 3361 De
1253 3305 1341 3360 his
1367 3305 1719 3376 antiphonis,
1745 3321 1888 3376 quas
1916 3303 2092 3360 modo

463 3407 736 3465 lntroitus
751 3404 1128 3477 appellamus,
1148 3399 1650 3472 interpretandum
1668 3397 1893 3452 videtur
1911 3396 2096 3454 conci-

465 3503 609 3558 lium
630 3499 958 3572 Agathense
979 3495 1118 3552 anni
1141 3497 1262 3562 506,
1282 3508 1504 3548 canone
1528 3494 1596 3547 30
1621 3507 1634 3546 ε
1660 3495 1729 3548 Et
1756 3493 1888 3562 quia
1905 3507 2092 3547 conue-

459 3598 546 3651 nit
573 3595 813 3650 ordinem
846 3590 1092 3646 Ecclesiae
1125 3589 1195 3643 ab
1229 3587 1470 3642 omnibus
1497 3586 1778 3656 zqualiter
1815 3585 2092 3649 custodiri,

461 3685 787 3744 studendum
821 3688 917 3746 est,
957 3687 1020 3736 ut
1055 3683 1194 3736 sicut
1215 3681 1410 3750 ubique
1447 3682 1529 3748 ﬁt,
1556 3683 1608 3734 et
1623 3682 1748 3749 post
1771 3679 2096 3749 antiphonas

467 3780 805 3840 Collectiones
840 3776 910 3830 ab
947 3774 1204 3845 episcopis
1238 3773 1324 3827 vel
1353 3771 1688 3842 presbyteris
1728 3771 2004 3826 dicantur.
2035 3771 2096 3825 Id

469 3871 699 3946 generis
714 3869 909 3924 forsan
926 3869 1050 3921 erat
1065 3865 1163 3919 illa
1179 3864 1518 3936 antiphona,
1534 3880 1710 3935 quam
1728 3880 1795 3919 ea:
1812 3858 2098 3935 improuiso

465 3965 810 4024 Primicerius
855 3961 1128 4032 imposuit,
1181 3973 1311 4012 cum
1365 3956 1526 4011 missi
1584 3957 1856 4013 Clodovei
1907 3956 2097 4028 Magni

467 4063 668 4117 contra
693 4055 982 4112 Alaricum
1017 4051 1311 4125 pergentis
1339 4050 1637 4106 basilicam
1663 4049 1848 4106 sancti
1870 4050 2098 4106 Martini

465 4151 718 4227 ingressi
751 4151 904 4216 sunt,
933 4145 1282 4220 exploraturi
1309 4143 1432 4218 3'7
1464 4161 1538 4199 an
1568 4146 1749 4199 Deum
1781 4144 2095 4216 propitium

467 4248 767 4305 habiturus
792 4246 960 4311 esset,
993 4258 1061 4296 ex
1091 4239 1370 4310 Gregorio
1400 4237 1720 4294 Turonensi
1747 4238 2014 4310 episcopo
2035 4237 2096 4292 in

467 4343 566 4398 lib.
611 4358 670 4409 ιι,
709 4355 832 4411 cap.
877 4339 965 4393 39.
1008 4334 1340 4406 Antiphona
1380 4332 1504 4388 hac
1547 4335 1716 4387 erat:
1758 4334 2100 4388 Prsecinaisti

467 4452 570 4499 me,
601 4436 838 4496 Domine,
867 4433 1067 4486 uirtute
1089 4429 1166 4484 ad
1194 4427 1408 4491 bellum,
1435 4429 1544 4480 etc.

542 4531 594 4582 3.
617 4526 1010 4596 Antiphonam
1033 4526 1092 4576 et
1109 4538 1338 4578 versum
1361 4519 1708 4592 sequebatur
1729 4537 1798 4574 ex
1823 4536 2044 4575 canone
2066 4522 2096 4574 3

472 4619 700 4678 concilii
747 4634 786 4672 ιι
824 4615 1088 4671 Vasensis
1114 4618 1281 4684 Kyrie
1321 4615 1536 4678 eleison,
1565 4613 1999 4685 frequentatum
2024 4614 2099 4668 ad

469 4714 766 4774 Matutinos
789 4716 842 4767 et
879 4710 955 4765 ad
977 4711 1196 4776 missas;
1225 4709 1356 4778 quia
1389 4711 1502 4762 tam
1542 4709 1602 4762 in
1635 4708 1757 4762 sede
1781 4708 2096 4779 apostolica,

469 4824 634 4882 quam
657 4807 818 4863 etiam
844 4818 945 4876 per
969 4805 1109 4857 totas
1139 4802 1370 4858 Orientis
1393 4804 1557 4870 atque
1588 4800 1768 4856 Italiae
1795 4803 2098 4871 provincias

471 4907 582 4960 haec
619 4897 938 4956 consuetudo
979 4900 1057 4952 est
1098 4897 1424 4950 intromissa.
1464 4892 1630 4964 Apud
1677 4893 1921 4962 Graecos,
1955 4897 2098 4949 teste

473 4993 750 5066 Gregorio
769 4993 994 5063 Magno,
1013 4991 1217 5058 «Kyrie
1237 4989 1430 5044 eleison
1451 4986 1622 5040 simul
1649 5003 1854 5042 omnes
1881 4987 2095 5042 dicunt.

473 5088 640 5161 Apud
665 5103 770 5142 nos
795 5088 1010 5152 autem,
1040 5079 1246 5154 inquit,
1277 5099 1312 5136 a
1343 5080 1564 5136 clericis
1589 5080 1816 5148 dicitur,
1847 5083 1904 5135 et
1937 5098 1971 5136 a
1994 5098 2096 5152 po-

474 5184 608 5257 pulo
635 5177 1035 5252 respondetur,
1065 5179 1123 5230 et
1150 5175 1392 5231 totidem
1419 5175 1626 5234 Christe
1648 5175 1842 5230 eleison
1871 5173 2097 5242 dicitur,

474 5275 631 5350 quod
659 5274 816 5329 nullo
844 5271 1021 5327 modo
1061 5269 1215 5342 apud
1243 5271 1488 5325 Graecos.
1517 5288 1545 5318 ιδ
1577 5267 1720 5322 Dein
1757 5267 2102 5338 sequebatur

473 5387 579 5445 pro
601 5367 826 5424 ratione
845 5368 1178 5437 temporum
1191 5362 1346 5436 apud
1357 5363 1642 5418 nostrates
1653 5361 1842 5416 Gallos
1852 5360 2102 5431 hymnus

475 5461 769 5537 angelicus
794 5461 978 5520 Gloria
1003 5461 1062 5514 in
1085 5459 1304 5514 emcelsis
1329 5460 1453 5520 Deo,
1483 5454 1644 5526 cujus
1673 5453 1944 5508 meminit
1972 5454 2103 5510 Gre-

475 5557 672 5632 gorius
697 5551 1043 5612 Turonensis
1072 5551 1372 5624 episcopus
1393 5548 1452 5602 in
1481 5547 1580 5602 lib.
1605 5564 1623 5601 ι
1645 5547 1716 5602 de
1737 5547 1928 5602 Gloria
1945 5563 2100 5603 mar-

475 5655 690 5728 tyrum,
713 5665 838 5722 cap.
862 5650 951 5716 63,
985 5648 1044 5701 et
1069 5645 1131 5702 in
1163 5643 1264 5700 lib.
1289 5659 1329 5697 ιι
1353 5641 1423 5696 de
1446 5639 1728 5697 Miraculis
1751 5641 1936 5697 sancti
1957 5643 2100 5698 Man

476 5741 604 5815 tinl,
634 5759 757 5816 cap.
786 5743 874 5800 25.
906 5737 1002 5794 His
1043 5735 1384 5796 succedebat
1416 5733 1706 5794 Praefatio.
1737 5734 1827 5793 Sic
1854 5734 2010 5793 enim
2043 5735 2100 5793 in

2117 4452 2176 4524 D

2181 1815 2279 1870 lib.
2311 1831 2409 1869 vm
2442 1814 2696 1869 historias
2725 1814 3096 1880 Francorum,
3125 1829 3248 1883 cap.
3283 1816 3314 1866 7
3349 1829 3362 1866 :
3397 1831 3427 1861 ι(
3452 1811 3818 1866 Adveniente

2184 1925 2412 1981 quoque
2440 1907 2534 1962 die
2557 1903 2685 1980 38
2708 1905 3010 1962 Dominico
3033 1921 3132 1960 rex
3157 1905 3622 1960 Guntchramnus
3640 1905 3826 1960 eccle-

2184 2002 2330 2057 siam
2351 2001 2424 2057 ad
2445 2000 2757 2072 spectanda
2776 1999 3085 2055 missarum
3107 1998 3391 2054 solemnia
3412 1999 3575 2070 petit.
3591 1999 3826 2053 Fratres

2182 2111 2318 2151 vero
2349 2093 2899 2164 consacerdotesque
2925 2092 3024 2164 qui
3051 2093 3312 2160 aderant,
3334 2093 3526 2147 locum
3557 2091 3822 2146 Palladio

2187 2189 2453 2260 episcopo
2466 2187 2540 2242 ad
2552 2203 2658 2258 age
2668 2187 2784 2242 nda
2797 2187 2944 2241 festa
2961 2185 3350 2257 praebuerunt.
3367 2185 3490 2250 Quo
3502 2184 3824 2256 incipiente

2184 2281 2576 2352 Prophetiam,
2603 2297 2703 2335 rex
2733 2280 3054 2350 interrogat
3073 2279 3200 2350 quis
3226 2283 3392 2334 esset.
3415 2279 3674 2350 Cumque
3693 2278 3827 2333 Pal-

2185 2375 2405 2429 ladium
2435 2374 2769 2446 episcopum
2810 2371 3066 2426 initiasse
3098 2371 3590 2444 pronuntiassent,
3617 2371 3827 2426 statim

2187 2471 2513 2523 commotus
2523 2483 2622 2522 rex
2635 2466 2766 2535 ait,»
2784 2469 2892 2522 etc.
2905 2467 3278 2539 Prophetiam
3293 2465 3487 2537 itaque
3500 2464 3822 2536 aliquando

2187 2562 2385 2629 lector,
2415 2561 2730 2632 aliquando
2769 2561 3036 2616 sacerdos
3066 2559 3500 2633 pronuntiabat.
3525 2559 3660 2614 Post
3685 2574 3826 2629 pro-

2189 2655 2448 2726 phetiam
2476 2655 2736 2709 Psalmus
2757 2653 3174 2726 responsorius,
3204 2653 3305 2725 qui
3329 2651 3536 2707 tractui
3562 2668 3659 2706 seu
3687 2651 3832 2706 Gra-

2192 2748 2347 2802 duali
2399 2747 2682 2803 hodierno
2741 2749 3072 2819 respondet,
3124 2749 3372 2802 testante
3431 2744 3707 2817 Gregorio
3765 2745 3831 2798 in

2192 2841 2452 2896 Historia:
2479 2842 2828 2896 Francorum
2857 2841 2954 2896 lib.
2983 2858 3102 2910 vm,
3133 2859 3257 2913 cap.
3287 2845 3318 2896 3
3349 2857 3362 2896 :
3396 2861 3424 2890 ‹‹
3450 2841 3673 2894 Interea
3691 2837 3829 2909 jam

2195 2935 2390 2989 medio
2417 2934 2646 3006 prandii
2675 2937 2930 3006 peracto,
2953 2935 3120 3006 jubet
3150 2951 3250 2989 rex
3281 2937 3343 2988 ut
3379 2933 3686 2988 diaconum
3714 2949 3830 2988 no-

2195 3030 2396 3095 strum,
2427 3027 2526 3100 qui
2553 3031 2688 3082 ante
2719 3027 2877 3082 diem
2905 3028 2980 3083 ad
3019 3028 3222 3083 missas
3259 3027 3552 3083 Psalmum
3581 3042 3827 3097 respon-

2195 3121 2412 3177 sorium
2443 3121 2684 3190 dixerat,
2713 3138 2920 3177 canere
2941 3121 3230 3192 juberem.

2266 3219 2316 3271 5.
2345 3215 2463 3270 Hoc
2491 3214 2675 3282 ﬁnito,
2705 3214 2982 3270 diaconus
3005 3215 3300 3270 silentium
3333 3212 3622 3269 indicebat
3648 3211 3724 3268 ad
3753 3213 3838 3268 le-

2195 3307 2448 3363 ctionem
2482 3307 2769 3379 Epistolas,
2794 3325 2922 3380 qua:
2944 3325 2978 3362 a
3005 3308 3356 3364 subdiacono
3377 3306 3744 3362 recitabatur.
3767 3308 3834 3361 In

2195 3401 2538 3473 quibusdam
2570 3393 2760 3456 missis
2789 3400 3066 3456 diaconus
3087 3404 3222 3456 ante
3243 3401 3563 3466 Orationes,
3584 3415 3730 3470 quas
3753 3399 3836 3454 le-

2196 3494 2479 3550 ctionibus
2498 3493 2774 3566 praemitti
2790 3511 2918 3550 mos
2933 3499 3076 3563 erat,
3090 3493 3374 3549 ﬂectenda
3395 3509 3585 3565 genua
3604 3491 3833 3547 indice-

2195 3587 2312 3642 bat.
2347 3587 2508 3642 Unde
2538 3587 2817 3642 Caesarius
2847 3584 2907 3642 in
2939 3604 3210 3643 sermone
3237 3590 3340 3643 285
3367 3603 3530 3642 novae
3550 3585 3834 3658 appendi-

2197 3680 2276 3736 cis
2298 3680 2732 3752 Augustinianas
2760 3699 2774 3736 :
2802 3703 2830 3730 ‹‹
2852 3681 3140 3754 Supplico,
3174 3681 3380 3736 fratres
3405 3679 3751 3747 charissimi,
3773 3684 3837 3734 et

2196 3778 2440 3846 paterna
2455 3774 2668 3846 pietate
2687 3791 3056 3843 commoneo,
3071 3777 3134 3830 ut
3157 3774 3609 3846 quotiescunque
3629 3773 3833 3828 Oratio

2197 3867 2485 3934 indicitur,
2516 3867 2614 3939 qui
2634 3868 2782 3923 forte
2803 3884 2907 3940 pro
2929 3868 3122 3940 aliqua
3139 3867 3477 3922 infirmitate
3500 3883 3613 3922 non
3636 3869 3838 3938 potest

2199 3977 2389 4033 genua
2424 3960 2678 4029 ﬂectere,
2707 3965 2766 4016 et
2795 3961 3028 4017 dorsum
3067 3961 3392 4028 incurvare;
3425 3961 3513 4016 vel
3545 3959 3834 4015 cervicem

2198 4053 2503 4109 humiliare
2533 4071 2652 4109 non
2687 4053 2934 4110 differat.
2966 4077 2996 4105 »
3029 4057 3098 4110 Et
3125 4055 3186 4110 in
3213 4070 3483 4110 sermone
3513 4053 3782 4124 sequenti
3816 4069 3832 4108 :

2201 4171 2228 4196 «
2260 4148 2421 4219 Rogo
2443 4149 2502 4202 et
2527 4147 2816 4203 admoneo
2847 4165 2964 4217 vos,
2995 4149 3200 4204 fratres
3221 4147 3564 4214 charissimi,
3594 4149 3656 4200 ut
3687 4161 3837 4217 quo-

2198 4241 2531 4312 tiescunque
2551 4241 2713 4312 juxta
2737 4243 2916 4297 altare
2950 4259 2984 4296 a
3015 4241 3234 4297 clericis
3261 4244 3476 4310 oratur,
3506 4242 3605 4294 aut
3628 4239 3834 4295 Oratio

2199 4333 2442 4390 diacono
2482 4335 2770 4390 clamante
2805 4335 3096 4403 indicitur,
3131 4351 3248 4390 non
3281 4335 3466 4390 solum
3503 4331 3696 4400 corda,
3727 4331 3840 4387 sed

2199 4427 2376 4482 etiam
2395 4445 2636 4500 corpora
2656 4427 2904 4484 fideliter
2918 4427 3226 4484 inclinetis.
3240 4429 3385 4483 Nam
3404 4426 3544 4482 dum
3561 4426 3840 4498 frequen-

2198 4523 2304 4589 ter,
2353 4520 2498 4575 sicut
2541 4521 2787 4592 oportet,
2829 4524 2889 4576 et
2931 4521 3243 4593 diligenter
3283 4521 3540 4588 attendo,
3580 4518 3838 4574 diacono

2199 4616 2508 4683 clamante,
2529 4616 2825 4672 Flectamus
2843 4631 3038 4686 genua,
3063 4615 3381 4670 maximam
3402 4617 3650 4686 partem,
3673 4613 3844 4667 velut

2198 4708 2497 4762 columnas
2525 4712 2763 4776 erectas,
2788 4711 2944 4763 stare
2969 4708 3278 4780 conspicio,
3303 4731 3330 4758 n
3357 4710 3464 4763 etc.
3491 4708 3570 4762 De
3597 4705 3839 4760 silentio

2199 4818 2303 4873 per
2335 4802 2642 4858 diaconum
2675 4800 2890 4858 indicto
2921 4803 3112 4859 locum
3143 4803 3402 4874 superius
3432 4799 3738 4856 retulimus
3764 4813 3842 4854 ex

2200 4895 2459 4967 Gregorii
2487 4896 2834 4950 Turonensis
2860 4895 2956 4951 lib.
2985 4912 3083 4964 vn,
3114 4913 3238 4968 cap.
3271 4899 3322 4952 8.

2271 4992 2322 5044 6.
2347 4991 2482 5044 Post
2500 4989 2806 5061 epistolam
2829 4989 3106 5044 diaconus
3123 4989 3200 5044 ad
3221 4989 3535 5045 ambonem
3557 4985 3846 5060 procede-

2199 5082 2300 5136 bat
2341 5081 2415 5136 ad
2453 5081 2766 5153 legendum
2793 5083 3188 5154 Evangelium.
3221 5080 3638 5138 Guntchramni
3672 5078 3846 5152 regis

2201 5175 2324 5229 haec
2342 5174 2516 5229 verba
2537 5178 2669 5229 sunt
2690 5175 2842 5246 apud
2864 5175 3138 5231 eumdem
3160 5175 3502 5248 Gregorium
3520 5175 3579 5228 in
3592 5173 3688 5228 lib.
3703 5188 3841 5242 VIII,

2202 5284 2325 5340 cap.
2355 5269 2390 5322 4
2421 5285 2434 5323 :
2466 5269 2580 5322 «In
2613 5265 2740 5340 39
2784 5267 2878 5323 die
2921 5272 3117 5324 sancto
3151 5269 3402 5336 Paschie,
3434 5271 3620 5324 stante
3650 5266 3846 5322 fratre

2203 5377 2336 5416 meo
2368 5361 2669 5432 Sigeberto
2695 5361 2756 5415 in
2779 5362 3037 5430 ecclesia,
3059 5361 3408 5434 procedente
3431 5361 3674 5418 diacono
3695 5375 3846 5416 cum

2203 5457 2400 5527 sancto
2441 5455 2886 5528 Evangeliorum
2929 5453 3096 5524 libro,
3138 5455 3372 5530 nuntius
3409 5455 3534 5527 regi
3573 5453 3841 5525 advenit,

2202 5563 2432 5620 unaque
2455 5564 2566 5605 vox
2603 5549 2713 5604 fuit
2739 5547 3166 5621 pronuntiantis
3193 5549 3505 5623 lectionem
3535 5546 3843 5620 evangeli-

2203 5657 2352 5713 cam,
2385 5658 2452 5698 ac
2478 5643 2668 5699 nuntii
2693 5641 2936 5700 dicentis
2965 5659 2978 5700 :
3009 5642 3182 5699 Filius
3211 5647 3382 5700 natus
3403 5646 3493 5699 est
3519 5643 3644 5700 tibi.
3672 5663 3701 5694 ››

2273 5742 2324 5794 7.
2351 5739 2414 5794 In
2449 5737 2610 5795 festis
2649 5740 2976 5796 sanctorum
3011 5737 3117 5795 has
3156 5739 3432 5797 lectiones
3465 5735 3846 5813 praecedebat
