4044 6196
237 315 342 378 {33

230 429 400 486 lectio
441 427 720 500 passionis
747 445 846 483 seu
877 426 1020 483 Vitae
1055 427 1418 493 Sanctorﬂm,
1450 441 1696 496 quorum
1723 423 1868 482 festa
1890 441 1948 514 Α

230 523 654 577 recolebantur.
695 521 844 576 Audi
885 519 1226 592 Gregorium
1263 519 1322 573 in
1363 519 1460 572 lib.
1499 535 1516 572 ι
1559 517 1630 572 de
1673 515 1863 572 Gloria
1913 559 1925 566 .

229 619 576 687 martyrum,
600 633 724 686 cap.
753 617 822 670 86
851 633 865 670 :
899 637 927 665 «
952 614 1082 670 Dies
1105 611 1386 686 passionis
1417 614 1542 666 erat
1562 609 1860 682 Polycarpi

227 707 503 780 martyris
529 707 749 780 magni,
773 710 831 762 et
855 707 914 762 in
936 705 1340 778 Ricomagensi
1363 705 1484 760 vico
1507 703 1746 759 civitatis
1763 705 1863 756 Ar-

225 818 422 856 vernae
443 802 566 872 ejus
591 800 876 856 solemnia
888 800 1343 855 celebrabantur.
1363 796 1722 867 Lectaigttur
1737 812 1861 868 pas-

223 893 388 949 sione
417 911 548 949 cum
578 894 814 966 reliquis
832 892 1191 961 lectionibus,
1225 909 1366 964 quas
1387 906 1572 946 canon
1593 889 1856 944 sacerdo-

220 987 352 1041 talis
383 987 614 1055 invexit,
647 991 875 1060 tempus
901 987 974 1041 ad
1001 985 1341 1042 sacriﬁcium
1375 983 1734 1040 offerendum
1765 981 1861 1036 ad-

219 1080 399 1134 venit.
431 1103 460 1129 »
485 1080 543 1136 Si
569 1081 692 1135 haec
711 1081 880 1136 lectio
902 1080 1163 1152 proxime
1187 1079 1338 1134 facta
1364 1095 1480 1132 non
1505 1076 1704 1132 fuisset
1724 1079 1858 1130 ante

219 1172 592 1240 sacriﬁcium,
625 1191 758 1229 eam
787 1174 878 1228 hic
904 1189 1366 1229 commemorare
1392 1170 1533 1224 nihil
1555 1169 1854 1224 attinebat.

216 1265 500 1336 Ejusdem
517 1267 943 1322 lectionisidem
957 1265 1264 1338 Gregorius
1280 1263 1552 1319 meminit
1565 1263 1624 1317 in
1637 1261 1859 1316 duobus

217 1363 346 1419 aliis
371 1363 536 1430 locis,
562 1377 774 1432 nempe
802 1361 860 1414 in
886 1359 984 1414 lib.
1023 1377 1061 1414 ιι
1097 1359 1169 1414 de
1198 1357 1475 1414 Miraculis
1512 1355 1692 1410 sancti
1713 1355 1854 1409 Mar-

214 1456 343 1524 tini,
375 1472 504 1527 cap.
531 1457 598 1509 29
643 1457 702 1508 et
729 1471 854 1525 cap.
885 1454 974 1520 49,
1005 1451 1102 1506 ubi
1144 1452 1268 1506 haec
1294 1450 1466 1506 verba
1495 1467 1508 1504 :
1545 1471 1572 1498 ‹‹
1598 1447 1855 1519 Denique

213 1548 614 1604 sacerdotibus
655 1547 753 1618 qui
797 1545 1172 1612 advenerant,
1205 1544 1279 1598 ad
1315 1543 1544 1615 agenda
1575 1539 1858 1596 solemnia

211 1640 685 1714 procedentibus,
715 1655 846 1694 cum
871 1639 1068 1706 lector,
1093 1637 1182 1692 cui
1204 1636 1434 1708 legendi
1457 1637 1581 1690 erat
1602 1633 1856 1690 ofﬁcium

213 1734 564 1800 advenisset,
605 1737 663 1787 et
696 1735 925 1804 arrepto
962 1731 1108 1786 libro
1142 1731 1331 1785 Vitam
1374 1729 1555 1784 sancti
1597 1727 1858 1799 coepisset

1227 309 1314 374 DE
1346 315 1664 374 LlTURGIA
1699 311 2074 372 GALLICANA
2111 306 2309 367 LIBER
2346 301 2612 366 PRIMUS.
2641 379 2645 386 δ

1969 419 2304 474 mulieribus
2319 417 2610 485 offeratur,
2626 419 2747 471 tam
2764 415 2931 488 panis
2955 431 3130 488 quam
3155 411 3290 482 vini,
3307 415 3368 470 ut
3386 431 3489 487 per
3499 417 3602 470 has
3713 473 3740 488 ,

3502 293 3602 362 lat

1969 511 2403 569 immolationes
2439 515 2497 566 et
2533 514 2899 582 peccatorum
2942 527 3177 566 suorum
3226 509 3472 564 fascibus
3505 526 3601 564 ca-

1961 609 2150 673 reant,
2171 609 2228 659 et
2254 622 2384 660 cum
2402 605 2542 659 Abel
2558 605 2644 660 vel
2667 604 2890 659 caeteris
2909 604 3062 674 juste
3081 603 3455 658 offerentibus
3475 620 3603 675 pro-

1963 702 2302 754 mereantur
2332 715 2453 753 esse
2487 701 2798 753 consortes.
2831 719 2858 746 ››
2890 697 3153 752 Rubeum
3185 697 3380 752 vinum
3409 696 3603 752 offerri

1961 792 2166 863 sapius
2202 794 2554 862 praeceptum
2589 795 2694 858 est,
2731 794 2853 845 tum
2887 791 2960 845 ob
2991 790 3332 861 periculum,
3373 794 3497 845 tum
3528 789 3600 845 ob

1964 885 2339 956 mysterium;
2365 901 2504 939 nam
2535 884 2777 938 rubeum
2805 883 3120 955 expressius
3142 883 3351 938 Christi
3377 883 3603 954 sangui-

1961 996 2097 1033 nem
2130 979 2338 1050 signat,
2363 995 2536 1050 quam
2568 977 2782 1044 album,
2818 977 2977 1046 cujus
3005 977 3128 1031 loco
3152 993 3302 1047 aqua
3325 993 3442 1030 non
3467 993 3600 1031 raro

1959 1072 2222 1138 sumitur,
2246 1071 2396 1126 facili
2422 1088 2639 1126 errore.
2666 1066 2754 1124 Ad
2781 1070 3022 1124 rubeum
3038 1068 3154 1142 41
3188 1070 3438 1124 colorem
3466 1071 3602 1124 allu-

1961 1165 2104 1220 dens
2133 1165 2470 1220 Ambrosius
2501 1164 2560 1218 in
2589 1164 2880 1235 psalmum
2910 1179 3095 1230 CXVIII,
3126 1163 3290 1218 initio
3323 1163 3600 1218 octonarii

1962 1261 2027 1314 14
2057 1277 2069 1314 :
2105 1281 2132 1308 «
2163 1257 2364 1314 Cernis
2397 1274 2613 1326 rosam,
2652 1255 2856 1328 inquit,
2899 1257 3008 1311 hoc
3031 1259 3132 1310 est
3167 1255 3440 1311 dominici
3481 1273 3602 1312 cor-

1957 1353 2115 1423 poris
2145 1351 2511 1423 sanguinem.
2541 1373 2568 1403 »
2602 1349 2873 1422 Apposite
2913 1349 3156 1405 Jacobus
3193 1367 3226 1404 a
3256 1349 3501 1405 Vitriaco
3539 1350 3599 1405 in

1959 1445 2221 1502 Historiae
2251 1444 2624 1500 occidentalis
2669 1461 2793 1516 cap.
2829 1447 2896 1499 38
2930 1460 2943 1498 :
2981 1466 3008 1490 «ι
3041 1443 3156 1498 Sed
3192 1447 3249 1496 et
3288 1442 3505 1511 vinum,
3541 1445 3599 1498 in

1959 1543 2243 1611 quantum
2275 1556 2341 1593 ex
2375 1537 2612 1592 diversis
2639 1537 2818 1592 acinis
2839 1536 3092 1605 conﬂuit,
3118 1535 3401 1591 unitatem
3430 1539 3602 1609 eccle:

1957 1633 2249 1688 siasticam
2305 1635 2712 1703 repraesentat;
2761 1631 2819 1684 in
2871 1633 3152 1702 quantum
3210 1633 3405 1686 autem
3455 1631 3603 1686 calet

1958 1730 2057 1781 aut
2098 1727 2284 1794 rubet,
2317 1724 2659 1780 charitatem
2690 1724 2956 1778 Ecclesiae
2993 1723 3275 1794 designat.
3307 1746 3336 1775 »

213 1829 412 1900 legere
439 1826 802 1893 confessoris,
837 1847 864 1875 »
899 1829 1006 1880 etc.
1037 1826 1116 1878 Ex
1151 1841 1265 1896 quo
1305 1821 1664 1893 intelligitur,
1703 1821 1850 1875 hanc
1872 1811 1930 1883 B
2029 1823 2111 1874 lO.
2138 1821 2307 1874 Facta
2331 1816 2643 1885 oblatione,
2663 1818 2966 1890 presbyter
2994 1821 3276 1888 quantum
3299 1817 3435 1872 satis
3453 1820 3596 1886 erat,

211 1921 532 1976 lectionem
572 1919 697 1974 aliis
727 1917 1086 1990 praemissam
1122 1916 1316 1971 fuisse.
1359 1917 1428 1970 Et
1465 1915 1700 1988 quidem
1727 1916 1854 1968 acta

215 2014 564 2069 Sanctorum
588 2013 648 2066 in
667 2011 840 2066 missa
859 2011 1134 2082 legebant
1151 2009 1492 2076 Mozarabes,
1516 2011 1578 2062 ut
1599 2025 1665 2062 ex
1685 2007 1855 2061 Brau-

215 2106 368 2162 lione
400 2094 462 2163 in
503 2105 620 2160 vita
657 2103 837 2160 sancti
868 2103 1159 2160 Emiliani
1199 2102 1460 2174 superius
1490 2101 1757 2157 vidimus.
1789 2104 1850 2156 In

213 2198 580 2256 Lectionario
601 2201 798 2253 nostro
818 2197 1108 2253 Gallicano
1131 2199 1257 2252 acta
1269 2199 1599 2250 sanctorum
1622 2198 1848 2267 aposto-

215 2293 405 2348 lorum
434 2290 590 2346 Petri
618 2294 676 2345 et
699 2290 858 2346 Pauli
891 2289 1157 2362 Epistolae
1186 2287 1637 2360 preemittuntur.

281 2389 334 2440 8.
381 2384 696 2457 Evangelio
732 2382 1038 2454 Gregorius
1074 2381 1300 2453 subjicit
1327 2380 1584 2436 sacriﬁcii
1607 2379 1849 2436 oblatio-

217 2495 352 2533 nem
375 2479 437 2532 in
467 2479 593 2532 loco
619 2494 752 2532 mox
771 2477 952 2532 relato
972 2475 1044 2530 de
1059 2477 1256 2530 sancto
1268 2475 1600 2546 Polycarpo,
1617 2473 1706 2528 cui
1726 2475 1850 2528 loco

221 2572 365 2627 alter
390 2571 711 2628 consimilis
747 2573 834 2626 est
861 2570 920 2624 in
952 2587 1076 2642 cap.
1113 2573 1174 2624 l7
1204 2568 1274 2623 de
1303 2567 1442 2622 Vitis
1470 2569 1725 2635 Patrum,
1755 2566 1852 2622 ubi

221 2665 334 2736 agit
355 2666 428 2720 de
455 2663 676 2720 Nicetio
703 2663 970 2735 episcopo
998 2660 1334 2718 Trevirensi.
1362 2661 1546 2725 Quem
1569 2661 1758 2715 locum
1771 2658 1852 2714 ita

217 2759 572 2813 restituimus
599 2774 668 2812 ex
694 2755 901 2813 Codice
931 2773 1040 2810 ms.
1069 2773 1083 2810 ι
1112 2776 1139 2806 ‹‹
1166 2754 1413 2809 Advenit
1439 2754 1562 2808 dies
1591 2751 1868 2826 Domini:

222 2867 331 2918 cus,
362 2855 423 2906 et
444 2868 579 2906 ecce
606 2867 704 2904 rex
730 2866 861 2905 cum
882 2849 972 2903 his
1000 2849 1088 2904 cui
1127 2849 1198 2903 ab
1224 2849 1332 2903 hoc
1362 2847 1658 2902 sacerdote
1689 2863 1849 2902 com-

222 2944 482 2999 munioni
497 2943 695 2998 abesse
707 2943 848 3014 jussi
861 2943 1111 3010 fuerant,
1126 2940 1426 2996 ecclesiam
1441 2940 1845 3012 estingressus.

220 3037 395 3092 Lectis
419 3037 600 3108 igitur
619 3035 978 3104 lectionibus,
995 3052 1136 3107 quas
1152 3050 1338 3090 canon
1360 3033 1545 3088 sanxit
1559 3033 1846 3104 antiquus,

220 3131 423 3185 oblatis
460 3129 796 3184 muneribus
832 3145 1004 3200 super
1039 3129 1218 3182 altare
1253 3127 1375 3195 Dei,
1415 3126 1496 3181 ait
1528 3126 1794 3181 sacerdos
1831 3142 1845 3181 :

1953 1913 2028 1967 ad
2049 1912 2388 1968 sacriﬁcium
2416 1911 2763 1978 assumebat,
2784 1910 2956 1982 idque
2979 1912 3136 1982 palla
3153 1928 3254 1965 seu
3268 1912 3446 1982 pallio
3469 1929 3600 1967 con-

1953 2006 2208 2076 tegebat.
2241 2006 2438 2060 Plures
2458 2005 2628 2076 hujus
2651 2003 2732 2058 rei
2756 2003 2863 2058 loci
2886 2007 3020 2059 sunt
3049 2004 3202 2075 apud
3231 2004 3594 2076 Gregorium.

1952 2099 2106 2154 Unus
2122 2099 2180 2154 in
2197 2099 2294 2153 lib.
2314 2115 2388 2153 vn
2417 2115 2539 2170 cap.
2559 2101 2664 2153 2'2:
2703 2120 2732 2148 «
2753 2097 3035 2152 Putabam
3065 2113 3181 2166 me,
3205 2099 3406 2168 inquit,
3429 2097 3596 2170 quasi

1951 2191 2012 2246 in
2031 2191 2264 2246 basilica
2277 2194 2638 2247 sacrosancta
2652 2190 2960 2245 missarum
2975 2190 3260 2246 solemnia
3273 2191 3569 2247 celebrare
3579 2234 3593 2246 .

1953 2286 2213 2356 Cumque
2223 2286 2348 2356 jam
2373 2284 2641 2340 altarium
2665 2301 2796 2339 cum
2820 2283 3204 2339 oblationibus
3220 2283 3394 2356 pallio
3417 2284 3596 2340 serico

1953 2381 2218 2449 opertum
2243 2381 2410 2446 esset,
2433 2378 2620 2432 subito
2642 2376 3071 2448 ingredientem
3091 2377 3594 2432 Guntchramnum

1951 2471 2266 2543 conspicio,
2298 2471 2395 2544 qui
2417 2488 2633 2543 magna
2653 2488 2789 2526 voce
2819 2471 3108 2525 clamabat
3136 2489 3149 2526 :
3178 2470 3474 2526 Extrahite
3497 2471 3600 2526 ho~

1951 2565 2226 2620 micidam
2257 2583 2290 2620 a
2328 2582 2489 2620 sacro
2522 2564 2624 2620 Dei
2653 2565 2924 2620 altario...
2958 2566 3030 2619 At
3053 2581 3160 2636 ego
3183 2582 3312 2620 cum
3342 2565 3464 2619 haec
3490 2581 3594 2618 au-

1952 2659 2159 2726 direm,
2189 2658 2263 2712 ad
2291 2661 2348 2712 te
2381 2675 2688 2712 conversus
2717 2658 2833 2712 dixi
2867 2676 2879 2714 :
2912 2657 3300 2729 Apprehende
3321 2656 3590 2729 pallium,

1951 2751 2168 2818 infelix,
2193 2768 2306 2822 quo
2328 2767 2488 2805 sacra
2500 2767 2745 2804 munera
2763 2754 3169 2822 conteguntur,
3197 2767 3267 2804 ne
3283 2750 3417 2804 hinc
3445 2746 3594 2820 abji-

1950 2843 2182 2899 ciaris...
2215 2845 2475 2915 Cumque
2503 2845 2822 2898 reverteres
2849 2843 2924 2898 ad
2944 2842 3239 2910 altarium,
3265 2842 3588 2914 apprehen-

1951 2937 2126 2992 debas
2160 2937 2422 3009 pallium,
2453 2937 2552 2991 sed
2595 2953 2821 2990 rursum
2869 2936 3302 3007 relinquebas...
3335 2936 3404 2990 Et
3449 2935 3547 2991 ille
3577 2951 3590 2990 :

1949 3030 2361 3100 Deliberatum,
2385 3030 2593 3102 inquit,
2619 3029 2814 3096 habui,
2838 3033 2902 3083 ut
2921 3029 2968 3083 si
2990 3046 3086 3084 me
3109 3046 3206 3084 rex
3227 3029 3298 3084 ab
3330 3029 3440 3084 hoc
3467 3030 3592 3086 loco

1942 3123 2174 3195 juberet
2209 3124 2450 3192 extrahi,
2486 3123 2558 3178 ab
2593 3140 2711 3178 una
2750 3139 2930 3177 manu
2969 3139 3165 3178 PALLAS
3199 3123 3398 3178 altaris
3431 3126 3595 3178 tene-

222 3177 421 3185 -~----~
460 3177 793 3184 -ο---η-π-
832 3177 993 3200 --τπ
1040 3177 1214 3182 ------
1253 3177 1375 3195 --Ἶ
1417 3177 1493 3181 ---
1528 3177 1788 3181 ———-——~—
1832 3177 1844 3181 ν
1942 3177 1964 3195 υ
2062 3177 2073 3179 -
2131 3177 2168 3179 η
2496 3177 2516 3178 η
2605 3177 2628 3178 η
3110 3177 3113 3178 ν
3545 3177 3556 3178 κ

217 3223 334 3278 Non
361 3224 462 3278 hic
491 3222 618 3296 4ο
649 3221 821 3278 hodie
854 3222 1159 3276 missarum
1182 3219 1465 3276 solemnia
1481 3236 1846 3275 consumma—
1869 3177 1924 3251 Ο
1947 3234 2096 3285 rem,
2129 3240 2156 3267 »
2192 3221 2301 3272 etc.
2329 3219 2459 3272 Haec
2491 3215 2804 3288 Gregorius
2839 3216 2911 3271 de
2938 3215 3206 3272 Eberulfo
3243 3216 3399 3288 regis
3435 3217 3593 3272 cubi-

217 3317 451 3384 buntur,
476 3315 586 3371 nisi
609 3315 1020 3371 communione
1048 3314 1252 3386 privati
1281 3313 1438 3386 prius
1463 3313 1792 3368 abscedant.
1817 3335 1845 3364 »

219 3410 318 3466 Ubi
347 3413 492 3466 nota
535 3409 725 3481 primo
760 3408 1285 3464 excommunicatos
1315 3411 1450 3462 ante
1495 3405 1848 3462 oblationem

221 3503 434 3574 ejectos
473 3503 645 3557 fuisse
681 3519 749 3557 ex
783 3501 1038 3556 ecclesia.
1072 3501 1237 3566 Quod
1269 3500 1446 3555 etiam
1475 3500 1759 3571 colligitur
1783 3516 1850 3554 ex

221 3597 313 3650 lib.
341 3614 375 3652 x
397 3595 664 3652 Historiae
690 3595 970 3666 Gregorii,
1012 3611 1137 3667 cap.
1168 3597 1218 3650 8.
1260 3593 1478 3648 Deinde
1517 3593 1708 3648 missas
1743 3595 1846 3648 Ca-

221 3705 456 3758 noncm,
485 3689 548 3744 id
585 3692 671 3744 est
708 3688 984 3743 Ordinem
1016 3687 1393 3754 Gallicanum,
1428 3686 1703 3758 Gregorio
1740 3685 1850 3742 dici

223 3784 527 3856 antiquum
556 3799 570 3838 :
602 3799 668 3838 ac
695 3761 1321 3853 proinde’Mozarabico
1360 3780 1444 3851 (ut
1462 3779 1848 3852 probavimus)
1877 3776 1882 3784 “

223 3891 338 3932 esse
355 3876 771 3949 antiquiorem.
791 3877 946 3930 Inter
967 3873 1261 3945 Evangelii
1279 3872 1588 3928 lectionem
1613 3876 1672 3927 et
1699 3873 1852 3928 obla-

222 3970 443 4026 tionem
455 3984 880 4040 nonnunquam
894 3967 1133 4024 homilia
1146 3967 1220 4022 ad
1230 3968 1507 4038 populum
1524 3967 1852 4038 interpone-

221 4061 406 4130 batur,
439 4067 584 4118 teste
615 4061 1071 4132 Caesario,.cujus
1093 4060 1493 4116 auctoritatem
1516 4061 1688 4132 paulo
1715 4064 1848 4115 ante

219 4156 542 4211 retulimus.
573 4155 734 4210 Idem
763 4155 972 4226 probat
1000 4153 1310 4209 Audoenus
1349 4153 1408 4208 in
1438 4153 1534 4208 lib.
1567 4153 1699 4208 nde
1725 4155 1851 4209 Vita

219 4251 396 4306 sancti
426 4249 612 4322 Eligii,
642 4266 767 4322 cap.
811 4252 878 4304 22
906 4266 918 4304 :
971 4268 999 4297 ‹‹
1034 4247 1239 4319 Aliquo
1273 4263 1470 4302 rursus
1495 4246 1554 4301 in
1586 4251 1848 4319 tempore

217 4343 498 4414 agebatur
520 4343 727 4397 natalis
750 4341 904 4397 beati
927 4341 1170 4396 Martini.
1195 4341 1455 4412 Cumque
1475 4339 1628 4394 inter
1646 4340 1845 4395 missa-

217 4451 341 4491 rum
393 4435 702 4502 solemnia,
753 4433 1086 4506 evangelica
1121 4433 1283 4505 juxta
1318 4450 1547 4488 morem
1605 4433 1848 4488 lectione

1951 3311 2166 3366 culario
2205 3328 2218 3366 :
2248 3327 2423 3382 quem
2449 3311 2641 3366 locum
2673 3311 2797 3364 fuse
2825 3310 3015 3377 retuli,
3035 3313 3158 3364 tum
3193 3312 3258 3364 ut
3289 3314 3588 3382 appareat,

1951 3421 2068 3459 non
2109 3404 2285 3460 modo
2327 3421 2514 3458 sacras
2552 3403 2892 3470 oblationes,
2923 3402 2981 3456 id
3009 3407 3096 3457 est
3128 3403 3343 3474 panem
3375 3407 3434 3458 et
3452 3403 3590 3459 cali-

1951 3515 2098 3565 cem,
2130 3497 2230 3551 sed
2267 3501 2324 3552 et
2360 3499 2540 3552 altare
2579 3497 2732 3568 palla
2771 3496 2977 3550 eadem
3019 3496 3196 3550 fuisse
3223 3500 3589 3568 coopertum,

1950 3594 2076 3645 tum
2121 3591 2336 3662 pallam
2376 3590 2538 3644 illam
2576 3607 2643 3644 ex
2684 3591 2850 3644 serico
2887 3589 3132 3654 factam;
3173 3591 3298 3644 tum
3341 3589 3592 3662 denique

1944 3685 2178 3756 pallam,
2195 3684 2401 3754 pallas,
2426 3683 2706 3755 etpallum
2721 3683 2831 3737 hoc
2853 3682 2978 3737 loco
3007 3682 3165 3737 idem
3197 3700 3340 3738 esse.
3373 3685 3453 3738 De
3483 3683 3592 3740 hac

1950 3777 2102 3850 palla
2119 3780 2347 3832 sanctus
2364 3777 2710 3858 Benedictus
2726 3776 2982 3848 loquitur
3004 3775 3060 3831 in
3085 3778 3301 3849 regulae
3327 3794 3443 3832 suae
3465 3795 3590 3850 cap.

1952 3874 2038 3939 59,
2080 3871 2176 3925 ubi
2218 3871 2289 3925 de
2325 3887 2636 3943 puerorum
2683 3869 2975 3925 oblatione
3022 3887 3222 3942 agens,
3252 3871 3422 3942 jubet
3461 3889 3586 3927 ma-

1951 3981 2090 4019 num
2115 3965 2280 4036 pueri
2311 3963 2593 4019 oﬁ‘crendi
2623 3963 2834 4018 involvi
2854 3966 2912 4018 in
2934 3965 3095 4035 palla
3121 3965 3340 4030 altaris,
3371 3965 3592 4020 scilicet

1951 4075 2081 4113 cum
2122 4057 2414 4113 oblatione
2457 4058 2624 4128 panis
2675 4059 2734 4111 et
2775 4057 2913 4125 vini,
2957 4061 3020 4112 ut
3061 4075 3128 4112 ex
3169 4057 3426 4130 utrisque
3475 4074 3590 4114 una

1950 4151 2067 4206 Deo
2110 4151 2274 4205 ﬁeret
2318 4151 2552 4205 oblatio.
2599 4150 2761 4205 Idem
2816 4150 2990 4204 fuisse
3042 4151 3271 4206 videtur
3315 4153 3591 4222 corporale

1942 4245 2200 4316 pallium,
2227 4245 2366 4300 albis
2389 4245 2734 4314 stigmatibus
2761 4246 3058 4307 variatum,
3089 4244 3245 4314 quod
3285 4244 3590 4298 Pethelmo

1951 4336 2195 4392 antistiti
2239 4338 2390 4393 dono
2418 4337 2740 4392 transmisit
2779 4337 3106 4392 Bonifacius
3141 4335 3443 4406 episcopus
3471 4336 3587 4391 Mo-

1953 4431 2226 4502 guntinus
2266 4431 2324 4484 in
2367 4430 2612 4502 cpistola
2656 4434 2740 4497 ll,
2761 4430 2999 4500 pallium
3039 4428 3237 4482 altaris
3271 4425 3491 4482 dictum
3524 4428 3584 4485 in

218 4530 464 4600 expleta,
519 4527 711 4583 divina
761 4527 976 4599 Eligius
1029 4527 1240 4598 populo
1287 4525 1628 4598 przedicaret
1692 4543 1853 4580 man-
1873 4545 1933 4617 D
1957 4523 2198 4596 epistola
2219 4526 2305 4578 85.
2331 4522 2458 4595 42
2475 4521 2994 4578 Palla’vocabulum
3018 4519 3193 4575 hodie
3214 4520 3592 4577 retinetillud

218 4621 370 4690 data,
403 4643 434 4671 π
461 4625 571 4676 etc.

285 4719 336 4771 9.
370 4717 580 4770 Postea
616 4714 890 4770 diaconus
929 4731 1156 4770 sacrum
1201 4713 1587 4768 ministerium
1634 4731 1732 4768 seu
1761 4731 1851 4768 su-

219 4809 568 4879 pellectilem
615 4826 857 4878 sacram,
891 4807 950 4863 id
986 4811 1089 4876 est,
1119 4808 1358 4864 calicem
1395 4811 1453 4861 et
1487 4809 1694 4862 caetera
1720 4824 1856 4862 vasa

219 4917 402 4970 sacra,
431 4920 500 4958 ex
525 4904 794 4971 sacrario,
826 4902 982 4975 quod
1001 4902 1059 4956 in
1092 4902 1443 4957 domuncula
1469 4900 1720 4955 ecclesiae
1752 4901 1850 4956 ad-

218 4994 480 5051 haerente
523 4996 697 5050 situm
744 5001 886 5064 erat,
932 4999 1032 5050 aut
1076 4999 1228 5050 certe
1277 5012 1342 5050 ex
1390 4994 1643 5049 armario
1689 4991 1852 5048 altari

215 5090 484 5161 proximo
506 5089 803 5144 afferebat.
828 5089 1136 5161 Gregorius
1154 5088 1212 5142 in
1236 5088 1333 5142 lib.
1361 5105 1378 5142 ι
1401 5087 1470 5142 de
1485 5087 1675 5143 Gloria
1706 5103 1856 5142 mar-

217 5185 432 5253 tyrum,
476 5199 602 5254 cap.
643 5185 711 5238 86
753 5199 766 5238 :
805 5201 832 5236 α
867 5184 1132 5254 Tempus,
1162 5179 1368 5254 inquit,
1403 5181 1476 5236 ad
1511 5179 1852 5236 sacriﬁcium

219 5275 587 5330 offerendum
615 5275 878 5342 advenit;
909 5278 1258 5348 acceptaque
1283 5279 1439 5332 turre
1469 5275 1762 5342 diaconus,
1790 5273 1851 5328 in

220 5383 328 5439 qua
352 5368 740 5424 ministerium
762 5368 1037 5424 dominici
1063 5369 1316 5441 corporis
1338 5369 1678 5436 habebatur,
1701 5368 1852 5421 ferre

221 5461 388 5534 erepit
413 5461 492 5517 ad
513 5462 722 5518 ostium
748 5479 762 5530 ;
785 5463 1190 5535 ingressusque
1211 5463 1518 5534 templum,
1542 5465 1606 5516 ut
1626 5477 1755 5515 eam
1778 5461 1855 5515 al-

221 5555 326 5610 tari
357 5559 798 5629 superponeret,
829 5579 858 5607 »
891 5559 996 5612 etc.
1023 5557 1178 5612 Tunc
1209 5559 1403 5612 autem
1439 5555 1613 5610 ﬁebat
1639 5553 1853 5610 oblatio

219 5649 384 5722 panis
413 5652 476 5706 et
498 5649 616 5705 vini
644 5649 718 5705 ad
741 5650 1101 5708 sacriﬁcium.
1131 5649 1448 5707 Concilium
1473 5649 1850 5706 Matisconen-

223 5759 278 5800 se
305 5761 370 5816 n,
399 5761 558 5802 anno
585 5747 708 5815 585,
737 5761 862 5802 can.
894 5746 949 5817 4,
979 5743 1256 5816 decernit,
1287 5765 1316 5800 ‹‹
1355 5748 1418 5802 ut
1447 5744 1716 5802 omnibus
1739 5745 1851 5802 Do-

225 5839 450 5898 minicis
485 5838 686 5898 diebus
721 5839 915 5898 altaris
947 5839 1162 5900 oblatio
1205 5839 1276 5898 ab
1313 5838 1582 5898 omnibus
1619 5837 1754 5896 viris
1799 5837 1856 5894 et

1956 4618 2289 4689 Operculum
2329 4615 2569 4683 lineum,
2603 4631 2716 4686 quo
2745 4614 2888 4670 calix
2915 4616 3171 4670 sacratus
3198 4615 3414 4688 tegitur
3445 4631 3458 4670 :
3488 4611 3591 4671 sed

1955 4717 2046 4766 res
2071 4711 2194 4782 ipsa
2229 4710 2400 4780 longe
2429 4709 2590 4764 abest
2625 4726 2659 4763 a
2692 4707 2874 4762 veteri
2908 4725 3092 4764 more.
3134 4711 3408 4764 Processu
3445 4713 3593 4764 tem«

1955 4804 2111 4876 poris
2159 4803 2462 4874 corporali,
2503 4801 2660 4874 quod
2697 4801 2910 4858 Christi
2947 4803 3182 4875 corpori
3231 4801 3591 4874 supponitur,

1957 4897 2133 4952 etiam
2161 4896 2305 4951 calix
2333 4898 2627 4952 contectus
2655 4899 2758 4963 est,
2787 4896 2941 4967 quod
2969 4896 3146 4951 hodie
3172 4913 3404 4968 quoque
3433 4895 3592 4951 facti-

1955 4993 2082 5044 tant
2106 4989 2486 5046 Carthusiani.
2515 4991 2672 5044 Hunc
2699 4989 2876 5044 ritum
2913 4989 3133 5045 indicat
3163 4989 3407 5046 Iacobus
3437 5005 3472 5042 a
3497 4987 3590 5044 Vi-

1955 5084 2132 5139 triaco
2164 5083 2224 5138 in
2246 5083 2370 5140 loco
2398 5100 2532 5139 mox
2552 5084 2724 5138 citato
2749 5097 2762 5138 :
2790 5083 2935 5137 Dum
2962 5083 3258 5155 corporale
3282 5080 3596 5155 deponitur

1955 5178 2026 5233 de
2057 5176 2253 5247 calice,
2294 5179 2427 5233 ante
2459 5177 2653 5232 oculos
2684 5176 2899 5231 habeat
2928 5174 3358 5248 depositionem
3385 5177 3598 5237 Christi

1955 5272 2026 5328 de
2066 5289 2252 5328 cruce.
2299 5293 2326 5322 ››
2357 5271 2457 5326 llic
2495 5269 2639 5326 ritus
2675 5267 2864 5341 magis
2890 5269 3205 5325 accedebat
3233 5270 3308 5326 ad
3337 5275 3597 5330 veterem

1954 5366 2308 5422 Gallicanum
2343 5381 2592 5432 morem,
2625 5379 2802 5435 quem
2840 5379 2908 5418 ex
2935 5363 3216 5435 Gregorio
3247 5381 3381 5420 mox
3413 5367 3592 5439 expli-

1955 5460 2196 5515 cuimus.
2228 5459 2478 5515 Filiolam
2502 5460 2710 5512 vocant
2731 5457 3057 5513 Mozarabes
3080 5459 3271 5513 velum
3301 5459 3443 5516 illud
3475 5478 3590 5534 quo

1955 5570 2180 5608 sacrum
2229 5551 2469 5607 calicem
2514 5550 2802 5624 operiunt.
2856 5551 2948 5607 Sic
2997 5551 3155 5608 enim
3197 5553 3427 5610 rubrica
3464 5556 3597 5628 post

1954 5646 2252 5720 sanguinis
2281 5645 2779 5704 consecrationem
2806 5645 2984 5702 habet
3015 5661 3028 5704 :
3056 5649 3158 5705 Hic
3193 5648 3426 5705 elevatur
3449 5648 3598 5707 calin:

1953 5747 2227 5815 coopertus
2248 5757 2368 5799 cum
2391 5741 2584 5814 ﬁliola.

2031 5835 2114 5893 Η.
2141 5836 2278 5896 Ideo
2297 5852 2434 5894 vero
2458 5852 2622 5895 sacra
2648 5835 2926 5912 mysteria
2949 5835 3104 5908 palla
3129 5850 3230 5893 seu
3252 5831 3428 5905 pallio
3457 5837 3578 5914 alta
