4044 6196
435 268 537 329 133

1223 265 1554 324 serenam
1589 248 1683 321 Αιῑ
1713 263 1934 320 orem
1970 260 2202 320 SANCTI
2238 261 2538 320 aenum
2574 247 2998 320 PARISIENSIS.

3695 259 3794 318 136

431 382 511 437 ris
537 373 690 452 apud
715 374 940 435 veteres
968 377 1157 435 Gallos
1182 376 1548 448 tegebantur,
1575 378 1638 428 ut
1664 391 1737 430 ne
1761 391 1794 429 a
1819 374 2060 430 circum-
2087 386 2146 459 Α
2164 376 2382 430 Domine
2423 377 2559 429 Deus
2600 377 2796 436 noster,
2829 375 3171 443 peccatorum
3215 369 3423 427 tribuas
3470 371 3704 436 veniam,
3748 376 3800 426 et

433 475 716 532 stantibus
751 473 931 528 videri
971 474 1221 545 possent.
1259 471 1573 540 Propterea
1601 469 1724 524 haec
1762 469 1916 540 palla
1947 485 2063 522 non
2163 469 2400 538 requiem
2434 467 2692 536 largiaris
2715 471 3004 534 eternam;
3029 467 3233 520 meritis
3261 469 3310 520 et
3340 463 3801 519 intercessionibus

432 585 565 623 rara
591 567 871 634 tenuisve,
905 565 1007 620 sed
1033 563 1214 618 densa
1247 579 1369 616 esse
1403 561 1670 617 debebat.
1704 559 2064 633 Argumenta
2163 566 2468 615 sanctorum
2508 565 2741 614 tuorum.
2791 561 2984 615 Maria
3033 559 3306 628 genitricis
3363 558 3578 613 Domini
3630 559 3802 612 nostri

435 665 522 716 est
553 661 710 732 quod
736 660 894 714 Dado
937 657 1177 728 quidam
1209 655 1280 710 ab
1307 655 1564 710 hostibus
1590 655 1943 726 interceptus
1967 670 2063 708 va-

433 755 533 822 vit,
574 771 656 820 se,
696 753 741 806 si
790 750 1060 804 evaderet
1107 747 1432 816 incolumis,
1479 748 1700 819 aliquid
1737 747 2068 803 ornamenti

437 845 688 901 ecclesiae
711 842 891 897 sancti
914 841 1118 896 Nicetii
1147 841 1400 912 episcopi
1420 840 1818 912 Lugdunensis
1835 840 2069 912 largitu-

433 955 565 994 rum
597 953 610 991 :
642 957 670 985 «
691 935 964 1006 deditque
979 934 1405 1006 caapertarium
1424 933 1831 1001 Sarmaticum,
1855 950 1968 1004 quo
1987 934 2066 988 al-

433 1034 556 1084 tare
585 1027 943 1084 dominicum
975 1045 1104 1083 cum
1128 1027 1517 1082 oblationibus
1535 1031 1848 1098 tegeretur.
1875 1047 1902 1076 »
1927 1025 2070 1080 Illud

435 1125 631 1178 autem
660 1139 777 1176 non
802 1122 909 1176 fuit
929 1125 1128 1176 sancto
1149 1125 1470 1192 acceptum,
1494 1124 1558 1174 ut
1582 1101 1808 1174 homini
1837 1119 1894 1173 in
1923 1135 2071 1173 som-

434 1215 523 1268 nis
565 1218 805 1268 testatus
851 1217 936 1268 est
980 1215 1068 1268 his
1111 1213 1299 1268 verbis
1334 1230 1346 1268 :
1389 1235 1416 1262 «
1445 1213 1885 1284 Coopertorium
1912 1228 2068 1279 vero,

435 1308 570 1379 quia
595 1324 793 1363 rarum
819 1311 922 1376 est,
953 1324 1070 1362 non
1102 1311 1353 1378 ponatur
1388 1323 1562 1378 super
1587 1323 1830 1360 munera
1851 1305 2068 1374 altaris,

435 1402 570 1473 quia
601 1419 718 1456 non
751 1401 954 1455 exinde
983 1402 1152 1472 plene
1191 1400 1408 1472 tegitur
1441 1400 1784 1471 mysterium
1816 1399 2072 1470 corporis

435 1494 848 1566 sanguinisque
883 1493 1183 1548 dominici.
1219 1513 1246 1547 ii
1277 1496 1358 1548 lta
1384 1493 1692 1564 Gregorius
1718 1493 1790 1546 de
1817 1492 1954 1546 Vitis
1974 1493 2073 1546 Pa-

433 1590 589 1640 trum
632 1604 756 1658 cap.
801 1591 890 1642 20.
930 1587 1092 1641 Adde
1130 1587 1320 1641 locum
1359 1604 1425 1641 ex
1460 1587 1557 1640 lib.
1600 1603 1637 1640 ιι
1680 1585 1750 1640 de
1791 1584 2072 1640 Miraculis

436 1679 616 1735 sancti
658 1679 884 1735 Martini
923 1697 1046 1750 cap.
1086 1683 1173 1734 25.
1213 1681 1327 1734 Hac
1360 1680 1510 1750 palla
1550 1678 1855 1748 tegebatur
1892 1678 2072 1732 altare

2164 656 2288 710 Jesu
2337 654 2555 715 Christi,
2607 653 2830 707 Joannis
2875 653 3133 721 Baptista
3193 655 3244 705 et
3293 651 3644 720 praecursoris
3701 653 3803 705 Do-

2167 749 2303 801 mini
2323 747 2492 800 nostri
2516 747 2639 799 Jesu
2669 745 2887 806 Christi,
2916 745 3196 814 Stephani,
3225 745 3392 806 Petri,
3422 743 3605 805 Pauli,
3642 745 3804 798 Joan-

2167 841 2273 902 nis,
2313 839 2518 901 Jacobi,
2548 837 2803 900 Andrew,
2841 837 3106 907 Philippi,
3149 837 3376 899 Thomas,
3402 835 3800 899 Bartholoman‘,

2169 932 2434 996 Matthxi,
2481 930 2683 992 Jacobi,
2725 930 2976 991 Simonis,
3025 928 3198 990 Iudae,
3251 929 3516 990 Matthiae,
3573 928 3802 992 Genesii,

2168 1025 2570 1094 Symphoriani,
2619 1022 2882 1084 Baudilii,
2938 1023 3186 1084 Victoris,
3243 1022 3450 1077 Hilarii
3485 1022 3717 1091 episcopi
3753 1026 3804 1075 et

2170 1119 2504 1184 confessoris,
2540 1117 2770 1173 Martini
2803 1116 3037 1184 episcopi
3091 1119 3143 1168 et
3187 1115 3523 1182 confessoris,
3582 1115 3806 1171 Caesarii

2171 1212 2422 1280 episcopi,
2450 1211 2560 1264 haec
2596 1209 2868 1280 propitius
2890 1211 3154 1278 praestare
3177 1212 3230 1262 et
3251 1208 3512 1262 emaudire
3539 1207 3804 1276 digneris,

2171 1305 2266 1373 qui
2301 1304 2440 1357 vivis
2471 1307 2521 1358 et
2561 1317 2756 1371 regnas
2793 1303 2853 1355 in
2882 1304 3091 1357 unitate
3121 1302 3358 1371 Spiritus
3380 1302 3556 1355 sancti
3581 1303 3719 1356 Deus
3745 1302 3804 1354 in

2169 1396 2366 1450 saecula
2388 1395 2722 1450 seculorum.
2749 1395 2940 1450 Amen.

2247 1491 2331 1543 13.
2364 1487 2627 1543 Similem
2654 1488 2988 1555 formulam,
3013 1487 3114 1542 sed
3131 1504 3236 1559 pro
3265 1486 3423 1555 vivis,
3447 1485 3730 1542 habemus
3742 1486 3803 1541 in

2172 1581 2456 1636 hodierno
2472 1581 2704 1636 Canone
2728 1581 2990 1636 Romano
3013 1584 3148 1635 ante
3171 1580 3688 1649 consecrationem,
3704 1580 3808 1634 ubi

2175 1673 2359 1728 oratio
2387 1689 2514 1744 qua:
2540 1673 2744 1744 incipit
2769 1689 2802 1726 a
2826 1673 2998 1727 verba
3025 1676 3498 1738 Communicantes,
3523 1672 3808 1746 superiori

436 1773 613 1827 etiam
644 1777 799 1827 extra
827 1789 1006 1827 sacra.
1049 1773 1211 1826 Unde
1248 1771 1537 1826 abbatissa
1566 1771 1913 1825 Pictavensis
1939 1787 2069 1842 par-
2092 1757 2150 1828 B
2174 1766 2479 1822 Gallicana:
2507 1766 2837 1837 respondet.
2861 1768 3058 1838 Itaque
3080 1766 3194 1820 ritu
3220 1766 3510 1821 Gallicana
3543 1771 3601 1820 et
3628 1767 3809 1821 Maza-

437 1865 708 1920 thenonis
758 1869 972 1920 sancta),
1027 1865 1226 1933 crucis,
1275 1883 1406 1920 cum
1451 1865 1520 1918 de
1574 1869 1742 1918 nocte
1788 1863 2074 1937 a'jsicariis

435 1959 793 2014 Chrodieldis
825 1958 898 2012 ad
932 1975 1133 2014 necem
1160 1962 1534 2030 quaereretur,
1558 1980 1587 2008 ‹‹
1605 1959 1677 2013 ad
1705 1960 1917 2012 sanctae
1945 1975 2074 2012 cru-

436 2052 516 2106 cis
545 2068 761 2119 arcam,
792 2052 853 2106 id
886 2058 964 2107 est
997 2069 1174 2116 aram,
1209 2071 1268 2106 se
1304 2052 1596 2123 deportari
1632 2051 1890 2124 poposcit
1921 2051 2074 2122 (gra-

435 2145 678 2200 vabatur
717 2147 876 2201 enim
923 2146 1121 2200 dolore
1163 2145 1424 2200 humoris
1467 2145 1806 2217 podagrici).
1849 2147 2077 2198 Interea

435 2239 656 2296 Justina
681 2239 1010 2312 praeposita,
1035 2256 1168 2293 cum
1197 2239 1322 2293 aliis
1351 2238 1661 2306 sororibus,
1688 2239 1840 2310 palla
1859 2237 2072 2304 altaris,

442 2334 599 2406 quod
639 2337 726 2388 est
780 2337 914 2388 ante
961 2349 1191 2388 crucem
1247 2331 1672 2388 dominicam...
1710 2331 2075 2385 Abbatissam

437 2426 566 2501 43
595 2427 798 2500 operit.
829 2449 856 2476 »
891 2427 1142 2481 Vetitum
1171 2429 1370 2480 tamen
1395 2430 1520 2480 erat
1545 2424 1773 2480 concilii
1797 2423 2075 2478 Antissio-

439 2521 702 2578 dorensis
729 2537 951 2576 canone
981 2523 1068 2588 37,
1090 2537 1155 2575 ne
1181 2521 1374 2575 mulier
1381 2520 1595 2592 pallam
1621 2519 1941 2573 dominicam
1959 2534 2078 2572 con-

438 2620 711 2679 trectaret,
739 2614 825 2668 uti
848 2615 908 2668 in
936 2614 1104 2668 titulo
1135 2613 1371 2669 canonis
1400 2612 1760 2684 exprimitur.

514 2712 598 2762 12.
632 2711 694 2762 ln
719 2707 927 2762 Missali
955 2707 1214 2775 Gothico,
1243 2724 1342 2761 seu
1373 2707 1687 2774 Gallicana,
1722 2704 1796 2759 ad
1823 2703 2076 2776 singulas

437 2801 561 2856 fere
604 2801 826 2868 missas,
861 2803 990 2872 post
1025 2800 1381 2856 oblationem
1421 2799 1750 2854 indicantur
1784 2797 2077 2853 orationes

439 2893 589 2962 dum,
618 2911 736 2949 una
758 2911 888 2966 quas
915 2893 1121 2948 dicitur
1141 2893 1412 2949 Collectio
1441 2895 1572 2963 post
1598 2891 1837 2946 nomina
1857 2907 1871 2957 ;
1895 2892 2077 2945 altera

440 3004 569 3057 quas
591 2987 862 3042 Collectio
887 2986 960 3040 ad
987 3002 1213 3057 pacem,
1234 2987 1432 3056 quales
1453 2985 1630 3039 etiam
1654 2985 1711 3038 in
1723 2983 2074 3039 Mazarabica

2175 1859 2368 1915 rabico
2389 1860 2564 1914 ﬁebat
2593 1859 2849 1914 vivarum
2882 1864 3054 1930 atque
3087 1859 3490 1914 defunctorum
3519 1860 3809 1914 memoria

2176 1953 2250 2008 ad
2263 1952 2615 2008 oblationem
2625 1995 2638 2020 ,
2654 1970 2770 2008 non
2789 1953 2847 2006 in
2860 1951 2983 2024 ipsa
2995 1953 3257 2020 Canone;
3281 1957 3453 2024 atque
3475 1957 3807 2008 sanctorum

2177 2047 2659 2102 commemoratio
2680 2050 2806 2100 tum
2825 2047 3002 2101 fiebat
3021 2046 3095 2100 ad
3115 2047 3474 2117 suffragium.
3488 2048 3691 2101 Postea
3701 2063 3805 2119 pa-

2177 2139 2256 2196 cis
2285 2141 2543 2195 osculum
2569 2140 2768 2194 ﬁdeles
2797 2139 2904 2194 sibi
2929 2139 3177 2194 invicem
3205 2139 3654 2211 impertiebant:
3679 2144 3807 2194 tum

2177 2233 2444 2289 sacerdos
2471 2233 2752 2288 recitabat
2780 2233 3192 2290 Collectionem
3225 2233 3299 2288 ad
3329 2250 3554 2306 pacem.

2250 2329 2334 2381 14.
2357 2328 2562 2382 Totum
2576 2327 2728 2381 hunc
2749 2327 3016 2382 ordinem
3033 2326 3230 2399 paucis
3249 2327 3604 2399 praestringit
3623 2327 3811 2382 conci-

2176 2420 2319 2475 lium
2347 2420 2737 2476 Laodicenum
2764 2437 2986 2476 canone
3015 2423 3078 2476 19
3107 2437 3120 2475 :
3145 2423 3288 2492 quod
3306 2427 3547 2493 Oporteat
3576 2437 3813 2477 seorsum

2170 2516 2410 2584 primum
2429 2519 2554 2584 post
2577 2515 2924 2569 allocutiones
2952 2513 3100 2584 (aliis
3125 2515 3403 2586 sermones)
3423 2517 3810 2586 episcoporum,

2176 2609 2441 2662 orationes
2489 2622 2647 2677 super
2684 2609 3080 2662 catechumenos
3122 2607 3412 2676 celebrari;
3443 2613 3493 2662 et
3521 2613 3813 2679 postquam

2176 2701 2538 2755 catechumeni
2564 2703 2761 2770 egressi
2798 2701 3027 2768 fuerint,
3058 2716 3220 2772 super
3245 2716 3328 2759 eos
3353 2703 3449 2772 qui
3473 2706 3597 2756 sunt
3623 2703 3682 2756 in
3700 2718 3814 2773 pa:-

2175 2796 2404 2848 nitentia
2435 2810 2647 2864 precem
2687 2796 2826 2862 ﬁeri.
2865 2797 2966 2850 His
2997 2797 3159 2850 etiam
3193 2796 3559 2850 accedentibus
3585 2796 3662 2850 ad
3686 2812 3810 2850 ma-

2175 2903 2304 2942 num
2339 2889 2651 2952 sacerdotis,
2698 2893 2748 2942 et
2787 2889 3195 2954 discedentibus,
3237 2893 3342 2944 tres
3379 2892 3642 2945 orationes
3691 2905 3816 2945 con-

2174 2983 2436 3037 summari
2468 2983 2745 3052 ﬁdelium;
2775 2985 2859 3036 ita
2896 2987 2958 3037 ut
2983 2985 3170 3053 prima
3197 2985 3414 3054 quidem
3449 2984 3547 3038 sub
3573 2984 3810 3047 silentio,

441 3079 830 3150 assignantur,
860 3079 972 3133 alia
1001 3079 1221 3132 duabus
1253 3078 1374 3131 istis
1411 3077 1731 3149 praemissa.
1765 3076 2076 3131 Prmdictas
2099 3122 2150 3150 η
2176 3076 2409 3131 secunda
2436 3091 2560 3131 vero
2595 3081 2645 3130 et
2677 3078 2840 3130 tertia
2871 3091 2974 3147 per
3008 3077 3422 3132 exclamationes
3445 3079 3652 3144 solitas,
3683 3075 3812 3130 aliis

2098 3122 2153 3196 C

442 3173 733 3228 orationes
768 3171 1148 3226 antecedebat
1191 3171 1374 3225 oratio
1413 3188 1542 3242 quae
1583 3169 1853 3225 omnibus
1890 3169 2077 3224 missis
2099 3169 2153 3196 υ
2171 3185 2272 3240 per
2281 3171 2774 3240 pronuntiationem
2798 3173 2968 3234 vocis,
2998 3171 3352 3243 eapleantur;
3381 3175 3438 3226 et
3459 3171 3540 3225 ita
3569 3170 3812 3225 demum

441 3265 770 3320 communis
786 3269 929 3334 erat,
949 3265 1020 3319 de
1049 3281 1162 3336 qua
1188 3264 1525 3335 Micralogus
1551 3264 1610 3318 in
1631 3281 1755 3335 cap.
1789 3267 1845 3318 11
1888 3279 1900 3318 :
1933 3267 2077 3321 Com-

434 3362 618 3433 posita
643 3362 910 3416 oblatione
943 3361 1006 3414 in
1040 3358 1234 3424 altari,
1274 3360 1408 3414 dicit
1442 3359 1688 3414 sacerdos
1718 3359 1856 3413 hanc
1883 3361 2079 3413 oratio-

438 3470 559 3512 nem
572 3455 742 3526 juxta
785 3455 1128 3511 Gallicanum
1169 3454 1464 3510 Ordinem:
1508 3454 1663 3516 Veni,
1704 3453 2081 3522 Sancti/teator

439 3551 790 3620 omnipotens,
824 3553 1016 3604 aeterne
1040 3551 1198 3611 Deus,
1223 3552 1274 3603 et
1291 3547 1505 3602 benedic
1531 3547 1627 3602 hoc
1645 3547 1969 3616 sacriﬁcium
1989 3550 2078 3600 tuo

437 3645 646 3701 nomini
667 3648 1066 3714 prwparatum,
1087 3659 1188 3713 per
1213 3643 1483 3700 Christum
1506 3643 1790 3696 Dominum
1815 3644 2075 3694 nostrum.

441 3735 586 3790 Dein
605 3735 876 3790 Collectio
903 3739 1033 3806 post
1057 3735 1316 3789 nomina.
1343 3733 1566 3805 Quippe
1582 3737 1712 3806 post
1723 3732 2076 3788 oblationem

444 3827 715 3899 diptycha
731 3827 1093 3899 legebantur,
1113 3827 1172 3882 id
1194 3831 1278 3882 est
1299 3827 1690 3881 recitabantur
1705 3825 1944 3881 nomina
1957 3829 2076 3880 tam

445 3925 777 3976 sanctorum
812 3921 870 3974 in
912 3937 1158 3992 quorum
1198 3919 1546 3975 memoriam
1583 3919 1922 3974 sacriﬁcium
1959 3920 2076 3974 Dea

444 4013 813 4082 offerebatur,
833 4031 1007 4087 quam
1027 4014 1338 4068 viventium
1363 4017 1536 4085 atque
1554 4013 1960 4068 defunctorum
1973 4029 2076 4084 pro

444 4107 652 4178 quibus
689 4108 1056 4162 offerebatur.
1101 4108 1162 4162 ld
1189 4108 1466 4179 probatur
1503 4123 1570 4162 ex
1594 4107 1828 4162 Missalis
1854 4107 2078 4162 Gothici

440 4201 614 4256 variis
648 4201 806 4269 locis,
849 4205 907 4254 et
948 4218 1014 4255 ex
1057 4201 1237 4255 veteri
1284 4201 1490 4256 Missali
1524 4201 1833 4256 Gallicana.
1874 4200 2076 4256 Conci-

442 4296 590 4358 lium
625 4295 874 4354 Vasense
914 4311 951 4350 ιι
999 4294 1202 4350 deﬁnit
1235 4311 1457 4351 canone
1487 4297 1539 4363 4,
1565 4301 1628 4351 ut
1660 4305 1848 4352 nomen
1876 4295 2081 4350 domini

435 4411 619 4475 papae,
653 4394 953 4464 quicunque
979 4390 1094 4446 sedi
1131 4391 1436 4460 apostolicae
1458 4391 1765 4461 prwfuerit,
1793 4391 1851 4444 in
1883 4390 2079 4444 nostris

2171 3279 2362 3334 pacem
2398 3264 2504 3318 sibi
2537 3261 2662 3335 45
2699 3266 2925 3318 invicem
2959 3265 3233 3320 dabunt...
3264 3268 3333 3322 Et
3357 3268 3437 3320 ita
3461 3270 3650 3320 sancta
3674 3266 3812 3320 cele-

2179 3358 2426 3413 brabitur
2453 3358 2672 3412 oblatio.
2712 3357 2822 3412 Has
2852 3358 3142 3414 orationes
3174 3359 3629 3431 subsequebatur
3660 3360 3808 3414 Con-

2179 3451 2428 3506 testatio.

2254 3548 2337 3601 15.
2373 3546 2454 3600 De
2479 3546 2908 3602 Contestatione
2938 3565 3037 3602 seu
3060 3547 3340 3617 lllatione,
3365 3563 3492 3619 quae
3514 3551 3573 3602 et
3591 3549 3808 3604 humo-

2178 3639 2316 3694 latio
2351 3640 2692 3712 appellatur,
2718 3641 3053 3696 Preefationi
3078 3645 3288 3697 nostras
3317 3641 3690 3713 respondens,
3725 3642 3810 3696 in-

2180 3733 2358 3804 signis
2380 3737 2467 3788 est
2493 3735 2648 3788 locus
2679 3734 2832 3806 apud
2863 3735 3136 3790 eumdem
3171 3735 3512 3807 Gregdrium
3542 3735 3602 3789 in
3635 3735 3735 3790 lib.
3765 3752 3806 3791 ιι

2180 3826 2251 3880 de
2267 3826 2546 3881 Miraculis
2561 3827 2744 3882 sancti
2767 3828 2993 3882 Martini
3018 3845 3141 3900 cap.
3165 3830 3230 3883 14
3252 3844 3264 3884 :
3289 3849 3318 3878 «
3343 3829 3576 3883 Factum
3608 3831 3696 3883 est
3709 3845 3808 3884 au-

2179 3922 2296 3973 tem
2325 3922 2388 3973 ut
2412 3920 2471 3974 in
2503 3920 2597 3974 die
2623 3920 2864 3992 insignis
2889 3921 3268 3976 solemnitatis
3297 3921 3452 3976 beati
3478 3922 3602 3990 viri,
3637 3921 3806 3977 nobis

2179 4013 2382 4068 missas
2409 4013 2748 4082 dicentibus,
2777 4031 2909 4069 cum
2941 4033 3046 4070 nos
3071 4016 3178 4069 rite
3204 4021 3564 4071 sacrosancta
3588 4017 3804 4070 solem-

2179 4107 2276 4162 nia
2315 4107 2681 4176 celebrando,
2717 4109 3209 4172 Contestationem
3245 4109 3317 4164 de
3359 4109 3540 4165 sancti
3568 4109 3808 4165 Domini

2177 4200 2479 4255 virtutibus
2498 4218 2886 4270 narraremus,
2909 4203 3095 4257 subito
3117 4203 3213 4257 illa
3235 4203 3442 4274 (puella
3469 4203 3803 4276 paralytica)

2178 4294 2480 4349 vociferari
2507 4295 2677 4367 coepit
2704 4298 2761 4349 et
2790 4297 2950 4366 ﬂere,
2982 4296 3244 4351 indicans
3279 4313 3338 4351 se
3369 4297 3644 4368 torqueri.
3677 4319 3706 4348 »
3741 4299 3805 4352 In

2179 4389 2286 4443 hac
2313 4389 2740 4444 Contestatione
2770 4390 3118 4445 recitabatur
3143 4391 3328 4446 sancti
3354 4391 3494 4446 Vita:
3529 4407 3802 4462 compen-

443 4489 691 4547 Ecclesiis
706 4489 979 4544 recitetur.
1001 4485 1270 4539 Formam
1285 4484 1493 4539 horum
1511 4483 1934 4556 diptychorum,
1950 4500 2078 4555 quae
2097 4493 2157 4567 D
2181 4483 2363 4551 dium,
2397 4499 2524 4554 quia
2555 4483 2746 4538 missa:
2771 4483 2937 4539 initio
2964 4483 3190 4556 integra
3223 4486 3370 4540 lecta
3401 4486 3610 4539 fuerat.
3639 4485 3800 4556 Ejus-

445 4581 744 4658 quondam
791 4579 850 4634 in
888 4579 1248 4652 parthenone
1287 4577 1467 4633 sancti
1501 4577 1796 4632 Aureliani
1826 4577 2078 4649 episc0pi

442 4673 794 4740 Arelatensis
825 4673 950 4727 usui
981 4676 1165 4740 erant,
1191 4672 1356 4727 nobis
1375 4673 1515 4726 item
1545 4672 1873 4744 suppeditat
1889 4671 2077 4726 Codex

442 4766 907 4840 regularummbi
921 4766 995 4822 ad
1013 4768 1190 4821 ﬁnem
1208 4767 1424 4837 regulae
1436 4765 1728 4820 Aureliani
1747 4766 1870 4820 haec
1882 4766 2079 4836 legun-

443 4865 540 4923 tur
569 4880 582 4918 :
617 4863 894 4934 Simulque
922 4865 1202 4932 precantes
1238 4874 1452 4914 oramus
1485 4861 1669 4921 etiam,
1705 4861 1940 4924 Domine,
1974 4875 2077 4930 pro

441 4958 727 5012 animabus
757 4956 1090 5025 famulorum
1123 4958 1333 5008 tuorum
1363 4954 1590 5007 Patrum
1616 4957 1779 5022 atque
1797 4955 2072 5008 instituto-

441 5067 564 5108 rum
588 5051 860 5121 quondam
885 5054 1212 5112 nostrorum,
1239 5047 1546 5110 Aureliani,
1569 5048 1738 5110 Petri,
1758 5047 2073 5112 Florentini,

441 5145 750 5214 Redempti,
830 5143 1199 5204 Constantini,
1273 5141 1554 5204 Himiteri,
1629 5139 1900 5204 Hilarini,
1975 5143 2072 5196 Ja-

440 5238 684 5298 nuarini,
728 5237 1008 5306 Reparati,
1063 5234 1407 5298 Childeberti,
1468 5233 1811 5302 UltrOgothae,
1845 5234 1931 5288 vel
1971 5249 2078 5289 om-

440 5331 593 5384 nium
624 5331 867 5395 fratrum
908 5333 1229 5391 nostrorum,
1267 5342 1396 5397 quos
1433 5327 1499 5382 de
1537 5328 1632 5382 hoc
1670 5327 1779 5381 loco
1815 5327 1890 5382 ad
1915 5332 1963 5382 te
1989 5343 2077 5384 vo-

439 5437 566 5478 care
591 5421 848 5490 dignatus
873 5437 944 5478 es.
978 5424 1400 5491 Cunctorumque
1437 5423 1599 5475 etiam
1629 5419 1786 5490 hujus
1816 5420 1918 5475 loci
1943 5420 2071 5493 44

439 5531 692 5574 memores
743 5515 1002 5585 ﬁdelium,
1065 5517 1384 5586 pariterque
1429 5520 1719 5586 parentum
1775 5520 2074 5572 nostrorum

439 5614 603 5680 atque
617 5611 960 5666 servientium
989 5609 1146 5680 hujus
1177 5609 1278 5664 loci
1305 5628 1322 5664 :
1344 5613 1394 5664 et
1411 5625 1516 5680 pro
1541 5609 1824 5666 animabus
1841 5612 2075 5665 omnium

437 5705 678 5775 ﬁdelium
710 5705 1043 5774 famulorum
1079 5708 1310 5769 tuorum,
1337 5704 1422 5758 vel
1455 5705 1813 5772 famularum,
1840 5719 1904 5760 ac
1921 5721 2074 5777 pere-

439 5799 714 5874 grinorum
760 5801 818 5855 in
848 5815 984 5873 pace
1028 5798 1273 5856 Ecclesia!
1317 5798 1726 5868 defunctorum;
1776 5804 1836 5856 ut
1879 5801 1952 5855 eis
1991 5804 2069 5866 tu,

2178 4577 2341 4634 modi
2365 4577 2810 4632 Contestationis
2834 4578 2992 4632 varia
3023 4580 3286 4651 exempla
3307 4579 3366 4633 in
3397 4579 3666 4650 Liturgiis
3697 4595 3804 4634 no.

2177 4672 2328 4739 stris,
2363 4670 2540 4724 etiam
2569 4675 2698 4742 post
2717 4671 3033 4726 admissum
3058 4673 3234 4728 ritum
3258 4673 3699 4745 Gregorianum,
3728 4673 3808 4727 vi-

2178 4766 2313 4821 dere
2335 4766 2484 4822 licet.
2509 4769 2571 4822 In
2603 4766 2872 4822 omnibus
2897 4770 3091 4822 autem
3121 4767 3407 4839 Liturgiis,
3439 4770 3560 4821 tam
3588 4766 3807 4822 Latinis

2178 4876 2352 4931 quam
2375 4861 2835 4928 Grascis,Sursum
2850 4861 3015 4916 corda
3035 4860 3248 4916 habere
3271 4860 3805 4932 monentur;idque
3852 4855 3863 4868 ’

2176 4954 2520 5025 profitentur
2557 4954 2774 5022 ﬁdeles,
2809 4957 2948 5010 teste
2991 4971 3021 5008 e
3053 4954 3268 5010 Latinis
3296 4955 3578 5026 Cypriano
3609 4955 3713 5009 sub
3742 4955 3808 5008 ﬁ-

2177 5064 2313 5102 nem
2341 5047 2473 5102 libri
2499 5047 2569 5102 de
2599 5048 2893 5118 Oratione,
2921 5053 2980 5103 et
3006 5065 3072 5103 ex
3098 5049 3306 5104 Graecis
3334 5049 3542 5121 Gyrillo
3575 5050 3804 5105 Jeroso-

2176 5141 2456 5213 lymitano
2483 5141 2542 5196 in
2573 5143 2858 5198 catechesi
2883 5143 3278 5216 mystagagica
3309 5148 3360 5212 5,
3386 5143 3481 5198 ubi
3516 5143 3811 5216 praedictis

2175 5235 2286 5290 illis
2314 5236 2500 5292 verbis
2526 5235 2657 5304 alia,
2687 5236 2863 5290 etiam
2892 5254 3043 5292 nunc
3067 5237 3370 5307 solemnia,
3406 5237 3466 5292 in
3493 5254 3598 5292 usu
3627 5237 3806 5292 fuisse

2175 5332 2434 5399 testatur,
2472 5329 2704 5398 scilicet,
2742 5331 2960 5387 Gratias
2990 5347 3216 5402 agamus
3251 5334 3495 5397 Domino,
3529 5349 3660 5387 cum
3696 5347 3806 5404 po-

2174 5423 2293 5494 puli
2320 5423 2716 5496 responsione,
2748 5427 2982 5495 Dignum
3010 5431 3060 5482 et
3072 5427 3282 5496 justum
3313 5433 3404 5482 est.

2249 5520 2331 5572 16.
2365 5519 2498 5573 Post
2525 5518 2698 5573 verba
2725 5519 3021 5590 superiora
3048 5521 3358 5592 Gregorius
3383 5520 3546 5576 addit
3565 5521 3805 5576 Contes-

2173 5610 2380 5666 tationi
2411 5613 2742 5669 successisse
2768 5613 3066 5686 Trisagion
3093 5631 3126 5669 a
3154 5616 3367 5688 populo
3395 5615 3804 5673 decantatum:

2178 5723 2207 5755 «
2235 5705 2308 5759 At
2332 5705 2430 5761 ubi
2467 5707 2732 5781 expedita
2764 5708 3212 5779 Contestatione,
3242 5713 3438 5782 inquit,
3474 5711 3668 5766 omnis
3695 5727 3805 5785 po-

2173 5800 2339 5874 pulus
2361 5801 2600 5860 Sanctus
2621 5803 2926 5861 inlaudem
2949 5805 3590 5882 Dominiproclamavit,
3605 5809 3807 5870 statim
