4044 6196
235 303 334 354 137

1219 303 1307 361 DE
1343 303 1654 362 LITURGIA
1689 287 2058 362 GALLICANA
2097 305 2296 362 LIBER
2331 305 2595 362 PRIMUS.

3483 311 3584 368 l38

228 407 494 502 dissoluti
520 411 653 464 sunt
691 411 852 466 nervi
882 412 982 484 qui
1011 412 1176 484 ligati
1215 417 1399 481 erant,
1429 417 1485 468 et
1511 413 1670 468 stetit
1695 430 1866 486 super
1883 429 1944 502 Α
1965 415 2130 484 mini,
2163 414 2262 470 ubi
2291 418 2420 486 post
2444 414 2695 482 Secreta,
2721 415 2780 470 id
2811 419 2898 471 est
2916 417 3048 489 post
3069 417 3584 487 consecrationem,

228 501 410 572 pedes
443 519 576 558 suos
609 509 814 560 cuncto
852 507 1066 578 populo
1105 510 1430 579 spectante;
1461 511 1520 562 et
1553 507 1633 562 sic
1669 507 1860 579 propi-

225 594 415 650 tiante
437 597 684 652 Domino
716 615 894 671 usque
920 601 996 655 ad
1021 601 1201 656 altare
1224 604 1484 656 sanctum
1509 602 1582 656 ad
1608 618 1866 656 commu-

225 687 548 744 nicandum
605 692 852 762 propriis
903 695 1212 765 gressibus,
1270 695 1427 749 nullo
1483 698 1860 762 sustentante,

222 783 512 853 pervenit.
543 805 570 832 η
599 785 709 846 Ubi
746 785 932 840 obiter
975 787 1232 855 observa,
1267 788 1539 843 mulieres
1574 789 1751 844 etiam
1789 788 1863 842 ad

223 877 414 930 altare
444 879 970 934 communicaturas
1010 881 1332 936 accessisse.
1363 883 1443 936 De
1481 881 1738 953 Trisagio
1775 881 1859 935 di-

221 968 418 1024 cendo
444 973 624 1026 exstat
651 989 839 1028 canon
867 973 1070 1028 tertius
1097 975 1336 1030 Concilii
1359 975 1625 1029 Vasensis
1655 992 1717 1043 ιι,
1746 977 1861 1029 sta-

219 1063 448 1118 tuentis
483 1069 546 1119 ut
583 1067 642 1120 in
669 1068 910 1123 omnibus
941 1069 1137 1132 missis,
1163 1084 1256 1124 seu
1284 1071 1339 1124 in
1363 1070 1666 1133 matutinis,
1689 1084 1782 1124 seu
1805 1069 1863 1122 in

218 1156 812 1227 quadragesimalibus,
841 1176 934 1216 seu
976 1164 1032 1215 in
1056 1163 1169 1218 illis
1207 1179 1326 1233 qua
1346 1178 1450 1234 pro
1477 1160 1604 1234 46
1631 1162 1860 1230 defunc-

219 1255 409 1305 torum
445 1255 933 1310 commemoratione
962 1257 1118 1324 ﬁunt,
1147 1271 1352 1326 semper
1387 1255 1646 1323 Sanctus,
1686 1255 1861 1310 Sanc-

219 1348 340 1410 tus,
364 1343 626 1411 Sanctus,
645 1361 703 1401 eo
729 1347 915 1402 ordine
937 1363 1042 1418 quo
1067 1349 1144 1404 ad
1167 1351 1358 1404 missas
1375 1351 1624 1421 publicas
1639 1349 1860 1412 dicitur,

219 1437 342 1492 dici
364 1438 576 1494 debeat.
599 1439 706 1494 Ubi
728 1441 985 1496 notanda
1009 1445 1093 1496 est
1111 1443 1421 1498 missarum
1442 1441 1861 1498 matutinarum

220 1547 260 1585 a
293 1531 910 1604 quadragesimalibus,
944 1537 1116 1606 atque
1162 1537 1339 1591 etiam
1381 1553 1414 1591 a
1459 1536 1702 1608 publicis
1747 1535 1862 1590 dis-

216 1624 455 1693 tinctio,
485 1625 556 1680 de
590 1643 704 1698 qua
729 1627 899 1682 infra.

1963 509 2084 564 haec
2112 510 2384 580 leguntur
2407 527 2419 563 :
2445 509 2649 580 Corpus
2673 515 2826 564 tuum
2843 513 2904 566 in
2917 517 3262 581 peccatorum
3285 515 3592 568 nostrorum

1962 605 2272 657 remissione
2297 605 2654 670 confractum,
2689 606 2818 672 etc.,
2853 620 2980 675 qum
3014 605 3189 660 verba
3212 605 3473 678 proxime
3499 622 3590 660 re-

1963 695 2094 750 latis
2121 695 2568 751 consecrationis
2595 697 2784 751 verbis
2812 697 3184 769 respondent.

2038 792 2121 843 19.
2151 791 2214 844 In
2263 789 2504 844 concilio
2540 774 2730 860 primo
2767 791 3116 847 Arausicano
3157 791 3593 849 obscurissimas

1965 885 2052 936 est
2087 898 2272 937 canon
2309 885 2378 938 22
2419 899 2433 936 ε
2462 881 2594 938 Cum
2627 899 2792 954 capsa
2827 889 2876 940 et
2910 886 3058 939 calix
3081 885 3389 955 offerendus
3417 891 3515 950 est,
3545 893 3596 942 et

1963 975 2286 1030 admistione
2318 977 2679 1031 Eucharistiae
2707 979 3121 1033 consecrandus.
3147 977 3296 1042 Quid
3324 978 3397 1032 sit
3424 995 3595 1050 capsa

1964 1069 2072 1124 hoc
2117 1070 2260 1137 loco,
2298 1086 2415 1124 non
2469 1070 2667 1141 liquet.
2711 1071 2832 1124 Duo
2883 1070 2976 1125 hic
3015 1071 3338 1142 significare
3383 1074 3590 1145 potest,

1965 1179 2176 1234 nempe
2195 1164 2284 1217 vel
2305 1161 2534 1230 turrim,
2551 1179 2664 1234 qua
2681 1163 2822 1218 calix
2839 1163 3306 1234 includisolebat,
3322 1169 3381 1220 et
3398 1165 3459 1220 in
3481 1182 3594 1238 qua

1963 1255 2321 1311 inferebatur
2342 1273 2375 1310 a
2397 1255 2641 1312 diacono
2665 1256 2738 1311 ad
2769 1258 2970 1326 altare,
2995 1261 3058 1312 ut
3077 1258 3136 1312 in
3160 1259 3346 1330 capite
3367 1262 3401 1314 8
3421 1277 3589 1332 expo-

1965 1366 2198 1418 nemus;
2221 1350 2306 1404 vel
2331 1354 2625 1421 patenam,
2651 1352 2908 1422 amplam
2933 1355 2990 1406 et
3004 1352 3377 1423 profundam,
3400 1353 3459 1406 in
3481 1370 3593 1423 qua
3660 1393 3665 1402 .

1965 1443 2130 1514 panis
2160 1443 2484 1498 consecrari
2518 1443 2766 1511 solebat;
2796 1448 2858 1498 ut
2896 1444 2968 1498 sit
3007 1461 3224 1513 sensus,
3257 1461 3374 1500 non
3408 1446 3592 1500 solum

1963 1553 2176 1608 panem
2202 1537 2262 1590 in
2289 1537 2484 1605 missa,
2512 1537 2614 1591 sed
2654 1537 2830 1592 etiam
2864 1537 3104 1592 calicem
3144 1538 3315 1593 simul
3347 1538 3591 1593 offeren-

1965 1629 2104 1684 dum
2146 1647 2276 1684 cum
2315 1634 2547 1702 patena,
2581 1630 2640 1684 in
2682 1647 2808 1702 qua-
2824 1631 2990 1702 panis
3020 1632 3224 1703 reponi
3260 1632 3423 1687 solet.
3459 1631 3596 1688 Huic

304 1723 392 1773 l7.
430 1719 626 1776 Canon
668 1721 880 1789 missae,
913 1722 1013 1794 qui
1040 1723 1349 1795 iTrisagion
1387 1723 1774 1794 consequitur,
1807 1725 1867 1776 et
1942 1723 2428 1796 interpretationi
2453 1725 2645 1778 favere
2670 1724 2898 1778 videtur
2917 1725 3156 1780 canonis
3187 1725 3422 1780 titulus:
3451 1726 3519 1781 Ut
3536 1729 3596 1787 in

221 1812 378 1867 sacri
407 1814 671 1884 mysterii
697 1815 987 1870 actionem
1017 1816 1329 1883 antecedit,
1343 1817 1533 1872 varius
1553 1821 1640 1871 est
1657 1816 1718 1870 in
1737 1815 1863 1870 Mis—
1884 1801 1941 1874 B
1965 1832 2136 1871 unum
2148 1819 2450 1888 propositio
2470 1817 2808 1872 Sacramenti
2825 1823 3180 1873 consecretur.
3203 1818 3455 1873 Tametsi
3477 1835 3594 1875 non

221 1905 443 1961 salibus
467 1907 775 1962 Gallicanis
800 1925 904 1980 pro
938 1908 1268 1964 diversitate
1296 1910 1625 1965 missarum.
1653 1912 1716 1964 In
1743 1909 1865 1964 Mis-

221 2000 334 2054 sali
372 1999 616 2056 Gothico
652 2018 753 2056 seu
795 2001 1087 2058 Gallicano
1127 2003 1200 2057 ad
1241 2003 1501 2074 vigiliam
1543 2002 1865 2058 Nativitatis

221 2093 467 2148 Domini
499 2095 579 2150 sic
599 2094 773 2150 habet
799 2111 812 2151 :
851 2097 985 2153 Vere
1008 2102 1246 2160 sanctus,
1279 2113 1400 2152 vere
1428 2097 1730 2152 benedictus
1756 2100 1861 2152 Do-

219 2190 407 2242 minus
419 2193 600 2244 nbster
618 2191 768 2244 Iesus
790 2190 1030 2247 Christus
1045 2192 1214 2246 Filius
1231 2195 1372 2254 tuus,
1387 2205 1607 2246 manens
1623 2193 1681 2245 in
1699 2191 1862 2254 oculis,

220 2283 613 2349 manifestatus
649 2285 705 2337 in
732 2285 906 2339 terris.
935 2286 1053 2354 Ipse
1085 2286 1224 2339 enim
1243 2285 1426 2355 pridie
1460 2300 1624 2354 quam
1645 2287 1862 2354 patere-

225 2379 338 2438 tur,
371 2378 506 2442 etc.,
533 2391 662 2446 quae
697 2379 830 2430 sunt
863 2375 1054 2448 prima
1091 2377 1265 2432 verba
1290 2394 1465 2432 sacrae
1493 2376 1736 2432 actionis
1764 2393 1864 2432 seu

226 2469 703 2524 consecrationis.
733 2471 800 2523 Et
841 2469 899 2524 in
941 2469 1386 2526 Circumcisione
1418 2470 1654 2525 Domini
1684 2488 1696 2526 :
1735 2475 1867 2528 Vere

223 2567 468 2626 sanctus,
500 2578 622 2618 vere
667 2563 986 2628 benedictus,
1022 2568 1274 2620 Dominus
1303 2569 1480 2621 noster
1517 2568 1664 2621 Jesus
1708 2567 1863 2623 Chri-

223 2662 344 2711 stus
383 2657 554 2712 Filius
593 2662 736 2721 tuus,
775 2660 870 2728 qui
907 2660 1053 2713 venit
1091 2675 1325 2732 querere
1355 2664 1405 2714 et
1439 2659 1652 2714 salvum
1687 2661 1868 2726 facere

227 2750 382 2820 quod
417 2753 675 2820 perierat.
719 2753 836 2821 Ipse
877 2754 1017 2806 enim
1054 2753 1238 2823 pridie
1275 2769 1458 2824 quam,
1497 2755 1603 2806 etc.
1651 2752 1889 2806 Omnes

229 2843 526 2913 ejusmodi
551 2860 802 2899 canones
831 2844 1032 2900 breves
1057 2848 1191 2900 sunt
1210 2845 1330 2900 fere
1358 2845 1431 2900 ad
1452 2845 1604 2899 hunc
1623 2845 1866 2899 modum

226 2937 290 2990 in
313 2937 526 2992 Missali
551 2937 1098 3008 Gothicogallicano,
1121 2939 1380 3010 itemque
1403 2939 1463 2992 in
1483 2937 1866 3009 subsequente

225 3030 417 3084 veteri
461 3031 770 3086 Gallicano.
813 3034 886 3086 At
933 3032 993 3087 in
1040 3032 1248 3087 Missali
1287 3034 1636 3088 Francorum
1671 3033 1868 3087 Canon

227 3124 626 3194 Gregorianus
651 3124 994 3196 assignatur,
1024 3126 1256 3180 tametsi
1288 3126 1416 3180 alite
1455 3125 1646 3180 missas
1676 3129 1868 3196 partes

225 3217 418 3272 ritum
449 3221 703 3273 veterem
743 3219 1098 3274 Gallicanum
1136 3219 1412 3274 retinent.
1445 3220 1524 3274 Ex
1555 3235 1669 3290 quo
1695 3219 1864 3274 intel-

224 3310 458 3382 ligitur,
487 3313 738 3383 majores
776 3315 1001 3369 nostros
1034 3313 1192 3384 prius
1231 3313 1598 3368 Gelasianum
1627 3329 1727 3368 seu
1755 3314 1864 3368 Ro-

227 3421 484 3459 manum
503 3406 796 3462 Canonem
824 3407 1146 3476 admisisse,
1171 3423 1348 3478 quam
1371 3407 1666 3480 integrum
1687 3407 1863 3464 ritum

225 3498 588 3555 Romanum.

312 3594 400 3647 18.
429 3593 646 3648 Canoni
676 3594 952 3668 praedicto
989 3593 1356 3650 continenter
1388 3594 1686 3666 subjicitur
1716 3595 1864 3650 actio

229 3702 422 3755 sacra,
449 3685 728 3760 incipiens
753 3687 825 3743 ab
849 3688 938 3743 his
964 3688 1168 3756 verbis,
1203 3690 1308 3756 Qui
1328 3689 1511 3760 pridie
1533 3704 1697 3758 quam
1713 3692 1868 3760 pate-

225 3787 410 3842 retur.
437 3783 566 3848 etc.,
595 3798 723 3853 qua:
750 3782 942 3850 verba,
971 3799 1036 3836 ex
1077 3769 1291 3838 sanctis
1330 3781 1672 3852 Evangeliis,
1712 3784 1864 3852 Apo-

226 3874 387 3930 stolo
417 3877 474 3928 et
504 3874 814 3930 traditione
843 3877 1098 3947 accepta,
1123 3875 1331 3930 eadem
1355 3878 1489 3930 sunt
1508 3875 1568 3928 in
1595 3874 1865 3930 omnibus

150 3964 164 3972 ’
224 3967 526 4039 Liturgiis,
555 3968 664 4023 nisi
689 3968 845 4042 quod
869 3969 929 4023 in
958 3969 1250 4024 nonnullis
1275 3969 1543 4040 quaedam
1575 3985 1744 4025 voces
1767 3985 1864 4023 va-

221 4061 410 4128 riant,
440 4064 504 4116 ut
529 4061 789 4134 superius
819 4062 1069 4117 vidimus
1094 4062 1167 4117 de
1207 4061 1398 4118 missis
1429 4062 1779 4118 Mozarabica
1809 4064 1868 4118 et

221 4155 638 4224 Ambrosiana,
666 4156 727 4210 in
759 4156 965 4228 quibus
988 4160 1118 4228 post
1149 4157 1271 4212 haec
1291 4156 1482 4223 verba,
1504 4159 1614 4214 Hoc
1633 4161 1710 4213 est
1727 4159 1867 4212 enim

221 4265 429 4320 corpus
468 4265 662 4314 meum,
699 4249 932 4306 additur
980 4250 1038 4304 in
1090 4249 1270 4304 veteri
1314 4249 1686 4326 Mozarabica,
1723 4250 1867 4320 quod

212 4359 336 4416 pro
357 4343 503 4398 vobis
531 4343 797 4408 tradetur,
826 4343 885 4398 in
918 4343 1303 4399 Ambrosiana
1335 4343 1475 4398 item
1509 4342 1708 4411 veteri,
1741 4358 1862 4399 con-

218 4439 527 4506 fringatur.
555 4439 698 4492 Item
731 4438 885 4508 quod
910 4441 1040 4509 post
1065 4438 1189 4492 haec
1218 4437 1392 4492 verba
1422 4437 1480 4491 in
1514 4437 1866 4492 Mozarabica

1889 3168 1943 3242 C

1963 1914 2084 1965 tam
2126 1910 2380 1981 priorem
2421 1910 2660 1965 canonis
2693 1914 2918 1982 partem
2961 1914 3180 1982 spectat
3211 1911 3319 1967 hoc
3353 1913 3591 1980 lemma,

1965 2020 2140 2075 quam
2163 2004 2564 2075 posteriorem,
2590 2021 2704 2076 qua
2723 2003 2932 2063 dicitur
2959 2005 3102 2059 calix
3123 2005 3471 2061 admistione
3491 2007 3596 2060 Eu-

1965 2097 2249 2152 charistiae
2297 2097 2736 2152 consecrandus.
2777 2099 2994 2154 Horum
3049 2103 3244 2154 autem
3285 2098 3594 2154 verborum

1965 2207 2164 2245 sensus
2194 2208 2310 2246 non
2337 2194 2441 2259 est,
2468 2191 2632 2262 quasi
2657 2193 2778 2247 solo
2811 2191 3200 2258 Eucharistise,
3233 2192 3292 2247 id
3319 2196 3405 2247 est
3427 2191 3596 2265 panis

1965 2284 2301 2350 consecrati,
2322 2288 2586 2339 contactu
2609 2285 2751 2340 calix
2773 2284 2901 2358 48
2923 2289 3306 2354 consecretur,
3321 2285 3423 2341 sed
3440 2285 3597 2358 quod

1965 2377 2088 2432 haec
2106 2377 2453 2432 admistione
2471 2377 2641 2432 simul
2663 2382 2978 2447 sacrentur,
2997 2381 3056 2432 et
3074 2395 3252 2434 unam
3273 2379 3449 2434 veluti
3467 2395 3595 2433 rem

1966 2475 2358 2526 consecratam
2402 2470 2672 2526 efﬁciant.
2715 2472 2877 2526 Unde
2915 2473 3195 2527 hactenus
3229 2473 3436 2528 eadem
3474 2473 3596 2527 fere

1964 2565 2139 2619 verba
2181 2564 2520 2633 retinemus,
2557 2581 2687 2618 cum
2721 2565 3090 2620 Eucharistiaa
3117 2566 3458 2636 particulam
3483 2565 3594 2620 im-

1965 2657 2254 2712 mittendo
2275 2657 2333 2711 in
2357 2657 2593 2712 calicem
2615 2658 2738 2712 haec
2758 2659 3061 2729 proferunt
3081 2658 3409 2714 sacerdotes
3435 2675 3447 2713 :
3471 2660 3596 2714 Haec

1965 2754 2256 2807 commistio
2287 2756 2338 2806 et
2371 2751 2698 2807 consecratio
2726 2754 2965 2820 corporis
2991 2756 3042 2806 et
3065 2755 3353 2818 sanguinis
3381 2750 3599 2806 Domini

1965 2847 2140 2900 nostri
2179 2847 2306 2900 Jesu
2348 2845 2551 2900 Christi
2585 2848 2686 2915 ﬁat
2720 2845 3108 2914 accipientibus
3146 2845 3300 2900 nobis
3323 2847 3395 2911 in
3428 2847 3596 2899 vitam

1967 2919 2244 2994 aeternam.
2271 2937 2488 2992 Clarius
2508 2937 2660 2993 Ordo
2681 2937 3096 2992 Ambrosianus
3118 2955 3130 2992 :
3155 2937 3458 2993 Commistio
3478 2953 3599 2992 con-

1967 3035 2164 3086 secrati
2187 3034 2426 3101 corporis
2446 3036 2498 3087 et
2516 3033 2802 3098 sanguinis
2823 3033 3039 3086 Domini
3056 3034 3230 3086 nostri
3246 3033 3375 3086 Jesu
3399 3029 3600 3086 Christi

1967 3127 2121 3181 nobis
2168 3127 2448 3180 edentibus
2491 3130 2542 3180 et
2581 3125 2916 3180 sumentibus
2949 3127 3204 3196 proﬁciat
3239 3125 3314 3180 ad
3351 3127 3519 3180 vitam
3547 3129 3598 3180 et

1965 3219 2231 3287 gaudium
2262 3221 2664 3289 sempiternum.
2692 3218 2779 3272 Ad
2812 3218 3080 3274 ordinem
3113 3217 3309 3274 redeo.

2037 3316 2124 3368 20.
2149 3312 2336 3368 Finita
2365 3312 2556 3368 calicis
2577 3311 3028 3380 consecratione,
3050 3311 3270 3368 Missale
3292 3311 3596 3368 Gothicum

1967 3405 2028 3462 in
2049 3407 2288 3478 singulis
2310 3422 2459 3478 pene
2490 3405 2681 3460 missis
2701 3405 2894 3459 subdit
2919 3421 3096 3459 unam
3119 3405 3446 3460 orationem
3465 3407 3600 3460 Post

1967 3500 2308 3571 mysterium
2347 3515 2447 3554 seu
2472 3500 2605 3554 Post
2633 3502 2872 3554 secreta.
2895 3497 3220 3553 Mozarahes
3243 3499 3378 3554 Post
3404 3497 3596 3553 Pridie

1967 3593 2176 3649 eodem
2203 3610 2372 3648 sensu
2400 3593 2712 3664 appellant.
2737 3593 3076 3664 Exemplum
3099 3595 3221 3647 esto
3245 3591 3316 3647 de
3337 3592 3514 3647 missa
3536 3591 3597 3647 in

1965 3687 2162 3759 vigilia
2188 3686 2402 3742 Natalis
2431 3669 2684 3754 Domini,
2717 3701 2844 3758 quae
2887 3685 2946 3740 in
2987 3685 3225 3741 Gothico
3266 3685 3346 3741 sic
3378 3683 3595 3741 habet:

1965 3783 2092 3836 Ha’c
2104 3783 2359 3850 facimus,
2376 3783 2598 3836 Domine
2622 3785 2826 3844 sancte,
2845 3781 3006 3836 Pater
3029 3782 3384 3850 omnipotens,
3403 3783 3599 3835 aeterne

1966 3877 2127 3942 Deus,
2169 3878 2636 3930 commemorantes
2674 3880 2725 3930 et
2762 3874 3090 3930 celebrantes
3123 3876 3438 3944 passionem
3471 3877 3596 3929 uni-

1965 3971 2136 4037 geniti
2160 3969 2292 4023 Filii
2329 3971 2412 4024 tui
2453 3971 2580 4024 Jesu
2617 3967 2818 4024 Christi
2841 3969 3058 4024 Domini
3083 3969 3276 4031 nostri,
3305 3970 3402 4038 qui
3427 3972 3599 4023 tecum

1963 4064 2099 4118 vivit
2130 4067 2182 4118 et
2207 4067 2400 4131 regnat
2433 4077 2552 4118 cum
2590 4062 2800 4132 Spiritu
2839 4067 3022 4118 sancto
3047 4063 3106 4116 in
3140 4062 3340 4116 saecula
3375 4061 3594 4116 saeculo-

1963 4172 2106 4210 rum.
2155 4157 2286 4211 Haec
2331 4159 2452 4211 tota
2497 4155 2747 4212 Canonis
2795 4158 2854 4210 et
2907 4154 3052 4210 sacri
3103 4153 3366 4226 mysterii
3419 4153 3596 4209 series

1963 4249 2328 4305 Mozarabicse
2358 4248 2600 4304 omnino
2625 4247 2942 4304 consimilis
2961 4250 3066 4315 est,
3099 4246 3330 4302 tametsi
3355 4245 3593 4302 diversa:

1967 4346 2101 4398 sunt
2127 4342 2296 4398 unius
2322 4342 2394 4397 ab
2426 4341 2540 4398 alio
2567 4343 2681 4396 ritu
2713 4341 3024 4397 orationes.

2038 4440 2125 4492 2i.
2150 4438 2285 4492 Post
2306 4436 2429 4490 haec
2457 4435 2781 4491 Mozarabes
2814 4433 3066 4489 hostiam
3096 4433 3374 4504 frangunt
3394 4433 3456 4486 in
3484 4449 3587 4490 no-

220 4532 362 4586 haec
377 4529 501 4602 47
526 4530 835 4585 adduntur.
853 4531 1755 4602 Quotiescunquemanducaveritis,
1771 4533 1944 4610 hocD
1966 4549 2096 4588 vem
2147 4531 2470 4604 portiones;
2515 4545 2582 4584 ac
2631 4527 2843 4583 deinde
2888 4527 3025 4582 dicit
3065 4525 3364 4599 presbyter
3394 4543 3408 4582 :
3438 4527 3587 4591 Fide,

212 4627 400 4696 facite
416 4627 475 4678 in
498 4640 671 4680 meam
689 4628 1250 4681 commemorationem.
1271 4628 1359 4680 An
1383 4624 1670 4696 ejusmodi
1691 4625 1864 4680 verba

217 4720 286 4774 in
325 4718 506 4772 veteri
534 4719 825 4774 Gallicana
854 4719 1031 4774 missa
1067 4719 1370 4791 interjecta
1408 4719 1643 4787 fuerint,
1677 4717 1862 4775 incer-

219 4817 380 4868 tum.
405 4814 479 4866 At
507 4829 736 4868 morem
767 4813 1134 4881 catholicum,
1163 4813 1222 4868 id
1253 4817 1340 4868 est
1369 4813 1772 4882 universalem,
1803 4813 1861 4868 in

215 4908 342 4961 hac
357 4923 518 4960 sacra
535 4906 762 4962 actione
779 4911 1065 4962 servatum
1083 4907 1258 4962 fuisse
1281 4907 1458 4962 tradit
1477 4908 1786 4980 Gregorius
1802 4893 1878 4962 in,

214 5017 354 5072 cap.
388 5002 455 5056 16
487 5001 559 5054 de
589 5000 728 5054 Vitis
751 5003 1008 5068 Patrum,
1041 5001 1138 5056 ubi
1170 5001 1240 5055 de
1268 5002 1549 5056 Venantio
1579 5002 1860 5057 'l‘uronico

213 5096 461 5162 abbate,
489 5094 589 5166 qui
617 5094 950 5167 presbytero
975 5095 1200 5150 Missam
1231 5095 1545 5150 celebranti
1566 5095 1862 5166 proximus

216 5191 414 5246 astitit
445 5206 460 5244 :
498 5210 525 5238 ‹‹
557 5189 921 5260 Ventumque
949 5192 1034 5242 est
1072 5192 1134 5242 ut
1171 5193 1432 5244 sanctum
1465 5203 1678 5242 munus
1698 5189 1863 5259 juxta

217 5300 460 5342 morem
485 5282 856 5349 catholicum,
883 5282 1050 5352 signo
1076 5282 1258 5337 crucis
1287 5281 1668 5353 superposito,
1691 5282 1863 5336 bene-

217 5383 540 5438 diceretur.
571 5403 600 5428 ››
635 5378 731 5431 Ille
753 5392 889 5431 vero
919 5374 1062 5430 vidit
1101 5375 1417 5446 quemdam
1445 5391 1666 5442 senem,
1695 5375 1860 5430 cleri—

217 5481 386 5533 catus
421 5475 645 5530 honore
675 5469 1088 5536 venerabilem,
1116 5469 1374 5524 oblatum
1414 5468 1615 5569 altaris
1645 5468 1860 5522 sacrifi-

219 5572 382 5626 cium
431 5569 672 5622 dextera
721 5567 955 5619 extensa
995 5562 1481 5618 benedicentem.‘
1509 5583 1537 5611 ‹‹
1586 5562 1860 5616 Formam

215 5661 699 5725 Ambrosianam,
729 5657 788 5711 in
815 5673 928 5728 qua
957 5656 1206 5726 additur,
1234 5657 1378 5726 quod
1395 5671 1498 5726 pro
1521 5655 1706 5712 multis
1733 5670 1860 5712 con-

215 5760 524 5827 fringatur,
543 5754 606 5808 in
625 5751 840 5807 Ordine
863 5750 1152 5806 Gallicano
1181 5751 1468 5805 servatam
1489 5749 1664 5808 fuisse
1687 5751 1864 5823 conji-

221 5851 416 5908 cimus
445 5865 518 5905 ex
543 5845 750 5903 Missali
780 5845 1019 5901 Gothico
1048 5844 1109 5900 in
1141 5843 1317 5900 missa
1338 5843 1410 5901 de
1431 5843 1734 5902 Nativitate
1757 5846 1866 5904 Do-

558 5945 832 6013 ΡΑΤιιοι..
880 5941 1113 6008 LXXII.

1963 4643 2128 4698 quam
2151 4625 2309 4680 corde
2333 4623 2622 4686 credimus,
2652 4638 2742 4678 ore
2761 4627 2941 4678 autem
2967 4622 3228 4678 dicamus.
3256 4620 3401 4675 Tum
3421 4621 3592 4678 elevat

1963 4721 2212 4776 sacerdos
2235 4733 2430 4788 corpus
2457 4717 2678 4781 Christi,
2709 4721 2772 4772 ut
2797 4717 3050 4772 videatur
3064 4716 3290 4786 populo.
3318 4715 3440 4770 Mox
3461 4715 3593 4770 cho-

1923 4826 1928 4835 '
1963 4831 2074 4874 rus.
2089 4815 2284 4868 cantat
2321 4811 2660 4885 Symbolum
2690 4809 3413 4881 Constantinopolitanum,
3442 4812 3505 4863 ut
3529 4809 3588 4863 in

1963 4907 2147 4980 capite
2178 4905 2368 4978 primo
2398 4904 2804 4976 praemisimus.
2834 4903 2994 4958 Haud
3021 4903 3136 4958 scio
3163 4918 3237 4957 an
3267 4901 3420 4973 apud
3457 4903 3584 4958 Gal-

1963 5003 2046 5057 los
2073 5001 2132 5056 id
2161 4999 2368 5055 eodem
2396 4999 2572 5056 modo
2603 4999 2785 5054 fieret.
2819 4997 3128 5068 Gregorius
3167 4995 3586 5051 consecrationi

1961 5095 2220 5167 proxime
2264 5093 2492 5165 subjicit
2523 5091 2976 5148 contractionem
3013 5090 3070 5144 in
3114 5089 3212 5144 lib.
3243 5088 3358 5144 Ide
3395 5089 3588 5154 Gloria

1959 5187 2268 5261 Martyrum
2296 5203 2420 5258 cap.
2445 5189 2511 5242 87
2535 5203 2549 5241 :
2578 5186 2840 5240 «Verum
2873 5184 2969 5239 ubi
2999 5183 3276 5255 explicitis
3295 5182 3484 5238 verbis
3505 5201 3586 5238 sas

1963 5282 2088 5349 cris,
2126 5281 2418 5336 confracto
2465 5279 2743 5335 dominici
2789 5278 3046 5350 corporis
3094 5281 3480 5346 sacramento,
3527 5282 3587 5333 et

1961 5375 2081 5448 ipse
2112 5373 2374 5447 sumpsit,
2405 5377 2463 5428 et
2499 5372 2624 5428 aliis
2663 5371 2953 5427 distribuit
2991 5371 3064 5426 ad
3105 5371 3418 5427 edendum.
3452 5393 3480 5422 »
3513 5374 3586 5427 At

1962 5469 2246 5542 siquidem
2279 5467 2586 5540 Gregorius
2610 5466 2700 5522 his
2721 5465 2909 5520 verbis
2936 5465 3110 5520 sacris
3141 5465 3432 5538 intelligit,
3467 5481 3584 5522 non

1963 5563 2285 5618 orationem
2318 5559 2444 5633 49
2470 5559 2856 5628 Dominicam,
2885 5558 2986 5613 sed
3010 5559 3183 5614 verba
3210 5558 3586 5615 consecratio-

1963 5656 2070 5724 nis,
2124 5655 2234 5710 dici
2287 5656 2476 5726 potest
2531 5653 2986 5710 contractionem
3044 5668 3162 5708 non
3205 5650 3398 5707 statim
3452 5649 3586 5707 huic

1963 5749 2313 5817 successisse,
2344 5762 2475 5804 cum
2500 5749 2977 5805 communionem
3011 5745 3270 5818 proxime
3301 5739 3587 5817 subjiciat,

1965 5861 2092 5920 qua:
2117 5847 2270 5900 certe
2297 5842 2471 5899 ﬁebat
2497 5847 2628 5915 post
2664 5841 3028 5899 Dominicam
3058 5839 3404 5894 orationem.
3437 5835 3591 5900 Nihil

3235 5938 3271 5995 ὕ
3303 5987 3306 5991 ,
