4044 6196
469 319 565 384 139

1245 323 1574 382 APPENDIX
1609 325 1697 378 AD
1735 322 1956 378 orem
1990 305 2226 384 suum
2263 313 2560 375 cunmm
2601 315 3024 373 maxsmssns.
3065 367 3068 374 .

3718 312 3735 365 I
3750 308 3817 366 to

461 457 634 513 porro
663 441 768 497 hac
795 440 866 496 de
894 457 959 496 re
985 440 1044 496 in
1082 438 1395 496 Missalihus
1425 437 1730 493 Gallicanis
1767 437 2085 510 pra‘scribi-
2109 451 2169 526 Α
2191 435 2346 506 quod
2394 435 2644 506 quadam
2691 434 2832 501 vice,
2871 433 3008 488 dum
3033 433 3198 504 juxta
3230 431 3707 488 consuetudinem
3745 431 3816 486 de

461 537 556 589 tur
584 553 598 592 :
631 535 731 590 sed
771 534 1036 601 orationi,
1085 549 1211 604 quae
1256 535 1385 602 post
1432 531 1772 602 mysterium
1819 549 1918 586 seu
1959 533 2094 602 post

463 613 955 683 consecrationem
984 625 1326 695 assignatur,
1352 624 1626 680 continuo
1661 623 1772 678 alia
1793 625 2092 695 subjicitur

462 720 823 776 Praefationis
855 719 1036 773 instar
1063 720 1200 772 ante
1224 717 1547 772 orationem
1570 717 2010 782 Dominicalem,
2037 720 2094 770 et

462 814 620 868 varia
655 811 889 884 quidem
922 811 980 864 in
1016 810 1258 882 singulis
1296 811 1418 866 fere
1458 809 1668 865 missis.
1698 809 1788 865 Sic
1813 810 1873 864 in
1910 809 2093 864 Natali

462 905 696 962 Domini
727 921 740 958 :
771 905 893 960 Non
921 909 1104 959 nostro
1123 909 1530 975 presumentes,
1561 907 1724 960 Pater
1751 909 1954 965 sancte,
1981 917 2090 957 mc-

461 1002 586 1060 rito,
609 999 705 1052 sed
727 1000 946 1052 Domini
963 1000 1136 1052 nostri
1153 1001 1278 1052 Iesu
1299 997 1500 1053 Christi
1520 999 1827 1053 obedientes
1845 997 2090 1066 imperio,

461 1092 724 1147 audemus
750 1092 966 1146 dicere:
998 1093 1167 1145 Pater
1203 1094 1418 1156 noster,
1453 1095 1560 1146 etc.
1597 1093 1676 1145 De
1713 1092 1821 1146 hoc
1863 1089 2089 1144 univer-

461 1184 565 1238 sali
605 1201 770 1239 more
809 1183 1194 1255 Hieronymus
1240 1184 1318 1237 ita
1359 1183 1556 1238 scribit
1582 1185 1640 1238 in
1674 1185 1772 1238 lib.
1803 1201 1862 1238 III
1895 1186 2096 1238 contra

2189 527 2453 595 basilicis,
2483 545 2624 598 quas
2663 526 2940 582 orationis
2980 525 3166 598 gratia
3207 525 3450 594 adierat,
3488 525 3816 597 repedarct,

2189 625 2249 675 et
2285 621 2342 674 in
2390 621 2621 675 basilica
2653 621 2726 674 ad
2767 621 2972 674 missas
2997 619 3310 693 Dominica:
3342 618 3618 673 orationis
3645 619 3821 672 verba

2191 713 2666 780 decantarentur;
2701 731 2833 768 cum
2871 713 2950 767 illi
2996 713 3279 780 dixerunt,
3312 712 3419 769 Sed
3449 713 3616 767 (ibe-ra
3651 727 3746 767 nos
3787 728 3821 765 α

2189 808 2352 870 malo,
2385 807 2599 861 audivit
2637 823 2666 860 e
2702 807 2926 861 tumulo
2956 806 3256 876 cujusdam
3291 821 3492 860 vocem
3527 805 3820 860 dicentem

2192 899 2477 969 similiter,
2502 901 2694 957 Libera.
2717 916 2812 956 nos
2849 916 2884 955 α
2917 901 3080 955 malo.
3110 923 3136 950 »
3167 900 3416 954 Demum
3447 901 3578 970 post
3605 897 3820 954 oratio-

2193 1010 2331 1047 nem
2375 993 2738 1048 Dominicam
2773 994 2832 1048 in
2868 993 3072 1050 Missali
3113 992 3369 1060 Gothico,
3397 1009 3512 1046 non
3557 1008 3716 1046 secus
3757 1007 3824 1044 ac

2193 1086 2252 1140 in
2290 1087 2659 1155 Mozarabico,
2702 1087 2964 1142 subditur
2999 1085 3114 1159 51
3175 1085 3356 1142 oratio
3401 1085 3558 1140 varia
3597 1101 3700 1155 pro
3734 1083 3823 1138 di-

2193 1179 2370 1234 versis
2401 1179 2608 1234 missis.
2651 1183 2714 1235 In
2740 1180 2922 1236 Natali
2964 1179 3193 1234 Domini
3224 1197 3237 1234 :
3265 1180 3454 1236 Libera
3490 1194 3604 1242 nos,
3647 1179 3823 1232 omni-

459 1278 760 1348 Pelagium
794 1295 807 1332 :
847 1299 873 1325 ‹‹
906 1277 996 1332 Sic
1025 1277 1219 1332 docuit
1248 1277 1538 1348 apostolos
1567 1295 1716 1344 suos,
1749 1280 1811 1331 ut
1835 1276 2092 1348 quotidie
2183 1277 2372 1344 potens
2390 1275 2633 1338 Deus,ab
2658 1277 2803 1329 omni
2829 1276 2989 1337 malo,
3015 1279 3065 1329 et
3084 1273 3294 1330 custodi
3316 1288 3410 1328 nos
3434 1275 3490 1327 in
3509 1274 3656 1326 omni
3670 1286 3830 1342 opere

460 1371 520 1426 in
550 1371 808 1442 corporis
841 1370 930 1424 sui
969 1369 1246 1424 sacriﬁcio
1275 1371 1578 1426 credentes
1608 1371 1863 1425 audeant
1885 1369 2041 1441 loqui
2077 1385 2090 1423 :
2193 1367 2346 1431 bono,
2369 1369 2613 1437 perfecta
2638 1371 2835 1424 veritas
2861 1371 2912 1423 et
2934 1384 3060 1424 cera
3091 1368 3316 1422 libertas
3342 1369 3496 1434 Deus,
3515 1368 3611 1436 qui
3631 1379 3832 1436 regnas

459 1467 623 1520 Pater
646 1469 828 1519 noster
852 1466 949 1533 qui
978 1480 1030 1518 es
1061 1466 1120 1518 in
1145 1465 1310 1518 cwlis.
2189 1461 2248 1514 in
2276 1461 2475 1516 sweula
2499 1463 2836 1517 saeculorum.

533 1560 620 1612 22.
646 1559 801 1612 Hanc
823 1560 1017 1611 autem
1040 1557 1362 1612 orationem
1382 1557 1765 1624 Dominicam,
1785 1575 1901 1613 non
1919 1574 1952 1612 a
1969 1557 2088 1613 solo
2191 1565 2196 1585 '
2260 1556 2351 1610 23.
2382 1555 2852 1610 Communionem
2882 1553 3320 1627 subsequentem
3346 1551 3706 1626 praecedebat
3729 1551 3828 1606 be-

460 1649 778 1717 sacerdotc,
814 1649 914 1704 sed
945 1651 1215 1704 etiamab
1248 1654 1472 1706 astante
1495 1653 1705 1723 popqu
1728 1651 1879 1722 apud
1901 1651 2090 1706 Gallos
2189 1646 2434 1702 nedictio
2486 1648 2556 1702 ab
2612 1649 2874 1721 episcopo
2922 1649 3011 1704 vel
3060 1647 3344 1704 sacerdote
3396 1645 3701 1718 impertita,
3755 1644 3831 1700 ad

461 1745 746 1816 prolatam
770 1743 941 1798 fuisse
965 1743 1132 1798 docet
1148 1744 1530 1815 Gregoriusin
1548 1745 1646 1799 lib.
1672 1762 1710 1799 ιι
1729 1745 1798 1798 de
1813 1743 2090 1800 Miraculis
2189 1755 2364 1810 quam
2401 1741 2668 1797 diaconus
2705 1746 3015 1815 pressantes
3058 1742 3208 1797 elata
3235 1756 3369 1797 voce
3394 1740 3735 1796 admonebat
3765 1743 3835 1793 ut

460 1837 640 1892 sancti
669 1835 894 1890 Martini
923 1853 1048 1908 cap.
1075 1839 1160 1892 30.
1188 1837 1411 1910 Quippe
1437 1838 1740 1910 «quadam
1772 1837 1865 1893 die
1892 1837 2088 1892 Domi-
2109 1828 2167 1902 B
2191 1849 2249 1888 se
2287 1832 2642 1891 inclinarent.
2681 1835 2954 1891 Caesarius
2994 1835 3153 1891 testis
3193 1835 3252 1890 in
3294 1850 3552 1890 sermone
3577 1836 3680 1888 285
3699 1833 3827 1904 jam

461 1931 609 1998 nica,
643 1930 780 1984 dum
807 1929 1102 1985 Missarum
1138 1931 1423 1986 solemnia
1461 1931 1912 1999 celebrarentur,
1947 1947 2094 2001 quae-

461 2024 589 2079 dam
629 2025 838 2091 femina
879 2029 1031 2078 muta
1069 2026 1128 2078 in
1171 2025 1396 2079 basilica
1439 2041 1570 2079 cum
1616 2024 1842 2096 reliquo
1885 2024 2098 2095 populo

460 2116 666 2172 stabat.
687 2117 923 2170 Factum
942 2119 1028 2170 est
1045 2121 1243 2172 autem
1269 2135 1398 2172 cum
1424 2117 1725 2173 Dominica
1747 2119 1931 2172 oratio
1955 2117 2102 2172 dice-

459 2213 639 2278 retur,
661 2210 782 2264 hazc
800 2213 999 2280 aperto
1023 2227 1123 2265 ore
1146 2211 1315 2282 coepit
1341 2214 1596 2266 sanctam
1620 2211 1945 2266 orationem
1967 2226 2098 2266 cum

462 2302 700 2374 reliquis
717 2303 1046 2358 decantare.
1065 2325 1092 2352 ››
1110 2303 1267 2358 Idem
1281 2303 1457 2358 ﬁebat
1477 2305 1653 2358 etiam
1671 2307 1805 2358 tunc
1823 2303 2100 2375 temporis

463 2395 616 2468 apud
638 2395 881 2464 Graecos,
900 2398 1046 2450 teste
1063 2397 1302 2453 Leontio
1325 2397 1592 2468 episcopo
1626 2397 1686 2452 in
1711 2397 1854 2452 libro
1877 2397 1948 2450 de
1975 2397 2101 2451 Vita

461 2488 643 2543 sancti
688 2487 926 2544 Joannis
967 2488 1222 2560 episcopi
1260 2490 1652 2558 Alexandrini,
1704 2494 2098 2560 cognomento

462 2581 937 2653 Eleemosynarii;
953 2582 1052 2653 qui
1065 2599 1197 2636 cum
1211 2582 1536 2655 principem
1554 2583 1869 2654 quemdam
1885 2583 1957 2636 ad
1970 2599 2101 2637 con-

460 2674 715 2730 cordiam
749 2691 880 2730 cum
915 2675 1026 2730 alio
1051 2692 1320 2732 revocare
1348 2677 1540 2744 vellet,
1567 2677 1726 2730 misit
1747 2676 1848 2747 qui
1869 2693 2002 2730 eum
2025 2676 2100 2730 ad

461 2785 520 2824 se
547 2768 862 2824 adduceret
891 2772 1064 2842 atque
1095 2770 1221 2842 ipso
1260 2773 1544 2841 praesente
1576 2774 1604 2819 (ὲ
1635 2771 1772 2825 fecit
1804 2769 2010 2824 missas
2039 2769 2098 2824 in

461 2863 716 2919 oratorio
743 2880 867 2931 suo,
901 2864 1121 2919 nullum
1149 2864 1372 2918 habens
1404 2863 1510 2918 nisi
1540 2864 1873 2917 ministrum
1905 2880 2096 2918 suum.

460 2957 603 3013 Cum
637 2974 776 3026 ergo
801 2961 998 3011 sancta
1023 2957 1412 3011 benedixissct
1432 2957 1782 3027 patriarcha,
1807 2961 1866 3010 ct
1892 2957 2101 3012 oratio-

463 3065 601 3104 nem
636 3048 1000 3103 Dominicam
1043 3048 1388 3115 inclinasset,
1420 3051 1719 3120 coeperunt
1757 3049 1947 3104 dicere
1983 3053 2099 3105 tres

464 3144 692 3196 tantum
715 3141 817 3209 illi,
841 3143 1002 3196 Pater
1028 3147 1226 3196 noster.
1252 3143 1321 3196 Et
1345 3158 1478 3197 cum
1504 3142 1858 3213 pervenisset
1877 3144 1950 3198 ad
1978 3160 2096 3198 ser-

2202 1925 2448 1982 laudata:
2473 1929 2800 2000 appendicis
2825 1929 3268 2002 Augustinianae,
3297 1945 3459 1984 num.
3481 1931 3512 1982 2
3537 1946 3551 1984 :
3587 1927 3834 1982 «Etth

2199 2019 2476 2078 admoneo
2513 2023 2683 2078 simul
2722 2028 2780 2080 et
2818 2040 2978 2096 rogo,
3013 2024 3235 2091 fratres,
3265 2022 3482 2095 quoties
3519 2021 3840 2079 clamatum

2199 2113 2372 2170 fuerit
2407 2120 2470 2170 ut
2516 2133 2612 2171 vos
2648 2117 3026 2172 benedictic’mi
3069 2115 3372 2172 humiliare
3417 2115 3682 2182 debeatis,
3711 2129 3836 2169 non

2199 2207 2355 2263 vobis
2395 2209 2467 2263 sit
2500 2210 2842 2278 laboriosum
2881 2210 3064 2283 capita
3089 2210 3384 2281 inclinare,
3414 2211 3548 2282 quia
3576 2225 3690 2264 non
3720 2207 3835 2262 ho-

2199 2301 2363 2372 mini,
2393 2303 2492 2358 sed
2517 2304 2629 2359 Deo
2656 2303 2988 2360 humiliatis.
3021 2325 3049 2354 »

2269 2395 2360 2450 24.
2389 2397 2518 2452 Post
2554 2397 3010 2454 benedictionem
3048 2401 3104 2452 et
3141 2395 3440 2452 sacerdotis
3475 2396 3834 2452 communio-

2199 2504 2354 2559 nem,
2395 2489 2588 2546 ﬁdeles
2627 2490 3100 2548 communicaturi
3140 2491 3212 2546 ad
3249 2491 3423 2546 altare
3463 2490 3830 2558 accedebant,

2199 2584 2370 2638 etiam
2395 2585 2680 2652 mulieres,
2708 2591 2774 2641 ut
2797 2602 2958 2641 num.
2989 2589 3020 2640 6
3046 2585 3362 2640 notavimus
3395 2601 3408 2638 :
3439 2589 3632 2638 contra
3659 2599 3840 2654 quam

2198 2677 2351 2749 apud
2403 2678 2693 2749 Hispanos,
2746 2679 2896 2750 apud
2948 2695 3090 2752 quos
3143 2678 3428 2733 sancitum
3479 2681 3561 2732 est
3611 2675 3842 2730 concilii

2199 2771 2447 2826 Toletani
2492 2787 2545 2825 ιν
2583 2789 2799 2828 canone
2839 2776 2926 2840 l7,
2965 2777 3028 2829 Ut
3071 2772 3367 2828 sacerdotes
3407 2775 3457 2826 et
3494 2771 3664 2826 levita:
3709 2774 3844 2824 ante

2199 2865 2373 2919 altare
2415 2869 2816 2929 communicent,
2860 2868 2918 2920 in
2963 2867 3120 2921 choro
3169 2866 3366 2928 clerus,
3411 2868 3566 2920 εσυ-ιτα
3615 2863 3854 2940 chorum,

2193 2961 2448 3030 populus.
2480 2959 2633 3014 Idem
2674 2959 2792 3014 fere
2831 2963 3106 3015 statutum
3148 2957 3369 3014 concilii
3410 2953 3711 3012 Laodiceni
3739 2972 3839 3009 ca-

2197 3067 2346 3106 none
2379 3055 2464 3108 I9.
2509 3051 2834 3107 Contrarius
2859 3069 2984 3107 mos
3022 3053 3171 3123 apud
3209 3052 3409 3106 Gallos.
3449 3052 3508 3104 In
3535 3048 3776 3105 concilio
3803 3063 3846 3101 ιι

2201 3145 2514 3200 Turonensi
2541 3161 2720 3200 canon
2763 3150 2996 3218 quartus
3020 3150 3172 3202 vetat
3203 3145 3376 3199 laicos
3403 3143 3574 3198 choro
3612 3141 3846 3196 misceri

804 3197 816 3209 ι
1504 3197 1524 3213 ι
2016 3197 2058 3198 η
2212 3197 2231 3200 -
2769 3197 2992 3218 1"-”—
3321 3197 3366 3199 -κ
3415 3197 3452 3198 ρ

467 3250 705 3289 monem
735 3250 846 3305 quo
871 3233 1096 3302 dicitur,
1120 3237 1338 3290 Dimitte
1356 3235 1508 3290 nobis
1529 3236 1712 3291 debita
1729 3240 1936 3299 nostra,
1962 3241 2092 3305 etc.,
2117 3197 2174 3272 Ο
2197 3239 2558 3311 psallentium
2585 3238 2920 3294 clericorum
2943 3256 2956 3294 :
2979 3241 3071 3295 Ad
3098 3239 3363 3294 orandum
3387 3253 3510 3292 vero
3529 3241 3579 3291 et
3608 3249 3846 3289 commu-

464 3326 656 3382 innuit
683 3327 999 3384 domestico
1028 3327 1372 3399 patriarcha,
1407 3331 1472 3382 ut
1503 3327 1629 3401 5O
1663 3331 1896 3384 taceret.
1931 3329 2098 3385 Siluit

467 3436 607 3493 ergo
635 3421 983 3492 patriarcha,
1022 3423 1080 3474 et
1105 3419 1386 3475 remansit
1418 3421 1683 3492 princeps
1710 3423 1880 3477 solus.
1913 3444 1941 3473 ››
1973 3423 2096 3487 Qua

468 3513 767 3572 occasione
802 3516 1051 3584 captata,
1079 3513 1164 3568 vir
1197 3518 1426 3569 sanctus
1455 3531 1588 3570 eum
1625 3515 1698 3570 ad
1725 3517 2096 3571 concordiam

467 3606 708 3662 induxit.
747 3607 904 3662 Hunc
947 3608 1274 3662 Graecorum
1311 3609 1488 3664 ritum
1524 3625 1559 3664 a
1595 3626 1838 3666 romano
1885 3611 2094 3666 discre-

468 3715 632 3771 passe
677 3698 838 3753 testis
880 3702 966 3754 est
1002 3701 1310 3772 Gregorius
1341 3703 1578 3772 Magnus
1623 3702 1680 3756 in
1706 3703 1806 3757 lib.
1840 3720 1915 3758 vn
1947 3704 2094 3774 epis-

470 3793 590 3847 tola
628 3793 716 3858 64,
750 3791 948 3848 indict.
981 3796 1014 3847 2
1050 3809 1062 3846 :
1097 3813 1123 3842 «
1152 3793 1265 3848 Sed
1306 3797 1363 3847 et
1397 3795 1699 3850 Dominica
1732 3796 1916 3852 oratio
1946 3797 2099 3868 apud

472 3886 697 3941 Graecos
735 3884 806 3939 ab
847 3885 1009 3939 omni
1055 3887 1266 3956 populo
1303 3886 1538 3955 dicitur;
1569 3889 1723 3960 apud
1754 3906 1859 3944 nos
1901 3907 2034 3946 vero
2067 3909 2101 3946 a

473 3978 594 4034 solo
621 3977 936 4032 sacerdote.
969 3999 996 4028 »
1020 3980 1218 4050 Itaque
1249 3981 1642 4035 Graecanicum
1671 3999 1919 4051 morem,
1949 3988 2012 4038 ut
2040 3983 2098 4039 in

473 4071 598 4126 aliis
626 4071 937 4139 nonnullis,
964 4071 1341 4126 imitabantur
1365 4073 1524 4128 Galli.
1549 4076 1742 4145 Neque
1767 4076 1921 4131 enim
1946 4078 2101 4148 quod

472 4163 834 4226 Dominicam
853 4163 1178 4220 orationem
1197 4182 1328 4220 cum
1351 4166 1646 4222 sacerdote
1665 4167 1842 4222 etiam
1860 4171 2103 4240 populus

476 4258 838 4326 decantabat,
857 4257 918 4312 id
933 4258 1107 4313 ﬁebat
1123 4275 1190 4313 ex
1205 4258 1528 4315 imitatione
1545 4261 1927 4331 Mozarabum,
1948 4264 2102 4334 apud

477 4370 620 4426 quos
647 4354 893 4425 p0pulus
925 4352 999 4407 ad
1037 4353 1289 4425 singulas
1317 4353 1440 4408 fere
1471 4354 1786 4410 Dominica:
1826 4357 2104 4413 orationis

475 4447 782 4521 petitiones
797 4447 1184 4518 respondebat
1200 4450 1446 4516 tantum,
1465 4450 1672 4504 Amen.
1692 4451 1938 4506 Noverat
1951 4452 2103 4507 hunc

2193 3333 2487 3388 nica-ndum
2535 3334 2689 3387 laicis
2737 3337 2786 3388 et
2825 3335 3061 3401 feminis,
3107 3335 3245 3388 sicut
3293 3346 3404 3386 mos
3462 3334 3557 3392 est,
3604 3333 3846 3400 pateant

2195 3431 2383 3481 sancta
2415 3431 2740 3482 sancto-rum.
2767 3427 2844 3482 De
2873 3427 3299 3481 Guntchramuo
3328 3440 3463 3496 rege
3511 3423 3569 3478 id
3593 3425 3844 3478 testatur

2196 3519 2498 3592 Gregorius
2533 3519 2592 3574 in
2633 3519 2734 3574 lib.
2762 3536 2818 3574 1x
2843 3537 2964 3591 cap.
3000 3523 3030 3575 3
3061 3538 3074 3574 :
3110 3542 3138 3570 ‹‹
3178 3521 3401 3574 Interea
3427 3515 3652 3570 advenit
3675 3513 3844 3570 festi-

2197 3611 2337 3667 vitas
2365 3612 2543 3668 sancti
2574 3612 2839 3682 Marcelli,
2863 3629 2992 3685 qure
3013 3613 3165 3684 apud
3185 3611 3389 3667 urbem
3411 3609 3851 3666 Cabilonensem

2197 3722 2393 3762 mense
2412 3706 2650 3779 septimo
2670 3707 3007 3776 celebratur,
3033 3711 3089 3761 et
3121 3705 3582 3760 Guntchramnus
3606 3717 3708 3758 rex
3736 3701 3845 3756 ad-

2197 3799 2324 3855 fuit.
2354 3801 2560 3854 Verum
2590 3800 2684 3854 ubi
2730 3799 2978 3872 peractis
3026 3798 3374 3855 solemnibus
3411 3798 3483 3852 ad
3519 3811 3850 3850 sacrosanc-

2197 3897 2324 3950 tum
2347 3893 2611 3949 altarium
2639 3893 3094 3948 communicandi
3123 3892 3304 3964 gratia
3327 3891 3663 3958 accessisset,
3683 3889 3853 3945 venit

2201 3986 2434 4058 quidam
2463 3986 2622 4058 quasi
2647 3987 2860 4058 aliquid
2887 3991 3280 4060 suggesturus.
3308 4007 3336 4036 ››
3367 3984 3471 4040 Ubi
3491 3983 3664 4051 vides,
3687 3983 3856 4054 quod

2201 4079 2460 4151 superius
2494 4080 2932 4151 observavimus,
2967 4079 3154 4136 missas
3200 4079 3470 4135 solemnia
3513 4081 3642 4132 ante
3691 4092 3859 4131 com-

2201 4173 2532 4228 munionem
2561 4174 2871 4230 astantium
2896 4174 3115 4230 censeri
3141 4177 3389 4246 peracta.

2273 4271 2362 4323 25.
2408 4268 2480 4322 De
2514 4267 2711 4322 Eulalii
2750 4268 2972 4323 comitis
3005 4267 3076 4322 ad
3114 4267 3289 4322 altare
3330 4281 3554 4322 accessu
3603 4263 3858 4337 insignis

2204 4365 2289 4416 est
2321 4360 2490 4416 etiam
2537 4361 2692 4416 locus
2729 4363 2882 4434 apud
2923 4361 3191 4416 eumdem
3217 4359 3553 4431 Gregorium
3589 4357 3650 4412 in
3674 4357 3784 4412 lib.
3813 4374 3860 4412 χ

2204 4471 2328 4527 cap.
2351 4458 2403 4525 8,
2429 4453 2554 4528 52
2582 4471 2650 4510 ex
2667 4472 2780 4527 quo
2798 4455 3086 4525 discimus,
3109 4453 3446 4527 particulam
3467 4451 3666 4506 hostia:
3685 4467 3859 4505 com-

477 4541 653 4595 ritum
672 4537 962 4606 Boherius',
979 4540 1073 4610 qui
1092 4540 1149 4594 in
1167 4542 1588 4597 commentario
1607 4547 1638 4598 2
1655 4561 1827 4616 super
1840 4546 2101 4617 regulam
2122 4569 2184 4645 D
2203 4549 2577 4604 municaturis
2621 4567 2655 4604 a
2688 4550 2974 4606 sacerdote
3016 4553 3354 4620 porrectam,
3387 4550 3558 4618 atque
3583 4544 3654 4599 ab
3681 4544 3767 4599 eis
3794 4545 3870 4600 in

480 4631 660 4687 sancti
685 4631 974 4686 Benedicti
1003 4633 1076 4686 ad
1102 4638 1274 4704 caput
1307 4639 1362 4689 11
1403 4635 1482 4690 ita
1501 4636 1711 4692 habet:
1739 4660 1767 4687 «
1789 4638 1952 4693 Unde
1972 4639 2107 4710 legi-

482 4729 594 4792 tur,
625 4723 779 4795 quod
813 4723 1058 4778 Isidorus
1097 4725 1440 4796 Hispalensis
1479 4729 1734 4786 condens
1762 4731 1952 4786 missae
1980 4732 2106 4787 ofﬁ-

482 4817 637 4874 cium
669 4815 972 4885 ordinavit,
1006 4816 1144 4870 utin
1175 4818 1429 4888 qualibet
1459 4821 1734 4891 petitione
1759 4826 1922 4880 Pater
1935 4831 2111 4880 noster

482 4912 666 4968 clerus
697 4909 1076 4982 responderet
1115 4912 1313 4978 Amen;
1351 4912 1454 4966 sed
1497 4912 1593 4982 ibi,
1632 4917 1832 4972 Panem
1871 4924 2110 4975 nostrum

481 5005 858 5078 quotidianum
907 5003 981 5058 da
1030 5003 1181 5058 nobis
1242 5004 1397 5060 hodie
1447 5007 1852 5078 responderet,
1907 5014 2011 5080 Qui
2059 5029 2111 5069 es

481 5103 640 5162 Deus,
667 5119 694 5147 »
731 5097 888 5168 quod
911 5095 1081 5150 hodie
1120 5113 1350 5168 quoque
1377 5097 1436 5152 in
1463 5099 1736 5156 Toletana
1767 5103 2016 5160 Ecclesia
2044 5123 2111 5161 ex

483 5192 705 5246 vetusto
733 5189 848 5244 ritu
871 5189 1222 5244 observatur.
1249 5191 1406 5246 Nunc
1437 5191 1495 5246 iu
1525 5192 1774 5248 Ecclesia
1794 5195 2016 5265 Latina,
2051 5203 2113 5254 ut

486 5282 754 5340 omnibus
779 5286 981 5338 notum
1011 5287 1114 5351 est,
1138 5286 1269 5354 post
1286 5284 1587 5340 recitatam
1615 5304 1648 5341 a
1671 5289 1791 5343 solo
1814 5291 2110 5346 sacerdote

487 5393 708 5434 sacram
727 5377 886 5432 illam
903 5375 1246 5444 orationem,
1261 5378 1385 5438 hinc
1401 5381 1628 5436 tantum
1643 5382 1813 5437 verba
1826 5383 2113 5455 excipiunt

486 5473 922 5528 circumstantes
951 5487 964 5526 :
992 5471 1098 5528 Sed
1125 5472 1296 5527 libera
1321 5489 1415 5528 nos
1439 5491 1475 5529 α
1501 5477 1662 5546 malo,
1695 5477 1850 5548 quod
1883 5477 1954 5532 de
1983 5480 2110 5534 ofﬁ-

486 5567 572 5624 cio
599 5565 791 5622 divino
809 5564 1066 5637 praecipit
1086 5569 1312 5621 sanctus
1329 5567 1685 5624 Benedictus.
1708 5573 1782 5626 At
1796 5573 2112 5630 secundum

486 5665 741 5718 veterem
761 5675 988 5715 morem
1002 5658 1165 5715 illum
1177 5660 1526 5718 Gallicanum
1544 5662 2010 5737 interpretandus
2028 5671 2114 5726 est

486 5755 793 5830 Gregorius
833 5753 893 5812 in
929 5769 1054 5826 cap.
1095 5755 1160 5811 16
1197 5754 1270 5810 de
1305 5755 1444 5812 Vitis
1475 5759 1732 5830 Patrum,
1765 5761 1866 5818 ubi
1894 5762 1967 5820 de
2006 5767 2110 5821 Ve-

488 5849 686 5908 nantio
710 5848 918 5908 abbate
947 5847 1226 5906 'I‘uronlco
1260 5865 1272 5906 :
1301 5849 1466 5910 «Sed
1485 5868 1590 5912 nec
1615 5853 1754 5911 illud
1783 5856 2109 5932 praeteribo,

2207 4659 2410 4698 manus
2445 4647 2734 4714 acceptam
2770 4643 2941 4698 fuisse
2985 4659 3000 4696 :
3045 4661 3073 4694 «
3111 4639 3587 4698 Convenientibus
3633 4637 3873 4693 civibus

2210 4753 2339 4792 cum
2365 4736 2655 4791 sacerdote
2691 4736 2810 4808 (seu
2837 4736 3098 4809 episcopo
3141 4738 3526 4790 Arvernorum
3564 4731 3869 4802 Cautino),

2209 4830 2278 4886 ad
2307 4830 2666 4885 festivitatem
2704 4831 2854 4886 beati
2891 4829 3134 4901 maryris
3156 4827 3386 4896 Juliani,
3418 4827 3487 4881 ad
3514 4825 3688 4898 pedes
3725 4825 3873 4896 epi-

2212 4923 2364 4996 scopi
2382 4924 2628 4979 Eulalius
2643 4924 2737 4979 ille
2760 4923 3160 4996 prosternitur,
3187 4937 3433 4994 querens
3450 4935 3508 4976 se
3528 4917 3880 4974 inauditum

2210 5035 2244 5073 a
2270 5017 2673 5074 communione
2725 5021 3030 5072 remotum.
3069 5017 3223 5071 Tunc
3257 5015 3549 5087 episcopus
3589 5012 3886 5084 permisit

2212 5127 2344 5168 eum
2385 5128 2517 5168 cum
2551 5111 2770 5167 caeteris
2809 5111 3112 5166 missarum
3143 5113 3392 5180 spectare
3431 5105 3725 5162 solemnia.
3756 5107 3887 5162 Ve.

2211 5223 2342 5262 rum
2372 5205 2469 5261 ubi
2503 5205 2576 5260 ad
2602 5205 3064 5270 communionem
3106 5207 3341 5258 ventum
3381 5205 3483 5268 est,
3513 5205 3569 5254 et
3602 5197 3888 5256 Eulalius

2210 5300 2282 5354 ad
2323 5299 2587 5354 altarium
2624 5298 2965 5368 accessisset,
3004 5297 3083 5352 ait
3113 5297 3413 5369 episcopus
3444 5311 3457 5350 :
3499 5295 3719 5349 Rumor
3759 5309 3888 5365 po—

2210 5393 2332 5464 puli
2359 5392 2698 5464 parricidam
2727 5395 2780 5447 te
2823 5391 3136 5463 proclamat
3171 5405 3310 5445 esse.
3341 5390 3458 5460 Ego
3493 5402 3624 5442 vero
3652 5388 3894 5446 utrum

2211 5486 2622 5560 perpetraveris
2662 5487 2771 5541 hoc
2805 5485 3007 5552 scelus,
3037 5501 3109 5539 an
3139 5500 3275 5552 non,
3307 5483 3530 5554 ignoro.
3561 5479 3780 5536 Idcirco
3810 5483 3896 5540 in

2211 5580 2310 5636 Dei
2335 5581 2446 5636 hoc
2475 5585 2533 5636 et
2572 5579 2720 5636 beati
2746 5579 3012 5652 martyris
3047 5577 3256 5634 Iuliani
3297 5580 3480 5633 statuo
3499 5573 3742 5646 judicio.
3779 5576 3899 5635 Tu

2211 5689 2344 5730 vero
2367 5673 2414 5730 si
2447 5673 2703 5746 idoneus,
2732 5678 2800 5730 ut
2841 5674 3066 5744 asseris,
3095 5671 3297 5728 accede
3325 5669 3580 5744 propius,
3609 5672 3666 5724 et
3693 5683 3900 5730 sume

2212 5767 2316 5824 tibi
2353 5768 2718 5826 Eucharistiae
2756 5767 3114 5842 particulam,
3137 5770 3308 5840 atque
3343 5765 3576 5836 impone
3619 5761 3705 5818 ori
3729 5767 3896 5825 tuo.

2213 5861 2332 5919 Erit
2371 5861 2524 5920 enim
2568 5863 2714 5918 Deus
2749 5865 3034 5936 respector
3071 5859 3430 5920 conscientias
3468 5861 3606 5917 tuas.
3644 5860 3718 5914 At
3759 5858 3904 5924 ille
