4044 6196
203 305 297 359 141

195 505 306 561 hoc
331 506 589 579 Gregorii
612 507 736 562 loco
764 511 1012 578 quatuor
1039 508 1379 580 colligimus.
1403 511 1609 580 Unum,
1627 511 1842 567 Eucha-

195 600 375 656 ristiae
417 601 652 657 nomine
697 601 792 657 hic
831 603 1007 658 solam
1051 603 1212 676 panis
1251 603 1498 676 speciem
1533 605 1836 678 designari.

193 695 484 766 Alterum,
516 711 586 751 ex
630 695 907 768 particula
949 697 1092 768 ejus,
1134 713 1249 752 non
1299 713 1368 753 ex
1411 697 1637 770 integra
1675 699 1842 772 panis

194 786 451 843 formula
475 789 941 846 communionem
967 791 1158 846 datam
1187 790 1380 847 fuisse.
1403 791 1676 861 Tertium,
1693 809 1842 848 com-

191 881 542 938 munionem
575 883 680 938 hac
723 883 783 939 in
823 884 1110 940 occasione
1157 885 1262 960 sub
1295 885 1413 941 sola
1454 885 1614 957 panis
1658 885 1843 958 specie

191 973 447 1044 factam;
487 975 770 1048 siquidem
814 978 1060 1034 Eulalius
1105 983 1336 1052 accepta
1377 979 1745 1050 Eucharistia,
1783 979 1843 1036 id

195 1073 287 1124 est
306 1069 680 1126 Eucharistiee
710 1071 1006 1143 particula,
1037 1073 1227 1128 statim
1258 1073 1540 1132 abscessit.
1568 1075 1842 1138 Quartum

192 1162 474 1236 denique,
503 1164 916 1220 Eucharistiam
957 1165 1144 1222 eidem
1192 1167 1252 1222 in
1293 1184 1498 1224 manus
1532 1167 1703 1224 fuisse
1726 1172 1842 1223 tra-

192 1255 402 1327 ditam,
431 1273 496 1311 ac
523 1258 764 1329 proinde
793 1257 1096 1331 antiquum
1131 1259 1291 1316 illum
1332 1261 1594 1317 Ecclesiae
1621 1278 1843 1317 morem

193 1365 264 1404 eo
295 1365 481 1422 usque
513 1367 926 1424 perseverasse.
947 1353 1206 1408 Mulieres
1243 1358 1436 1410 tamen
1459 1355 1634 1412 linteo
1659 1355 1842 1411 domi-

201 1443 386 1498 nicali
413 1444 742 1516 utebantur,
768 1451 835 1502 ut
856 1450 1058 1502 notum
1088 1452 1172 1502 est
1199 1463 1270 1502 ex
1293 1464 1508 1504 canone
1535 1449 1604 1505 42
1630 1448 1847 1504 concilii

197 1537 736 1594 Antissiodorensis.
770 1539 1006 1612 Sumpta
1031 1540 1394 1596 Eucharistiae
1428 1542 1724 1614 particula,
1753 1559 1844 1597 ca-

195 1629 288 1685 lix
315 1635 566 1686 sacratus
583 1633 1002 1705 porrigebatur.
1029 1654 1058 1683 α
1088 1635 1448 1690 Consuetudo
1472 1640 1664 1691 autem
1687 1635 1845 1691 Aria-

193 1739 416 1779 norum
451 1729 574 1780 erat
613 1731 679 1782 ut
704 1726 776 1781 ad
803 1726 1070 1784 altarium
1101 1728 1413 1796 venientes,
1445 1729 1515 1784 de
1543 1729 1654 1784 alio
1681 1729 1848 1786 calice

1190 307 1278 362 DE
1317 307 1627 365 LlTURGIA
1663 305 2037 364 GALLICANA
2076 307 2274 364 LIBER
2309 307 2575 364 PRIMUS.
2686 377 2693 385 ‘

195 417 428 485 accepta
477 407 832 468 Eucharistia
877 397 1305 470 communicaris
1343 415 1629 474 abscessit.
1682 438 1710 466 »
1757 419 1838 473 Ex
1859 451 1920 524 Α
1979 433 1988 441 '

3467 314 3566 370 142

2575 439 2792 495 CAPUT
2835 440 2923 497 VL
3025 411 3030 416 ’

1938 533 2116 588 Missa:
2143 534 2395 608 solemnes
2420 537 2470 608 e_t
2490 534 2742 608 pripaix,
2772 536 3052 608 matutinae
3072 540 3123 591 et
3143 539 3459 608 vespertina
3475 554 3570 595 seu

2011 605 2524 674 quadragesimales.
2552 604 2699 660 Unde
2722 607 2886 660 missa
2903 622 3006 676 pro
3025 609 3162 674 festo
3177 609 3204 662 ?
3229 604 3372 676 Quid
3396 609 3569 666 missa

2009 675 2310 730 revocata?
2335 677 2714 746 Dispositiones
2737 676 2812 730 ad
2839 679 3078 732 missam.

2017 791 2220 865 54111
2239 788 2476 846 concilio
2498 789 2746 860 Vasensi,
2765 791 2916 863 quod
2935 808 3083 848 anno
3103 795 3206 849 529
3221 793 3568 852 celebratum

1943 889 2046 957 est,
2067 889 2312 958 quatuor
2334 883 2635 939 missarum
2653 900 2862 956 genera
2877 885 3265 958 distinguntur
3284 905 3497 946 canone
3512 893 3565 962 3,

1943 995 2148 1052 nempe
2163 977 2480 1049 matutinae,
2496 977 3031 1050 quadragesimales,
3049 997 3154 1052 pro
3170 981 3566 1039 defunctorum

1943 1072 2498 1142 commemoratione,
2523 1075 2580 1127 et
2607 1071 2869 1144 publicae.
2899 1073 3142 1128 Publicae
3159 1080 3338 1147 erant,
3354 1092 3484 1148 quae
3510 1076 3570 1132 in

1943 1166 2226 1238 frequenti
2270 1165 2526 1223 ﬁdelium
2573 1170 2740 1236 coetu,
2777 1164 2974 1221 diebus
3015 1165 3190 1238 festis,
3236 1173 3293 1224 et
3338 1169 3570 1242 quidem

1945 1260 2088 1316 hora
2115 1259 2280 1316 tertia
2304 1259 2754 1316 celebrabantur.
2787 1260 2862 1315 De
2889 1259 2978 1314 his
3002 1260 3302 1316 concilium
3327 1263 3574 1318 Aurelia-

1945 1369 2120 1410 nense
2145 1370 2203 1408 ιιι
2226 1370 2438 1408 canone
2461 1354 2524 1409 14
2558 1370 2571 1408 :
2601 1357 2676 1409 De
2699 1355 2986 1410 missarum
3017 1354 3320 1410 celebritate
3348 1358 3407 1411 in
3423 1373 3569 1428 pre-

1945 1450 2118 1519 cipuis
2143 1447 2415 1503 duntamat
2450 1447 2876 1504 solemnitatibus
2911 1449 2972 1503 id
3010 1449 3282 1505 observari
3317 1449 3487 1516 debet,
3514 1457 3574 1506 ut

1947 1542 2082 1597 hora
2132 1545 2294 1597 tertia
2341 1543 2629 1598 missarum
2676 1541 2960 1597 celebratio
3001 1543 3060 1596 in
3101 1545 3199 1598 Dei
3236 1547 3446 1600 nomine
3486 1547 3574 1601 in-

1947 1635 2182 1698 choetur,
2211 1651 2314 1706 quo
2343 1636 2566 1703 facilius
2594 1637 2742 1691 intra
2768 1636 2930 1690 horas
2949 1640 3315 1706 competentes,
3347 1640 3462 1709 ipso
3487 1643 3574 1709 of-

1946 1729 2066 1798 ﬁcio
2091 1729 2358 1800 expedito,
2385 1729 2681 1784 sacerdotes
2702 1731 2910 1800 possint
2947 1729 3022 1784 ad
3047 1734 3350 1802 vespertina
3373 1734 3576 1803 ofﬁcia,

196 1833 372 1888 reges
402 1819 912 1892 communicarent,
945 1825 1002 1876 et
1030 1822 1101 1877 de
1138 1822 1249 1877 alio
1287 1823 1530 1896 populus
1575 1823 1782 1894 minor,
1813 1843 1842 1877 »
1866 1823 1922 1894 B
1944 1823 2005 1877 id
2042 1827 2119 1878 est
2148 1825 2206 1878 in
2239 1825 2536 1894 vespertino
2571 1828 2803 1893 tempore
2845 1825 3142 1880 convenire.
3171 1824 3272 1882 Ubi
3301 1826 3578 1896 particula

197 1915 346 1966 teste
371 1911 646 1984 Gregorio
673 1913 734 1968 in
762 1914 1020 1971 Historiae
1045 1932 1163 1971 suae
1195 1916 1294 1971 lib.
1313 1933 1375 1971 1n
1392 1933 1514 1988 cap.
1535 1919 1623 1972 31.
1651 1917 1847 1974 Nescio

200 2020 276 2059 an
309 2005 430 2060 huc
455 2009 673 2078 spectet
702 2007 857 2078 quod
883 2008 1187 2080 Gregorius
1213 2026 1363 2082 papa
1391 2011 1433 2064 ll
1467 2009 1528 2064 in
1555 2009 1790 2081 epistola
1815 2013 1846 2066 9

200 2099 276 2153 ad
305 2098 664 2155 Bonifacium
698 2101 1094 2174 Moguntinum
1123 2103 1437 2159 antistitem
1465 2103 1676 2171 scribit,
1711 2119 1846 2160 con-

203 2208 426 2264 gruum
451 2209 570 2248 non
593 2209 734 2264 esse,
761 2217 788 2244 «
807 2194 951 2251 duos
975 2196 1064 2252 vel
1085 2199 1202 2252 tres
1225 2197 1425 2253 calices
1445 2197 1507 2252 in
1526 2197 1726 2252 altario
1753 2214 1849 2270 po-

202 2302 370 2357 nere,
399 2303 535 2342 cnm
571 2287 873 2344 missarum
927 2287 1054 2362 53
1101 2290 1374 2346 solemnia
1411 2291 1786 2346 celebrantur.
1815 2310 1844 2344 1)

203 2381 387 2436 Porro
424 2380 658 2436 calicem
701 2383 1030 2454 praebebant
1054 2383 1276 2439 diaconi
1308 2402 1322 2440 :
1351 2389 1409 2440 at
1436 2401 1628 2456 corpus
1653 2387 1853 2444 Christi

198 2478 470 2546 mente
487 2476 800 2546 presbytero
827 2478 1043 2534 tradere
1089 2494 1204 2533 non
1250 2477 1332 2532 eis
1373 2477 1598 2549 licebat,
1629 2495 1697 2535 ex
1723 2495 1851 2534 con-

359 2568 703 2624 Arelatensis
730 2585 768 2624 n
793 2587 1006 2627 canone
1035 2575 1120 2627 15.

285 2665 378 2716 26.
401 2662 509 2726 Qui
527 2679 644 2717 non
669 2663 1184 2735 communicabant,
1207 2665 1460 2737 eulogias
1480 2665 1848 2738 accipiebant,

208 2753 324 2811 nisi
338 2757 758 2812 communionis
788 2758 1173 2814 ecclesiasticae.
1207 2763 1394 2814 essent
1417 2762 1687 2816 exsortes.
1713 2759 1850 2816 Gre-
1885 2793 1891 2798 -

211 2849 412 2920 gorius
436 2853 636 2906 auctor
659 2850 721 2906 in
749 2851 1001 2908 historias
1041 2853 1386 2908 Francorum
1415 2853 1514 2909 lib.
1543 2869 1576 2907 v
1601 2870 1724 2926 cap.
1765 2854 1850 2924 14,

211 2942 318 2998 ubi
357 2944 428 2999 de
469 2944 900 3002 Guntchramno
949 2947 1185 3016 Bosone,
1217 2947 1318 3019 qui
1363 2967 1390 3000 α
1434 2951 1564 3019 post
1599 2947 1796 3002 missas
1822 2963 1856 3002 a

211 3037 488 3110 Gregorio
513 3037 636 3110 ipso
661 3039 842 3110 petiit,
869 3044 936 3095 ut
978 3039 1229 3114 eulogias
1272 3040 1325 3096 ei
1367 3041 1501 3097 dare
1544 3040 1793 3097 deberet.
1824 3063 1852 3091 »

212 3131 378 3196 Quod
403 3148 536 3187 cum
562 3131 836 3188 refutaret
853 3133 1178 3206 Gregorius,
1201 3134 1321 3207 ipse
1337 3135 1583 3190 clamare
1611 3135 1778 3207 capit
1802 3138 1859 3192 et

212 3225 424 3295 dicere,
458 3249 488 3277 ‹‹
514 3227 667 3298 quod
707 3243 822 3282 non
866 3231 1018 3283 recte
1055 3244 1197 3284 eum
1217 3245 1250 3283 a
1295 3229 1694 3285 communione
1737 3229 1858 3286 sine

211 3319 466 3376 fratrum
498 3319 857 3376 conniventia
881 3321 1270 3394 suspenderet.
1289 3322 1387 3377 lllo
1412 3327 1606 3380 autem
1630 3323 1753 3379 haec
1779 3322 1861 3379 di-

214 3417 404 3482 cente,
423 3430 558 3469 cum
583 3429 858 3470 consensu
882 3415 1073 3470 fratris
1101 3414 1180 3487 (id
1205 3419 1308 3486 est,
1333 3417 1690 3488 Ragnemodi
1709 3416 1860 3472 Pari-

215 3507 440 3562 siorum
461 3507 752 3581 episcopi),
781 3507 881 3580 qui
907 3525 1158 3581 presens
1183 3514 1324 3580 erat,
1348 3514 1656 3566 contestata
1693 3526 1861 3566 causa

216 3601 510 3671 canonica,
540 3601 794 3674 eulogias
829 3618 864 3656 a
886 3601 1048 3658 nobis
1077 3603 1177 3674 (ait
1202 3604 1523 3677 Gregorius)
1550 3604 1784 3676 accepit.
1827 3622 1856 3656 »

291 3698 386 3750 27.
411 3694 556 3760 Quid
598 3700 855 3768 tempore
892 3697 1310 3753 communionis
1345 3697 1497 3769 apud
1543 3697 1724 3752 Gallos
1765 3713 1858 3752 ca-

217 3793 480 3856 neretur,
507 3788 834 3846 videndum.
855 3789 1059 3846 Psalmi
1083 3791 1458 3847 cantabantur
1479 3791 1538 3846 in
1565 3789 1856 3864 Carthagi-

217 3882 392 3939 nensi
430 3899 528 3937 seu
567 3883 827 3939 Africana
865 3885 1116 3956 ecclesia,
1147 3889 1290 3942 teste
1329 3885 1668 3966 Augrustino,
1694 3885 1860 3956 cujus

219 3981 486 4048 tempore
509 3975 566 4031 id
596 3977 719 4032 ﬁeri
747 3983 1014 4050 cceptum.
1043 3999 1073 4032 »
1105 3981 1258 4035 Inter
1284 3979 1405 4034 haec
1447 3979 1530 4050 (ut
1551 3979 1671 4051 ipse
1697 3979 1860 4055 ait_in

214 4069 326 4126 lib.
359 4085 400 4124 11
427 4070 912 4128 Retractationum
949 4090 1072 4145 cap.
1110 4074 1194 4146 11)
1241 4073 1458 4128 Hilarus
1494 4071 1746 4144 quidam,
1775 4072 1862 4128 vir

214 4161 573 4234 tribunitius,
599 4164 776 4220 laicus
805 4167 1132 4237 catholicus,
1169 4166 1360 4222 nescio
1397 4166 1552 4222 unde
1592 4167 1858 4222 adversus

213 4257 325 4313 Dei
363 4257 670 4329 ministros,
699 4263 763 4314 ut
795 4259 920 4316 ﬁeri
954 4261 1178 4331 assolet,
1204 4259 1478 4329 irritatus,
1511 4277 1731 4317 morem
1760 4261 1860 4334 qui

209 4356 368 4408 tunc
409 4367 528 4407 esse
565 4352 720 4425 apud
748 4354 1153 4426 Carthaginem
1179 4357 1446 4426 coeperat,
1474 4358 1539 4411 ut
1563 4354 1763 4426 hymni
1787 4356 1857 4412 ad

209 4446 406 4502 altare
422 4445 746 4502 dicerentur
759 4447 828 4503 de
853 4447 1208 4504 Psalmomm
1227 4447 1392 4519 libro,
1414 4448 1528 4504 sive
1555 4453 1685 4504 ante
1711 4449 1860 4504 obla-

1946 1915 2222 1971 duntamat
2231 1932 2346 1972 non
2357 1920 2441 1972 est
2451 1915 2754 1983 exclusiva,
2767 1915 2860 1971 sed
2878 1915 3228 1988 explicativa,
3242 1933 3346 1990 pro
3356 1921 3577 1985 scilicet,

1948 2025 2060 2080 quo
2075 2009 2194 2064 fere
2214 2025 2380 2065 sensu
2399 2009 2551 2082 apud
2571 2014 2828 2064 auctores
2852 2008 3057 2066 mediae
3083 2009 3265 2066 astatis
3284 2011 3578 2084 accipitur.

1947 2101 2232 2158 Matutinae
2259 2103 2446 2158 missa:
2471 2108 2635 2159 erant
2649 2118 2779 2175 quae
2795 2106 2925 2158 ante
2945 2103 3142 2158 horam
3161 2103 3416 2176 tertiam;
3446 2122 3582 2179 qua-

1948 2195 2367 2268 dragesimales,
2388 2213 2517 2268 quae
2533 2197 2637 2252 sub
2653 2211 2967 2269 vesperam,
2984 2197 3139 2253 unde
3159 2197 3420 2254 serotinaa
3447 2199 3582 2255 alias

1949 2289 2135 2360 dictae,
2171 2290 2624 2346 celebrabantur.
2663 2291 2816 2346 Idem
2857 2289 3160 2346 concilium
3203 2309 3418 2348 canone
3449 2296 3518 2350 29
3565 2313 3581 2348 :
3682 2293 3691 2299 '

1951 2384 2231 2455 Sacriﬁcia
2254 2400 2379 2440 vero
2404 2387 2677 2440 matutina
2696 2387 3010 2450 missa-rum,
3031 2387 3144 2442 sive
3163 2388 3494 2458 vespertina,
3518 2403 3586 2443 ne

1950 2481 2074 2550 quis
2085 2493 2204 2533 cum
2217 2481 2386 2534 armis
2396 2479 2800 2548 pertinentibus
2817 2479 2895 2535 ad
2916 2479 3176 2536 bellorum
3194 2495 3352 2536 usum
3367 2485 3592 2552 spectet.-

1951 2571 2080 2627 Haec
2129 2570 2396 2626 sacriﬁcia
2443 2571 2763 2644 vespertina
2813 2571 2871 2627 in
2919 2572 3154 2628 concilio
3195 2573 3589 2629 Matisconensi

1950 2663 2162 2736 primo,"
2205 2680 2418 2720 canone
2465 2667 2518 2733 9,
2563 2663 2832 2720 dicuntur
2872 2666 3069 2722 ordine
3111 2665 3590 2738 quadragesimali

1953 2756 2256 2828 celebrari,
2304 2757 2437 2829 quia
2481 2756 2757 2812 nimirum
2811 2757 2871 2812 in
2927 2757 3387 2830 Quadragesimaa
3437 2757 3591 2814 feriis

1953 2849 2141 2904 missae
2165 2849 2237 2904 ad
2259 2864 2556 2922 vesperam
2577 2849 3008 2906 differebantur.
3029 2851 3238 2906 Horam
3262 2867 3474 2907 nonam
3502 2851 3592 2908 vel

1955 2943 2232 2999 decimam
2250 2942 2340 2998 his
2363 2941 2548 2997 missis
2573 2942 2822 3015 assignat
2836 2942 3141 2999 concilium
3165 2945 3505 3000 Bracarense
3527 2960 3589 3012 n,

1955 3052 2168 3092 canone
2192 3039 2246 3092 9.
2267 3035 2443 3092 Missa:
2465 3035 2764 3092 matutinae
2793 3040 2851 3092 et
2868 3035 3206 3108 vespertinae
3227 3053 3328 3092 seu
3347 3037 3590 3110 quadra-

1959 3129 2252 3202 gesimales
2271 3145 2306 3184 a
2325 3129 2564 3202 publicis
2593 3127 2718 3202 55
2745 3128 3262 3201 distinguebantur,
3285 3131 3592 3188 censeban-

1957 3227 2166 3296 turque
2185 3222 2418 3296 privatae
2452 3239 2521 3278 ex
2542 3222 2821 3295 superiori
2849 3239 3064 3279 canone
3091 3223 3291 3296 synodi
3315 3223 3592 3292 Vasensis,

1955 3321 2258 3390 prapterea
2284 3316 2438 3389 quod
2470 3316 2662 3373 fideles
2691 3315 2780 3371 his
2805 3317 3076 3373 interesse
3103 3317 3260 3372 nulla
3281 3317 3371 3372 lex
3398 3318 3596 3389 przeci-

1955 3410 2168 3484 piebat.
2213 3413 2300 3466 An
2351 3413 2546 3466 autem
2599 3409 2838 3483 singulis
2882 3408 3343 3482 Quadragesimaa
3395 3410 3594 3467 diebus

1956 3521 2116 3560 sacra
2148 3503 2471 3577 vespertina
2502 3502 2725 3575 ﬁerent,
2751 3502 2813 3559 in
2849 3502 2994 3558 libro
3023 3518 3084 3574 n,
3111 3501 3212 3558 ubi
3239 3503 3308 3560 de
3336 3503 3592 3568 Quadra-

1958 3597 2192 3670 gesima,
2221 3597 2630 3669 expendemus.

2027 3694 2082 3747 2.
2110 3689 2374 3760 Licinius,
2390 3690 2598 3746 saeculo
2621 3705 2674 3745 vr
2689 3689 3120 3746 Andecavorum
3135 3687 3390 3758 antistes,
3411 3707 3440 3742 α
3457 3705 3596 3762 quo-

1955 3783 2092 3840 tidie
2117 3785 2346 3842 missam
2373 3802 2504 3842 cum
2543 3783 2766 3858 ingenti
2791 3783 2976 3840 cordis
3003 3783 3439 3856 compunctione
3462 3801 3592 3841 can-

1956 3885 2124 3954 tasse,
2148 3900 2178 3936 »
2201 3879 2259 3934 id
2284 3883 2370 3936 est
2393 3877 2696 3952 protulisse
2730 3881 3102 3946 memoratur,
3133 3877 3288 3950 quod
3312 3877 3383 3934 de
3405 3877 3592 3934 Cassio

1956 3973 2256 4032 Narniensi
2285 3974 2546 4046 episcopo
2571 3971 2880 4045 Gregorius
2903 3973 3141 4044 Magnus
3167 3971 3446 4028 observat.
3477 3972 3596 4028 Cae-

1955 4073 2145 4126 terum
2171 4085 2286 4125 non
2310 4067 2390 4124 ita
2414 4065 2735 4140 frequentia
2761 4070 2899 4122 tunc
2927 4069 3090 4121 erant
3114 4064 3383 4122 sacriﬁcia
3402 4063 3590 4120 missae

1955 4163 2320 4236 quotidianae.
2351 4161 2504 4218 Adeo
2545 4163 2614 4215 ut
2653 4159 2968 4216 sacerdotes
3009 4157 3180 4215 etiam
3205 4174 3240 4213 a
3262 4157 3592 4230 presbytero

1954 4247 2185 4314 missam
2213 4255 2536 4313 celebrante
2563 4252 2867 4326 aliquando
2893 4251 3354 4308 communionem
3376 4249 3592 4322 accipe-

1955 4356 2103 4423 rent,
2129 4355 2196 4407 ut
2217 4349 2398 4406 fusius
2427 4346 2809 4404 demonstravi
2853 4346 2913 4401 in
2946 4343 3280 4418 praefatione
3308 4342 3381 4398 ad
3405 4358 3584 4398 saecu-

1954 4445 2078 4502 lum
2129 4461 2172 4500 n
2213 4440 2662 4510 Benedictinum,
2691 4455 2853 4494 num.
2885 4439 2972 4493 36.
3004 4438 3066 4492 In
3115 4435 3463 4509 praefationis
3498 4452 3588 4492 se-

206 4540 461 4607 tionem,
495 4539 610 4596 sive
634 4557 766 4596 cum
789 4541 1228 4598 distribueretur
1247 4543 1458 4616 populo
1485 4543 1638 4616 quod
1660 4542 1860 4598 fuisset
1875 4567 1935 4641 D
1957 4537 2182 4613 quentis
2205 4553 2368 4593 num.
2391 4537 2743 4641 (ostensum
2763 4535 2848 4588 est
2871 4529 2986 4641 illis
2996 4528 3352 4641 temporibus
3365 4529 3589 4641 licuisse

208 4634 505 4703 oblatum,
541 4634 812 4691 maledica
847 4636 1309 4708 reprehensione,
1336 4637 1664 4710 ubicunque
1692 4642 1856 4710 pote-

207 4733 339 4793 rat,
370 4727 669 4798 lacerabat,
699 4745 954 4785 asserens
981 4729 1107 4786 ﬁeri
1143 4747 1258 4786 non
1284 4735 1566 4803 oportere.
1594 4751 1624 4786 ››
1654 4732 1860 4790 Contra

209 4821 386 4878 hunc
423 4821 773 4894 Augustinus
814 4822 1028 4879 librum
1065 4823 1306 4896 scripsit,
1346 4824 1445 4896 qui
1481 4825 1554 4880 ad
1598 4843 1702 4882 nos
1743 4843 1859 4882 non

211 4913 506 4988 pervenit.
538 4915 734 4972 Simile
773 4915 912 4989 quid
953 4916 1122 4973 ﬁebat
1163 4917 1224 4972 in
1261 4918 1454 4990 Gallia,
1485 4935 1621 4975 nam
1653 4939 1680 4973 ι(
1706 4921 1856 4994 psal-

211 5007 400 5065 lendo
445 5024 642 5065 omnes
683 5011 1102 5067 communicare
1141 5033 1169 5062 »
1215 5013 1474 5086 praecipit
1524 5013 1860 5070 Aurelianus

209 5104 280 5160 in
309 5102 427 5158 ﬁne
455 5103 668 5176 regula:
694 5119 831 5161 sum.

291 5199 389 5253 28.
422 5197 550 5254 Haec
580 5197 699 5254 fere
734 5202 867 5254 sunt
909 5215 1038 5272 quae
1074 5201 1145 5256 de
1179 5201 1354 5257 missa
1392 5201 1672 5258 Gallicana
1707 5203 1859 5275 apud

214 5291 565 5363 Gregorium
610 5291 861 5366 aliosque
897 5294 1154 5366 ejusdem
1193 5295 1299 5351 sevi
1331 5300 1586 5352 auctores
1611 5296 1860 5368 reperire

215 5385 539 5458 potuimus,
567 5391 778 5457 praeter
805 5387 918 5443 alia
951 5388 1237 5461 quaedam,
1265 5389 1334 5446 de
1357 5389 1564 5462 quibus
1593 5395 1861 5463 opportu-

216 5479 352 5537 nior
369 5480 493 5536 erit
521 5479 756 5536 inferius
783 5481 1010 5538 dicendi
1038 5482 1214 5540 locus.
1263 5485 1326 5539 In
1371 5484 1460 5540 his
1497 5484 1761 5540 omnibus
1803 5483 1861 5540 id

215 5574 474 5630 maxime
497 5579 774 5631 curarunt
800 5575 1068 5634 Gallicani
1093 5578 1304 5650 Patres,
1331 5578 1630 5635 uniformis
1647 5583 1712 5635 ut
1730 5578 1858 5634 ubi-

219 5684 334 5742 que
357 5667 509 5726 ritus
537 5671 882 5740 servaretur,
898 5670 1051 5744 quod
1071 5670 1222 5728 varia
1245 5672 1612 5729 conciliorum
1639 5673 1864 5730 decreta

222 5761 452 5834 docent,
481 5761 548 5820 in
589 5762 682 5820 his
719 5764 942 5823 concilii
963 5765 1213 5825 Venetici
1260 5783 1442 5825 canon
1487 5770 1573 5840 t5,
1611 5771 1668 5825 et
1707 5769 1860 5844 Aga-

223 5856 446 5918 thensis
476 5874 662 5916 canon
685 5861 777 5918 30.

1956 4635 2147 4708 plures
2171 4632 2231 4688 in
2259 4647 2373 4686 uno
2401 4626 2565 4684 altari
2587 4625 2790 4682 missas
2809 4641 2926 4681 uno
2955 4624 3045 4681 die
3070 4625 3377 4696 celebrare,
3392 4629 3590 4682 contra

1957 4745 2131 4802 quam
2154 4724 2318 4782 multi
2339 4723 2664 4796 opinantur.
2681 4721 2819 4786 Quae
2845 4718 2999 4776 enim
3018 4719 3123 4775 hac
3137 4718 3206 4774 de
3231 4735 3293 4776 re
3319 4719 3591 4792 leguntur

1957 4819 2274 4891 interdicta,
2303 4819 2374 4876 de
2409 4834 2526 4873 uno
2570 4815 2884 4888 eodemque
2919 4813 3227 4886 sacerdote,
3259 4830 3376 4869 non
3405 4813 3475 4870 de
3503 4813 3591 4869 di-

1958 4914 2131 4972 versis
2153 4912 2485 4986 explicanda
2517 4915 2670 4967 sunt.
2702 4910 2760 4966 ld
2785 4907 3104 4981 colligimus
3132 4923 3203 4964 ex
3229 4906 3450 4963 concilii
3479 4908 3589 4962 An-

1955 5006 2370 5067 tisslodorensis
2409 5021 2623 5062 canone
2655 5005 2722 5060 10
2755 5020 2770 5058 :
2805 5006 2926 5062 Non
2961 5003 3082 5058 licet
3104 5017 3266 5074 super
3287 5017 3394 5057 uno
3419 5001 3590 5058 altari

1957 5110 2016 5162 in
2040 5121 2152 5160 una
2179 5104 2266 5160 die
2290 5103 2428 5158 duas
2455 5102 2646 5156 missas
2665 5099 2868 5165 dicere;
2895 5111 2988 5151 nec
3023 5097 3082 5151 in
3106 5096 3327 5160 altario,
3356 5097 3452 5152 ubi
3478 5097 3589 5168 epi-

1956 5213 2144 5272 scopus
2179 5199 2368 5254 missas
2401 5195 2624 5257 dixerit,
2651 5195 2714 5248 ut
2741 5191 3021 5263 presbyter
3057 5192 3118 5244 in
3155 5189 3258 5246 illa
3283 5190 3372 5247 die
3399 5193 3591 5248 missas

1957 5295 2126 5350 dicat.
2157 5291 2370 5358 Quibus
2409 5286 2596 5343 verbis
2628 5284 3004 5358 praerogativa
3031 5283 3295 5356 quadam
3327 5283 3590 5358 episcopo

1958 5403 2078 5462 prae
2120 5383 2340 5442 caeteris
2371 5379 2732 5455 praesbyteris
2761 5377 3052 5448 tribuitur,
3077 5383 3145 5434 ut
3168 5377 3377 5436 scilicet
3401 5378 3460 5435 in
3492 5379 3590 5434 illo

1959 5479 2139 5548 altari,
2171 5479 2231 5534 in
2259 5493 2372 5550 quo
2421 5474 2652 5530 missam
2691 5471 3026 5529 celebrasset
3065 5471 3377 5544 episcopus,
3424 5489 3589 5545 pres-

1958 5573 2156 5648 bytero
2181 5587 2297 5627 non
2322 5569 2520 5625 liceret
2555 5567 2676 5641 ipsa
2707 5565 2798 5622 die
2825 5563 3164 5621 sacriﬁcium
3195 5565 3418 5622 oﬂ‘erre.
3441 5567 3590 5636 Ergo

1960 5668 2018 5725 id
2049 5662 2392 5740 presbyteris
2424 5661 2629 5718 licebat
2657 5658 2779 5716 aliis
2819 5663 2948 5734 post
2975 5657 3135 5728 alios,
3165 5656 3416 5730 alioquin
3438 5655 3594 5714 addi-

1959 5761 2039 5821 tio
2077 5761 2148 5818 de
2181 5756 2456 5833 episcopis
2481 5756 2802 5812 frustranea
2837 5757 3003 5810 esset.
3041 5755 3113 5810 At
3151 5751 3254 5807 uni
3295 5748 3597 5824 eidemque

1961 5856 2312 5934 presbytero,
2341 5853 2459 5912 imo
2479 5867 2584 5910 nec
2609 5851 2870 5924 episcopo
2900 5849 2986 5906 fas
3015 5850 3135 5903 erat
3166 5843 3228 5902 in
3255 5857 3370 5901 uno
3394 5843 3602 5908 eodem
