4044 6196
494 340 592 398 143

1276 332 1731 397 ΑΡΡΕΝΒΙΥΑΙ)
1766 284 1998 394 ΟΡΕΙίΑι
2025 339 2256 397 SANCTI
2291 335 2590 397 GERMANI
2629 329 3053 395 PARISIENSIS.

2609 151 2649 176 \

3742 341 3843 398 144

487 447 648 504 altari
678 449 867 520 plures
894 432 1090 506 missas
1115 449 1317 506 dicere.
1344 447 1501 504 Unde
1527 462 1658 501 cum
1683 447 1984 518 Gregorius
2000 450 2110 504 Tu-
2135 461 2194 534 Α
2215 449 2344 505 inde
2371 450 2582 505 factum
2603 453 2760 521 puto,
2782 448 2932 520 quod
2964 447 3130 502 missa
3150 446 3294 502 dicta
3316 445 3440 502 sita
3458 447 3724 504 missione
3743 467 3842 506 seu

485 541 740 598 ronensis
771 542 1003 598 antistes
1045 540 1448 598 maledicentiae
1496 540 1556 594 in
1583 541 2013 612 Fredegundem
2042 543 2113 596 ab

488 634 708 690 aemulis
754 634 948 690 fuisset
993 639 1307 702 accusatus,
1342 634 1492 705 apud
1533 634 1885 688 Brennacum
1923 635 2112 690 villam

485 729 619 800 pagi
659 727 1090 797 Suessiouensis,
1124 748 1151 780 «
1177 727 1378 783 restitit
1402 727 1472 781 ad
1503 727 1608 781 hoc
1643 743 1830 798 causa,
1859 733 1924 783 ut
1951 728 2112 784 dictis

485 821 668 876 missis
711 821 768 874 iu
816 819 994 875 tribus
1043 821 1312 876 altaribus
1347 839 1406 876 se
1437 821 1506 876 de
1544 821 1634 876 his
1670 822 1854 876 verbis
1881 826 2114 877 exueret

485 917 856 968 sacramento.
885 915 952 969 Et
976 914 1106 970 licet
1120 915 1432 971 canonibus
1453 921 1638 971 essent
1655 915 1954 986 contraria,
1983 913 2108 988 56

483 1023 586 1078 pro
603 1022 768 1061 causa
787 1011 978 1062 tamen
995 1008 1146 1080 regis
1162 1007 1394 1080 impleta
1421 1015 1571 1080 sunt,
1601 1031 1628 1059 ››
1653 1010 1736 1065 uti
1770 1009 1886 1082 ipse
1912 1012 2112 1064 narrat

481 1099 539 1154 in
565 1099 661 1154 lib.
681 1117 714 1152 v
733 1117 855 1172 cap.
885 1101 972 1156 49.

553 1195 608 1248 3.
630 1194 820 1266 Itaque
846 1193 1038 1264 missa,
1057 1197 1125 1248 ut
1142 1194 1326 1250 dicere
1350 1212 1650 1268 coeperam,
1679 1200 1959 1268 praecepta
1989 1199 2109 1252 erat

484 1290 703 1341 tantum
748 1286 944 1342 diebus
991 1287 1166 1357 festis,
1194 1289 1346 1344 unde
1395 1291 1582 1344 missae
1625 1291 1962 1346 vocabulum
2003 1308 2108 1362 pro

479 1380 620 1434 festo
661 1381 812 1451 apud
850 1384 1064 1436 veteres
1098 1379 1348 1436 inolevit.
1377 1384 1648 1455 Exempla
1683 1383 1892 1455 passim
1919 1401 2111 1438 occur-

481 1477 616 1528 runt
644 1471 702 1527 in
723 1472 1134 1544 Capitularibus
1150 1491 1354 1546 regum
1373 1479 1717 1532 nostrorum.
1740 1477 2002 1532 Dubitare
2029 1481 2108 1532 ta-

479 1580 612 1620 men
640 1565 788 1636 licet,
821 1582 962 1620 num
991 1566 1162 1621 etiam
1189 1567 1248 1622 in
1273 1567 1471 1624 diebus
1497 1569 1868 1641 jejuniorum,
1901 1569 2107 1642 quibus

480 1657 679 1713 diebus
697 1657 935 1714 orationi
955 1643 1312 1730 potissimum
1327 1662 1640 1717 vacandum
1661 1667 1802 1731 erat,
1824 1663 2108 1718 sacriﬁciis

479 1751 812 1823 vespertinis
841 1750 1109 1808 interesse
1135 1753 1406 1810 deberent
1423 1754 1636 1834 ﬁdeles,
1655 1755 1913 1812 videlicet
1937 1757 1993 1810 in
2022 1757 2106 1811 fe-

2214 542 2535 598 dimissione
2565 541 2778 614 populi.
2828 563 2855 590 «
2902 543 2943 595 A
2989 540 3150 611 cujus
3186 539 3528 612 proprietate
3570 544 3844 598 sermonis

2211 635 2414 708 (inquit
2453 635 2644 690 Avitus
2679 633 3012 688 Viennensis
3049 633 3280 688 antistes
3325 632 3384 687 in
3420 633 3656 705 epistola
3693 639 3741 707 1)
3784 637 3844 690 in

2210 727 2476 798 ecclesiis,
2503 717 2858 799 palatiisque,
2889 727 3003 781 sive
3029 726 3328 798 prtetoriis,
3359 727 3531 782 missa
3558 727 3682 783 ﬁeri
3716 747 3844 801 pro-

2209 821 2528 891 nuntiatur,
2540 837 2669 876 cum
2694 820 2936 892 populus
2955 820 3025 874 ab
3043 818 3430 876 observatione
3456 821 3779 877 dimittitur.
3813 847 3839 872 υ

2209 917 2289 970 Ex
2317 933 2429 988 quo
2453 915 2536 987 ﬁt,
2565 919 2629 970 ut
2652 913 2923 968 allusione
2943 930 3047 986 per
3073 913 3424 984 antiphrasin
3450 915 3522 969 ad
3543 915 3730 970 missae
3748 933 3842 970 vo-

2210 1025 2333 1064 cem
2353 1009 2522 1079 facta,
2543 1007 2711 1062 missa
2730 1012 2984 1062 revocata
3002 1007 3239 1077 dicatur,
3255 1023 3385 1062 cum
3411 1009 3656 1080 populus
3674 1015 3842 1066 antea

2209 1102 2492 1171 dimissus,
2516 1101 2702 1156 denuo
2728 1101 2798 1155 ad
2825 1099 3162 1154 sacriﬁcium
3191 1105 3499 1156 revocatur.
3521 1103 3690 1156 Favet
3705 1103 3844 1157 huic

2208 1195 2656 1267 interpretationi
2712 1193 3014 1266 Gregorius
3062 1193 3403 1248 Turonensis
3453 1193 3512 1248 in
3561 1195 3660 1249 lib.
3706 1212 3724 1249 ι
3771 1196 3842 1251 de

2207 1288 2392 1343 Gloria
2417 1293 2752 1359 martyrum,
2783 1303 2906 1358 cap.
2940 1287 3136 1357 5l,ubi
3161 1287 3360 1342 eodem
3385 1287 3648 1358 loquendi
3671 1289 3842 1344 modo

2205 1381 2388 1452 utitur
2418 1399 2431 1436 :
2468 1404 2494 1431 ‹‹
2523 1382 2690 1451 Vade,
2715 1383 2771 1435 et
2794 1379 2966 1452 vigila
2990 1384 3166 1434 totam
3189 1385 3416 1436 noctem
3439 1380 3494 1434 in
3519 1381 3755 1450 honore,
3776 1399 3844 1436 ac

2206 1491 2406 1530 revoca
2431 1474 2647 1542 missas,
2675 1479 2731 1528 et
2755 1473 3085 1528 liberaberis
3125 1491 3158 1527 a
3186 1473 3372 1545 plaga.
3406 1494 3434 1522 »
3463 1475 3524 1529 Id
3551 1479 3654 1546 est,
3688 1475 3841 1530 cele-

2205 1569 2309 1623 bra
2336 1568 2552 1635 missas,
2569 1567 2668 1622 etsi
2695 1567 2770 1621 ibi
2800 1567 2868 1622 de
2890 1571 3072 1621 matre
3092 1583 3191 1620 sua
3207 1566 3508 1638 Gregorius
3531 1568 3668 1640 agit.
3695 1569 3843 1623 Nam

2205 1660 2480 1716 familiare
2505 1665 2588 1715 est
2614 1659 2903 1732 Gregorio,
2929 1663 2996 1714 ut
3021 1658 3208 1714 missae
3250 1659 3418 1715 etiam
3447 1677 3478 1714 a
3505 1660 3658 1716 laicis
3689 1663 3838 1716 cele-

2205 1753 2357 1810 brari
2381 1754 2662 1809 dicantur.
2687 1755 2748 1808 In
2775 1753 3030 1824 ejusdem
3071 1752 3202 1806 libri
3239 1769 3363 1825 cap.
3401 1758 3488 1824 75,
3511 1753 3608 1808 ubi
3645 1755 3713 1810 de
3749 1755 3837 1811 Si-

479 1843 578 1899 riis
613 1843 1090 1916 Quadragesimze,
1118 1845 1178 1900 in
1223 1846 1411 1902 triduo
1453 1848 1852 1921 Rogationum,
1873 1849 2106 1921 jejuniis
2125 1843 2182 1914 B
2209 1847 2510 1920 gismundo
2532 1845 2658 1920 58
2684 1861 2840 1917 rege,
2859 1861 3030 1917 quem
3057 1844 3136 1900 ait
3163 1845 3222 1899 in
3252 1847 3597 1902 consortium
3621 1853 3842 1902 sancto-

478 1937 729 2002 Quatu'or
751 1939 1114 2009 Temporum,
1143 1943 1200 1994 et
1225 1939 1462 2012 singulis
1485 1941 1764 2013 secundis,
1788 1943 2028 2015 quartis,
2053 1947 2110 1999 et

481 2030 650 2085 sextis
673 2029 827 2086 feriis
852 2047 884 2084 a
911 2031 1054 2088 festo
1079 2032 1256 2087 sancti
1280 2033 1499 2088 Martini
1535 2035 1605 2090 ad
1634 2036 1822 2091 Natale
1859 2037 2102 2106 Domini,

479 2121 548 2178 de
575 2123 780 2196 quibus
817 2140 999 2180 canon
1026 2127 1058 2179 9
1088 2124 1309 2180 concilii
1334 2126 1506 2197 primi
1545 2127 1956 2184 Matisconensis
1989 2147 2001 2184 :
2043 2131 2107 2186 Ut

477 2233 510 2271 a
537 2218 683 2284 feria
717 2219 893 2272 sancti
918 2221 1147 2274 Martini
1185 2234 1352 2289 usque
1391 2221 1466 2275 ad
1513 2223 1708 2280 Natale
1755 2225 1986 2286 Domini,
2021 2239 2104 2279 se-

479 2310 678 2374 cunda,
703 2315 923 2381 quarta,
954 2317 1005 2367 et
1031 2319 1184 2367 sexta
1209 2313 1436 2370 Sabbati
1447 2313 1740 2384 jejunetu-r,
1769 2321 1819 2370 et
1841 2319 2106 2386 sacrificia

477 2405 941 2474 quadragesimali
959 2405 1185 2462 debeant
1207 2407 1394 2462 ordine
1419 2408 1697 2464 celebrari.
1715 2409 1773 2464 In
1787 2411 2108 2482 Rogationi-

476 2495 584 2552 bus
609 2496 838 2568 quidem
863 2499 1138 2570 populum
1165 2501 1351 2554 missae
1388 2499 1705 2558 interfuisse
1740 2503 2105 2560 manifestum

478 2594 562 2645 est
605 2606 673 2645 ex
715 2591 1020 2647 Fortunato
1057 2592 1115 2648 in
1154 2593 1340 2648 libello
1379 2595 1446 2650 de
1471 2595 1591 2652 Vita
1618 2596 1792 2652 sancti
1819 2597 2102 2670 Germani,

477 2683 816 2738 Parisiorum
859 2685 1125 2758 episcopi,
1154 2703 1277 2758 cap.
1303 2691 1391 2755 33,
1417 2688 1516 2743 ubi
1551 2693 1808 2744 matrona
1843 2693 2105 2762 qumdam

477 2777 732 2832 caecitate
759 2777 1000 2834 liberata
1017 2784 1270 2850 tempore
1297 2781 1644 2852 litaniarum,
1663 2784 1999 2842 clarescente
2015 2785 2104 2842 die

475 2870 546 2924 ad
573 2871 802 2925 missam
831 2887 960 2926 cum
989 2873 1198 2944 populo
1227 2895 1254 2921 ››
1283 2892 1582 2948 progressa
1604 2877 1956 2948 perhibetur.
1987 2880 2105 2935 Odo

475 2963 646 3016 abbas
672 2963 1052 3018 Cluniacensis
1081 2965 1366 3038 singulare
1390 2969 1604 3022 factum
1634 2971 1926 3042 cujusdam
1954 2968 2106 3045 pres-

475 3053 659 3125 byteri
701 3056 1040 3112 Turonensis
1076 3059 1270 3130 refert,
1310 3060 1427 3131 qui,
1469 3062 1644 3117 sancti
1685 3065 1924 3120 Andreae
1963 3067 2104 3122 festo

477 3163 607 3202 cum
649 3147 936 3202 Dominica
975 3149 1162 3221 prima
1198 3151 1485 3208 Adventus
1520 3164 1908 3227 concurrente,
1942 3179 1969 3212 «
1996 3178 2100 3232 pa-

479 3239 742 3312 gensibus
768 3241 882 3296 suis
901 3247 1167 3315 utrasque
1189 3244 1384 3300 missas
1407 3248 1602 3303 audire
1625 3251 1915 3323 praecepit.
1947 3276 1974 3303 »
2008 3255 2106 3310 Lo-

478 3350 609 3388 cum
649 3335 814 3390 adeat
853 3336 951 3408 qui
989 3337 1136 3392 volet
1175 3337 1234 3393 in
1281 3340 1656 3397 Collationum
1681 3343 1782 3400 lib.
1814 3362 1830 3399 ι
1861 3362 1981 3418 cap.
2011 3353 2100 3404 22.

475 3426 664 3483 Redeo
685 3428 754 3484 ad
781 3428 982 3485 missas
1003 3430 1458 3504 Quadragesimze
1479 3439 1536 3490 et
1552 3436 1954 3510 Rogationum,
1984 3442 2105 3513 qui-

475 3519 582 3575 bus
609 3527 761 3577 recte
800 3523 978 3595 aptari
1021 3529 1204 3596 potest
1234 3527 1386 3598 quod
1413 3527 1482 3584 de
1511 3529 1842 3588 stationibus
1865 3533 1944 3590 ait
1967 3535 2100 3590 Ter-

474 3614 747 3670 tullianus
777 3617 880 3671 sub
917 3617 1091 3672 ﬁnem
1119 3618 1247 3674 libri
1279 3621 1346 3676 de
1373 3622 1634 3680 Oratione
1665 3641 1678 3680 :
1717 3645 1745 3677 «
1775 3625 1968 3684 Nonne
2010 3647 2100 3684 so-

475 3706 720 3763 lemnior
749 3695 866 3764 lerit
906 3711 1072 3766 statio
1114 3717 1232 3782 tua,
1260 3713 1306 3768 si
1348 3716 1420 3771 ad
1457 3733 1613 3773 aram
1655 3719 1751 3775 Dei
1788 3723 2098 3778 steteris?»

475 3801 636 3856 Certe
666 3802 870 3858 saeculo
909 3820 962 3858 ix
999 3806 1152 3876 apud
1177 3812 1453 3877 nostrates
1480 3829 1514 3866 a
1536 3811 1719 3868 missis
1747 3816 2103 3890 quadragesi-

475 3893 722 3950 malibus
748 3895 940 3952 abesse
969 3898 1166 3972 religio
1191 3906 1330 3973 erat,
1353 3919 1421 3959 ex
1448 3903 1606 3961 libris
1647 3923 1688 3962 ιι
1731 3907 1800 3964 de
1824 3907 2101 3967 Miraculis

475 3987 651 4044 sancti
676 3987 918 4062 Dionysii
945 4009 1068 4065 cap.
1097 3997 1187 4050 35.

545 4081 597 4137 4.
631 4083 690 4137 In
719 4085 992 4155 praedicto
1018 4086 1208 4143 libello
1241 4089 1596 4164 Fortunatus,
1629 4111 1748 4166 cap.
1776 4099 1863 4167 60,
1895 4115 2098 4154 secun-

473 4174 609 4232 dum
627 4174 749 4250 5'7
773 4182 994 4236 textum
1012 4199 1046 4236 a
1061 4182 1220 4237 nobis
1240 4184 1586 4259 restitutum,
1603 4189 1951 4246 mentionem
1967 4193 2100 4250 facit

471 4269 541 4325 de
565 4270 736 4326 missa
760 4277 1038 4342 revocata,
1078 4273 1329 4349 itemque
1357 4277 1414 4332 in
1440 4277 1538 4335 lib.
1563 4296 1584 4334 1
1627 4281 1694 4336 de
1736 4283 1854 4338 Vita
1891 4291 2097 4343 sancta:

470 4363 830 4435 Badegundis
857 4383 982 4440 cap.
1009 4369 1092 4423 14.
1123 4369 1182 4424 In
1205 4368 1382 4442 priori
1407 4371 1528 4428 loco
1557 4371 1636 4429 sic
1658 4374 1868 4447 legitur
1898 4393 1911 4432 :
1943 4400 1970 4428 «
1999 4383 2100 4434 Ac-

471 4455 606 4514 cidit
643 4462 708 4512 ut
741 4465 964 4516 sanctus
993 4461 1078 4516 vir
1105 4461 1452 4538 (Germanus)
1478 4481 1736 4523 remeans
1760 4469 1828 4524 de
1851 4471 2095 4528 Namne-

2205 1957 2336 1996 rum
2360 1939 2599 1994 ascitum
2623 1956 2636 1994 :
2663 1961 2690 1988 ‹‹
2713 1939 2766 1995 Si
2793 1939 2890 2010 qui
2909 1955 3065 1993 nunc
3085 1938 3381 2010 frigoritici
3406 1939 3464 1994 in
3483 1941 3606 2010 ejus
3620 1941 3840 1996 honore

2205 2033 2402 2089 missas
2429 2034 2624 2089 devote
2653 2032 2958 2103 celebrent,
2993 2033 3227 2103 ejusque
3254 2049 3358 2104 pro
3386 2034 3581 2105 requie
3609 2035 3720 2089 Deo
3751 2035 3839 2089 of-

2204 2127 2390 2182 ferant
2435 2126 2817 2194 oblationem;
2863 2125 3052 2180 statim
3091 2125 3424 2197 compressis
3474 2127 3840 2195 tremoribus,

2204 2219 2485 2274 restinctis
2510 2219 2782 2288 febribus,
2811 2216 3033 2272 sanitati
3076 2217 3331 2288 pristinaa
3364 2224 3776 2275 restaurantur.
3811 2243 3840 2270 ι)

2207 2313 2396 2384 Itaque
2421 2311 2608 2367 missa:
2639 2312 2844 2367 oblatio
2867 2311 3036 2367 ﬁebat
3061 2311 3230 2367 etiam
3264 2329 3368 2384 pro
3403 2313 3598 2384 requie
3631 2329 3844 2369 eorum

2205 2406 2302 2478 qui
2328 2405 2502 2462 sancti
2534 2405 2926 2476 credebantur,
2957 2411 3021 2460 ut
3057 2404 3118 2459 in
3155 2405 3492 2460 Mozarabico
3524 2423 3628 2476 pro
3667 2407 3842 2478 spiri-

2204 2499 2356 2554 tibus
2381 2499 2742 2570 pausantium
2768 2515 2869 2555 seu
2894 2500 3298 2568 confessorum,
3315 2515 3523 2572 nempe
3544 2503 3608 2553 ut
3623 2517 3728 2571 pro
3750 2518 3847 2556 eo-

2204 2609 2334 2648 rum
2373 2592 2568 2664 requie
2609 2594 2720 2648 Deo
2761 2593 2962 2666 gratim
2987 2595 3312 2663 agerentur.
3343 2593 3449 2648 Sed
3487 2597 3553 2647 ut
3591 2593 3664 2648 ad
3687 2611 3838 2661 rem,

2205 2703 2318 2758 qua
2345 2686 2413 2740 de
2443 2685 2534 2740 hic
2565 2686 2772 2757 agitur,
2801 2687 3048 2754 redeam,
3077 2685 3380 2758 Gregorius
3411 2686 3572 2753 item,
3605 2686 3664 2741 in
3690 2687 3840 2742 libro

2205 2781 2274 2835 de
2300 2778 2485 2834 Gloria
2523 2779 2930 2850 confessorum,
2965 2797 3086 2851 cap.
3121 2783 3208 2850 65,
3237 2779 3418 2834 utitur
3449 2779 3620 2834 etiam
3661 2782 3840 2836 verbo

2204 2874 2510 2929 celebrandi
2531 2874 2751 2944 agendo
2778 2873 2846 2928 de
2876 2873 3113 2928 muliere
3150 2889 3280 2944 quae
3315 2895 3343 2923 «
3373 2889 3478 2946 per
3501 2890 3716 2929 annum
3745 2875 3837 2929 in-

2202 2970 2434 3038 tegrum
2476 2967 2693 3022 assidue
2732 2967 2968 3023 orationi
3004 2961 3250 3036 va‘cabat,
3275 2967 3563 3022 celebrans
3583 2968 3840 3039 quotidie

2203 3053 2503 3116 missarum
2524 3061 2815 3128 solemnia,
2833 3066 2889 3116 et
2909 3061 3150 3116 offerens
3169 3059 3508 3115 oblationem
3525 3077 3629 3132 pro
3645 3063 3841 3118 anima

2201 3153 2328 3226 viri,
2356 3172 2472 3210 non
2499 3155 2678 3210 difﬁsa
2704 3156 2773 3211 de
2796 3154 3017 3210 Domini
3043 3153 3446 3224 misericordia,
3473 3155 3624 3225 quod
3653 3155 3836 3211 habe-

2204 3253 2291 3303 ret
2309 3249 2608 3305 defunctus
2631 3249 2907 3320 requiem,
2929 3248 2988 3302 in
3005 3248 3094 3303 die
3107 3264 3220 3320 qua
3236 3247 3470 3302 Domino
3489 3248 3841 3304 oblationem

2202 3359 2306 3414 pro
2343 3343 2466 3414 ejus
2495 3343 2685 3398 anima
2709 3342 3008 3397 delibasset
3028 3358 3042 3396 :
3065 3357 3291 3412 semper
3315 3341 3620 3396 sextarium
3644 3343 3838 3398 Gazeti

2204 3436 2319 3490 vini
2343 3436 2585 3508 praebuit
2615 3436 2674 3491 in
2708 3435 3042 3490 sacriﬁcium
3069 3434 3313 3490 basilica)
3339 3439 3566 3490 sanctae.
3597 3457 3624 3484 ››
3654 3436 3838 3492 Locus

2203 3546 2338 3585 sane
2377 3529 2614 3602 insignis
2650 3530 2720 3584 ad
2753 3529 3111 3600 probandum
3141 3527 3478 3582 sacriﬁcium
3503 3546 3608 3601 pro
3633 3529 3838 3586 defun-

2204 3623 2324 3678 ctis.
2343 3627 2416 3679 At
2435 3640 2565 3696 qua:
2593 3629 2912 3695 sequuntur
2941 3623 3092 3678 haud
3113 3621 3346 3677 minoris
3362 3627 3496 3678 sunt
3521 3625 3796 3679 momenti
3816 3644 3834 3680 :

2206 3739 2234 3766 «
2261 3717 2366 3773 Sed
2395 3717 2768 3773 subdiaconus
2795 3733 3041 3790 nequam
3058 3732 3346 3772 reservans
3372 3717 3522 3788 gulae
3541 3717 3834 3787 Gazetum,

2201 3816 2422 3867 acetum
2437 3811 2999 3871 vehementissimum
3013 3810 3283 3866 offerebat
3305 3809 3365 3864 in
3385 3810 3574 3882 calice,
3590 3811 3838 3869 muliere

2200 3921 2317 3960 non
2342 3921 2567 3976 semper
2591 3906 2662 3960 ad
2691 3904 3147 3960 communicandi
3176 3904 3416 3976 gratiam
3449 3906 3773 3962 accedente.
3803 3929 3837 3957 η

2201 3999 2348 4070 Ergo
2373 4015 2490 4054 non
2516 3998 2682 4065 toties
2710 3999 3186 4069 communicabat,
3218 3999 3436 4072 quoties
3465 3999 3757 4070 offerebat,
3779 4006 3844 4056 et

2199 4092 2370 4147 sacris
2400 4092 2690 4164 intererat,
2717 4109 2816 4149 seu
2861 4095 2944 4164 (ut
2977 4108 3108 4147 cum
3137 4093 3407 4165 Gregorio
3430 4094 3644 4166 loquar)
3676 4095 3837 4149 cele-

2198 4185 2420 4241 brabat.
2443 4186 2628 4242 Utitur
2659 4187 2830 4242 etiam
2871 4187 3066 4242 eodem
3096 4186 3266 4241 verbo
3291 4187 3352 4242 in
3377 4187 3576 4243 eodem
3606 4187 3839 4259 signiﬁ-

2199 4285 2327 4335 catu
2367 4280 2678 4352 Cyprianus
2717 4281 2786 4336 de
2826 4281 3088 4336 Oratione
3129 4280 3421 4336 Dominica
3446 4281 3548 4336 sub
3574 4280 3837 4338 initium.

2203 4397 2230 4424 ‹‹
2258 4375 2325 4430 Et
2342 4374 2566 4446 quando
2601 4375 2660 4429 in
2686 4391 2869 4430 unum
2895 4391 3024 4429 cum
3059 4375 3330 4430 fratribus
3351 4375 3740 4444 convenimus,
3773 4381 3843 4432 et

2199 4467 2469 4524 sacrificia
2493 4467 2680 4523 divina
2705 4485 2837 4524 cum
2875 4467 2970 4523 Dei
3000 4469 3287 4524 sacerdote
3324 4469 3696 4539 celebramus,
3729 4487 3840 4525 ve-

469 4545 602 4651 ticp,
619 4548 852 4606 domum
873 4553 1154 4648 Nlinnichi
1175 4557 1405 4614 illustris
1424 4559 1731 4619 illustraret
1746 4563 2003 4636 vestigio.
2023 4567 2096 4621 De
2115 4588 2174 4660 D
2197 4563 2486 4618 recundiae
2516 4568 2573 4618 et
2598 4562 2911 4636 disciplinae
2929 4579 3211 4618 memores
3229 4578 3348 4618 esse
3373 4562 3665 4618 debemus.
3694 4585 3724 4612 »
3747 4565 3845 4619 Ad

473 4640 634 4711 cujus
666 4647 816 4698 veste
854 4643 1110 4703 matrona
1138 4657 1297 4723 rapto
1326 4654 1568 4710 ﬁdeliter
1607 4655 1700 4711 ﬁlo
1747 4659 2000 4715 recondit
2037 4660 2095 4715 in

470 4733 732 4790 oratorio.
753 4737 888 4800 Quae
911 4739 1289 4798 valetudinem
1315 4745 1556 4817 irruens,
1575 4749 1780 4822 vigiliis
1798 4751 1854 4807 in
1881 4752 2096 4809 honore

467 4827 644 4883 sancti
693 4830 1020 4887 solemniter
1067 4835 1375 4908 celebratis,
1408 4856 1471 4893 ac
1511 4841 1681 4897 missa
1724 4852 1996 4919 revocata,
2028 4849 2096 4903 de

466 4922 734 4992 praesenti
766 4929 958 4980 curata
978 4931 1082 4982 est.
1113 4949 1142 4976 ››
1173 4929 1293 4984 Non
1320 4915 1736 4991 convenit/huic
1761 4939 1882 4994 loco
1909 4915 2095 4996 missae

2195 4673 2368 4729 quem
2395 4657 2582 4712 locum
2625 4657 2682 4711 in
2725 4655 3026 4712 novissima
3068 4656 3312 4711 editione
3357 4655 3666 4711 Oxoniensi
3703 4658 3847 4714 hEEC

2197 4751 2511 4806 observatio
2547 4751 2867 4823 adhibetur,
2896 4751 3150 4823 ignotam
3187 4751 3328 4805 'olim
3375 4749 3546 4805 fuisse
3593 4751 3849 4807 solitarii

2196 4845 2496 4902 sacerdotis
2525 4845 3002 4902 communionem.
3023 4846 3130 4902 Sed
3153 4850 3217 4900 ut
3241 4861 3362 4900 rem
3391 4845 3576 4918 ipsam
3603 4862 3723 4900 non
3749 4845 3854 4902 in-

2196 4940 2371 5010 ﬁcier,
2412 4939 2467 4994 id
2510 4957 2625 4994 non
2667 4939 2943 4996 evincitur
2985 4957 3073 4996 ex
3101 4939 3272 4994 verbo
3317 4939 3651 5002 celebrandi,
3696 4956 3854 4996 cum

465 5015 802 5072 vocabulum
841 5035 945 5090 pro
985 5020 1144 5091 festo,
1193 5023 1279 5078 uti
1321 5027 1607 5097 quondam
1634 5031 1894 5101 opinatus
1921 5051 2045 5089 sum
2077 5053 2090 5090 :

467 5123 598 5162 cum
631 5109 724 5165 hic
767 5118 970 5183 agatur
1001 5114 1070 5170 de
1108 5115 1314 5189 vigiliis
1355 5136 1422 5174 ac
1462 5122 1652 5193 missa,
1683 5124 1900 5182 vivente
1930 5128 2094 5184 beato

466 5200 763 5274 Germano,
795 5206 1107 5264 celebratis.
1137 5211 1464 5270 Posterioris
1490 5215 1597 5270 loci
1622 5218 1746 5273 haec
1773 5220 1938 5276 verba
1963 5228 2095 5278 sunt

466 5292 535 5348 de
575 5301 766 5352 sancta
804 5299 1147 5374 Radegunde
1194 5322 1208 5360 :
1253 5328 1281 5357 «
1319 5308 1464 5373 Quid
1501 5311 1682 5383 egerit
1729 5312 1875 5368 circa
1917 5317 2092 5372 sancti

461 5387 682 5444 Martini
710 5391 870 5461 atria,
903 5398 1134 5469 templa,
1171 5400 1478 5474 basilicam,
1515 5405 1674 5476 ﬂens,
1711 5407 1974 5479 lacrymis
2000 5408 2089 5464 in-

462 5480 676 5554 satiata,
710 5483 932 5556 singula
958 5489 1155 5558 jacens
1180 5510 1286 5564 per
1317 5496 1534 5569 limina,
1569 5497 1668 5554 ubi
1713 5500 1884 5556 missa
1927 5518 2088 5558 revo-

457 5578 598 5643 cata,
615 5575 864 5631 vestibus
890 5584 946 5634 et
973 5591 1323 5660 ornamento,
1342 5607 1454 5661 quo
1483 5607 1542 5646 se
1568 5592 1790 5648 clariori
1820 5595 1974 5651 cultu
1998 5613 2086 5651 so-

457 5664 612 5723 lebat
632 5667 779 5725 ferre
795 5668 852 5724 in
867 5671 1093 5746 palatio,
1108 5693 1332 5736 sacrum
1357 5684 1644 5756 componit
1663 5686 1860 5743 altare.
1882 5710 1909 5739 »
1935 5690 2090 5746 Utro-

454 5759 624 5854 bique
668 5762 812 5820 nihil
850 5765 1009 5824 aliud
1048 5770 1483 5847 intelligendum
1529 5784 1668 5851 puto
1702 5797 1876 5854 quam
1919 5783 2089 5840 missa

455 5853 752 5920 celebrata.
789 5857 902 5916 Cur
952 5868 1144 5924 autem
1185 5873 1442 5928 revocata
1480 5871 1703 5930 dicatur
1743 5875 2082 5949 Fortunato,

2195 5033 2402 5088 mulier
2436 5032 2535 5088 illa
2581 5033 2831 5106 quotidie
2870 5033 3171 5089 missarum
3211 5033 3484 5088 solemnia
3513 5031 3858 5091 celebrasse

2195 5127 2413 5184 dicatur
2438 5147 2470 5184 a
2491 5129 2780 5202 Gregorio,
2799 5146 2905 5184 nec
2930 5133 3119 5184 tamen
3146 5127 3396 5201 quotidie
3421 5125 3546 5200 59
3573 5142 3772 5182 comm
3783 5146 3860 5183 u-

2191 5221 2423 5279 nionem
2459 5223 2760 5296 accepisse.
2792 5223 2898 5280 Sed
2943 5223 3080 5294 quid
3122 5228 3279 5290 tunc,
3323 5221 3380 5277 id
3427 5226 3510 5276 est
3551 5235 3686 5274 cum
3735 5221 3862 5278 illa.

2191 5332 2306 5370 non
2333 5317 2802 5386 communicabat,
2844 5316 3004 5388 quid,
3051 5316 3302 5388 inquam,
3330 5315 3400 5369 de
3429 5313 3598 5368 calice
3625 5329 3858 5370 conse-

2191 5413 2346 5464 crato
2379 5410 2592 5466 ﬁebat?
2617 5415 2716 5465 aut
2739 5411 3024 5482 quomodo
3051 5409 3308 5465 sacerdos
3333 5408 3450 5480 ipse
3479 5425 3547 5462 ex
3573 5423 3640 5462 eo
3667 5423 3858 5465 com-

2189 5503 2522 5560 munionem
2559 5503 2854 5578 sanguinis
2877 5503 3213 5559 hauriebat?
3241 5519 3316 5557 an
3342 5503 3454 5558 duo
3493 5505 3657 5556 erant
3692 5503 3860 5558 cali-

2191 5614 2301 5668 ces,
2333 5616 2483 5655 unus
2516 5615 2621 5670 pro
2661 5599 2967 5668 sacerdote,
2995 5599 3138 5652 alter
3159 5613 3264 5668 pro
3293 5595 3531 5652 muliere
3559 5611 3861 5654 commu-

2187 5692 2481 5750 nicatura?
2523 5711 2638 5749 non
2683 5693 2863 5765 capio.
2898 5693 3042 5748 Cum
3087 5706 3219 5747 vero
3257 5689 3469 5746 mulier
3493 5688 3866 5752 subdiaconi

2185 5786 2445 5844 fraudem
2469 5789 2585 5844 viso
2613 5787 2946 5862 agnovisset,
2977 5809 3004 5838 «
3035 5786 3103 5842 ad
3133 5784 3481 5842 matutinum
3503 5783 3868 5846 secundum

2187 5883 2652 5942 consuetudinem
2697 5883 2960 5942 surrexit.
3009 5882 3222 5950 Quibus
3266 5879 3524 5956 expletis,
3569 5878 3863 5938 celebra.
