4044 6196
227 280 332 344 143

1214 283 1302 342 DE
1339 285 1649 344 LlTURGlA
1686 285 2057 345 GALLICANA
2092 289 2290 346 LIBER
2327 290 2592 349 PRIMUS.

3484 289 3580 355 146

221 397 408 470 usque
429 392 634 466 missis,
659 392 872 452 accedit
889 391 961 450 ad
987 394 1259 468 poculum
1283 395 1548 452 salutare.
1578 396 1713 461 Quae
1739 399 1856 452 tam
1877 406 1937 482 Α
1957 396 2168 454 statuit.
2197 399 2314 454 Imo
2337 398 2530 457 fideles
2547 398 2674 472 ipsi,
2698 400 2926 459 tametsi
2943 417 3060 460 non
3083 397 3580 478 communicaturi,

221 491 450 548 fervens
479 495 702 546 acetum
722 489 914 546 hausit
932 506 1004 546 ex
1039 489 1234 558 calice,
1255 494 1322 545 ut
1337 494 1564 562 putaret
1588 489 1696 545 sibi
1723 489 1857 546 den-

221 591 306 642 tes
337 585 549 642 excuti.
581 606 609 634 ››
643 586 726 640 En
754 583 1080 640 communio
1106 583 1278 640 etiam
1307 583 1410 639 sub
1441 583 1619 640 altera
1644 583 1852 656 specie.

217 679 333 736 Sed
360 678 496 734 satis
525 679 594 734 de
629 679 802 734 verbo
835 679 1159 742 celebrandi,
1203 678 1355 751 quod
1393 677 1548 734 idem
1573 677 1857 750 signiﬁcat

217 790 486 830 revocare
515 773 743 828 missam
771 789 871 830 seu
897 773 1111 840 missas,
1129 775 1191 828 ut
1207 788 1276 828 ex
1299 771 1462 827 dictis
1485 771 1850 845 intelligitur:

211 867 396 940 idque
423 867 720 923 confirmat
743 867 930 923 Aredii
958 865 1176 922 abbatis
1213 865 1510 922 Atanensis
1548 865 1852 922 testamen‘

192 960 370 1031 "tum,
397 961 726 1017 obtestantis
766 983 794 1012 ‹‹
825 977 927 1032 per
950 976 1156 1032 corpus
1181 963 1236 1014 et
1269 959 1608 1032 sanguinem
1633 958 1856 1014 Domini

212 1053 402 1110 nostri
439 1056 569 1110 Jesu
603 1053 810 1110 Christi
837 1076 865 1102 »
897 1057 953 1108 et
985 1053 1190 1108 merita
1219 1052 1477 1108 omnium
1503 1057 1850 1124 sanctorum,

209 1153 280 1202 ut
308 1148 372 1202 in
400 1147 644 1203 oratorio
669 1147 846 1202 sancti
880 1145 1078 1202 Hilarii
1107 1145 1308 1218 quinta
1330 1145 1490 1213 feria,
1523 1145 1681 1201 omni
1707 1151 1850 1202 tem-

209 1258 382 1315 pore,
415 1262 444 1290 «
469 1239 748 1296 maturius
775 1239 1054 1294 matutina
1082 1243 1138 1294 et
1162 1238 1332 1294 missa
1357 1243 1670 1295 revocetur.
1702 1259 1730 1291 π

288 1339 346 1390 5.
374 1333 568 1389 Missas
593 1333 766 1389 etiam
791 1337 1042 1404 spectare
1069 1331 1336 1388 dicuntur
1358 1331 1489 1388 laici
1517 1333 1668 1404 apud
1697 1349 1854 1388 eum-

207 1430 353 1486 dem
413 1426 750 1499 Gregorium
795 1443 911 1481 non
965 1426 1160 1493 semel,
1210 1441 1417 1498 nempe
1481 1426 1541 1480 in
1593 1425 1853 1482 Historiae.

205 1523 320 1580 lib.
363 1537 459 1576 vui
503 1537 629 1592 cap.
668 1525 700 1576 7
749 1523 805 1576 et
843 1523 930 1590 31,
963 1523 1088 1574 tum
1121 1519 1221 1574 lib.
1250 1535 1308 1574 lx
1335 1536 1458 1591 cap.
1493 1521 1580 1574 10.
1608 1523 1666 1574 et
1689 1520 1789 1575 lib.
1817 1537 1852 1575 χ

205 1633 340 1689 cap.
373 1619 430 1684 8,
459 1615 533 1671 ad
557 1615 683 1670 haec
705 1613 766 1668 in
794 1614 894 1670 lib.
923 1630 983 1668 ιιι
1011 1614 1080 1670 de
1105 1612 1383 1669 Miraculis
1421 1612 1602 1668 sancti
1629 1613 1852 1670 Martini

207 1727 341 1780 cap.
401 1711 488 1764 19.
537 1709 656 1764 Imo
701 1707 875 1764 etiam
943 1707 1001 1762 in
1053 1706 1290 1762 concilio
1348 1722 1409 1760 ιιι
1464 1707 1851 1766 Aurelianensi

1954 490 2141 547 missae
2184 491 2450 549 interesse
2490 495 2772 551 debebant
2803 497 3011 570 jejuni.
3053 499 3234 564 Quam
3271 499 3344 554 ob
3368 513 3493 554 rem
3520 497 3580 555 in

1952 584 2141 641 libello
2180 586 2250 642 de
2287 587 2409 642 Vita
2446 589 2622 644 sancti
2652 589 2937 662 Walarici,
2979 609 3102 664 cap.
3157 597 3243 660 15,
3293 593 3406 648 duo
3445 608 3577 664 ger-

1953 679 2128 750 mani,
2157 679 2258 752 qui
2291 680 2362 736 ad
2390 697 2523 736 eum
2565 681 2624 736 in
2661 683 2962 740 festivitate
2987 685 3136 740 beati
3161 684 3385 742 Martini
3408 687 3578 742 adve-

1953 779 2173 843 nerant,
2201 773 2568 845 increpantur
2607 775 2677 830 ab
2715 776 2858 848 ipso,
2886 779 3037 850 quod
3068 798 3096 832 «
3122 785 3250 835 ante
3279 779 3581 836 missarum

1955 866 2226 922 solemnia
2271 867 2466 923 bibere
2507 871 3021 942 praesumpsissent.
3071 891 3098 924 ι)
3141 874 3370 930 Harrent
3409 873 3581 929 etiam
3646 885 3648 888 '

1956 959 2071 1033 61
2111 976 2264 1016 nunc
2288 962 2439 1032 apud
2478 961 2701 1032 plebem
2729 963 2965 1036 hujusce
3001 965 3290 1037 religionis
3315 967 3580 1038 quaedam

1954 1053 2206 1125 vestigia.
2243 1055 2350 1120 Qui
2387 1054 2572 1127 potuit
2619 1061 2773 1112 tanta
2814 1057 3015 1130 religio
3061 1058 3283 1115 afﬁcere
3335 1059 3580 1131 majores

1952 1150 2172 1202 nostros
2228 1147 2288 1203 in
2325 1149 2680 1220 suscipiendo
2719 1150 3086 1207 Eucharistiae
3122 1157 3497 1223 sacramento,
3531 1155 3579 1211 si

1954 1241 2134 1296 solam
2159 1242 2407 1314 corporis
2431 1243 2636 1298 Christi
2654 1243 2715 1298 in
2741 1259 2806 1299 eo
2832 1243 3102 1316 ﬁguram,
3125 1245 3230 1301 hoc
3249 1249 3332 1302 est
3359 1249 3580 1306 nudum

1953 1349 2161 1407 panem
2184 1351 2248 1392 ac
2272 1351 2498 1392 merum
2523 1336 2739 1405 vinum,
2767 1336 3015 1394 residere
3037 1339 3442 1398 credidissent?

2589 1449 2806 1505 CAPUT
2833 1451 2944 1505 Vll.

1951 1541 2322 1615 Ministrorum
2336 1543 2394 1596 in
2407 1543 2569 1615 missa
2586 1547 2751 1598 vestes
2777 1549 2828 1600 et
2851 1549 3188 1615 apparatus;
3206 1547 3581 1613 ministerium,

2022 1611 2084 1664 id
2107 1615 2182 1666 est
2203 1626 2362 1666 sacra
2379 1614 2640 1683 supellem,
2664 1629 2757 1670 seu
2779 1611 3104 1671 vasa'sacra
3126 1621 3176 1670 et
3208 1623 3545 1676 ornamenta.

2025 1711 2074 1762 1.
2119 1709 2200 1763 Ad
2241 1708 2389 1764 hanc
2424 1709 2611 1764 missae
2649 1711 2944 1767 Gallicana:
2980 1713 3378 1770 tractationem
3416 1718 3584 1788 perti-

208 1818 440 1858 canone
464 1805 534 1856 29
563 1801 918 1874 prohibetur,
947 1804 1012 1856 ut
1037 1816 1102 1856 ne
1125 1803 1246 1870 quis
1268 1802 1540 1870 sacriﬁcia
1565 1804 1849 1860 missarum
1872 1782 1927 1854 Β
1951 1806 2048 1856 net
2082 1818 2370 1858 sacrorum
2398 1803 2790 1860 ministrorum
2828 1805 3056 1860 habitus
3090 1807 3406 1880 cultusque,
3449 1815 3583 1869 ante

208 1913 334 1952 cum
359 1897 531 1950 armis
559 1895 949 1966 pertinentibus
977 1894 1052 1950 ad
1081 1895 1340 1948 bellorum
1372 1909 1528 1949 usum
1549 1900 1763 1965 spectet.
1789 1897 1846 1952 In

210 1991 304 2045 his
323 1989 595 2044 omnibus
621 1987 855 2062 aliisque
883 1987 1217 2043 testimoniis
1243 1989 1492 2059 spectare
1510 1987 1700 2044 forsan
1717 2005 1847 2060 pro-

209 2084 335 2154 prie
380 2083 615 2154 respicit
659 2099 753 2137 eos
791 2081 890 2154 qui
927 2085 1236 2152 praesentes
1284 2081 1538 2152 aderant,
1588 2083 1686 2138 sed
1733 2099 1846 2138 non

207 2176 732 2232 communicabant.
753 2175 875 2230 Non
901 2175 1048 2229 male
1063 2174 1196 2230 huic
1217 2174 1580 2245 explicationi
1607 2176 1851 2246 quadrat

206 2269 466 2342 Gregorii
507 2269 664 2324 locus
705 2267 762 2322 in
807 2269 906 2323 lib.
945 2285 979 2323 x
1015 2285 1142 2340 cap.
1172 2270 1224 2337 8,
1262 2268 1356 2323 ubi
1387 2269 1456 2324 de
1487 2269 1726 2324 Cautino
1749 2273 1850 2325 Ar-

210 2379 522 2420 vernorum
552 2362 814 2434 episcopo
846 2378 1042 2432 agens,
1065 2361 1162 2433 qui
1201 2361 1484 2417 Eulalium
1521 2362 1785 2417 comitem
1814 2380 1849 2418 a

209 2456 618 2512 communione
637 2455 1006 2526 suspenderat
1031 2471 1046 2510 :
1075 2477 1102 2504 ‹‹
1124 2457 1278 2510 Tunc
1304 2455 1598 2526 episcopus
1619 2455 1844 2528 (inquit,

211 2551 271 2605 id
297 2555 382 2605 est
408 2548 785 2604 infestivitate
812 2549 988 2604 sancti
1011 2548 1239 2618 Juliani)
1272 2548 1528 2620 permisit
1554 2565 1686 2603 eum
1715 2565 1846 2604 cum

211 2644 432 2699 caeteris
465 2643 770 2698 missarum
797 2646 1047 2714 spectare
1076 2627 1367 2698 solemnia.
1407 2645 1615 2698 Verum
1655 2642 1748 2697 ubi
1776 2645 1848 2700 ad

212 2738 678 2794 communionem
705 2741 938 2792 ventum
969 2733 1071 2803 est,
1101 2741 1158 2791 et
1197 2735 1444 2792 Eulalius
1481 2737 1553 2792 ad
1579 2736 1846 2792 altarium
1881 2797 1887 2802 ,

209 2832 553 2902 accessisset,
586 2855 616 2881 »
646 2829 916 2886 Cautinus
959 2846 1092 2884 eum
1119 2829 1295 2884 voluit
1327 2829 1648 2901 prohibere.
1677 2831 1846 2887 Aliud

212 2943 348 2998 ergo
387 2929 514 2982 erat
551 2931 802 2997 spectare
837 2924 1143 2979 missarum
1187 2923 1480 2994 solemnia,
1513 2923 1672 2981 aliud
1716 2924 1842 2998 60

208 3019 656 3089 communicare,
674 3018 900 3090 quando
927 3017 1199 3074 Cautinus
1226 3033 1343 3072 uno
1367 3017 1660 3090 permisso,
1691 3019 1846 3074 aliud

209 3131 328 3170 non
355 3113 598 3170 ferebat.
627 3112 782 3168 Mitto
798 3111 935 3167 alias
953 3111 1224 3184 loquendi
1245 3111 1519 3166 formulas
1544 3113 1696 3184 apud
1717 3113 1846 3168 Gre—
1865 3145 1920 3218 Ο

213 3209 460 3280 gorium,
492 3212 548 3262 et
587 3206 646 3262 in
669 3204 920 3261 conciliis
959 3205 1254 3261 Gallicanis
1280 3205 1532 3276 usitatas,
1560 3209 1626 3260 ut
1649 3205 1846 3261 missas

209 3306 405 3358 tenere
443 3300 622 3372 (quod
659 3299 829 3356 etiam
871 3300 942 3356 de
985 3298 1142 3354 laicis
1173 3298 1382 3354 dicitur
1413 3316 1447 3352 a
1481 3299 1748 3372 Gregorio
1786 3299 1847 3354 in

211 3395 311 3450 lib.
345 3411 399 3448 vi
427 3410 552 3464 cap.
583 3393 692 3464 48),
725 3397 782 3448 et
807 3393 915 3448 alia
940 3393 995 3448 id
1029 3408 1230 3465 genus,
1257 3395 1323 3447 ut
1347 3393 1418 3448 ad
1443 3391 1632 3448 missae
1663 3393 1847 3466 dispo-

213 3488 446 3544 sitiones
473 3487 825 3560 progrediar.

283 3585 336 3638 6.
375 3583 587 3638 Contra
628 3597 723 3636 eos
757 3579 856 3652 qui
889 3579 1104 3652 polluto
1147 3579 1339 3635 animo
1386 3597 1545 3636 sacra
1579 3584 1840 3652 tractant,

209 3676 447 3748 insignis
472 3679 557 3730 est
581 3673 834 3746 Gregorii
863 3674 1018 3728 locus
1045 3673 1104 3728 in
1131 3673 1230 3729 lib.
1263 3689 1280 3728 ι
1302 3673 1371 3728 de
1394 3673 1670 3728 Miraculis
1685 3691 1842 3730 mar-

209 3777 400 3842 tyrum
435 3785 562 3840 cap.
593 3770 660 3824 86
703 3785 717 3822 :
765 3790 793 3816 ‹‹
822 3767 1101 3822 Deﬂemus
1139 3767 1350 3822 scelera
1379 3771 1569 3822 nostra
1594 3771 1652 3822 et
1680 3768 1842 3839 plan-

213 3865 420 3936 gimus,
450 3879 584 3918 cum
611 3878 712 3917 nos
737 3862 980 3916 mundos
999 3876 1118 3916 esse
1147 3859 1460 3930 nescimus;
1485 3864 1540 3916 et
1559 3861 1630 3916 ad
1657 3861 1844 3932 ipsum

209 3958 385 4014 altare
411 3955 633 4012 Domini
669 3954 1014 4024 accedentes,
1044 3955 1322 4009 audenter
1356 3959 1612 4010 sanctum
1641 3971 1844 4027 corpus

209 4054 330 4124 ejus
351 4056 408 4108 et
426 4049 786 4122 sanguinem,
810 4065 940 4104 cum
970 4047 1146 4103 simus
1165 4051 1295 4103 actu
1315 4047 1536 4120 polluti,
1559 4047 1745 4120 potius
1772 4049 1845 4104 ad

199 4145 485 4219 judicium
511 4143 810 4212 sumimus,
829 4159 1000 4214 quam
1026 4146 1092 4198 ut
1109 4141 1332 4197 veniam
1359 4157 1840 4213 consequamur.»

211 4242 272 4296 In
299 4239 486 4312 capite
515 4236 773 4310 sequenti
802 4235 972 4292 deﬂet
1007 4235 1299 4292 audaciam
1329 4235 1623 4306 cujusdam
1657 4251 1840 4290 sacer-

210 4333 386 4402 dotis,
433 4331 530 4404 qui
587 4347 704 4386 non
760 4329 1038 4386 dubitavit
1086 4329 1258 4384 miser
1309 4327 1438 4384 vino
1499 4328 1844 4384 madefactus

207 4431 479 4499 appetere
503 4425 657 4498 quod
671 4424 902 4496 jejunus
927 4423 1168 4494 quisque
1194 4439 1308 4478 non
1340 4422 1460 4477 sine
1482 4427 1638 4478 metu
1660 4425 1844 4493 potest

1950 1895 2223 1950 saeculum
2263 1912 2338 1950 vu
2377 1896 2638 1952 usitatus.
2685 1897 2748 1952 Hi
2785 1899 3031 1954 vestibus
3061 1899 3202 1954 albis
3239 1900 3297 1955 in
3326 1919 3384 1958 re
3426 1919 3582 1960 sacra

1951 1987 2273 2056 utebantur,
2297 1992 2437 2043 teste
2462 1989 2732 2062 Gregorio
2752 1992 2820 2046 de
2845 1991 3033 2047 Gloria
3051 1993 3434 2050 confessorum
3453 2013 3578 2070 cap.

1948 2083 2017 2136 20
2045 2097 2058 2135 :
2087 2099 2113 2132 ί(
2155 2082 2284 2136 Erat
2322 2085 2516 2138 autem
2541 2085 2901 2140 sacerdotum
2935 2101 3000 2140 ac
3027 2085 3326 2144 levitarum
3355 2089 3414 2146 in
3439 2090 3583 2146 albis

1951 2173 2191 2228 vestibus
2227 2191 2343 2230 non
2387 2175 2662 2232 minimus
2703 2178 2928 2250 chorus,
2972 2199 3000 2232 »
3042 2197 3251 2255 nempe
3293 2183 3356 2238 in
3393 2187 3578 2240 trans-

1947 2265 2151 2322 latione
2187 2267 2559 2340 reliquiarum
2597 2271 2668 2326 ad
2703 2272 3113 2330 dedicationem
3141 2275 3372 2332 oratorii
3402 2277 3582 2334 sancti

1947 2359 2252 2415 Saturnini.
2300 2363 2360 2416 ln
2403 2363 2630 2418 concilii
2682 2366 3061 2423 Narbonensis
3110 2385 3326 2424 canone
3372 2373 3436 2428 12
3479 2371 3578 2426 de-

1948 2453 2218 2525 cernitur,
2272 2459 2333 2510 ut
2383 2457 2566 2512 nullus
2608 2460 2890 2529 presbyter
2933 2466 3031 2516 aut
3080 2463 3338 2520 diaconus
3383 2465 3584 2536 absque

1947 2547 2136 2617 aliqua
2155 2550 2486 2618 inﬁrmitate,
2501 2551 2629 2606 dum
2642 2555 2808 2608 missa
2827 2557 3128 2624 perﬁcitur,
3147 2557 3330 2627 egredi
3351 2559 3418 2612 de
3443 2560 3584 2615 alta-

1946 2643 2047 2703 rio,
2076 2646 2172 2696 aut
2196 2658 2386 2698 exuere
2402 2659 2456 2698 se
2483 2645 2611 2698 alba
2638 2646 2857 2701 audeat.
2889 2649 2956 2702 Et
2983 2649 3134 2719 apud
3160 2650 3494 2722 Gregorium
3519 2652 3580 2707 in

1946 2733 2199 2788 Historia:
2227 2735 2324 2790 lib.
2358 2752 2410 2789 1v
2453 2753 2574 2808 cap.
2618 2739 2683 2792 38
2713 2737 2904 2810 agitur
2935 2739 3002 2794 de
3030 2741 3446 2812 archidiacono,
3479 2744 3580 2816 qui

1949 2845 1977 2878 (ί
2006 2826 2240 2882 indutus
2267 2827 2410 2899 alba,
2443 2829 2789 2902 episcopum,
2819 2836 2885 2886 ut
2919 2849 3041 2887 mos
3082 2838 3184 2904 est,
3212 2834 3481 2892 invitabat
3505 2837 3577 2892 ad

1944 2920 2137 2976 altare.
2171 2942 2198 2970 »
2235 2921 2446 2994 Nempe
2473 2939 2595 2978 mos
2618 2927 2756 2994 erat,
2781 2928 2844 2980 ut
2871 2941 3000 2980 cum
3028 2927 3322 3000 episcopus
3347 2929 3579 2985 missam

1945 3013 2326 3070 celebraturus
2353 3015 2413 3070 in
2437 3016 2732 3072 ecclesiam
2751 3020 3212 3092 progrederetur,
3241 3043 3268 3071 «
3300 3023 3580 3078 archidia-

1945 3123 2118 3162 conus
2161 3125 2293 3163 cum
2329 3109 2479 3164 clero
2523 3109 2580 3164 in
2619 3110 2759 3166 albis
2781 3111 3032 3168 venienti
3068 3113 3425 3184 (occurreret)
3467 3115 3580 3170 dia-

1945 3199 2178 3256 conibus
2194 3201 2485 3258 thuribula
2511 3204 2857 3276 gerentibus,
2884 3227 2912 3254 »
2943 3209 3006 3260 ut
3031 3206 3242 3278 legitur
3266 3208 3421 3280 apud
3439 3210 3581 3264 Pau-

1943 3294 2063 3348 lum
2105 3295 2512 3352 Emeritensem
2555 3296 2614 3352 in
2655 3314 2782 3369 cap.
2815 3301 2867 3354 6.
2899 3298 3107 3354 Confer
3131 3299 3361 3372 Sulpicii
3388 3301 3576 3357 Severi

1945 3385 2232 3459 dialogum
2279 3392 2312 3443 2
2361 3389 2430 3444 de
2477 3395 2670 3445 sancto
2711 3391 2970 3461 Martino,
3014 3409 3138 3461 cap.
3190 3396 3239 3446 1.
3282 3394 3396 3447 Hac
3424 3399 3577 3449 veste

1943 3479 2071 3534 alba
2109 3496 2224 3536 non
2251 3483 2556 3537 utebantur
2581 3485 2742 3538 extra
2782 3500 2902 3538 rem
2939 3499 3177 3554 sacram,
3206 3468 3363 3540 secus
3405 3489 3576 3558 atque

1943 3573 2284 3644 patriarcha:
2323 3574 2583 3644 Orientis,
2626 3592 2870 3648 quorum
2918 3576 3012 3632 hic
3051 3577 3315 3650 proprius
3350 3578 3577 3636 habitus

1945 3670 2083 3736 erat,
2116 3683 2184 3722 ex
2225 3667 2348 3722 Vita
2387 3668 2659 3724 Euthimii
2699 3670 2851 3741 apud
2889 3669 3334 3727 eruditissimum
3359 3673 3573 3728 Cotele-

1943 3760 2114 3828 rium,
2161 3777 2322 3816 num.
2369 3766 2456 3817 61.
2502 3762 2696 3818 Albam
2736 3779 2836 3818 seu
2875 3763 3085 3818 lineam
3123 3767 3335 3819 vestem
3388 3765 3576 3838 potius

1945 3870 2116 3925 quam
2155 3852 2282 3928 62
2323 3854 2572 3910 casulam
2605 3855 2813 3912 tunicae
2849 3857 3082 3912 nomine
3109 3856 3406 3929 designare
3432 3859 3574 3916 mihi

1943 3947 2163 4002 videtur
2191 3949 2581 4020 Hieronymus,
2611 3949 2702 4003 cui
2727 3950 3071 4023 Nepotianus
3096 3952 3390 4025 presbyter
3413 3957 3578 4009 testa-

1943 4043 2136 4094 mento
2159 4041 2388 4114 reliquit
2415 4061 2442 4094 α
2463 4042 2734 4110 tunicam,
2757 4059 2868 4116 qua
2891 4045 3158 4100 utebatur
3177 4045 3236 4100 in
3260 4045 3575 4103 ministerio

1941 4133 2170 4206 Christi,
2205 4157 2232 4184 υ
2260 4151 2325 4190 ac
2349 4135 2588 4208 proinde
2623 4153 2740 4192 non
2768 4140 2929 4193 extra
2957 4137 3144 4209 ipsum
3169 4139 3570 4196 ministerium.

1941 4233 2062 4297 Quo
2085 4233 2300 4303 spectat
2321 4229 2704 4302 Chrysostomi
2723 4231 2880 4287 locus
2904 4248 2974 4287 ex
2999 4231 3232 4287 homilia
3259 4235 3325 4288 83
3357 4231 3416 4286 in
3442 4233 3576 4288 Mat-

1941 4325 2179 4394 thteum,
2210 4322 2307 4378 ubi
2335 4304 2583 4379 ministri
2613 4328 2872 4396 tempore
2911 4341 3202 4380 sacrorum
3245 4345 3273 4374 «
3314 4323 3565 4382 tunicam

1942 4416 2393 4473 candidissimum
2417 4457 2432 4486 ,
2475 4424 2644 4473 λευκὸν
2682 4423 2965 4488 χιτωνίσκον
3005 4439 3032 4468 ››
3077 4421 3326 4491 gestasse
3381 4419 3574 4490 perhi-

204 4523 460 4576 terrente
496 4517 842 4574 conscientia
869 4517 1168 4589 explicare,
1202 4536 1230 4568 ι)
1261 4516 1320 4572 id
1344 4518 1430 4572 est
1447 4515 1548 4588 qui
1570 4532 1686 4571 non
1699 4515 1846 4587 jeju—
1863 4514 1921 4587 D
1943 4511 2168 4567 bentur.
2201 4511 2276 4564 De
2314 4509 2526 4565 amictu
2567 4507 2760 4581 (quem
2801 4511 3086 4583 vocamus)
3131 4527 3262 4566 rara
3287 4511 3354 4584 (si
3379 4516 3571 4568 tamen

201 4631 317 4670 nus
359 4613 590 4668 missam
628 4611 908 4669 celebrare
945 4627 1116 4666 ausus
1161 4614 1264 4666 est.
1307 4610 1428 4674 Quo
1469 4625 1540 4664 ex
1585 4613 1842 4681 tempore

196 4709 469 4779 jejunum
489 4723 609 4762 esse
647 4709 932 4778 Oporteret
957 4704 1306 4762 sacerdotem
1333 4703 1430 4775 qui
1458 4703 1842 4758 celebraturus

203 4804 372 4870 esset,
423 4799 609 4854 iimuit
651 4799 852 4854 eodem
885 4798 945 4853 in
983 4799 1104 4852 loco
1152 4796 1454 4868 Gregorius
1477 4836 1491 4863 ,
1532 4795 1631 4850 ubi
1669 4796 1841 4868 hujus

203 4891 512 4948 sacerdotis
559 4891 785 4964 culpam
823 4891 883 4946 in
925 4889 1046 4962 ipso
1082 4887 1262 4944 Natali
1298 4887 1521 4944 Domini
1557 4892 1843 4960 perpetra-

201 4992 325 5043 tam
349 4989 723 5058 ekaggerans,
767 5003 795 5036 α
831 4984 914 5038 ita
939 4987 1004 5040 ut
1030 4983 1384 5038 afﬁrmarent
1407 4981 1596 5052 multi,
1635 4981 1838 5054 inquit,

202 5095 338 5135 eum
363 5083 492 5150 post
517 5077 652 5150 galli
691 5081 925 5132 cantum
966 5077 1030 5132 in
1069 5076 1189 5148 ipsa
1223 5079 1386 5132 nocte
1412 5073 1614 5130 vidisse
1639 5074 1838 5130 biben-

205 5179 345 5228 tem.
376 5192 405 5224 ι)
425 5170 679 5243 Denique
708 5173 898 5226 Patres
915 5169 1135 5226 concilii
1161 5187 1200 5224 u
1229 5166 1599 5238 Bracarensis,
1629 5183 1842 5223 canone

208 5271 294 5334 in,
318 5266 592 5322 damnant
611 5265 885 5336 quosdam
911 5264 1285 5336 presbyteros,
1311 5262 1409 5334 qui
1437 5265 1496 5317 in
1518 5265 1681 5318 missa
1705 5277 1842 5317 mor-

204 5368 439 5421 tuorum,
461 5365 586 5431 post
628 5364 904 5433 acceptum
948 5373 1170 5420 merum,
1210 5357 1530 5412 oblatio-nem
1572 5357 1694 5412 ausi
1717 5361 1843 5411 sunt

204 5468 535 5509 consecrare.

275 5551 329 5604 7.
361 5547 487 5602 Non
511 5545 716 5602 licebat
752 5545 921 5600 etiam
951 5544 1184 5600 diacono
1208 5547 1307 5599 aut
1343 5541 1684 5598 subdiacono
1715 5547 1841 5612 post

205 5648 480 5714 acceptum
513 5640 691 5695 cibum
724 5640 808 5694 vel
845 5639 1100 5711 poculum
1134 5641 1322 5694 missas
1355 5629 1617 5699 tractare,
1653 5641 1751 5691 aut
1782 5638 1840 5691 in

207 5738 422 5791 ecclesia
461 5735 594 5792 dum
637 5735 809 5792 missae
846 5733 1162 5788 dicebantur
1197 5737 1370 5796 stare,
1411 5748 1482 5786 ex
1519 5745 1732 5785 canone
1774 5733 1838 5786 19

211 5829 424 5886 concilii
481 5827 1008 5898 Antissiodoreusis,
1043 5827 1140 5901 qui
1193 5827 1262 5882 de
1303 5825 1632 5899 presbytero
1688 5823 1839 5882 idem

1940 4605 2073 4676 ulla)
2100 4602 2314 4659 mentio
2333 4602 2486 4674 apud
2507 4605 2766 4658 auctores
2790 4606 3012 4659 nostros
3036 4607 3166 4660 ante
3186 4601 3369 4660 Caroli
3386 4606 3570 4678 Magni

1942 4703 2186 4754 attatem.
2209 4698 2490 4752 Caeterum
2519 4695 2689 4752 nullis
2708 4700 2856 4752 tecto
2875 4701 2974 4754 aut
2997 4699 3178 4754 velato
3207 4699 3389 4771 capite
3414 4716 3573 4754 sacra

1940 4806 2210 4864 peragere
2245 4790 2468 4861 licebat,
2509 4794 2742 4862 propter
2773 4791 3027 4864 Apostoli
3059 4793 3413 4861 mandatum,
3459 4809 3572 4865 quo

1941 4885 2073 4940 viris
2097 4884 2405 4940 universim
2432 4884 2588 4940 nudo
2613 4884 2792 4956 capite
2822 4885 2883 4940 in
2907 4887 3140 4942 ecclesia
3179 4903 3340 4942 orare
3367 4886 3569 4958 praeci-

1941 4979 2114 5052 pitur,
2140 4983 2196 5034 et
2214 4994 2286 5034 ne
2306 4978 2515 5034 Christi
2536 4978 2850 5036 sacerdotes
2867 4979 3190 5036 viderentur
3213 4979 3421 5035 imitari
3447 4996 3575 5052 pro-

1941 5073 2118 5144 fanos,
2146 5073 2297 5145 apud
2319 5088 2460 5145 quos
2488 5094 2516 5124 «
2543 5072 2984 5128 sacriﬁcantium
3011 5073 3234 5146 captiva
3262 5073 3448 5146 capita
3474 5091 3572 5130 ve-

1939 5167 2228 5235 labantur,
2282 5187 2310 5216 »
2341 5171 2408 5222 ut
2454 5166 2708 5240 loquitur
2761 5167 3076 5238 Cyprianus
3115 5167 3275 5223 initio
3323 5168 3453 5224 libri
3505 5169 3575 5226 de

1939 5260 2149 5333 Lapsis.
2187 5261 2348 5324 Certe
2389 5259 2448 5316 id
2484 5259 2654 5315 sacris
2695 5259 2971 5314 ministris
3006 5261 3343 5334 prohibetur
3387 5263 3446 5317 in
3489 5280 3574 5335 sy-

1939 5355 2087 5410 nodo
2121 5355 2379 5410 Romana
2413 5353 2516 5408 sub
2547 5353 2813 5408 Zacharia
2839 5354 3124 5425 pontiﬁce,
3157 5371 3282 5428 cap.
3314 5359 3399 5412 13.
3429 5357 3576 5429 Lege

1941 5447 2148 5503 eruditi
2172 5445 2431 5502 Cotelerii
2447 5451 2604 5502 notas
2619 5445 2679 5501 in
2704 5447 3143 5504 Constitutiones
3162 5449 3548 5521 apostolorum
3560 5491 3575 5518 ,

1939 5541 2046 5596 col.
2083 5544 2196 5596 I55.
2229 5539 2458 5612 Excipio
2475 5541 2770 5611 Armenes,
2793 5541 2894 5614 qui
2920 5545 3068 5600 tecto
3095 5542 3278 5614 capite
3303 5559 3459 5598 sacra
3485 5558 3573 5596 ce-

1938 5635 2183 5704 lebrant,
2222 5637 2463 5690 testante
2505 5634 2744 5690 Baronio
2772 5635 2844 5692 ad
2869 5652 3087 5692 annum
3117 5638 3244 5692 863.
3271 5636 3348 5690 De
3387 5635 3574 5689 orario

1940 5729 2296 5784 sacerdotum
2335 5729 2395 5784 in
2433 5728 2667 5784 modum
2715 5727 2897 5786 crucis
2933 5734 3066 5786 ante
3116 5731 3312 5800 pectus
3352 5742 3580 5806 compo-

1939 5823 2126 5881 nendo
2163 5825 2343 5880 exstat
2371 5822 2661 5882 decretum
2701 5822 2924 5880 concilii
2963 5839 3020 5877 ut
3061 5818 3431 5893 Bracarensis,
3483 5839 3576 5881 ca.
