4042 6184
483 318 581 380 147

1264 320 1596 379 ΛΡΡΕΝΒΙΧ
1632 321 1718 377 ΑΙ)
1754 322 1976 377 OPERA
2012 321 2245 380 SANCTI
2282 275 2581 378 GERMANI
2620 319 3048 380 PARISIENSIS.

3738 321 3842 380 148

479 447 629 491 none
662 429 715 488 4.
744 429 828 489 Ad
859 429 984 488 haec
1018 430 1241 489 concilii
1279 429 1654 486 Narbonensis
1692 446 1871 486 canon
1905 434 1922 486 1
1961 433 2108 486 vetat
2128 441 2338 516 Aoum
2375 430 2714 487 Turonensis
2751 431 3066 504 episcopus,
3098 427 3204 487 sibi
3247 423 3570 504 populoque
3616 446 3718 487 suo
3762 431 3840 488 ti-

479 541 553 582 ne
579 525 768 582 clerici
785 526 1086 600 purpureis
1101 524 1344 580 vestibus
1359 518 1687 596 induantur,
1705 541 1911 597 nempe
1927 523 1986 580 in
1998 540 2110 580 usu

480 619 720 692 vulgari.

553 717 604 769 2.
633 714 846 769 Praeter
869 713 1054 768 albam
1073 711 1377 784 Gregorius
1397 711 1643 769 casulam
1669 711 1868 769 Nicetii
1889 711 2110 786 Lugdu-

480 806 670 863 nensis
694 806 954 861 antistitis
982 810 1038 861 et
1063 823 1288 878 capsam
1314 811 1597 863 memorat
1618 808 1678 862 in
1707 807 1854 863 libro
1879 808 1948 864 de
1972 807 2110 862 Vitis

481 900 733 967 Patrum,
765 915 886 971 cap.
913 901 966 954 8.
998 900 1193 955 Casula
1217 901 1492 956 hactenus
1520 901 1769 973 priscum
1794 917 2005 956 nomen
2027 917 2110 956 re-

480 991 654 1046 tinet:
677 993 896 1064 «Capsa
921 999 1109 1049 autem
1138 993 1215 1049 ita
1235 994 1462 1050 dilatata
1483 1001 1622 1062 erat,
1637 999 1701 1050 ut
1718 995 1902 1050 solent
1926 994 1985 1048 in
2001 993 2110 1048 illis

480 1085 732 1141 candidis
769 1087 912 1157 fieri,
950 1105 1079 1160 qua:
1117 1105 1220 1159 per
1257 1089 1542 1166 paschalia
1575 1088 1716 1144 festa
1755 1087 2109 1143 sacerdotum

479 1177 734 1234 humeris
768 1179 1160 1252 imponuntur.
1207 1201 1234 1233 »
1272 1182 1566 1253 Diaconus,
1595 1181 1686 1237 cui
1720 1181 1866 1236 hanc
1891 1179 2110 1237 Priscus

481 1271 776 1344 episcopus
801 1273 1049 1344 dederat,
1072 1291 1137 1330 ea
1171 1275 1490 1347 promiscue
1517 1275 1750 1330 indutus
1777 1275 1989 1346 absque
2015 1291 2106 1329 re-

479 1362 692 1436 ligione
730 1367 1060 1440 procedens,
1100 1389 1127 1421 (ι
1167 1369 1352 1424 deciso
1393 1369 1630 1439 cucullo,
1664 1390 1692 1419 »
1728 1373 1994 1439 tegumen
2041 1385 2110 1424 ex

483 1455 577 1511 illo
618 1458 858 1529 pedibus
884 1461 1113 1533 aptavit.
1160 1463 1290 1518 Erat
1312 1462 1551 1535 proinde
1579 1478 1744 1534 capsa
1771 1461 1911 1516 illud
1932 1477 2110 1534 genus

481 1548 822 1620 indumenti,
859 1554 1015 1625 quod
1052 1556 1223 1612 modo
1264 1572 1502 1628 cappam
1541 1556 1914 1627 appellamus,
1950 1555 2112 1627 cujus

482 1659 612 1715 pars
653 1643 779 1718 63
815 1647 1094 1718 posterior
1133 1665 1203 1704 ex
1227 1649 1482 1704 humeris
1519 1649 1842 1721 dependens
1879 1665 1982 1720 pro
2007 1664 2108 1702 cu-

2208 541 2368 579 mens
2393 541 2426 578 a
2463 526 2653 582 furore
2691 525 3100 582 Guntchramni
3136 525 3286 597 regis
3311 525 3578 597 militum,
3609 524 3843 582 effracto

2207 634 2322 673 uno
2347 619 2416 674 de
2449 619 2618 674 sacris
2649 620 2977 676 ministeriis
3008 619 3177 676 calice
3217 636 3413 690 aureo,
3446 625 3504 675 et
3529 619 3588 675 in
3615 620 3840 676 numis-

2207 716 2359 768 mata
2402 712 2648 784 redacto,
2689 730 2746 768 se
2793 712 3187 786 p0pulumque
3229 713 3490 769 redemit.
3532 713 3844 786 Gregorius

2208 811 2402 862 auctor
2437 806 2496 861 in
2531 807 2787 862 Historiae
2817 806 2918 862 lib.
2949 823 3022 861 vn
3050 823 3174 879 cap.
3207 807 3296 862 24.
3325 807 3442 861 Huc
3480 810 3693 878 spectat
3719 805 3841 861 fac-

2208 904 2331 956 tum
2363 901 2585 957 Caesarii
2610 899 2946 956 Arelatensis
2970 899 3235 972 episcopi,
3270 899 3369 972 qui
3397 899 3457 955 in
3485 899 3840 972 redemptio-

2207 1009 2340 1050 nem
2361 993 2707 1066 captivorum
2731 1013 2759 1046 ‹‹
2781 1010 3028 1066 expenso
3054 998 3312 1065 argento,
3331 993 3484 1066 quod
3504 993 3848 1049 venerabilis

2207 1087 2416 1143 Eonius
2453 1093 2772 1144 antecessor
2809 1103 2945 1142 suus
2980 1087 3228 1142 ecclesim
3271 1103 3482 1142 mensas
3509 1085 3845 1158 reliquerat,

2208 1181 2522 1236 custodiens
2545 1181 2685 1237 illud
2709 1181 2863 1253 quod
2894 1180 3162 1236 Dominus
3186 1181 3246 1236 in
3261 1180 3524 1236 arantino
3543 1180 3848 1254 paropside

2206 1274 2375 1329 tinxit
2417 1291 2643 1346 panem,
2671 1292 2788 1330 non
2832 1275 2890 1329 in
2929 1279 3198 1346 argenteo
3235 1289 3382 1340 vase,
3413 1290 3555 1346 opus
3582 1279 3848 1329 sanctum

2207 1385 2387 1440 usque
2439 1368 2508 1424 ad
2562 1367 2738 1424 divini
2789 1368 3090 1423 ministerii
3140 1367 3652 1440 dispensationem,
3706 1372 3850 1424 cum

2206 1461 2533 1529 thuribulis,
2563 1461 2850 1528 calicibus,
2880 1461 3208 1534 patenisque
3249 1478 3354 1534 pro
3391 1461 3720 1517 earumdem
3747 1477 3846 1516 re-

2209 1554 2535 1627 demptione
2567 1577 2594 1605 ››
2625 1555 2894 1626 vendidit,
2927 1571 3042 1610 non
3077 1571 3313 1627 parcens
3349 1555 3521 1610 etiam
3546 1555 3847 1610 columna-

2209 1665 2337 1703 rum
2377 1668 2404 1700 ί(
2447 1665 2516 1703 ex
2558 1653 2794 1720 argento
2825 1668 2852 1701 ι)
2895 1649 3262 1704 ornamentis.
3308 1649 3451 1704 Tum
3493 1649 3850 1721 interpositis

485 1740 631 1794 cullo
655 1741 944 1809 quondam
969 1747 1089 1798 erat
1113 1742 1185 1797 ad
1203 1747 1374 1814 caput
1397 1742 1793 1814 aperiendum,
1817 1741 2001 1815 qualis
2028 1745 2112 1796 est
2209 1742 2546 1814 quibusdam
2573 1743 2828 1814 ejusdem
2846 1742 3132 1815 pontiﬁcis
3145 1742 3435 1797 sententiis
3455 1741 3802 1812 gravissimis
3825 1761 3842 1797 :

483 1931 729 1987 nasterio
762 1931 1038 1986 hactenus
1074 1931 1368 1984 asservata.
1411 1927 1671 1984 Casulam
1705 1927 2113 2000 processoriam

482 2027 642 2080 vocat
667 2023 979 2096 Cyprianus
993 2021 1288 2094 episc0pus
1307 2021 1629 2077 Tolonensis
1644 2021 1703 2076 in
1732 2021 1833 2076 lib.
1856 2037 1877 2075 1
1895 2021 1965 2075 de
1992 2021 2113 2074 Vita

481 2116 709 2174 Caesarii
734 2117 983 2190 episcopi
1009 2115 1367 2186 Arelatensis,
1395 2132 1556 2170 num.
1591 2116 1679 2184 23,
1712 2113 1812 2186 qui
1852 2114 1998 2168 hanc
2017 2130 2109 2168 ca-

483 2210 667 2266 sulam
694 2233 722 2261 «
749 2211 1048 2282 albamque
1068 2210 1416 2283 paschalem,
1448 2231 1474 2258 »
1504 2207 1741 2280 pauperi
1761 2206 1984 2262 cuidam
2007 2207 2115 2262 lar-

486 2304 637 2376 gitus
663 2308 768 2360 est.
1277 2315 1288 2322 '

554 2401 607 2454 3.
637 2399 864 2455 Sacram
891 2396 1295 2469 supellectilem
1319 2400 1538 2452 veteres
1563 2411 1679 2449 uno
1705 2393 1975 2450 vocabulo
2001 2393 2110 2448 mi-

483 2491 783 2547 nisterium
821 2491 1070 2546 ecclesias
1111 2488 1488 2562 appellabant.
1545 2487 1796 2543 Eximius
1833 2499 1918 2543 est
1958 2487 2112 2542 locus

483 2584 634 2640 inter
647 2585 786 2640 alios
809 2583 961 2656 apud
988 2582 1323 2655 Gregorium
1347 2584 1606 2637 nostrum
1631 2581 1691 2636 in
1712 2580 1810 2636 lib.
1841 2595 1901 2634 in
1927 2579 2110 2634 Histo-

481 2678 583 2734 ria:
604 2683 728 2750 cap‘:
753 2681 838 2748 lO,
859 2676 957 2732 ubi
979 2676 1048 2732 de
1077 2675 1436 2732 Childeberto
1463 2691 1618 2746 rege,
1647 2673 1744 2746 qui
1765 2690 1836 2728 ex
1851 2672 2113 2745 Hispania

483 2771 731 2842 rediens,
749 2770 946 2826 «inter
967 2769 1214 2841 reliquos
1240 2769 1533 2824 thesauros
1557 2765 1873 2823 ministeria
1897 2766 2110 2840 pretio-

483 2865 701 2920 sissima
727 2863 949 2934 detulit,
979 2883 1007 2916 ››
1031 2863 1308 2918 nimirum
1338 2862 1678 2934 «sexaginta
1704 2861 1920 2930 calices,
1949 2860 2113 2932 quin-

483 2958 666 3014 decim
692 2961 942 3028 patenas,
968 2955 1169 3028 viginti
1202 2955 1635 3026 Evangeliorum
1681 2971 1892 3026 capsas,
1923 2953 2111 3008 omnia

485 3067 555 3106 ex
581 3064 718 3104 auro
755 3065 921 3120 puro,
949 3065 1012 3104 ac
1052 3048 1292 3120 gemmis
1331 3047 1593 3120 pretiosis
1631 3052 1847 3102 ornata.
1879 3069 1906 3097 »
1959 3047 2111 3102 Idem

484 3142 546 3198 in
574 3143 674 3198 lib.
701 3159 739 3196 ιι
769 3142 838 3198 de
863 3141 1051 3198 Gloria
1075 3147 1393 3213 martyrum
1421 3157 1546 3212 cap.
1569 3145 1621 3208 '7,
1645 3140 1724 3195 ait
1751 3139 2106 3212 Burgundio-
2130 3179 2184 3252 Ο

484 3252 586 3292 nes
611 3235 670 3290 in
697 3235 1074 3290 Brivatensem
1089 3235 1274 3290 vicum
1303 3235 1553 3303 irruisse,
1567 3239 1736 3306 atque
1763 3232 1893 3287 inde
1911 3233 2110 3288 disces-

483 3329 615 3385 sisse
661 3349 688 3382 α
728 3327 950 3400 direpto
995 3327 1307 3383 ministerio
1359 3330 1708 3382 sacrosancto
1752 3346 1779 3379 ι)
1825 3343 1838 3380 :
1886 3342 1956 3380 ex
1995 3342 2108 3398 quo

485 3427 730 3495 quatuor
747 3437 944 3477 eorum
959 3437 1060 3493 per
1069 3419 1264 3491 fugam
1279 3419 1479 3492 lapsi,«
1492 3423 1756 3491 patenam
1775 3423 1830 3474 et
1849 3434 2104 3484 urceum,

481 3516 581 3591 qui
609 3532 752 3571 anax
778 3515 1002 3584 dicitur,
1029 3532 1055 3565 »
1079 3513 1138 3569 in
1167 3513 1409 3586 patriam
1428 3512 1750 3580 detulerint,
1773 3504 1829 3568 et
1846 3515 2110 3583 patenam

481 3609 714 3683 quidem
757 3608 1006 3664 divisisse
1051 3607 1110 3663 in
1149 3608 1351 3663 multas
1386 3611 1601 3678 partes;
1645 3623 1880 3661 urceum
1918 3609 2110 3660 autem

481 3703 604 3775 regi
631 3701 978 3758 Gundobado
1001 3701 1072 3755 ab
1098 3701 1234 3772 ipsis
1259 3700 1431 3755 fuisse
1459 3699 1734 3769 oblatum,
1763 3703 1828 3754 ut
1849 3699 1996 3754 idem
2015 3715 2111 3752 au-

483 3801 606 3851 ctor
629 3793 822 3849 subdit
843 3793 903 3846 in
929 3791 1110 3864 capite
1137 3794 1192 3846 8.
1219 3794 1427 3847 Patena
1455 3791 1548 3845 illa
1585 3791 1704 3846 sine
1740 3791 1913 3846 dubio
1941 3807 2106 3862 capa-

482 3887 705 3943 cissima
729 3891 868 3955 erat,
899 3885 1094 3940 similis
1121 3885 1174 3940 ei
1205 3885 1274 3940 de
1300 3901 1412 3957 qua
1440 3883 1634 3938 scribit
1661 3884 1778 3956 ipse
1805 3885 2110 3956 Gregorius

483 3982 540 4037 in
568 3981 666 4036 lib.
695 3997 714 4035 1
742 3979 878 4034 item
904 3979 974 4034 de
1003 3977 1189 4033 Gloria
1215 3983 1530 4049 martyrum
1557 3993 1681 4048 cap.
1710 3980 1796 4032 85.
1826 3977 1931 4043 Qui
1959 3978 2111 4032 locus

484 4073 752 4146 quoniam
787 4087 1056 4144 magnam
1089 4070 1149 4125 in
1180 4087 1310 4124 vasa
1353 4087 1510 4124 sacra
1551 4070 1924 4125 reverentiam
1957 4071 2112 4126 exhi-

482 4167 596 4232 bet,
641 4166 732 4222 hic
783 4183 852 4221 ex
893 4165 1117 4236 integro
1153 4163 1483 4219 referendus
1519 4166 1623 4218 est.
1657 4184 1684 4214 «
1715 4163 2110 4218 Britannorum

482 4277 670 4316 comes
697 4277 826 4315 cum
858 4259 1106 4331 graviter
1132 4274 1164 4312 a
1194 4257 1480 4312 doloribus
1516 4256 1729 4328 pedum
1763 4256 2113 4328 afﬂigeretur

483 4359 540 4410 et
563 4371 668 4426 per
701 4351 947 4408 medicos
982 4351 1310 4424 expendens
1341 4349 1712 4404 substantiam
1753 4367 1932 4419 suam,
1969 4349 2111 4405 nihil

483 4447 834 4503 commodius
868 4445 1174 4514 habuisset,
1202 4443 1345 4499 dixit
1377 4442 1430 4497 ei
1455 4441 1687 4514 quidam
1716 4443 1786 4498 de
1812 4442 1927 4498 suis
1952 4460 1965 4498 :
2002 4467 2028 4492 «
2055 4443 2112 4500 Si

377 1841 384 1852 '
483 1853 662 1911 cappa
681 1837 857 1894 sancti
871 1835 1178 1892 Audomari
1193 1835 1462 1908 episcopi,
1484 1835 1544 1890 in
1564 1835 1744 1890 sancti
1763 1834 1976 1890 Bertini
1995 1815 2187 1888 mo-B
2214 1858 2240 1885 ‹‹
2270 1837 2390 1890 Non
2415 1835 2602 1906 credo,
2632 1836 2710 1890 ait
2739 1836 2853 1907 (Vir
2895 1837 3136 1908 sanctus)
3167 1835 3518 1890 contrarium
3557 1852 3674 1890 esse
3701 1837 3843 1902 Deo,

2211 1929 2280 1984 de
2307 1928 2618 1984 ministerio
2644 1945 2746 1983 suo
2787 1929 3238 2000 redemptionem
3263 1913 3418 1997 'dari,
3442 1927 3540 2000 qui
3568 1945 3625 1983 sc
3651 1929 3848 2000 ipsum

2212 2039 2314 2094 pro
2341 2022 2665 2077 hominibus
2685 2022 3073 2094 redemptione
3101 2021 3352 2078 tradidit.
3383 2043 3410 2070 ››
3440 2023 3694 2094 Cumque
3719 2022 3851 2092 ejus

2211 2116 2421 2171 factum
2467 2115 2564 2170 alii
2600 2115 2914 2187 culparent,
2960 2115 3269 2187 probarent
3310 2131 3443 2170 vero
3487 2115 3602 2184 alii,
3654 2114 3853 2170 subdit

2209 2209 2518 2281 Cyprianus
2543 2209 2839 2280 episcopus
2867 2209 2968 2281 qui
3003 2209 3124 2264 haec
3163 2209 3337 2264 refert
3364 2208 3423 2264 in
3450 2209 3548 2264 lib.
3577 2225 3594 2263 ι
3621 2208 3689 2263 de
3717 2208 3848 2264 Ca:-

2211 2303 2344 2359 sarii
2369 2303 2489 2358 Vita
2512 2319 2674 2357 num.
2705 2306 2766 2357 l7
2797 2319 2812 2357 :
2839 2324 2867 2351 «
2891 2303 3086 2358 Nonne
3105 2302 3167 2356 in
3191 2301 3334 2357 vitro
3361 2302 3593 2372 sanguis
3611 2302 3848 2369 Christi,

2211 2397 2354 2458 etin
2381 2396 2538 2468 ligno
2563 2412 2766 2466 corpus
2792 2395 3261 2466 pretiosissimum
3287 2396 3410 2466 ejus
3437 2395 3708 2467 pependit
3735 2411 3850 2466 pro

2211 2490 2372 2546 nobis
2413 2495 2470 2547 et
2507 2490 2704 2546 fulsit?
2733 2511 2760 2542 ι)
2789 2491 2924 2556 Quae
2961 2489 3238 2544 sententia
3279 2489 3604 2560 Hieronymi
3629 2489 3852 2545 dictum

2210 2585 2271 2641 in
2312 2585 2650 2640 memoriam
2679 2589 2902 2640 revocat
2927 2599 2995 2638 ex
3024 2583 3262 2655 epistola
3290 2583 3362 2637 ad
3401 2583 3714 2652 Rusticum,
3747 2583 3854 2638 ubi

2211 2679 2280 2735 de
2309 2678 2585 2750 Exuperio
2609 2679 2818 2734 Tolosae
2845 2677 3127 2750 episcopo,
3150 2676 3249 2748 qui
3277 2696 3305 2728 ‹‹
3335 2692 3564 2731 omnem
3589 2676 3851 2732 substan-

2211 2773 2348 2828 tiam
2374 2771 2581 2826 Christi
2604 2771 2911 2826 visceribus
2933 2770 3204 2842 erogavit,
3225 2789 3253 2820 ι)
3270 2774 3438 2841 atque
3463 2767 3587 2842 65
3607 2769 3853 2824 indubie

2211 2883 2342 2922 vasa
2378 2883 2552 2935 sacra,
2584 2870 2817 2938 propter
2848 2865 3019 2920 verba
3055 2880 3184 2934 quae
3231 2868 3550 2934 sequuntur
3585 2879 3599 2917 :
3636 2885 3663 2912 ‹‹
3692 2862 3854 2918 Nihil

2211 2959 2306 3014 illo
2342 2958 2534 3027 ditius,
2563 2959 2664 3030 qui
2701 2974 2908 3029 corpus
2945 2956 3170 3012 Domini
3204 2956 3266 3011 in
3291 2956 3538 3012 canistro
3567 2955 3846 3025 viminco,

2210 3051 2548 3124 sanguinem
2574 3055 2762 3123 portat
2785 3050 2846 3106 in
2870 3049 3038 3106 vitro.
3064 3071 3091 3100 »
3114 3048 3361 3120 Denique
3377 3048 3678 3104 concilium
3698 3048 3858 3104 Rhe-

2209 3161 2400 3200 mense
2429 3144 2533 3199 sub
2555 3160 2771 3198 annum
2797 3147 2898 3198 627
2925 3143 3291 3209 celebratum,
3316 3158 3530 3197 canone
3551 3145 3640 3210 22,
3663 3145 3852 3207 cavet,

2207 3254 2280 3293 ne
2306 3238 2597 3310 episcopus
2615 3237 2920 3292 ministeria
2939 3251 3096 3292 sacra
3114 3237 3346 3304 frangat
3357 3251 3460 3306 pro
3481 3235 3859 3305 qualicunque

2207 3331 2526 3393 conditione,
2552 3336 2766 3400 excepto
2792 3332 2843 3384 si
2865 3332 3098 3385 evenerit
3123 3329 3304 3384 ardua
3326 3330 3612 3383 necessitas
3639 3343 3742 3398 pro
3771 3345 3859 3382 re-

2208 3425 2508 3494 demptione
2529 3426 2890 3494 captivorum.

2281 3521 2333 3572 5.
2365 3518 2578 3572 Praeter
2623 3517 2726 3570 hos
2766 3515 2861 3570 alii
2899 3515 3070 3570 etiam
3107 3518 3364 3568 auctores
3408 3512 3711 3568 ministerii
3741 3530 3854 3569 no-

2209 3611 2363 3666 mine
2383 3610 2469 3664 usi
2498 3614 2631 3665 sunt
2649 3609 2720 3664 ad
2736 3625 2952 3663 sacram
2968 3607 3378 3678 supellectilem
3395 3605 3852 3678 signiﬁcandam.

2209 3706 2368 3774 Nam,
2397 3709 2463 3758 ut
2486 3718 2557 3758 ne
2579 3707 2737 3758 extra
2759 3701 2994 3757 Galliam
3017 3700 3274 3771 exempla
3295 3703 3575 3771 petamus,
3601 3701 3858 3755 occurrit

2209 3797 2406 3851 Alcimi
2437 3795 2582 3850 Aviti
2616 3796 2950 3866 przeclarum
3000 3792 3388 3848 testimonium
3427 3791 3485 3846 in
3532 3793 3772 3863 epistola
3816 3797 3853 3849 6

2207 3889 2279 3944 ad
2310 3888 2615 3944 Victorium
2657 3887 2984 3958 episcopum
3018 3905 3031 3940 :
3068 3906 3096 3937 «
3125 3887 3200 3940 De
3239 3884 3570 3940 ministeriis
3614 3885 3855 3940 haereti-

2209 3999 2425 4052 corum,
2449 3998 2575 4053 qute
2591 3981 2702 4036 illis
2729 3997 2905 4050 sacra,
2925 3979 3086 4034 nobis
3107 3977 3470 4033 exsecrabilia
3491 3977 3855 4048 judicantur,

2209 4075 2267 4131 id
2293 4079 2374 4130 est
2395 4073 2616 4146 patenis
2642 4073 2988 4145 paterisque,
3012 4073 3146 4144 quia
3172 4071 3308 4143 quid
3332 4087 3590 4126 censeam
3614 4071 3858 4142 perinde

2210 4167 2516 4224 rescribere
2563 4183 2656 4222 me
2690 4166 2924 4238 jussisti,
2954 4165 3151 4220 validas
3186 4164 3418 4236 quidem
3449 4164 3862 4220 observationis

2211 4263 2532 4334 exemplum
2551 4263 2666 4328 'est,
2695 4261 2848 4332 quod
2877 4260 3085 4331 legitur
3121 4259 3181 4313 in
3221 4258 3570 4329 Heptatycho
3610 4257 3678 4312 de
3710 4259 3856 4312 thu-

2211 4355 2410 4410 ribulis
2437 4358 2822 4427 peccatorum.
2841 4373 2868 4406 ι»
2900 4355 2966 4408 Et
2993 4353 3137 4407 infra
3168 4371 3182 4406 :
3217 4373 3244 4401 ‹‹
3273 4351 3672 4423 Heprehendat
3697 4357 3858 4407 certe

2210 4448 2490 4520 quispiam
2519 4464 2622 4520 pro
2651 4447 2738 4501 sui
2773 4445 3108 4502 discretione
3135 4443 3288 4516 quod
3318 4443 3519 4500 sentio.
3550 4444 3754 4498 Fateor
3780 4445 3859 4501 de

483 4541 637 4598 enim
668 4541 738 4595 ab
765 4539 997 4595 ecclesia
1020 4538 1123 4593 tibi
1151 4536 1377 4610 aliquod
1403 4553 1497 4592 vas
1524 4535 1844 4606 ministerii,
1874 4537 2027 4609 quod
2052 4537 2110 4592 in
2131 4547 2190 4618 Ι)
2213 4541 2542 4596 ministeriis
2593 4540 2706 4594 illis
2748 4539 2984 4594 minime
3033 4538 3318 4604 delectari,
3365 4554 3492 4609 quas
3540 4537 3864 4608 superioris

483 4634 644 4690 altari
670 4633 919 4705 ponitur,
950 4631 1256 4700 deferatur,
1285 4630 1343 4685 in
1370 4647 1484 4702 quo
1509 4630 1678 4702 pedes
1703 4631 1978 4700 ablueres,
2007 4648 2110 4702 po-

484 4727 616 4784 terit
638 4725 740 4782 tibi
765 4725 889 4780 haec
915 4739 1080 4778 causa
1119 4724 1266 4778 ferre
1299 4723 1600 4780 medelam.
1630 4723 1796 4779 Stulti
1824 4728 1882 4779 et
1904 4724 2114 4779 inertes

485 4820 582 4890 (ait
616 4817 902 4891 piissimus
939 4815 1215 4886 antistes),
1243 4831 1360 4870 non
1393 4820 1813 4887 cognoscentes,
1845 4817 1996 4888 quod
2022 4833 2110 4870 sa-

484 4917 636 4969 crata
671 4913 782 4966 Deo
809 4927 938 4964 vasa
959 4925 1075 4963 non
1103 4907 1310 4964 debent
1331 4909 1402 4964 ad
1431 4925 1564 4963 usus
1589 4909 1875 4964 humanos
1909 4909 2110 4981 aptari.

483 5009 554 5062 At
575 5005 669 5061 ille
697 5003 823 5078 64
850 5002 1108 5059 celeriter
1131 5002 1201 5057 ad
1231 5001 1522 5057 ecclesiam
1552 5001 1748 5068 mittit,
1771 5008 1827 5057 et
1847 5006 2110 5074 patenam

483 5098 817 5154 sacrosancti
854 5095 1044 5152 altaris
1080 5095 1149 5150 de
1187 5094 1426 5150 sacrario
1452 5095 1705 5168 suscipit,
1729 5095 1917 5168 ibique
1944 5095 2114 5168 pedes

483 5191 678 5246 abluit.
709 5191 814 5246 Sed
835 5189 1031 5244 statim
1053 5189 1339 5244 doloribus
1361 5188 1584 5257 additis,
1603 5188 1672 5243 ad
1692 5189 1924 5260 plenum
1952 5189 2111 5246 debi-

482 5284 694 5352 litatus,
753 5297 1036 5354 nusquam
1077 5285 1270 5353 postea
1311 5297 1570 5354 gressum
1609 5281 1794 5338 facere
1831 5283 2034 5354 potuit.
2083 5303 2110 5335 ι)

483 5377 652 5434 Addit
687 5375 988 5448 Gregorius
1027 5375 1288 5432 similiter
1313 5375 1510 5430 fecisse
1539 5375 1850 5447 quemdam
1887 5375 2112 5448 Lango-

482 5470 790 5528 bardorum
820 5470 1046 5526 ducem.
1079 5470 1230 5526 Adeo
1257 5485 1411 5524 sacra
1431 5468 1626 5524 omnia
1644 5468 1872 5538 cedunt,
1895 5485 2024 5524 cum
2045 5470 2113 5525 de

481 5568 784 5638 potentum
801 5565 981 5621 salute
1001 5564 1212 5637 agitur.
1233 5562 1463 5619 Concilii
1484 5580 1544 5617 ui
1562 5561 1914 5617 Bracarensis
1933 5579 2114 5618 canon

480 5661 514 5714 2
549 5674 741 5715 severe
779 5657 1179 5714 animadvertit
1218 5657 1277 5711 in
1321 5655 1599 5727 quosdam
1640 5656 1975 5728 sacerdotes,
2013 5657 2111 5730 qui

480 5766 612 5806 vasa
639 5767 797 5807 sacra
823 5751 882 5806 in
909 5750 1175 5822 profanos
1199 5764 1335 5804 usus
1359 5747 1741 5803 assumebant.

549 5845 602 5897 4.
637 5844 825 5915 Longe
854 5841 1199 5916 probabilior
1221 5839 1330 5896 fuit
1367 5856 1502 5896 usus
1534 5855 1798 5898 vasorum
1824 5857 2112 5898 sacrorum

2214 4635 2403 4689 Galliae
2450 4633 2706 4704 partibus
2758 4632 2830 4687 ad
2883 4631 3143 4687 ecclesias
3192 4629 3337 4701 legis
3376 4635 3586 4686 nostra:
3627 4631 3863 4702 captiva

2213 4731 2518 4793 venerunt;
2566 4741 2808 4798 quaeque
2859 4724 2938 4778 nil
2992 4723 3392 4792 voluntarium,
3447 4723 3528 4777 nil
3577 4721 3866 4779 innocens

2214 4819 2593 4891 praeferentia,
2649 4818 2695 4873 si
2747 4817 3070 4873 dolentibus
3119 4816 3433 4887 rapiantur,
3485 4815 3864 4872 offerentibus

2212 4913 2476 4984 prodesse
2514 4928 2633 4966 non
2668 4914 3002 4982 poterunt...
3036 4910 3148 4964 Cur
3185 4909 3255 4963 de
3290 4908 3568 4963 thesauris
3611 4909 3731 4962 suis
3767 4909 3860 4964 le-

2213 5006 2461 5062 ctissima
2479 5021 2720 5077 quaeque
2737 5003 3076 5076 producens,
3101 5001 3254 5057 haud
3275 5001 3431 5056 omni
3451 5001 3744 5072 impendio
3758 5019 3864 5058 cu-

2212 5105 2318 5169 rat,
2327 5104 2387 5153 ut
2397 5099 2456 5153 in
2470 5099 2557 5154 his
2570 5115 2697 5170 quaa
2709 5097 2778 5152 ad
2789 5101 3046 5151 sanctum
3059 5094 3442 5150 ministerium
3456 5093 3861 5166 pertinebunt,

2213 5209 2328 5248 non
2355 5191 2536 5263 magis
2557 5190 2871 5262 pretiositas
2891 5189 3069 5260 possit
3088 5189 3329 5261 placere,
3352 5203 3522 5259 quam
3543 5186 3764 5242 novitas
3780 5189 3813 5243 ?
3832 5212 3862 5237 η

2214 5287 2338 5341 Haec
2364 5284 2466 5339 etsi
2491 5284 2562 5338 ad
2587 5281 3038 5340 conﬁrmandum
3066 5281 3124 5336 id
3149 5281 3300 5353 quod
3326 5280 3388 5334 in
3410 5279 3702 5352 proposito
3731 5289 3868 5338 erat

2212 5396 2330 5434 non
2355 5382 2438 5434 est
2472 5376 2872 5443 necessarium,
2895 5376 3004 5430 erit
3036 5379 3226 5430 tamen
3252 5373 3325 5429 ad
3357 5373 3462 5428 hoc
3487 5372 3865 5445 probandum

2212 5471 2520 5543 singulare,
2548 5486 2755 5542 nempe
2793 5469 2939 5524 vasis
2969 5467 3366 5524 haereticorum
3406 5465 3623 5536 ablatis,
3653 5471 3714 5522 et
3754 5484 3864 5524 ec-

2212 5565 2396 5620 clesim
2430 5563 2649 5633 oblatis,
2682 5564 2857 5618 Deum
2896 5578 3010 5617 non
3055 5559 3342 5630 delectari,
3380 5575 3509 5630 quae
3544 5563 3666 5614 erat
3699 5563 3866 5618 Aviti

2213 5657 2508 5728 sententia,
2550 5656 2658 5712 nisi
2687 5679 2714 5706 α
2752 5655 2936 5711 infusa
2978 5653 3323 5721 fornacibus,
3369 5657 3426 5708 et
3463 5652 3708 5708 distenta
3747 5671 3871 5726 per

2211 5749 2468 5818 laminas,
2502 5773 2530 5800 »
2569 5766 2713 5823 pura
2747 5749 3084 5805 efficiantur.
3131 5747 3283 5802 Idem
3313 5751 3501 5801 censet
3534 5746 3604 5802 de
3644 5761 3866 5806 eorum

2212 5843 2462 5918 templis,
2489 5849 2643 5901 ratus
2679 5867 2707 5896 ι(
2737 5859 2860 5899 rem
2888 5840 3289 5908 insensibilem,
3317 5856 3444 5914 que
3468 5839 3726 5912 primum
3755 5841 3864 5900 in-
