4044 6196
216 281 320 339 149

1209 283 1296 341 DE
1333 282 1648 342 LITURGIA
1682 281 2054 342 GALLICANA
2089 281 2292 344 LIBER
2327 285 2592 346 PRIMUS.

3478 292 3578 350 t50

207 393 419 448 novata
459 386 740 463 polluitur
781 385 955 462 (nulla
999 389 1184 465 posse)
1224 389 1665 450 sanctiﬁcatione
1706 408 1845 465 pur-
1869 403 1928 479 Α
1946 392 2211 452 tudinum
2237 395 2692 455 Cluniacensium
2716 414 2840 472 cap.
2870 401 2960 471 29,
2989 404 3046 457 et
3080 397 3386 458 Hildeberti
3425 401 3574 475 epis-

211 485 363 557 gari.
398 503 427 537 ι»
455 483 577 541 Alia
612 484 722 542 fuit
761 500 924 542 mens
959 485 1216 558 Gregorii
1255 487 1442 558 Magni
1477 491 1534 543 et
1556 490 1687 543 ante
1715 502 1849 542 eum

207 579 486 636 Honorati
512 579 756 652 episcopi
786 579 911 652 66
934 581 1300 650 Novariensis,
1318 581 1419 652 qui
1435 581 1715 654 templum
1733 581 1852 636 ido-

206 673 406 730 lorum
434 673 497 728 in
519 673 815 729 ecclesiam
841 673 1148 730 convertit:
1173 673 1234 728 in
1259 675 1420 746 cujus
1442 674 1852 731 dedicationem

207 767 511 823 Ennodius
556 767 828 823 diaconus
859 767 1168 822 Ticinensis
1220 767 1528 823 dictionem
1567 769 1852 823 Honorato

205 859 498 928 submisit,
526 876 655 932 quae
683 861 850 916 dictio
883 865 968 916 est
985 861 1230 916 secunda
1255 861 1408 933 apud
1433 861 1777 918 Ennodium.

281 958 344 1010 6.
376 955 606 1024 Verum,
647 958 712 1010 ut
745 954 816 1010 ad
855 953 1214 1027 propositum
1241 971 1334 1012 me
1359 955 1624 1026 referam,
1652 955 1849 1010 minis-

203 1049 430 1104 terium
453 1064 570 1104 non
595 1048 780 1104 solum
807 1065 936 1104 vasa
971 1065 1144 1116 sacra,
1177 1049 1276 1104 sed
1303 1048 1470 1105 etiam
1503 1049 1610 1104 alia
1636 1065 1766 1121 quae
1792 1049 1854 1104 in

204 1142 390 1197 sacris
441 1142 569 1196 usui
622 1146 816 1212 erant,
871 1141 1152 1213 signiﬁcat
1204 1143 1358 1215 apud
1411 1143 1746 1214 Gregorium
1792 1142 1854 1198 in

205 1235 474 1290 Historiae
514 1235 614 1291 lib.
664 1251 681 1290 ι
726 1251 849 1307 cap.
897 1238 989 1304 27,
1023 1236 1125 1290 ubi
1177 1236 1438 1292 Clodovei
1474 1235 1682 1291 milites
1718 1258 1746 1285 ‹‹
1785 1236 1855 1292 de

204 1328 474 1400 quadam.
490 1328 724 1384 ecclesia
748 1344 984 1384 urceum
1007 1329 1170 1384 mirae
1195 1328 1607 1401 magnitudinis
1631 1345 1694 1384 ac
1722 1329 1853 1400 pul-

205 1420 561 1478 chritudinis
586 1442 615 1472 »
649 1422 842 1494 (quem
869 1427 1060 1478 sancto
1086 1423 1348 1495 Remigio
1375 1423 1725 1478 Rhemorum
1749 1439 1852 1476 an-

205 1515 386 1570 tistiti
429 1531 532 1570 rex
569 1515 690 1586 ipse
737 1515 922 1570 adhuc
963 1532 1222 1588 paganus
1271 1516 1540 1588 restituit)
1580 1516 1858 1587 leguntur

205 1608 516 1664 abstulisse
546 1629 574 1662 α
603 1619 735 1664 cum
760 1607 994 1681 reliquis
1029 1609 1389 1664 ecclesiastici
1424 1608 1731 1665 ministerii
1759 1625 1855 1664 or-

206 1703 524 1758 namentis.
557 1723 586 1752 »
616 1702 903 1773 Ejusmodi
939 1703 1367 1774 supellectilem,
1394 1719 1521 1776 quae
1553 1702 1857 1759 ministerii

1947 487 2078 560 copi
2100 491 2539 548 Cenomanensis
2567 491 2802 564 epistola
2829 495 2860 550 8
2892 493 2963 550 ad
2997 495 3348 552 Anselmum.
3380 497 3440 552 In
3470 512 3578 552 usu

1948 587 2070 638 erat
2102 599 2136 637 a
2169 584 2368 654 primis
2413 587 2766 658 temporibus
2800 587 2910 643 hoc
2951 588 3396 645 instrumentum
3425 591 3578 662 apud

1948 675 2188 746 Graecos,
2218 679 2368 749 quod
2396 679 2562 733 variis
2577 680 2918 737 testimoniis
2941 681 3145 753 probat
3165 683 3578 738 eruditissimus

1948 769 2192 840 Cangius
2233 789 2247 825 :
2291 771 2498 842 quibus
2538 773 2752 829 accedit
2797 774 2954 829 locus
2999 790 3070 829 ex
3117 774 3242 831 Vita
3283 775 3575 846 Euthimii,

1951 878 2112 918 num.
2142 866 2208 919 78
2234 863 2332 919 ubi
2359 864 2589 926 μυστικῆς
2609 864 2786 930 ῥιπίδας
2808 867 2872 922 ﬁt
2899 868 3134 923 mentio.

2023 959 2074 1012 8.
2105 959 2422 1029 Antequam
2450 959 2560 1014 hoc
2594 964 2764 1030 caput
2795 960 3012 1031 ﬁniam,
3046 961 3339 1019 observare
3369 979 3574 1020 conve-

1953 1049 2056 1118 nit,
2085 1066 2152 1104 ex
2179 1051 2453 1123 Gregorio
2479 1055 2751 1122 nostrate,
2786 1055 3101 1110 sacerdotes
3128 1056 3187 1110 in
3212 1055 3412 1112 itinere
3437 1074 3575 1114 con-

1955 1143 2200 1214 stitutos,
2227 1149 2292 1200 ut
2329 1162 2555 1218 semper
2595 1146 2667 1202 ad
2702 1163 2856 1202 sacra
2879 1146 3134 1204 facienda
3156 1151 3341 1220 parati
3369 1157 3575 1222 essent,

1954 1235 2255 1308 aliquando
2304 1244 2546 1309 gestasse
2591 1239 2821 1294 calicem
2862 1257 2992 1296 cum
3031 1246 3252 1312 patena.
3296 1245 3386 1300 Sic
3424 1245 3578 1302 enim

1954 1329 2123 1386 habet
2155 1331 2460 1403 Gregorius
2501 1333 2559 1388 in
2594 1334 2693 1389 lib.
2725 1334 2794 1389 de
2827 1335 3012 1390 Gloria
3037 1336 3424 1394 confessorum
3453 1356 3574 1412 cap.

1954 1428 2042 1494 22,
2071 1425 2170 1480 ubi
2195 1426 2264 1481 de
2288 1427 2528 1482 Maximo
2553 1427 2750 1483 abbate
2775 1445 2788 1482 :
2822 1450 2850 1478 «
2879 1429 2980 1501 qui
3009 1431 3262 1486 occulere
3285 1433 3438 1502 quod
3461 1439 3582 1489 erat

1956 1519 2203 1590 cupiens,
2231 1519 2381 1590 apud
2408 1521 2652 1574 Insulam
2673 1514 2972 1576 barbaram
2995 1525 3326 1580 monasterii
3346 1526 3576 1598 Lugdu-

1955 1611 2144 1666 nensis
2185 1612 2534 1683 peregrinari
2576 1613 2843 1685 expetiit;
2885 1615 3274 1672 manifestatus
3307 1622 3498 1673 autem
3528 1625 3584 1674 et

1956 1704 2056 1775 ibi,
2073 1705 2143 1760 ad
2164 1705 2402 1776 patriam
2425 1706 2498 1773 (id
2522 1711 2607 1762 est
2628 1707 2695 1762 ad
2717 1724 2932 1779 pagum
2953 1711 3316 1782 Turonicum)
3341 1710 3468 1784 68
3490 1729 3582 1766 re-

206 1796 452 1852 nomine
481 1796 837 1864 censebatur,
867 1801 1122 1853 recenset
1143 1797 1330 1852 Aredii
1365 1797 1583 1852 abbatis
1607 1797 1854 1852 Atanen-
1876 1775 1934 1847 Β
1957 1797 2077 1853 dire
2103 1797 2395 1870 disposuit.
2417 1799 2666 1870 Denique
2689 1800 2828 1855 dum
2847 1801 3065 1856 Ararim
3085 1803 3320 1858 ﬂuvium
3342 1775 3586 1860 transire

211 1891 294 1949 sis
321 1893 728 1946 testamentum
753 1891 816 1945 in
844 1891 968 1945 hazc
986 1890 1158 1946 verba
1190 1909 1251 1946 τα
1282 1891 1441 1956 Quod
1468 1890 1859 1962 unusquisque

208 1985 379 2040 locus
403 1988 634 2040 sanctus
659 1984 994 2040 constitutus
1019 1985 1098 2040 ibi
1122 1983 1327 2040 habeat
1349 1983 1733 2040 ministerium
1757 1984 1858 2039 de-

213 2079 518 2148 claratum,
543 2082 764 2134 rectum
784 2077 1052 2134 duximus
1078 2077 1468 2144 inserendum,
1491 2077 1550 2132 id
1569 2081 1651 2132 est
1673 2081 1860 2134 turres

211 2176 487 2244 quatuor,
530 2172 910 2243 coopertorios
955 2172 1297 2227 holosericos
1335 2176 1481 2240 tres;
1520 2171 1720 2226 calices
1764 2187 1857 2225 ar-

213 2271 456 2337 genteos
484 2269 748 2337 quatuor,
785 2264 872 2336 (ex
910 2266 1136 2337 quibus)
1165 2266 1277 2321 duo
1321 2265 1522 2334 ansati,
1553 2265 1860 2336 comparati

215 2359 418 2415 solidis
448 2359 706 2429 triginta,
734 2359 876 2414 alius
910 2359 1102 2414 solidis
1121 2358 1424 2428 sexdecim,
1445 2358 1648 2414 tertius
1673 2357 1861 2414 solidis

218 2452 572 2524 quindecim,
589 2457 824 2524 quartus
843 2452 1034 2508 solidis
1051 2453 1432 2524 quadraginta
1453 2451 1728 2524 quinque,
1746 2451 1859 2508 duo

223 2562 294 2602 ex
327 2546 468 2617 ipsis
510 2561 648 2601 auro
683 2549 818 2602 sunt
854 2546 1134 2602 fabricati.
1167 2547 1319 2602 [dem
1347 2545 1764 2617 coopertorium
1787 2545 1858 2600 Ii-

223 2656 421 2706 neum,
448 2639 642 2695 valens
664 2638 858 2694 solidis
885 2643 1150 2712 quatuor,
1177 2640 1352 2711 pallas
1383 2639 1700 2711 corporales
1727 2654 1863 2710 qua-

225 2737 373 2802 tuor,
401 2733 646 2804 majores
684 2732 958 2806 quinque,
988 2732 1404 2805 quinquaginta
1447 2732 1721 2804 quinque,
1749 2731 1869 2808 mi-_

227 2842 402 2882 nores
434 2831 494 2882 et
523 2826 756 2881 tribuna
791 2827 1036 2882 valentia
1079 2827 1274 2882 solidis
1319 2825 1640 2896 duodecim,
1672 2829 1729 2880 et
1751 2825 1865 2879 alia

225 2919 582 2992 quotidiana,
619 2936 748 2991 quae
790 2924 926 2976 sunt
965 2925 1098 2977 ante
1141 2920 1338 2990 altare,
1384 2918 1626 2974 valentia
1676 2917 1866 2973 solidis

226 3015 504 3088 quinque,
536 3015 800 3072 et.multa
837 3014 949 3082 alia
981 3013 1228 3084 pretiosa
1255 3015 1662 3068 ornamenta.»
1695 3012 1864 3066 Paulo

225 3113 354 3180 post
388 3111 798 3162 enumerantur
831 3129 858 3156 ‹‹
887 3107 1192 3162 tribunalia
1216 3107 1348 3176 duo,
1379 3106 1622 3161 valentia
1662 3105 1866 3160 solidos
1886 3142 1940 3217 Ο

229 3205 504 3272 quatuor;
535 3201 659 3255 vela
682 3201 754 3256 ad
781 3200 921 3256 ostia
947 3201 1073 3270 tria,
1101 3199 1345 3256 valentia
1371 3199 1576 3254 solidos
1595 3215 1724 3268 sex;
1747 3202 1867 3253 tur-

237 3311 346 3360 res,
396 3293 622 3364 calices,
669 3295 851 3366 pallaa,
899 3299 955 3348 et
1005 3294 1374 3365 coopertoria.
1421 3314 1449 3342 »
1493 3293 1693 3348 Omnia
1735 3291 1869 3347 satis

231 3389 528 3459 perspicua
565 3392 720 3456 sunt,
747 3391 954 3458 printer
994 3392 1180 3441 turres
1215 3391 1272 3441 et
1305 3386 1531 3441 tribuna
1558 3402 1659 3440 seu
1683 3385 1864 3440 tribu-

231 3481 399 3535 nalia.
433 3483 492 3535 In
520 3481 774 3536 turribus
805 3479 1006 3535 inclusi
1031 3483 1192 3534 erant
1219 3479 1438 3551 calices,
1472 3479 1572 3552 qui
1597 3479 1656 3533 in
1683 3493 1864 3532 secre-

228 3574 370 3630 tario
390 3574 837 3646 reponebantur.

300 3673 350 3722 7.
381 3669 553 3723 Favet
588 3667 727 3722 huic
775 3665 1236 3739 interpretationi
1278 3664 1583 3738 Gregorius
1625 3663 1685 3718 in
1724 3663 1868 3719 libro

231 3761 300 3818 de
339 3761 528 3816 Gloria
573 3765 914 3832 martyrum,
963 3776 1088 3832 cap.
1115 3763 1185 3816 36
1219 3775 1233 3812 :
1269 3781 1297 3810 «
1334 3760 1579 3830 Tempus
1614 3757 1870 3812 sacriﬁcii

231 3854 486 3922 advenit;
516 3858 862 3925 acceptaque
888 3859 1048 3909 turre
1075 3853 1362 3923 diaconus,
1385 3852 1446 3906 in
1473 3867 1588 3923 qua
1616 3850 1873 3906 ministe-

233 3948 382 4003 rium
424 3947 698 4002 dominici
733 3947 983 4019 corporis
1019 3947 1352 4016 habebatur,
1406 3945 1554 4000 ferre
1597 3944 1765 4016 coepit
1799 3943 1870 3998 ad

235 4043 472 4110 ostium;
503 4041 908 4112 ingressusque
941 4040 1248 4112 templum,
1281 4044 1346 4094 ut
1390 4038 1511 4112 6'7
1545 4055 1668 4092 eam
1706 4037 1871 4092 altari

236 4139 663 4207 superponeret,
687 4134 874 4206 elapsa
891 4133 960 4189 de
974 4149 1148 4188 manu
1167 4133 1215 4204 ej
1223 4151 1288 4188 us
1302 4133 1588 4188 ferebatur
1606 4131 1666 4185 in
1682 4147 1867 4199 aera,»

237 4232 338 4283 etc.
375 4230 574 4300 Itaque
609 4244 678 4282 ex
705 4228 812 4283 hoc
847 4227 973 4282 loco
997 4231 1172 4299 patet,
1200 4225 1576 4280 ministerium
1604 4223 1872 4279 dominici

237 4322 508 4392 corporis,
537 4321 596 4374 id
633 4326 718 4376 est
753 4320 984 4375 calicem
1021 4325 1078 4374 et
1102 4324 1385 4390 patenam,
1412 4317 1691 4388 ejusmodi
1715 4319 1872 4372 turre

238 4415 406 4470 fuisse
433 4414 739 4469 inclusum.
768 4414 925 4468 Unde
951 4413 1014 4467 in
1040 4411 1310 4484 praedicto
1349 4415 1686 4466 testamento
1721 4425 1870 4464 sem-

1957 1894 2208 1962 cuperet,
2235 1907 2376 1946 nave
2415 1891 2649 1962 impleta
2691 1893 3061 1964 demergitur,
3089 1911 3153 1949 ac
3181 1895 3300 1966 ipse
3330 1897 3587 1952 sacerdos

1957 1983 2159 2056 pelago
2173 1984 2447 2056 operitur,
2463 1985 2680 2040 habens
2689 1985 2760 2040 ad
2777 1986 2988 2041 collum
3001 2003 3130 2042 cum
3148 1989 3587 2060 Evangeliorum

1959 2076 2106 2130 libro
2149 2077 2529 2132 ministerium
2567 2079 2988 2150 quotidianum,
3032 2080 3092 2136 id
3133 2085 3217 2137 est
3259 2083 3586 2154 patenulam

1959 2185 2187 2240 parvam
2232 2187 2361 2226 cum
2403 2171 2592 2226 calice.
2623 2192 2650 2221 n
2683 2172 2786 2228 Ubi
2824 2172 2980 2228 vides
3021 2173 3318 2228 ministerii
3353 2175 3587 2230 nomine

1959 2263 2264 2335 aliquando
2291 2265 2477 2320 solum
2501 2265 2734 2322 calicem
2760 2282 2893 2320 cum
2919 2271 3145 2338 patena,
3174 2271 3236 2322 ut
3261 2284 3398 2324 mox
3416 2268 3590 2324 turris

1963 2356 2258 2412 occasione
2289 2357 2577 2428 dicebam;
2607 2357 2912 2430 aliquando
2941 2359 3052 2414 alia
3073 2359 3304 2432 insuper
3331 2377 3488 2416 sacra
3510 2347 3595 2416 si-l

1963 2450 2217 2522 gniﬁcari
2245 2455 2579 2506 ornamenta
2611 2468 2625 2505 :
2659 2444 2741 2507 ex'
2755 2453 2985 2524 quibus,
3017 2470 3143 2526 quae
3172 2453 3233 2508 in
3267 2453 3376 2510 hoc
3410 2455 3591 2526 capite
3620 2500 3632 2515 .
3685 2438 3702 2455 κ

1962 2543 2445 2614 praetermisimus,
2472 2543 2535 2599 in
2559 2552 2724 2618 caput
2744 2563 2985 2618 sequens
2999 2563 3370 2602 reservamus.
3390 2549 3592 2604 Postea

1961 2639 2238 2692 statutum
2257 2641 2340 2692 est
2360 2655 2389 2689 α
2414 2641 2481 2692 ut
2504 2638 2820 2710 presbyteri
2847 2639 2967 2694 sine
2997 2655 3155 2694 sacro
3182 2639 3506 2710 chrismate,
3535 2645 3594 2696 et

1965 2729 2090 2784 oleo
2114 2729 2434 2800 benedicto,
2457 2735 2515 2786 et
2541 2747 2696 2784 sacra
2724 2731 3072 2786 Eucharistia
3097 2731 3302 2786 alicubi
3321 2748 3438 2788 non
3463 2749 3595 2804 pro-

1961 2821 2299 2890 ficiscantur,
2347 2821 2574 2894 (nempe
2625 2823 2704 2895 ut)
2755 2823 2826 2878 ad
2876 2823 3130 2878 officium
3181 2840 3349 2879 suum
3400 2825 3588 2880 statim

1965 2915 2325 2970 inveniantur
2361 2915 2562 2987 parati.
2604 2937 2633 2966 »
2673 2916 2836 2980 Quod
2877 2920 3148 2972 statutum
3185 2922 3376 2973 sancto
3417 2919 3590 2974 Boni-

1963 3008 2107 3064 faeio
2132 3007 2554 3082 archiepiscopo
2578 3009 2912 3080 Moguntino
2933 3010 3205 3066 tribuitur
3223 3011 3285 3066 in
3305 3011 3594 3083 Spicilegii

1964 3105 2122 3156 tomo
2152 3101 2236 3157 IX.

2579 3198 2799 3255 CAPUT
2837 3200 2970 3255 VIII.

1965 3294 2322 3350 Ecclesiarum
2350 3308 2443 3348 seu
2469 3293 2814 3366 basilicarum
2839 3295 3021 3361 forma
3055 3298 3108 3349 et
3139 3294 3417 3365 dispositio
3446 3295 3595 3366 apud

2141 3368 2390 3428 Francos,
2409 3367 2678 3434 vaﬁzque
2703 3365 2814 3434 ejus
2834 3367 3020 3434 partes
3045 3366 3413 3435 erplicantur.

2041 3481 2093 3532 1.
2121 3477 2244 3532 Non
2265 3493 2383 3531 una
2404 3476 2513 3532 fuit
2536 3475 2688 3548 apud
2712 3476 2957 3548 majores
2980 3479 3207 3532 nostros
3232 3475 3595 3534 ecclesiarum

1969 3587 2068 3626 seu
2087 3569 2444 3626 basilicarum
2470 3569 2677 3625 forma.
2705 3569 2843 3624 Aliae
2877 3569 3090 3640 quippe
3115 3567 3175 3623 in
3200 3569 3436 3624 modum
3461 3587 3592 3625 cru-

1969 3663 2068 3732 cis,
2112 3663 2234 3718 alise
2277 3666 2430 3718 recto
2476 3662 2758 3734 parietum
2802 3665 2860 3717 et
2898 3661 3181 3734 porticum
3229 3679 3328 3717 seu
3375 3663 3596 3719 alarum

1969 3756 2186 3826 ordine,
2213 3755 2335 3811 alia:
2376 3755 2439 3810 in
2477 3756 2676 3811 orbem
2712 3758 3050 3811 constructae
3092 3760 3296 3810 erant:
3335 3756 3594 3828 quaedam

1968 3849 2328 3922 laquearibus
2364 3849 2452 3904 vel
2494 3847 2780 3916 tabulatis,
2816 3847 3108 3902 nonnullae
3149 3847 3461 3904 fornicibus
3503 3849 3594 3904 in-

1969 3947 2222 4012 structae;
2256 3959 2454 3998 omnes
2491 3943 2552 3997 in
2585 3941 2836 3997 absidem
2879 3959 2976 3996 seu
3021 3958 3216 3997 arcum
3247 3943 3594 4010 desinebant,

1968 4040 2138 4108 atque
2153 4035 2438 4092 Orientem
2459 4035 2808 4108 spectabant,
2826 4051 3000 4107 quem
3012 4051 3232 4090 morem
3247 4036 3597 4092 usitatiorem

1969 4134 2131 4186 vocat
2147 4129 2414 4185 Paulinus
2439 4129 2499 4184 in
2523 4129 2762 4202 epistola
2790 4132 2853 4184 l2
2880 4129 2952 4184 ad
2974 4129 3262 4198 Severum,
3281 4147 3408 4202 quae
3425 4135 3510 4185 est
3529 4134 3598 4186 32

1969 4223 2031 4278 in
2083 4222 2388 4278 novissima
2429 4223 2702 4278 editione.
2741 4221 2899 4278 Unde
2944 4223 3260 4293 Stephanus
3302 4221 3599 4294 episcopus

1969 4317 2352 4387 Tornacensis,
2378 4316 2440 4371 in
2459 4315 2694 4388 epistola
2713 4317 2779 4371 86
2813 4315 2885 4370 ad
2911 4315 3146 4370 Lucium
3175 4331 3383 4385 papam
3411 4316 3496 4383 Ill,
3519 4315 3599 4370 ait

1969 4409 2296 4464 Parisiensis
2321 4409 2566 4465 ecclesiae
2591 4407 2768 4463 sancti
2791 4406 3074 4462 Benedicti
3099 4406 3347 4461 formam
3375 4427 3404 4456 (ί
3431 4406 3596 4461 dissi-
3701 4427 3710 4431 -

241 4525 337 4578 per
375 4512 566 4562 turres
608 4523 740 4562 cum
778 4505 1044 4562 calicibus
1076 4505 1524 4576 conjunguntur,
1553 4509 1609 4558 et
1632 4502 1866 4559 totidem
1885 4509 1944 4581 D
1968 4503 2161 4558 milem
2189 4507 2247 4558 et
2275 4501 2643 4557 dissidentem
2665 4500 2822 4570 (esse)
2845 4500 2915 4554 ab
2935 4498 3059 4553 aliis
3075 4498 3342 4568 ecclesiis,
3365 4499 3599 4571 (utpote)

241 4606 421 4655 turres
464 4604 838 4656 numerantur
873 4603 1014 4670 quot
1057 4598 1274 4654 calices.
1313 4600 1400 4652 An
1431 4601 1623 4652 autem
1660 4597 1720 4651 in
1763 4594 1874 4649 illis

241 4694 491 4748 turribus
513 4692 865 4748 Eucharistia
889 4691 1060 4746 fuerit
1085 4695 1383 4758 asservata,
1411 4690 1796 4762 expendamus
1813 4688 1873 4742 in

241 4787 420 4858 capite
466 4787 744 4857 sequenti.
789 4785 1178 4841 Tribunalium
1213 4783 1505 4839 obscurior
1540 4787 1624 4838 est
1654 4780 1872 4854 signiﬁ-

241 4885 415 4935 catus.
443 4881 572 4934 Haac
592 4896 698 4934 vox
720 4879 930 4950 passim
947 4878 1247 4933 ambonem
1268 4894 1334 4932 ac
1353 4877 1636 4948 pulpitum
1664 4874 1877 4946 signiﬁ-

241 4977 326 5028 cat
353 4989 369 5027 :
399 4973 498 5027 sed
526 4973 616 5027 bis
641 4972 778 5027 locis
801 4971 999 5027 sedilia
1033 4971 1424 5026 ministrorum
1447 4969 1639 5024 forsan
1666 4967 1872 5024 intelli-

245 5067 428 5137 genda
472 5071 626 5134 sunt,
662 5071 760 5121 aut
801 5069 953 5121 certe
989 5065 1209 5137 pulpita
1249 5063 1497 5133 mobilia,
1529 5079 1630 5118 seu
1663 5060 1878 5134 quaevis

241 5161 348 5215 alia
394 5159 650 5230 supellex
687 5159 912 5214 mobilis
949 5158 1020 5214 ad
1060 5161 1323 5212 ornatum
1359 5156 1568 5226 altaris,
1612 5171 1746 5209 nam
1785 5153 1880 5208 hic

244 5252 476 5308 mobilia
502 5252 778 5308 duntaxat
816 5256 1150 5307 ornamenta
1187 5255 1570 5306 recensentur.
1603 5249 1880 5303 Caeterum

244 5363 355 5402 non
379 5345 568 5402 solum
597 5346 854 5418 argentei
877 5350 936 5401 et
971 5345 1132 5399 aurei
1163 5343 1359 5399 calices
1393 5347 1574 5412 erant,
1603 5357 1674 5397 ex
1698 5341 1879 5411 dictis,

243 5440 339 5496 sed
365 5439 543 5495 etiam
567 5439 895 5511 crystallini,
924 5437 1106 5511 qualis
1133 5441 1254 5492 erat
1279 5436 1395 5506 ille,
1425 5436 1494 5492 de
1527 5451 1642 5507 quo
1666 5435 1880 5506 Grego-

244 5533 362 5589 rius
392 5534 454 5588 in
479 5533 580 5588 lib.
607 5549 626 5587 ι
653 5533 722 5589 de
745 5533 932 5588 Gloria
955 5536 1272 5602 martyrum
1299 5547 1424 5602 cap.
1451 5530 1540 5584 46.
1573 5527 1668 5583 llis
1691 5528 1880 5582 omni-

247 5627 350 5682 bus
375 5625 708 5682 addendum
737 5625 958 5682 videtur
980 5625 1268 5680 ﬂabellum
1299 5639 1412 5696 quo
1439 5621 1706 5677 diaconus
1725 5638 1884 5676 mus-

250 5737 336 5775 cas
368 5737 401 5774 a
429 5719 606 5774 sacris
629 5724 686 5775 et
725 5719 795 5774 ab
830 5720 952 5791 ipso
987 5719 1272 5774 sacerdote
1303 5717 1440 5771 olim
1464 5715 1748 5787 abigebat,
1775 5731 1887 5786 quo

250 5815 316 5871 de
343 5814 730 5872 instrumento
755 5813 1029 5887 legendus
1059 5811 1348 5869 Udalricus
1371 5809 1432 5866 in
1454 5808 1552 5866 lib.
1581 5825 1618 5864 ιι
1639 5810 1884 5868 Consue-

1971 4613 2100 4668 quae
2133 4613 2167 4650 a
2205 4599 2366 4666 parte
2399 4592 2703 4648 sanctuarii
2740 4591 3077 4662 respiciebat
3119 4591 3499 4663 Occidentem,
3532 4593 3602 4649 ab

1973 4688 2206 4744 introitu
2233 4687 2540 4742 Orientem.
2565 4708 2592 4735 η
2617 4684 2922 4757 Aptissima
2947 4688 3032 4740 est
3054 4685 3186 4740 huic
3211 4686 3333 4741 loco
3359 4686 3604 4742 basilica-'1

1975 4799 2008 4837 a
2020 4781 2146 4854 69
2161 4783 2432 4852 Perpetuo
2443 4778 2756 4834 Turonensi
2775 4778 3024 4834 antistite
3048 4779 3290 4834 conditae
3305 4779 3606 4850 descriptio

1974 4875 2125 4948 apud
2151 4873 2489 4944 Gregorium
2513 4872 2574 4926 in
2606 4871 2860 4927 Historiae
2889 4871 2990 4926 lib.
3014 4887 3052 4926 ιι
3081 4887 3202 4942 cap.
3236 4873 3300 4926 14
3332 4889 3346 4926 :
3374 4890 3402 4923 «
3432 4872 3610 4928 Habet

1975 4967 2036 5023 in
2060 4967 2296 5036 longum
2326 4965 2498 5036 pedes
2534 4969 2765 5020 centum
2790 4963 3204 5036 quinquaginta
3241 4963 3514 5035 quinque,
3546 4963 3607 5019 in

1976 5061 2154 5116 latum
2181 5058 2472 5130 sexaginta
2497 5075 2511 5114 :
2539 5057 2712 5113 habet
2730 5057 2791 5112 in
2805 5057 3005 5126 altum,
3027 5072 3208 5128 usque
3233 5055 3302 5111 ad
3323 5073 3608 5112 cameram

1975 5151 2057 5229 (id
2081 5157 2167 5208 est
2186 5151 2505 5224 fornicem),
2522 5151 2694 5224 pedes
2718 5149 3094 5223 quadraginta
3129 5149 3404 5222 quinque.
3435 5151 3638 5206 Fene-'

1980 5252 2120 5303 atras
2161 5247 2222 5301 in
2258 5245 2458 5302 altario
2495 5244 2731 5316 triginta
2768 5243 2929 5314 duas,
2959 5243 3020 5298 in
3045 5259 3210 5315 capso
3239 5243 3480 5314 viginti;
3514 5261 3608 5300 eo-

1979 5341 2204 5398 lumnas
2231 5337 2605 5412 quadraginta
2632 5353 2803 5392 unam
2822 5355 2836 5392 :
2857 5336 2918 5392 in
2937 5340 3059 5393 toto
3085 5335 3323 5392 aediﬁcio
3338 5337 3612 5394 fenestras

1983 5431 2399 5507 quinquaginta
2425 5431 2583 5501 duas,
2611 5431 2903 5486 columnas
2930 5435 3160 5488 centum
3183 5429 3397 5502 viginti
3425 5449 3440 5486 :
3473 5431 3614 5487 ostia

1985 5532 2133 5598 octo,
2161 5526 2271 5582 tria
2303 5525 2364 5581 in
2396 5523 2618 5594 altario,
2659 5524 2914 5598 quinque
2953 5524 3016 5580 in
3058 5541 3249 5598 capso.
3285 5545 3314 5576 ››
3343 5526 3457 5581 Hoc
3489 5524 3612 5579 loco

1986 5619 2290 5692 Gregorius
2328 5623 2510 5676 totam
2535 5617 2843 5676 ecclesiam
2886 5617 3088 5676 dividit
3123 5619 3187 5674 in
3223 5621 3412 5690 partes
3450 5616 3611 5686 duas,

1987 5729 2229 5786 quarum
2256 5730 2368 5769 una
2396 5711 2602 5769 dicitur
2625 5713 2912 5782 altarium,
2939 5713 3116 5770 altera
3133 5726 3386 5784 capsum.

2057 5810 2110 5865 2.
2139 5807 2283 5875 Quid
2323 5807 2395 5866 sit
2429 5823 2682 5882 capsum,
2717 5824 2835 5867 non
2872 5809 3204 5880 promptum
3238 5805 3323 5860 est
3357 5801 3616 5864 deﬁnire.
