4044 6196
418 239 508 305 ibi

1204 246 1536 303 APPENDIX
1571 246 1660 302 AD
1695 245 1918 301 OPERA
1953 245 2186 302 SANCTI
2221 245 2520 302 GERMANI
2557 246 2981 305 PARISIENSIS.

3671 252 3768 307 152

412 355 524 411 Hac
551 369 684 412 voce
719 353 909 412 navim
939 353 1130 430 (quam
1153 353 1431 424 vocamus)
1461 351 1726 420 ecclesiae,
1756 351 1841 406 vel
1865 357 2035 424 caput
2054 365 2113 438 Α
2132 353 2456 424 signiﬁcare
2503 353 2705 410 altare.
2757 374 2784 408 »
2837 358 2906 411 At
2947 354 3009 410 in
3049 353 3198 412 Actis
3242 353 3424 412 sancti
3465 355 3766 427 Trudonis,

412 465 508 505 seu
539 449 791 506 absidem
819 467 948 506 cum
981 451 1152 505 choro
1183 447 1450 518 adjuncto
1486 444 1768 516 designari
1795 448 2030 502 constat.

413 546 484 600 At
520 561 633 616 quo
675 545 860 599 minus
893 543 950 599 id
988 543 1056 598 de
1079 541 1270 595 absida
1300 539 1660 610 interpreter,
1698 538 1839 592 illud
1880 538 2031 608 facit,

413 638 564 709 quod
607 637 747 692 ostia
789 637 1038 708 quinque
1091 649 1256 704 capso
1308 632 1685 703 assignentur,
1724 631 1874 712 quod
1919 647 2036 687 non

413 729 642 798 absidre,
669 729 765 784 sed
787 728 914 782 navi
945 725 1248 782 convenire
1282 729 1483 797 potest.
1523 725 1611 782 Sic
1639 724 1846 781 dicitur
1873 743 2036 797 capsa

412 823 572 879 navis
604 822 662 876 in
702 820 850 875 Actis
885 825 1202 891 martyrum
1243 817 1824 890 Africanorum'apud
1865 819 2034 872 Baro-

413 916 594 984 nium,
632 913 703 969 ad
744 929 960 968 annum
1003 916 1126 982 302,
1167 929 1311 968 num
1355 915 1474 982 l23,
1517 911 1589 967 ad
1631 911 2036 982 designandam

413 1010 586 1066 imam
603 1023 752 1063 verse
765 1007 921 1063 navis
940 1011 1180 1080 partem.
1199 1007 1394 1062 Postea
1405 1011 1596 1062 tamen
1616 1021 1846 1077 capsum
1867 1005 2036 1060 etiam

413 1107 470 1160 et
507 1101 775 1174 capitium
813 1101 1092 1173 appellata
1128 1103 1214 1156 est
1257 1099 1350 1154 illa
1387 1099 1634 1155 ecclesia:
1663 1115 1809 1170 pars,
1839 1099 1898 1154 in
1925 1115 2038 1170 qua

411 1197 588 1252 altare
603 1196 868 1263 locatum,
891 1193 1305 1266 presbyterium
1326 1190 1814 1266 vulgo'appellata,
1835 1197 1897 1247 ut
1913 1193 2037 1248 doc-

409 1289 662 1346 tissimus
687 1288 931 1360 Cangius
964 1287 1240 1342 observat.
1272 1286 1575 1358 Gregorius
1601 1287 1660 1341 in
1691 1285 1944 1358 ejusdem
1967 1286 2035 1340 li-

409 1382 500 1439 bri
525 1399 647 1454 cap.
682 1385 746 1437 16
776 1380 1041 1438 describit
1066 1380 1235 1436 aliam
1269 1381 1578 1450 ecclesiam,
1607 1395 1781 1453 quam
1816 1384 2038 1435 sanctus

413 1475 703 1533 Namatius
735 1475 885 1546 apud
911 1476 1192 1530 Arvernos
1223 1473 1540 1546 aediﬁcavit,
1575 1496 1602 1525 ‹‹
1635 1473 1939 1529 habentem
1979 1473 2038 1529 in

411 1570 649 1642 longum
674 1567 846 1641 pedes
871 1572 1099 1624 centum
1123 1567 1559 1640 quinquaginta,
1587 1567 1648 1622 in
1672 1567 1849 1623 latum
1867 1567 2038 1638 pedes

415 1663 739 1735 sexaginta;
775 1661 836 1716 in
873 1662 1053 1717 altum
1079 1661 1228 1716 infra
1263 1678 1493 1733 capsum
1533 1678 1714 1734 usque
1757 1677 2039 1716 cameram

2132 463 2294 502 num.
2335 450 2425 514 25,
2465 447 2699 520 quidam
2741 470 2769 498 «
2809 454 2942 504 ante
2976 449 3187 504 lectum
3225 447 3469 522 piissimi
3506 451 3708 520 Patris,
3739 472 3768 501 ››

2134 539 2190 594 id
2217 543 2302 596 est
2326 545 2457 596 ante
2484 541 2605 612 ejus
2630 543 2940 613 tumulum,
2972 559 3030 598 se
3055 547 3368 614 prostrasse
3396 541 3623 600 dicitur.
3649 545 3774 611 Quo

2135 649 2302 688 sensu
2326 635 2538 705 passim
2564 636 2717 706 apud
2740 642 3000 692 auctores
3025 636 3229 692 medias
3256 637 3440 691 aetatis
3467 637 3776 709 reperitur,

2134 731 2200 782 ut
2225 727 2377 798 apud
2399 727 2737 800 Gregorium
2762 729 2824 784 in
2849 729 2944 785 lib.
2973 747 2995 784 1
3019 730 3088 786 de
3114 729 3406 785 miraculis
3429 731 3608 786 sancti
3635 732 3780 787 Mar-

2137 819 2240 874 tini
2273 833 2396 890 cap.
2437 823 2524 890 35,
2571 821 2670 876 ubi
2705 822 2899 878 lectuli
2933 822 3112 878 sancti
3147 822 3371 879 Martini
3409 839 3514 894 pro
3549 825 3779 880 tumulo

2135 911 2414 969 meminit.
2437 913 2680 970 Omnino
2705 915 2814 970 dici
2838 919 3044 988 potest,
3067 915 3342 972 lectulum
3367 916 3476 971 hoc
3500 916 3624 973 loco
3651 935 3779 974 esse

2136 1021 2395 1061 mensam
2435 1007 2621 1079 ipsam
2667 1008 2882 1079 altaris,
2931 1009 3092 1080 cujus
3147 1026 3371 1065 summa
3419 1027 3554 1083 pars
3597 1008 3782 1068 altare

2137 1099 2458 1170 appellatur
2481 1100 2550 1156 ab
2577 1101 2685 1156 hoc
2722 1106 2974 1172 auctore,
3003 1101 3103 1175 qui
3137 1103 3340 1158 sasculo
3367 1119 3443 1159 vn
3469 1103 3778 1162 scribebat.

2207 1193 2260 1248 4.
2301 1196 2345 1248 Α
2372 1194 2660 1266 proposito
2697 1211 2812 1250 non
2849 1195 3258 1272 digrediemur,
3287 1196 3334 1250 si
3371 1197 3688 1253 referamus
3717 1199 3782 1255 id

2137 1286 2288 1357 quod
2311 1287 2456 1342 Beda
2477 1288 2825 1344 Venerabilis
2849 1288 2908 1344 in
2931 1289 3030 1344 lib.
3053 1306 3072 1344 ι
3094 1289 3164 1345 de
3183 1289 3422 1346 Historia
3447 1291 3783 1348 monasterii

2138 1378 2224 1434 sui
2251 1396 2414 1436 num.
2453 1383 2484 1436 5
2511 1387 2938 1451 commemorat,
2976 1382 3232 1438 videlicet
3263 1383 3648 1454 Benedictum,
3686 1401 3782 1440 co-

2139 1477 2444 1544 gnomento
2472 1473 2793 1546 Biscopum,
2817 1475 3037 1531 Oceano
3069 1475 3414 1547 transmisso,
3445 1476 3654 1532 Gallias
3681 1494 3782 1550 pe-

2138 1565 2310 1634 tiisse,
2341 1570 2406 1620 ut
2432 1587 2460 1616 «
2490 1567 2900 1636 casmentarios,
2927 1568 3027 1640 qui
3044 1569 3325 1640 lapideam
3346 1568 3452 1624 sibi
3472 1570 3777 1626 ecclesiam

2141 1658 2217 1728 (id
2243 1659 2342 1731 est)
2373 1677 2503 1714 cum
2525 1660 2778 1716 tabulatu
2806 1661 3029 1734 lapideo
3059 1661 3162 1734 (uti
3191 1663 3436 1734 explicat
3463 1662 3782 1719 Willelmus

412 1733 586 1828 pedes
619 1753 1053 1828 quinquaginta,
1084 1753 1276 1810 inante
1319 1753 1568 1810 absidem
1605 1733 1910 1811 rotundam
1933 1754 2036 1809 ha-
2059 1733 2116 1806 B
2141 1751 2650 1809 Malmesburiensis
2719 1733 3080 1826 monachus),
3124 1733 3294 1828 juxta
3357 1757 3773 1827 Romanorum,

415 1849 582 1920 hens,
611 1849 680 1906 ab
704 1852 948 1920 utroque
976 1848 1150 1903 latere
1176 1849 1406 1904 ascellas
1431 1848 1506 1918 (id
1532 1853 1616 1904 est
1642 1849 1754 1904 alas
1778 1865 1878 1904 seu
1905 1865 2041 1920 por-

414 1943 576 2015 ticus)
615 1941 857 2014 eleganti
893 1945 1238 1997 constructas
1281 1958 1470 2014 opere,
1511 1946 1812 2014 totumque
1863 1941 2041 1996 aediﬁ-

413 2036 568 2092 cium
613 2036 672 2090 in
710 2036 945 2091 modum
987 2035 1170 2093 crucis
1215 2035 1462 2090 habetur
1495 2035 1837 2107 expositum.
1867 2035 2046 2090 Habet

413 2129 690 2186 fenestras
729 2129 1114 2202 quadraginta
1150 2129 1312 2198 duas,
1341 2128 1634 2184 columnas
1659 2128 2042 2200 septuaginta,

419 2223 563 2278 ostia
585 2228 734 2279 octo.
759 2244 787 2272 ››
805 2223 968 2287 Quod
986 2221 1180 2278 scribit
1195 2221 1521 2292 Gregorius,
1539 2221 1772 2276 «inante
1792 2221 2046 2276 absidem

416 2317 726 2372 rotundam
746 2315 982 2386 habens,
1002 2336 1028 2366 »
1050 2315 1194 2370 mihi
1213 2315 1400 2386 prima
1419 2315 1661 2370 lectione
1679 2314 1878 2370 referri
1897 2314 2046 2369 vide-

416 2411 586 2466 batur
613 2411 684 2466 ad
710 2426 972 2480 capsum;
995 2425 1128 2464 nam
1155 2408 1200 2462 si
1231 2408 1302 2463 ad
1331 2407 1630 2463 ecclesiam
1655 2408 1888 2479 referas,
1917 2407 2045 2463 scri-

416 2504 668 2560 bendum
682 2503 880 2558 fuisset
894 2503 1192 2558 habentem.
1211 2503 1289 2557 Ex
1303 2517 1417 2573 quo
1439 2501 1495 2573 7
1505 2500 1565 2574 ο
1587 2502 1900 2558 inferebam
1920 2519 2046 2574 cap-

419 2612 547 2652 sum
573 2595 644 2652 ab
663 2595 856 2651 abside
874 2595 1043 2651 fuisse
1063 2593 1412 2664 distinctum,
1431 2611 1562 2649 cum
1574 2599 1705 2649 ante
1721 2612 1778 2650 se
1794 2595 2048 2650 absidem

418 2689 722 2746 rotundam
741 2689 996 2746 haberet.
1011 2690 1415 2744 Verumtamen
1443 2693 1637 2758 postea
1662 2689 1839 2744 satius
1866 2689 2046 2743 visum

419 2788 499 2840 est
519 2783 718 2838 habens
731 2782 928 2838 referri
951 2781 1021 2838 ad
1043 2781 1360 2852 ecclesiam,
1377 2787 1434 2838 et
1454 2783 1734 2838 habentem
1753 2781 1868 2854 legi
1885 2799 2049 2853 opor-

418 2880 558 2932 tere.
585 2877 644 2931 ln
671 2880 912 2946 utraque
940 2875 1194 2944 ecclesia,
1215 2892 1389 2947 quam
1415 2892 1483 2930 ex
1511 2875 1782 2947 Gregorio
1807 2875 2050 2948 descrip-

420 2970 618 3038 simus,
649 2972 773 3024 octo
803 2973 964 3023 erant
989 2969 1167 3023 ostia:
1197 2973 1254 3022 et
1278 2968 1389 3022 tria
1408 2969 1638 3040 quidem
1658 2969 1728 3022 ad
1751 2968 1928 3024 altare
1949 2985 2049 3024 seu

419 3061 857 3134 presbyterium,
897 3060 1148 3131 quinque
1191 3060 1262 3114 ad
1303 3077 1558 3132 capsum.
1590 3063 1664 3116 De
1697 3061 1810 3116 illis
1845 3063 2044 3130 tribus,

421 3154 628 3226 quibus
655 3153 725 3208 ad
763 3152 1178 3224 presbyterium
1216 3153 1448 3224 patebat
1483 3153 1688 3224 aditus,
1721 3154 2046 3227 intelligen-

423 3249 528 3304 dus
553 3245 826 3304 Paulinus
851 3245 912 3300 in
939 3245 1125 3301 Natali
1157 3249 1221 3302 l0
1253 3265 1268 3300 :

579 3339 832 3404 Trinaque
862 3338 1108 3388 cancellis
1133 3339 1460 3390 currentibus
1485 3339 1614 3390 ostia
1642 3339 1891 3404 pandunt.

425 3435 680 3492 Totidem
703 3438 1002 3491 enumerat
1018 3435 1226 3490 Paulus
1246 3433 1602 3490 Silentiarius
1628 3451 1642 3490 :
1675 3455 1703 3486 α
1729 3435 1930 3491 Tribus
1957 3453 2053 3491 au-

423 3535 540 3586 tem
585 3529 761 3601 portis
803 3533 985 3585 totum
1027 3533 1248 3600 septum
1289 3529 1672 3584 sacerdotibus
1712 3533 1888 3602 patet,
1929 3551 1955 3578 ››
1992 3529 2053 3585 in

427 3623 547 3678 aede
573 3622 783 3678 scilicet
807 3627 1016 3678 sanctae
1045 3621 1288 3694 Sephiae.
1310 3623 1369 3677 ln
1394 3639 1582 3694 capso,
1603 3623 1752 3695 quod
1773 3623 2054 3695 reliquam

426 3733 459 3771 a
482 3714 832 3787 presbyterio
864 3715 1111 3770 ecclesiae
1137 3721 1364 3787 partem
1389 3716 1542 3786 apud
1577 3732 1678 3770 nos
1711 3716 2050 3788 complecte-

425 3809 614 3875 batur,
643 3807 896 3879 quinque
937 3807 1076 3862 ostia
1099 3811 1282 3876 erant,
1310 3807 1421 3862 tria
1458 3808 1732 3863 nimirum
1768 3809 1826 3864 in
1854 3810 2053 3881 majori

429 3903 596 3974 porta
619 3902 686 3957 ad
717 3899 1067 3956 occidentem
1098 3919 1112 3956 :
1141 3901 1256 3956 duo
1286 3901 1357 3956 ad
1383 3900 1518 3956 bina
1543 3902 1741 3957 latera.

500 3997 554 4051 3.
585 3996 705 4050 Non
736 3994 1047 4050 omittenda
1073 3999 1155 4050 est
1182 3994 1294 4050 hoc
1319 3995 1440 4049 loco
1481 3995 1782 4068 descriptio
1807 3995 2054 4052 ecclesias

429 4088 844 4156 Gemeticensis,
874 4087 1060 4160 qualis
1094 4105 1128 4144 a
1167 4093 1360 4144 sancto
1399 4088 1663 4144 Filiberto
1705 4089 1908 4145 abbate
1947 4107 2053 4145 sw-

430 4183 560 4238 culo
588 4199 656 4237 vn
689 4181 913 4237 condita
941 4185 1058 4236 est:
1086 4200 1114 4234 ι(
1139 4183 1416 4237 Introrsus
1443 4182 1644 4238 domus
1677 4183 1831 4238 alma
1853 4183 2052 4256 fulget,

428 4275 821 4333 habitantibus
845 4275 1039 4348 digna,
1064 4275 1134 4330 ab
1161 4277 1308 4330 Euro
1333 4292 1574 4348 surgens
1599 4277 1852 4346 ecclesia,
1877 4277 2058 4332 crucis

426 4371 608 4426 instar
643 4371 830 4424 erecta
862 4385 876 4424 :
905 4368 1065 4439 cujus
1089 4368 1308 4440 apicem
1334 4369 1550 4425 obtinet
1579 4370 1728 4425 alma
1753 4369 1912 4442 virgo
1937 4371 2054 4426 Ma‘

2142 1863 2314 1918 quem
2333 1863 2557 1918 semper
2577 1848 2827 1919 amabat,
2850 1865 3072 1904 morem
3093 1849 3366 1920 facerent,
3388 1868 3418 1901 »
3440 1851 3777 1922 postularet.

2144 1939 2352 1996 Deinde
2383 1957 2514 1996 cum
2538 1957 2681 2012 Opus
2709 1961 2736 1993 «
2766 1942 2837 1997 ad
2865 1942 3182 2013 profectum
3203 1943 3528 2014 (accederet,
3559 1946 3781 2016 rursus)

2141 2033 2450 2105 legatarios
2478 2034 2694 2090 misisse
2719 2034 2778 2089 in
2804 2035 3059 2105 Galliam,
3083 2036 3181 2108 qui
3209 2035 3339 2091 vitri
3359 2036 3620 2107 factores,
3642 2037 3784 2092 arti-

2143 2126 2274 2182 ﬁces
2309 2127 2567 2182 videlicet
2594 2127 2876 2183 Britannis
2900 2134 3132 2184 eatenus
3169 2129 3504 2202 incognitos,
3534 2130 3606 2186 ad
3633 2147 3781 2186 can-

2145 2221 2425 2276 cellandas
2471 2221 2740 2290 ecclesiae,
2781 2222 3219 2294 porticuumquc
3257 2227 3314 2278 et
3354 2224 3782 2279 coenaeulorum

2146 2314 2267 2386 ejus
2305 2314 2581 2370 fenestras
2617 2314 2982 2371 adducerent.
3012 2317 3361 2388 Factumque
3387 2321 3490 2385 est,
3519 2323 3578 2372 et
3610 2333 3784 2374 vene-

2144 2411 2309 2477 runt;
2337 2424 2443 2463 nec
2461 2408 2646 2463 solum
2665 2409 3017 2480 postulatum
3043 2426 3184 2480 opus
3203 2410 3652 2482 compleverunt,
3676 2411 3782 2466 sed

2146 2505 2203 2556 et
2221 2501 2536 2572 Anglorum
2554 2519 2624 2557 ex
2643 2517 2710 2557 eo
2731 2507 2962 2574 gentem
2983 2503 3260 2574 ejusmodi
3285 2503 3588 2558 artiﬁcium
3611 2521 3783 2560 nosse

2147 2610 2212 2648 ac
2238 2593 2450 2649 discere
2475 2595 2751 2650 fecerunt.
2774 2595 2858 2650 Ad
2883 2595 3005 2650 haec
3031 2600 3233 2652 cuncta
3257 2613 3386 2668 quas
3410 2597 3482 2652 ad
3508 2597 3704 2652 altaris
3725 2601 3790 2654 et

2147 2687 2392 2742 ecclesiae
2422 2686 2800 2744 ministerium
2835 2689 3248 2760 competebant,
3280 2706 3413 2744 vasa
3451 2689 3662 2746 scilicet
3689 2691 3786 2746 vel

2148 2781 2498 2851 vestimenta,
2520 2780 2653 2852 quia
2681 2781 2834 2836 domi
2865 2781 3119 2838 invenire
3139 2800 3256 2838 non
3281 2783 3485 2854 potuit,
3505 2783 3574 2838 de
3597 2789 3786 2840 trans-

2147 2874 2380 2930 marinis
2419 2875 2744 2946 regionibus
2779 2876 3070 2932 advectare
3105 2877 3400 2949 religiosus
3435 2883 3658 2949 emptor
3683 2895 3787 2935 cu-

2147 2967 2328 3022 rabat.
2360 2988 2388 3016 »
2419 2967 2520 3024 Ubi
2545 2967 2697 3024 vides
2722 2973 2933 3040 quanta
2954 2969 3127 3025 fuerit
3148 2970 3429 3041 majorum
3455 2976 3785 3026 nostrorum

2148 3061 2208 3115 in
2232 3061 2498 3116 ornandis
2533 3061 2668 3116 locis
2705 3061 2877 3117 sacris
2910 3063 3221 3118 sollicitudo
3249 3068 3306 3119 et
3345 3063 3618 3120 industria
3654 3081 3785 3136 pra:

2149 3153 2290 3210 aliis.
2321 3153 2696 3210 Guthberctus
2715 3155 2885 3210 abbas
2904 3157 3244 3229 Anglicanus
3271 3173 3402 3212 cum
3426 3174 3620 3212 rursus
3648 3158 3788 3214 vitri

2150 3247 2390 3302 artifices
2407 3249 2558 3319 apud
2583 3265 2640 3302 se
2672 3249 2948 3318 deessent,
2981 3251 3232 3322 aliquem
3263 3273 3291 3302 ‹‹
3318 3252 3418 3324 qui
3443 3252 3620 3307 vitrea
3647 3267 3788 3306 vasa

2151 3341 2294 3396 bene
2333 3345 2519 3412 posset
2545 3339 2730 3397 facere
2758 3362 2786 3395 »
2814 3343 2976 3414 petiit
3001 3360 3035 3397 a
3061 3345 3219 3399 Lullo
3248 3345 3516 3418 episcopo
3551 3347 3790 3417 Mogun-

2153 3434 2290 3490 tino.
2321 3434 2526 3489 Confer
2543 3435 2754 3490 Alfi-edi
2783 3435 2933 3508 regis
2960 3436 3160 3492 Vitam.

2225 3526 2352 3600 72
2381 3531 2432 3582 5.
2465 3528 2585 3593 Quo
2619 3528 2730 3584 ritu
2760 3529 2922 3584 ﬁeret
2948 3530 3146 3602 primis
3174 3530 3283 3586 illis
3315 3531 3666 3604 temporibus
3693 3548 3789 3588 ec-

2154 3620 2448 3676 clesiarum
2501 3621 2652 3692 apud
2701 3627 2976 3678 nostrates
3019 3623 3313 3694 dedicatio,
3359 3624 3496 3680 satis
3537 3625 3790 3698 explicat

2152 3714 2452 3786 Gregorius
2481 3713 2540 3769 in
2565 3714 2666 3770 lib.
2690 3715 2757 3770 de
2782 3715 2972 3771 Gloria
3001 3717 3383 3773 confessorum
3409 3735 3530 3790 cap.
3557 3721 3649 3786 20,
3679 3719 3791 3773 ubi

2153 3807 2382 3862 oratorii
2403 3825 2437 3862 a
2461 3823 2519 3862 se
2538 3807 2748 3863 factam
2769 3807 3182 3865 dedicationem
3202 3810 3484 3866 describit.
3507 3812 3573 3866 Et
3591 3811 3791 3883 primo

2155 3899 2386 3972 quidem
2408 3899 2466 3954 in
2484 3900 2592 3954 alia
2609 3905 2802 3956 sancta
2821 3901 3054 3958 basilica
3075 3922 3103 3956 «
3126 3903 3330 3975 vigiliis
3355 3907 3581 3959 noctem
3601 3920 3789 3960 unam

2155 3993 2442 4061 ducentes,
2474 3993 2678 4066 inquit,
2703 4012 2872 4051 mane
2896 3995 3184 4052 venientes
3209 3996 3278 4052 ad
3299 3996 3582 4066 cellulam,
3603 3997 3792 4056 altare

2156 4085 2306 4158 quod
2333 4103 2715 4158 erexeramus,
2745 4089 3180 4144 sanctiﬁcamus.
3202 4111 3231 4140 »
3257 4089 3465 4146 Deinde
3489 4110 3517 4142 α
3539 4094 3792 4163 regressi

2136 4179 2228 4259 ’ad
2261 4179 2570 4251 basilicam,
2611 4186 2829 4237 sanctas
2874 4182 3139 4254 reliquias
3183 4183 3408 4255 exinde,
3451 4183 3795 4240 solemniter

2161 4272 2504 4330 radiantibus
2525 4273 2698 4330 cereis
2725 4275 3118 4348 crucibusque,
3140 4277 3520 4333 admo’vimus.
3540 4279 3674 4333 Erat
3686 4294 3794 4334 au-

2155 4368 2275 4420 tem
2313 4367 2666 4423 sacerdotum
2693 4384 2758 4422 ac
2788 4367 3088 4424 levitarum
3114 4369 3175 4424 in
3208 4367 3350 4424 albis
3385 4370 3630 4426 vestibus
3667 4387 3794 4427 non

428 4463 532 4530 ria,
561 4462 738 4517 altare
779 4465 910 4518 ante
942 4462 1148 4518 faciem
1187 4461 1381 4518 lectuli
1423 4463 1697 4519 condente
1734 4463 2058 4519 beatissimo
2076 4467 2135 4539 D
2160 4460 2436 4516 minimus
2467 4461 2692 4530 chorus,
2717 4465 2773 4516 et
2797 4461 3004 4517 civium
3031 4463 3446 4537 honoratorum
3476 4464 3614 4520 ordo
3643 4481 3797 4537 prse-

431 4554 712 4624 Filiberto,
733 4555 949 4626 pictum
977 4572 1342 4626 gemmarum
1360 4556 1596 4623 lumine,
1621 4560 1914 4628 comptum
1935 4555 2059 4610 auri

431 4651 488 4704 et
505 4647 726 4720 argenti
746 4648 1030 4720 congerie.
1055 4649 1138 4703 Ab
1163 4653 1404 4720 utroque
1429 4649 1602 4706 latere
1627 4649 1856 4705 Joannis
1881 4653 1936 4704 et
1960 4649 2060 4704 Co-

430 4741 688 4797 lumbani
714 4759 828 4796 arae
850 4742 987 4797 dant
1013 4741 1254 4814 gloriam
1279 4742 1411 4798 Deo.
1433 4743 1640 4798 Aderat
1673 4761 1706 4797 a
1741 4744 1914 4798 Borea
1937 4741 2059 4798 Dio-

429 4835 574 4908 nysii
613 4835 878 4908 martyris
914 4839 972 4889 et
1006 4833 1269 4890 Germani
1315 4835 1644 4890 confessoris
1687 4835 1924 4891 aedicula
1953 4853 1966 4890 :
1999 4835 2058 4891 in

429 4929 642 4986 dextris
660 4929 850 4984 nobile
879 4931 1174 5000 permanet
1193 4927 1372 4982 sancti
1393 4927 1543 4983 Petri
1563 4928 1857 4984 oraculum
1883 4929 1958 5000 (id
1978 4933 2060 4986 est

429 5021 762 5092 oratorium)
802 5039 815 5075 :
859 5037 890 5076 e
930 5021 1107 5076 latere
1144 5020 1323 5075 sancti
1359 5020 1574 5076 habens
1598 5022 1820 5076 Martini
1871 5039 2053 5078 sacra-

431 5116 601 5170 rium.
628 5136 654 5162 »
679 5114 875 5170 ln.hoc
902 5117 1167 5168 contextu
1193 5113 1365 5186 plana
1385 5117 1443 5169 et
1466 5113 1764 5186 perspicua
1783 5115 1901 5170 fere
1927 5119 2060 5172 sunt

430 5205 642 5272 omnia,
657 5205 762 5260 nisi
779 5206 932 5278 quod
953 5222 1068 5261 non
1086 5205 1219 5261 satis
1237 5207 1532 5279 explorata
1557 5211 1639 5262 est
1663 5207 1857 5262 lectuli
1881 5208 2054 5264 notio.

431 5301 630 5355 Lectus
647 5315 746 5354 seu
767 5298 1006 5354 lectulus
1017 5299 1321 5372 aliquando
1341 5300 1540 5372 altare,
1557 5300 1862 5374 aliquando
1880 5301 2059 5357 sancti

428 5392 714 5448 tumulum
741 5391 1043 5464 signiﬁcat.
1069 5394 1130 5448 ln
1151 5394 1301 5448 Actis
1325 5398 1534 5450 sanctae
1562 5394 1856 5450 Anstrudis
1880 5394 2054 5452 abba-

427 5485 578 5542 tissa:
606 5485 1016 5558 Laudunensis,
1037 5503 1198 5544 num.
1233 5491 1321 5559 33,
1350 5488 1672 5559 Adalsinda,
1704 5505 1832 5561 quas
1856 5488 1909 5544 ei
1939 5506 2060 5544 suc-

430 5583 692 5648 cesserat,
714 5579 930 5636 ctnlitus
953 5581 1310 5650 admonetur,
1343 5601 1371 5635 α
1392 5586 1457 5637 ut
1477 5581 1688 5638 lectum
1712 5581 1874 5638 citius
1888 5582 2058 5638 faciat

429 5673 762 5730 aediﬁcari.»
782 5674 941 5740 Quod
969 5691 1099 5732 cum
1123 5675 1193 5732 ab
1219 5675 1327 5732 alia
1351 5675 1789 5745 sanctimoniali,
1819 5675 1936 5748 ’71
1968 5675 2058 5732 cui

428 5765 487 5820 id
505 5768 812 5824 revelatum
829 5767 1034 5837 fuerat,
1049 5769 1314 5838 audisset,
1333 5789 1359 5821 α
1377 5769 1654 5826 intellexit
1667 5769 1877 5826 lectum
1895 5768 2055 5826 illum

2159 4549 2368 4623 clarus;
2412 4553 2510 4609 sed
2551 4558 2607 4609 et
2641 4554 2838 4626 populi
2862 4557 3150 4627 sequentis
3176 4557 3390 4612 ordinis
3413 4574 3659 4630 magnus
3681 4574 3796 4613 nu-

2159 4663 2370 4702 merus.
2389 4646 2644 4718 Cumque
2671 4652 3024 4704 sacrosancta
3053 4649 3311 4721 pignora,
3332 4650 3514 4723 palliis
3538 4667 3603 4706 ac
3629 4668 3794 4724 map-

2159 4739 2244 4810 pis
2287 4744 2577 4811 exornata,
2615 4740 2674 4795 in
2703 4741 2990 4796 excelsum
3021 4742 3392 4814 deferremus,
3422 4744 3790 4814 pervenimus

2159 4833 2228 4888 ad
2257 4833 2466 4888 ostium
2504 4835 2750 4892 oratorii.
2784 4835 3238 4907 lngredientibus
3261 4840 3456 4892 autem
3481 4836 3663 4903 nobis,
3697 4854 3794 4892 su-

2159 4926 2274 4982 bito
2300 4927 2534 4998 replevit
2559 4927 2817 4983 cellulam
2857 4927 3013 4983 illam
3044 4929 3236 5002 fulgor
3270 4929 3558 5000 terribilis,
3601 4935 3711 4986 etc.
3759 4952 3788 4979 ιι

2157 5019 2469 5076 Concilium
2499 5021 2916 5078 Arausicanum
2942 5024 2988 5078 ll
3015 5023 3076 5078 in
3105 5023 3455 5080 dedicatione
3479 5023 3730 5080 basilicas
3758 5042 3794 5080 a

2159 5113 2377 5171 Liberio
2423 5114 2660 5170 Patricio
2715 5120 3052 5172 constructae
3104 5116 3450 5174 celebratum
3499 5121 3584 5172 est
3635 5133 3792 5174 anno

2159 5211 2282 5264 529.
2323 5208 2468 5280 Lege
2506 5207 2690 5279 Vigilii
2739 5225 2900 5280 papae.
2946 5209 3243 5282 epistolam
3298 5211 3368 5265 ad
3414 5209 3790 5266 Profuturum

2158 5301 2488 5375 episcopum
2530 5302 2948 5358 Bracarensem.
2994 5305 3196 5368 Quales
3249 5304 3320 5359 ad
3370 5303 3792 5361 dedicationem

2157 5395 2413 5468 reliquias
2457 5394 2884 5466 adhiberentur,
2932 5401 3152 5453 constat
3197 5413 3267 5452 ex
3318 5398 3519 5453 eodem
3558 5403 3794 5456 auctore

2156 5488 2410 5561 aliisque,
2424 5489 2524 5562 qui
2537 5489 2906 5563 reliquiarum
2921 5491 3151 5547 nomine
3166 5490 3499 5565 intelligunt
3510 5491 3795 5565 quidquid

2157 5583 2346 5654 aliquo
2373 5583 2541 5639 modo
2571 5587 2830 5640 sanctum
2850 5583 3124 5656 aliquem,
3142 5585 3189 5658 ej
3200 5599 3336 5640 usve
3355 5585 3649 5640 tumulum
3661 5587 3796 5642 atti-

2159 5680 2336 5748 gerat,
2365 5675 2572 5733 scilicet
2595 5693 2830 5748 pannos,
2857 5677 3208 5748 linteamina,
3249 5683 3305 5734 et
3339 5677 3448 5732 alia
3479 5679 3539 5734 id
3579 5693 3790 5750 genus.

2155 5769 2539 5826 Consulendus
2566 5771 2670 5827 hac
2698 5771 2766 5826 de
2797 5786 2854 5828 re
2892 5769 3195 5843 Gregorius
3222 5771 3278 5828 in
3316 5771 3413 5827 lib.
3461 5773 3480 5826 l
3527 5772 3594 5828 de
3633 5773 3797 5828 Mira-
