4042 6184
213 249 320 305 153

1215 247 1303 304 DE
1339 247 1653 304 LITURGIA
1687 246 2060 304 GALLIGANA
2097 246 2298 306 LIBER
2335 246 2602 308 PRIMUS.

3495 251 3593 314 ist

207 360 362 417 culis
403 357 581 415 sancti
605 357 844 430 Martini,
875 374 998 432 cap.
1032 362 1117 428 11,
1141 362 1199 415 et
1223 357 1324 414 lib.
1345 377 1366 415 ι
1392 359 1462 415 de
1487 359 1674 416 Gloria
1698 375 1849 414 mar-
1874 370 1934 444 Α
1953 373 2083 413 cum
2109 359 2384 416 columnis
2421 361 2537 418 suis
2559 367 2804 436 quatuor
2827 381 2896 423 ex
2924 369 3161 442 argento
3185 384 3351 443 puro.
3383 387 3410 422 η
3435 369 3502 426 Et
3529 368 3588 426 in

208 459 412 526 tyrum
449 469 574 526 cap.
610 455 702 522 28,
745 456 811 509 ut
844 453 1024 509 multa
1056 452 1166 508 alia
1203 453 1325 508 loca
1367 456 1723 526 prateream,
1768 469 1854 511 ec-

210 547 523 604 clesiarum
545 550 872 602 nostrarum
899 550 1087 618 partes
1113 546 1363 603 breviter
1379 547 1780 620 explicaturus.

273 643 332 696 6.
364 643 554 712 Atque
581 646 646 697 ut
673 642 742 696 ab
775 640 961 708 altari,
991 656 1117 712 qua
1153 641 1422 697 sacratior
1447 640 1693 697 ecclesia
1719 657 1852 714 pars

205 739 308 802 est,
343 736 648 807 exordiar;
676 736 744 792 de
776 752 842 791 eo
878 736 985 792 hoc
1023 739 1296 791 statutum
1331 734 1606 791 habemus
1631 735 1692 791 in
1715 752 1850 792 con-

205 828 320 883 cilii
347 831 696 902 Agathensis
719 846 933 886 canone
964 830 1028 885 14
1045 847 1058 885 :
1075 829 1286 885 Altaria
1305 829 1650 900 placuitnon
1669 829 1876 892 solum,

205 923 489 981 unctione
516 924 855 995 chrismatis,
886 923 984 980 sed
1015 925 1188 980 etiam
1221 923 1550 978 sacerdotali
1585 923 1848 979 benedic-

203 1019 365 1074 tione
399 1019 633 1074 sacrari.
665 1021 732 1074 Et
770 1019 831 1074 in
863 1017 1085 1075 concilii
1121 1017 1464 1089 Epaonensis
1498 1033 1710 1073 canone
1735 1019 1802 1072 26
1831 1034 1846 1073 :

201 1113 452 1181 Altaria,
481 1113 591 1168 nisi
615 1111 853 1184 lapidea,
875 1111 1192 1168 chrismatis
1209 1111 1476 1167 unctione
1493 1127 1610 1166 non
1635 1127 1852 1166 sacren-

197 1211 315 1262 tur.
353 1207 632 1262 Formam
662 1204 852 1262 altaris
879 1204 1128 1261 ecclesia
1157 1203 1284 1278 '73
1311 1205 1488 1260 sancti
1519 1205 1669 1260 Petri
1696 1205 1847 1276 apud

199 1299 598 1372 Burdegalam
637 1297 902 1355 describit
934 1299 1236 1371 Gregorius
1275 1299 1334 1354 in
1370 1298 1467 1354 lib.
1502 1315 1518 1352 ι
1559 1298 1630 1354 de
1663 1297 1850 1353 Gloria

197 1399 540 1464 martyrum
571 1409 693 1466 cap.
724 1396 792 1450 33
819 1413 833 1451 :
861 1412 889 1446 α
920 1392 1098 1464 Hujus
1131 1393 1307 1448 altare
1341 1391 1535 1463 positis
1569 1390 1631 1446 in
1667 1391 1848 1446 altum

195 1487 452 1560 pulpitis
478 1487 724 1542 locatum
745 1485 1016 1556 habetur;
1043 1485 1204 1557 cuius
1223 1501 1352 1558 pars
1371 1484 1624 1556 inferior,
1654 1484 1716 1540 in
1731 1501 1850 1542 mo-

194 1581 340 1635 dum
368 1585 614 1652 crypta,
641 1580 782 1636 ostio
802 1579 1104 1648 clauditur,
1133 1579 1349 1634 habens
1385 1577 1756 1634 nihilominus
1793 1583 1849 1636 et

191 1673 318 1747 ipsa
345 1691 493 1730 cum
520 1677 843 1730 sanctorum
863 1673 1198 1746 pignoribus
1217 1672 1393 1728 altare
1412 1688 1649 1728 suum.»
1676 1670 1847 1729 Multa

1951 452 2134 508 Leone
2166 453 2234 508 ΙΙΙ
2274 473 2287 510 :
2325 474 2352 507 «
2382 455 2536 512 Fecit
2572 456 2631 514 in
2668 458 2900 516 basilica
2943 461 3092 518 beati
3139 463 3289 519 Petri
3326 463 3584 536 apostoli,

1953 563 2124 618 super
2141 547 2318 602 altare
2339 550 2542 622 majus,
2566 551 2844 608 ciborium
2864 570 2995 610 cum
3015 556 3292 612 columnis
3315 557 3428 612 suis
3453 574 3590 630 qua-

1951 644 2082 695 tuor
2123 657 2192 696 ex
2229 647 2467 713 argento
2495 645 2798 716 purissimo
2843 647 3135 718 deaurato,
3179 667 3312 706 cum
3351 651 3586 707 diversis

1951 733 2198 790 historiis
2227 735 2386 790 mira
2414 737 2843 809 magnitudinis.
2873 760 2900 792 ι)
2952 743 3011 796 lu
3055 742 3333 812 ejusmodi
3361 745 3586 802 ciboriis

1953 844 2088 883 crux
2119 827 2178 883 in
2205 845 2428 888 summo
2455 835 2595 900 erat,
2624 832 2710 886 uti
2737 833 2908 888 etiam
2933 835 3148 905 itania,
3177 841 3318 892 teste
3348 841 3582 895 Anasta-

1951 921 2032 976 sio
2058 921 2116 978 in
2150 923 2329 978 Leone
2361 925 2461 979 lV:
2491 924 2774 981 «Sacrum
2809 927 3052 999 desuper
3073 931 3388 986 construxit
3404 932 3580 990 altare

1951 1018 2007 1069 et
2041 1015 2320 1072 ciborium
2343 1033 2474 1073 cum
2513 1035 2698 1075 cruce.
2731 1038 2760 1071 »
2793 1021 2910 1076 Huc
2939 1027 3152 1092 spectat
3177 1040 3206 1078 e
3237 1024 3443 1079 nostris
3469 1027 3579 1081 Ha-

1951 1106 2154 1164 riulfus
2193 1109 2252 1165 in
2285 1111 2545 1168 Chronici
2572 1113 2925 1169 Centulensis
2951 1114 3049 1170 lib.
3079 1132 3137 1170 ιιι
3165 1134 3287 1189 cap.
3317 1122 3382 1174 3:
3409 1139 3434 1171 α
3465 1119 3570 1175 Su-

1948 1219 2052 1274 per
2081 1202 2176 1257 illa
2202 1203 2310 1258 tria
2333 1205 2528 1261 altaria
2549 1206 2833 1262 habentur
2853 1207 2959 1262 tria
2979 1209 3206 1279 ciboria,
3239 1228 3310 1268 ex
3341 1217 3579 1284 argento

1949 1299 2005 1350 et
2035 1311 2174 1350 auro
2209 1302 2402 1369 parata
2447 1315 2460 1354 :
2501 1299 2561 1355 in
2592 1300 2798 1372 quibus
2830 1304 2942 1356 tres
2977 1301 3299 1373 dependent
3336 1321 3576 1375 corona,

1948 1387 2189 1462 singula
2230 1407 2334 1463 per
2371 1392 2616 1464 singula,
2657 1409 2726 1449 ex
2759 1410 2898 1449 auro
2946 1396 3300 1468 gemmisque
3343 1404 3574 1472 parata,

1947 1499 2077 1539 cum
2107 1483 2293 1540 aureis
2331 1485 2645 1557 cruciculis,
2679 1487 2916 1558 aliisque
2943 1490 3309 1546 ornamentis.
3331 1511 3358 1543 η
3390 1494 3581 1567 Itaque

1946 1576 2006 1631 in
2042 1593 2264 1632 summo
2302 1578 2511 1635 ciborio
2555 1597 2748 1638 cruces
2790 1598 2890 1638 seu
2936 1583 3236 1640 crucicula
3271 1590 3452 1656 erant,
3492 1588 3580 1644 uti

1947 1670 2116 1725 etiam
2139 1671 2198 1726 in
2215 1671 2458 1740 ciboriis,
2476 1689 2604 1744 qua
2619 1691 2790 1746 super
2808 1677 3059 1732 tumulos
3086 1683 3412 1734 sanctorum
3429 1697 3555 1736 erec
3567 1713 3579 1722 -

195 1740 495 1839 ejusmodi
519 1766 715 1824 altaria
733 1740 906 1837 edita,
930 1740 986 1822 et
1009 1782 1183 1838 super
1204 1768 1428 1838 cryptas
1453 1764 1628 1821 locata
1655 1783 1846 1838 super-
1865 1740 1922 1812 B
1947 1767 2001 1818 ta
2043 1769 2222 1834 erant,
2257 1765 2408 1836 apud
2447 1740 2780 1838 Gregorium
2817 1770 3203 1826 Turonensem
3247 1773 3578 1845 episcopum

195 1867 330 1917 sunt
347 1862 416 1916 in
439 1861 687 1916 ecclesiis
702 1859 1020 1916 Gallicanis.
1041 1859 1125 1915 Ad
1143 1859 1264 1914 hac
1291 1857 1488 1914 altaria
1507 1859 1846 1930 quibusdam

197 1955 484 2028 gradibus
519 1970 780 2010 ascensus
816 1957 956 2022 erat,
992 1953 1070 2008 ita
1106 1956 1172 2008 ut
1200 1952 1306 2008 sub
1345 1952 1614 2024 gradibus
1655 1952 1846 2010 ﬁdeles

195 2049 426 2104 oraturi
477 2052 710 2121 possent
761 2047 1083 2114 consistere,
1134 2051 1198 2102 ut
1228 2045 1489 2118 pluribus
1526 2047 1748 2102 ostendi
1784 2048 1846 2103 in

195 2142 545 2216 prafatione
571 2142 754 2214 prima
773 2141 960 2197 saculi
982 2157 1065 2209 Ill,
1083 2156 1248 2196 num.
1265 2143 1355 2196 79.
1379 2139 1644 2210 Ejusdem
1668 2157 1845 2213 prope

195 2237 401 2292 forma
429 2240 556 2292 erat
573 2235 634 2290 in
653 2234 880 2290 basilica
896 2234 1074 2290 sancti
1095 2233 1362 2307 Cypriani
1389 2235 1653 2306 martyris
1674 2254 1702 2287 ε(
1714 2251 1846 2291 ana-

194 2332 410 2403 logius,
441 2331 504 2384 in
532 2345 672 2401 quo,
702 2329 844 2384 libro
875 2328 1249 2401 superposito,
1280 2332 1541 2383 cantatur
1576 2332 1674 2384 aut
1711 2329 1845 2400 legi-

195 2429 306 2492 tur,
339 2444 370 2476 ι
403 2422 600 2495 inquit
622 2422 923 2494 Gregorius
955 2422 1019 2477 in
1050 2421 1148 2477 lib.
1168 2439 1188 2476 1
1219 2421 1289 2477 de
1313 2421 1499 2476 Gloria
1526 2426 1845 2494 martyrum

196 2534 320 2590 cap.
344 2518 441 2573 94.
471 2518 614 2572 Nam
643 2532 712 2572 ex
740 2532 852 2572 uno
877 2515 1064 2588 lapide
1093 2514 1392 2570 marmoris
1420 2517 1570 2570 totus
1593 2515 1844 2587 sculptus

196 2610 474 2667 asseritur
496 2627 511 2664 :
534 2609 592 2665 id
622 2614 706 2665 est
731 2625 925 2665 mensa
958 2609 1221 2680 desuper,
1256 2609 1328 2664 ad
1354 2624 1526 2680 quam
1561 2625 1665 2680 per
1696 2625 1839 2680 qua-

195 2709 340 2760 tuor'
357 2704 573 2776 gradus
597 2703 986 2772 adscenditur;
1021 2702 1254 2758 cancelli
1275 2702 1336 2758 in
1363 2701 1622 2771 circuitu,
1651 2702 1844 2758 subter

197 2798 512 2866 columna;
552 2796 688 2870 quia
713 2801 769 2852 et
797 2797 1083 2869 pulpitum
1109 2795 1280 2852 habet
1304 2795 1408 2850 sub
1433 2811 1548 2867 quo
1572 2800 1695 2850 octo
1719 2811 1843 2867 per-

203 2909 354 2948 sena
391 2891 572 2964 recipi
599 2894 857 2963 possunt.
899 2910 928 2941 ι)

268 2991 326 3042 7.
353 2987 464 3050 Qui
502 2985 797 3041 historiam
835 2982 1274 3039 Eucharisticam
1313 3000 1500 3056 nuper
1527 2983 1844 3056 composuit

198 3082 386 3137 Bocus
412 3079 695 3147 minister,
722 3082 894 3151 negat
918 3082 1051 3133 ante
1080 3077 1351 3132 saculum
1381 3094 1475 3132 Vill
1509 3077 1569 3132 in
1607 3093 1721 3132 una
1745 3093 1836 3132 ec-

199 3175 367 3230 clesia
395 3174 566 3246 plura
605 3173 774 3228 fuisse
810 3171 1025 3227 altaria.
1060 3171 1144 3226 Ad
1185 3171 1294 3226 hoc
1324 3175 1516 3226 autem
1555 3170 1841 3227 revincen—

199 3268 339 3323 dum
376 3267 585 3322 sufﬁcit
624 3283 772 3321 unus
809 3264 1111 3337 Gregorius
1147 3266 1381 3336 Magnus
1415 3264 1512 3337 qui
1564 3264 1626 3320 in
1676 3264 1775 3321 lib.
1809 3282 1840 3318 v

200 3362 438 3433 epistola
475 3363 544 3415 50
584 3359 655 3414 ad
690 3359 1002 3414 Palladium
1045 3359 1449 3414 Santonensem
1487 3357 1836 3430 episcopum,

197 3455 474 3511 tredecim
500 3452 697 3508 altaria
724 3455 960 3508 testatur
985 3451 1158 3507 fuisse
1195 3451 1254 3506 in
1303 3450 1533 3506 ecclesia
1569 3451 1834 3522 quadam,

199 3549 260 3603 in
279 3549 560 3602 honorem
583 3545 967 3618 apostolorum
985 3545 1055 3600 ab
1081 3545 1204 3617 ipso
1230 3545 1474 3600 Palladio
1494 3549 1833 3600 constructa.

199 3643 266 3698 Et
293 3642 602 3714 Gregorius
628 3640 772 3696 alter
796 3639 1058 3712 superius
1091 3639 1154 3694 in
1196 3638 1431 3694 ecclesia
1471 3637 1648 3692 sancti
1686 3638 1837 3694 Petri

197 3737 352 3809 apud
403 3735 772 3807 Burdegalam
817 3733 1161 3789 duoaltaria
1201 3735 1499 3802 memorat,
1544 3747 1727 3787 unum
1774 3732 1835 3788 in

196 3830 458 3903 pulpitis,
515 3829 667 3884 aliud
715 3828 776 3883 in
830 3831 1026 3900 crypta
1081 3826 1188 3882 sub
1237 3827 1335 3882 illo
1385 3843 1610 3882 summo
1649 3825 1832 3883 altari.

197 3921 481 3980 Brennaci
505 3921 562 3978 in
591 3938 740 3994 pago
765 3919 1148 3978 Suessionensi
1187 3920 1299 3976 tria
1343 3924 1507 3976 erant
1531 3919 1748 3990 altaria,
1775 3919 1835 3975 in

194 4017 410 4090 quibus
432 4015 514 4084 (ut
539 4016 660 4086 jam
686 4014 950 4084 vidimus)
980 4013 1286 4086 Gregorius
1310 4012 1511 4068 missas
1541 4018 1658 4070 tres
1684 4013 1833 4068 cele-

192 4109 406 4165 bravit.
437 4109 554 4164 Non
581 4109 856 4164 immoror
879 4106 1137 4180 pluribus
1165 4106 1501 4178 testimoniis
1524 4121 1832 4178 congeren-

193 4204 300 4260 dis.
333 4202 476 4258 Vide
505 4219 632 4275 qua
655 4203 762 4257 hac
789 4202 859 4257 de
901 4217 963 4256 re
1003 4217 1037 4255 a
1076 4200 1238 4256 nobis
1277 4201 1422 4256 dicta
1449 4204 1582 4256 sunt
1606 4199 1667 4254 in
1694 4215 1835 4272 pra-

193 4297 420 4352 fatione
446 4296 630 4368 prima
655 4295 828 4352 seculi
853 4311 934 4362 ω,
960 4293 1062 4350 ubi
1094 4294 1313 4350 tabulas
1343 4293 1678 4362 itinerarias,
1707 4309 1836 4366 qua

191 4392 318 4447 vice
353 4389 542 4446 altaris
573 4388 967 4445 itinerantibus
997 4389 1378 4444 sacerdotibus
1408 4391 1612 4457 essent,
1639 4387 1700 4442 in
1731 4403 1836 4442 usu

1943 1855 2002 1911 in
2031 1856 2128 1912 lib.
2157 1873 2194 1911 ιι
2225 1857 2294 1913 de
2323 1858 2508 1913 Gloria
2539 1863 2854 1932 martyrum
2879 1879 3004 1934 cap.
3045 1866 3134 1918 20.
3171 1864 3335 1920 Aliud
3373 1867 3571 1924 ciborii

1947 1965 2126 2021 genus
2165 1950 2270 2004 avi
2317 1952 2642 2022 posterioris
2681 1953 2872 2010 videre
2909 1955 3040 2011 licet
3081 1957 3233 2028 apud
3277 1960 3574 2031 llugonem

1945 2041 2203 2097 abbatem
2234 2043 2724 2117 Flaviniacensem,
2746 2065 2878 2120 pag.
2903 2052 3022 2105 166.
3038 2049 3358 2122 Aliquando
3384 2055 3574 2109 tamen

1943 2134 2203 2189 columba
2227 2137 2348 2192 loco
2373 2137 2554 2192 crucis
2587 2143 2707 2195 erat
2743 2141 2801 2196 in
2829 2142 3119 2214 sepulcris,
3151 2149 3216 2198 ut
3257 2145 3324 2199 de
3353 2147 3576 2201 tumulo

1945 2228 2121 2283 sancti
2162 2229 2408 2304 Dionysii
2446 2233 2747 2305 Gregorius
2789 2235 2960 2291 tradit
3003 2236 3061 2292 in
3109 2237 3210 2292 lib.
3241 2255 3256 2292 ι
3288 2238 3355 2293 de
3395 2239 3580 2294 Gloria

1944 2326 2257 2394 martyrum
2301 2341 2424 2397 cap.
2452 2331 2540 2382 72.
2581 2328 2705 2382 Hac
2746 2328 3058 2385 observatio
3102 2331 3171 2386 de
3211 2349 3375 2387 cruce
3403 2349 3576 2405 super

1944 2414 2154 2470 ciboria
2178 2417 2414 2489 alicujus
2456 2421 2728 2476 momenti
2771 2422 2831 2477 in
2867 2425 3338 2496 consequentibus
3367 2426 3474 2480 erit
3503 2426 3576 2481 ad

1943 2509 2340 2580 explicandum
2368 2529 2642 2568 canonem
2670 2518 2702 2570 2
2730 2516 2951 2571 concilii
2978 2519 3318 2573 Turonensis
3351 2535 3409 2574 ιι.
3441 2520 3576 2592 Ejus

1944 2602 2165 2674 generis
2180 2603 2454 2660 cibarium
2465 2624 2596 2662 cum
2610 2608 2666 2680 7
2679 2608 2736 2681 5
2753 2610 3099 2666 Eucharistia
3118 2629 3367 2683 appensa
3385 2629 3578 2669 recens

1944 2695 2244 2750 Beccenses
2270 2699 2446 2753 nostri
2476 2701 2846 2757 restituerunt
2872 2703 2941 2757 ad
2972 2705 3299 2775 exemplum
3330 2706 3576 2762 ecclesia

1942 2786 2120 2842 beata
2140 2789 2324 2843 Maria
2349 2790 2417 2845 de
2440 2792 2588 2846 Valle
2607 2793 2828 2860 Gratia,
2844 2795 2902 2849 in
2929 2811 3040 2866 qua
3064 2797 3240 2852 altare
3267 2815 3395 2852 cum
3425 2799 3573 2852 cibo-

1943 2879 2027 2935 rio
2063 2897 2160 2936 sex
2189 2883 2468 2938 columnis
2499 2884 2694 2940 innixo
2727 2887 2901 2942 felicis
2927 2890 3213 2945 memoria
3239 2893 3400 2946 Anna
3425 2895 3568 2946 Aus-

1942 2974 2114 3030 triaca
2128 2993 2285 3032 more
2301 2977 2556 3050 antiquo,
2570 2979 2727 3051 regia
2745 2981 3161 3054 magniﬁcentia
3177 2985 3320 3057 erigi
3337 2985 3571 3040 curavit.

2013 3072 2066 3124 9.
2097 3070 2400 3142 Gregorius
2433 3073 2742 3128 Turonicus
2778 3076 3009 3130 antistes
3044 3093 3159 3132 non
3199 3094 3314 3132 uno
3358 3078 3418 3134 in
3445 3077 3567 3134 loco

1938 3161 2184 3234 picturas
2217 3165 2463 3220 ecclesia
2503 3167 2789 3238 parietum
2829 3175 3130 3226 memorat.
3179 3173 3332 3227 Unus
3379 3177 3463 3228 est
3510 3174 3571 3229 in

1937 3254 2036 3310 lib.
2067 3273 2084 3310 ι
2124 3257 2192 3312 de
2236 3258 2419 3313 Gloria
2457 3265 2772 3332 martymm
2809 3279 2932 3334 cap.
2973 3267 3062 3331 65,
3101 3264 3199 3319 ubi
3235 3265 3304 3320 de
3339 3265 3572 3322 basilica

1937 3349 2114 3404 sancti
2139 3352 2426 3407 Antoliani
2451 3354 2714 3425 martyris
2740 3355 2891 3426 apud
2918 3358 3214 3428 Arvernos,
3246 3375 3418 3430 quam
3443 3359 3570 3415 dua

1936 3443 2203 3498 mulieres
2246 3446 2595 3516 perillustres
2643 3450 3076 3505 construxerant
3112 3469 3126 3506 :
3159 3470 3187 3503 ‹‹
3219 3451 3428 3506 Erectis
3465 3468 3566 3523 pa-

1937 3537 2172 3592 rietibus
2201 3553 2372 3610 super
2398 3539 2573 3594 altare
2599 3541 2735 3594 adis
2759 3541 2930 3611 illius,
2958 3545 3179 3598 turrem
3207 3559 3240 3597 a
3263 3544 3562 3614 columnis,

1935 3629 2148 3700 pharis,
2175 3630 2571 3704 heracliisque,
2589 3634 2952 3690 transvolutis
2971 3635 3217 3691 arcubus
3233 3643 3556 3708 erexerunt,

1937 3722 2142 3777 miram
2169 3739 2406 3779 camera
2445 3724 2705 3781 fucorum
2744 3727 3159 3784 diversitatibus
3197 3730 3566 3804 imaginatam

1933 3814 2263 3872 adhibentes
2309 3816 2610 3890 picturam.
2653 3839 2681 3872 ι)
2727 3820 2897 3877 Addit
2939 3822 3241 3894 Gregorius
3283 3825 3390 3880 hoc
3427 3843 3568 3899 opus

1933 3914 2052 3965 tam
2079 3929 2106 3962 ‹‹
2124 3909 2351 3982 elegans
2367 3915 2424 3966 et
2445 3911 2647 3969 subtile
2668 3933 2696 3966 »
2725 3913 2919 3984 fuisse,
2950 3919 3012 3971 ut
3035 3917 3214 3973 ruina
3249 3919 3568 3991 periculum

1934 4019 2170 4059 cernens
2185 4004 2379 4060 Avitus
2399 4007 2677 4078 pontifex,
2700 4028 2727 4061 α
2751 4009 3064 4083 anticipans
3080 4011 3336 4068 futuram
3359 4014 3569 4070 colum-

1934 4113 2136 4152 narum
2163 4103 2434 4171 stragem,
2457 4101 2689 4172 jusserit
2714 4103 2895 4174 tigna,
2917 4120 3264 4178 asseresque,
3293 4106 3380 4162 vel
3409 4111 3570 4179 tegu-

1934 4190 2015 4245 las
2049 4192 2316 4247 amoveri.
2345 4192 2558 4257 Quibus
2587 4194 2880 4264 submotis,
2902 4213 3006 4252 nec
3033 4198 3324 4270 adjutoriis
3357 4199 3568 4254 colum-

1934 4284 2022 4338 nis
2039 4284 2306 4361 appositis
2403 4285 2531 4342 dato
2552 4287 2829 4344 columna
2845 4289 3124 4345 immenso
3138 4293 3411 4364 pondere,
3433 4309 3566 4348 cum

1934 4393 2141 4450 magno
2170 4378 2356 4434 sonitu
2381 4396 2553 4452 super
2579 4381 2754 4437 altare
2781 4387 2838 4437 et
2863 4382 3011 4438 circa
3035 4383 3210 4439 altare
3241 4385 3562 4456 diruerunt,

191 4485 382 4540 fuisse
413 4487 543 4539 ante
580 4483 846 4539 saculum
875 4498 930 4537 χι
956 4485 1152 4538 contra
1189 4481 1456 4539 eumdem
1494 4482 1708 4537 Rocum
1733 4481 1832 4538 de-
1854 4479 1913 4552 D
1936 4471 2322 4545 completaque
2343 4476 2426 4528 est
2449 4473 2585 4528 adis
2609 4474 2818 4529 nebula
2855 4475 2925 4531 de
2969 4476 3209 4532 effracta
3238 4478 3401 4534 calcis
3429 4479 3562 4552 pul-

193 4580 582 4634 monstratum
609 4581 712 4632 est.

265 4670 407 4744 ’74
468 4673 521 4726 8.
569 4669 779 4728 Altaria
813 4669 1037 4725 ciboriis
1086 4669 1297 4742 passim
1348 4669 1624 4724 instructa
1677 4669 1838 4724 erant

190 4764 519 4838 prasertim
556 4764 732 4819 altare
761 4764 964 4834 majus,
997 4764 1150 4835 quod
1181 4762 1419 4834 pravios
1445 4761 1688 4817 habebat
1712 4777 1837 4816 can-

191 4859 392 4926 cellos,
427 4862 483 4912 et
521 4857 768 4928 picturas
796 4873 866 4912 ex
891 4860 1132 4928 utroque
1170 4857 1344 4912 latere
1371 4856 1441 4911 ad
1467 4855 1728 4928 parietes.
1755 4852 1838 4910 Ci-

191 4951 360 5007 boria
396 4955 558 5006 erant
587 4950 808 5006 turrita
847 4950 1116 5020 adicula,
1144 4953 1388 5022 quatuor
1418 4949 1722 5004 minimum
1750 4964 1836 5003 co-

189 5044 414 5100 lumnis
455 5043 682 5113 innixa,
714 5060 843 5118 qua
879 5043 1129 5099 adicula
1165 5043 1338 5099 altare
1377 5043 1644 5115 tegebant
1679 5056 1836 5098 more

191 5139 544 5207 Graecorum,
558 5138 708 5210 apud
727 5154 870 5210 quos
897 5156 924 5188 α
945 5153 1115 5209 supra
1148 5137 1649 5193 incontaminatam
1671 5151 1834 5190 men-

194 5249 318 5288 sam
362 5235 586 5287 vastum
636 5231 696 5286 in
745 5247 936 5288 aerem
980 5231 1258 5286 immensa
1311 5229 1486 5285 turris
1537 5228 1832 5300 exsurgit:

194 5325 533 5398 quadriﬁdis
550 5341 681 5381 vero
693 5325 980 5397 argenteis
996 5325 1238 5380 arcubus
1262 5323 1614 5392 incumbens,
1637 5337 1837 5395 argen-

195 5419 302 5476 teis
337 5418 578 5492 perinde
615 5419 893 5474 columnis
930 5417 1226 5488 attollitur,
1254 5418 1315 5474 in
1342 5433 1588 5491 quarum
1627 5415 1836 5472 vertice

194 5519 498 5585 argenteos
532 5512 707 5585 pedes
744 5512 942 5568 statuit
973 5529 1139 5568 arcus
1161 5512 1535 5584 quadruplex,
1565 5513 1628 5566 ut
1653 5510 1724 5565 de
1764 5509 1837 5566 ci-

195 5606 355 5661 borio
416 5606 631 5662 Sancta
691 5605 916 5678 Sophia
975 5605 1149 5662 tradit
1209 5605 1416 5661 Paulus
1485 5601 1835 5660 Silentiarius

196 5699 348 5770 apud
376 5698 834 5772 eruditissimum.
864 5698 1162 5771 Cangium.
1186 5697 1508 5753 Anastasius
1545 5697 1605 5752 in
1631 5696 1836 5768 Grego-

201 5792 286 5848 rio
305 5793 509 5865 primo.
536 5811 562 5844 ‹‹
593 5791 693 5849 Hic
719 5792 849 5849 fecit
876 5793 1041 5850 beato
1071 5794 1234 5848 Petro
1263 5791 1516 5864 apostolo
1555 5789 1833 5848 ciborium

1936 4581 2083 4621 vere.
2116 4585 2142 4616 ››
2183 4566 2362 4630 Quem
2400 4565 2590 4620 locum
2628 4567 2918 4640 integrum
2959 4570 3162 4642 refero,
3191 4577 3315 4628 tum
3351 4577 3417 4629 ut
3457 4590 3566 4630 vox

1935 4659 2114 4722 calcis,
2140 4674 2268 4731 qua
2292 4659 2352 4714 in
2381 4659 2562 4715 calicis
2587 4677 2885 4732 perperam
2927 4668 3146 4720 mutata
3172 4665 3374 4734 fuerat,
3409 4668 3566 4724 resti-

1937 4756 2156 4821 tuatur;
2203 4756 2328 4807 tum
2365 4756 2430 4807 ut
2466 4759 2733 4825 appareat
2777 4755 2947 4828 (quod
2985 4758 3242 4830 superius
3285 4763 3561 4833 notatum)

1935 4845 2222 4899 columnas
2268 4845 2338 4900 ad
2371 4846 2545 4902 altare
2579 4851 2792 4904 erectas
2830 4849 3019 4906 fuisse.
3057 4857 3129 4908 At
3169 4869 3238 4908 ex
3286 4854 3566 4927 superiori

1936 4937 2254 4993 testimonio
2279 4939 2450 4994 etiam
2478 4939 2535 4995 id
2561 4946 2796 5011 constat,
2825 4945 2978 5016 quod
3004 4947 3172 5002 modo
3201 4949 3559 5020 probandum

1936 5032 2172 5119 suscepi,
2201 5031 2448 5104 picturas
2472 5034 2780 5106 parietibus
2797 5039 3041 5094 ecclesia
3066 5041 3344 5112 appositas
3367 5043 3560 5100 fuisse.

1937 5125 2076 5182 Hinc
2103 5125 2198 5182 illa
2235 5143 2340 5182 vox
2382 5127 2625 5184 militum
2673 5131 3059 5202 Gundobaldo,
3088 5135 3312 5192 Clotarii
3363 5137 3464 5209 (uti
3508 5157 3566 5196 se

1935 5219 2166 5292 ferebat)
2187 5219 2318 5290 ﬁlio,
2343 5220 2736 5278 insultantium
2758 5225 2909 5296 apud
2935 5228 3202 5284 eumdem
3227 5231 3562 5304 Gregorium

1935 5314 1995 5370 in
2036 5313 2291 5369 Historia
2335 5313 2435 5370 lib.
2475 5332 2544 5370 vn
2585 5333 2709 5390 cap.
2739 5321 2805 5374 36
2837 5335 2851 5374 :
2883 5338 2912 5372 ς(
2941 5321 3096 5378 Tune
3134 5340 3194 5379 es
3226 5324 3410 5397 pictor
3447 5326 3562 5396 ille,

1935 5408 2034 5480 qui
2063 5411 2316 5480 tempore
2337 5407 2563 5464 Clotarii
2584 5411 2734 5484 regis
2751 5429 2854 5485 per
2875 5415 3116 5472 oratoria
3128 5418 3372 5491 parietes
3395 5425 3566 5493 atque

1935 5518 2184 5556 cameras
2212 5501 2550 5556 caraxabas?
2577 5523 2605 5555 ι)
2635 5505 2701 5560 Et
2730 5505 2790 5561 in
2816 5523 2938 5580 cap.
2970 5512 3040 5566 22
3079 5511 3272 5584 agitur
3309 5514 3380 5570 de
3409 5513 3564 5586 puel-

1934 5597 2001 5651 lis
2043 5600 2098 5650 et
2141 5593 2332 5666 pueris
2374 5595 2638 5665 Eberulli,
2684 5600 2784 5672 qui
2836 5621 2865 5654 α
2899 5603 3278 5676 suspiciebant
3317 5607 3563 5678 picturas

1932 5689 2234 5762 parietum,
2257 5687 2721 5766 rimabanturque
2748 5702 3078 5753 ornamenta
3105 5698 3389 5768 sepulcri»
3413 5697 3562 5753 beati

1935 5782 2174 5840 Martini.
2194 5782 2344 5838 idem
2367 5783 2436 5838 de
2469 5785 2908 5844 Wiremutlzensi
2936 5789 3162 5846 ecclesia
3183 5789 3394 5858 legitur
3412 5793 3564 5862 apud
