4044 6196
461 233 559 304 l33

1242 247 1570 309 APPENDIX
1607 252 1694 307 AD
1731 251 1953 309 orem
1990 251 2222 312 ssnon
2259 215 2560 314 canum
2597 251 3022 314 pmsmvsm.

3716 260 3812 316 156

455 375 665 434 Bedam
691 375 752 436 in
777 377 877 437 lib.
905 395 922 436 1
947 379 1016 438 de
1036 380 1278 438 Historia
1296 380 1626 438 monasterii
1647 381 1774 458 '76
1797 380 1902 455 sui,
1920 400 2082 442 num.

2195 380 2366 422 uersus
2417 367 2596 423 altare
2647 366 2936 432 dividitur,
2985 364 3158 423 choris
3207 367 3420 423 tantum
3461 365 3815 437 psallentium

457 473 511 527 ϐ.
539 473 773 530 Pictura:
800 475 971 532 etiam
1000 480 1160 532 erant
1174 475 1234 531 in
1253 475 1350 530 illo
1369 475 1702 548 baptisterio
1722 479 1877 552 quod
1901 478 2085 551 Sulpi-

457 564 575 621 cius
601 567 834 624 Severus
862 573 1232 636 exstruxerat,
1249 568 1349 624 ubi
1369 568 1649 642 imagines
1671 572 1845 627 sancti
1864 571 2086 628 Martini

456 662 514 716 et
534 661 754 717 Paulini
777 660 976 716 Nolani
1002 661 1183 716 adhuc
1219 661 1456 718 viventis
1493 663 1726 736 depingi
1773 670 2082 722 curaverat.

457 754 614 819 Quod
645 753 712 809 de
741 770 839 808 sua
865 753 1152 825 improbat
1168 755 1434 811 Paulinus
1455 755 1576 830 ipse
1595 757 1655 812 in
1677 757 1913 829 epistola
1933 775 2084 815 nunc

459 849 525 900 32
552 847 622 900 ad
650 847 936 902 Severum.
972 848 1230 903 Praeclari
1259 853 1394 904 sunt
1422 850 1662 906 Ennodii
1684 863 1876 907 versus
1903 851 1962 906 in
1981 853 2082 906 ba-

455 937 708 1008 ptisterio
733 939 936 1010 agello,
973 940 1074 996 ubi
1114 941 1252 1013 picti
1292 947 1454 998 erant
1496 948 1796 1016 martyres,
1838 961 2087 1018 quorum

457 1028 535 1084 ibi
563 1031 816 1103 reliquiae
842 1034 1084 1090 conditae
1113 1040 1292 1092 erant.

643 1132 806 1200 Rapta
827 1132 1368 1200 sepulturisanimavit
1393 1148 1616 1200 corpora
1647 1135 1835 1200 pictor.

748 1195 908 1244 unera
931 1195 1048 1244 viva
1072 1195 1256 1246 videns
1278 1209 1420 1248 mors
1443 1195 1526 1248 erit
1551 1198 1608 1248 in
1631 1195 1876 1248 tumulos.

644 1255 857 1324 lllqrum
880 1259 1053 1324 tamen
1072 1257 1172 1324 iste
1205 1259 1352 1308 locus
1380 1260 1928 1324 complectiturartus,

708 1318 848 1376 Quos
873 1319 1042 1382 paries
1065 1319 1218 1382 facie,
1243 1334 1392 1372 mens
1415 1318 1560 1372 tenet
1585 1323 1723 1372 alma
1743 1321 1866 1372 ﬁde.

525 1407 790 1462 Paulinus
816 1425 950 1462 mox
980 1409 1239 1466 laudatus
1265 1411 1327 1466 in
1351 1411 1526 1466 natali
1548 1413 1579 1467 9
1603 1411 1671 1468 de
1698 1416 1888 1468 sancto
1908 1412 2086 1468 Felice

459 1505 738 1556 memorat
767 1501 1016 1572 picturas
1054 1503 1363 1575 porticibus
1403 1504 1648 1561 ecclesiae
1685 1505 1989 1577 appositas,
2025 1505 2086 1560 in

459 1593 664 1664 quibus
707 1593 943 1650 historia
983 1597 1144 1652 Mosis
1187 1597 1256 1652 ob
1300 1599 1492 1654 oculos
1531 1599 1714 1670 posita
1757 1603 1896 1654 erat.
1937 1599 2088 1654 Facti

2178 463 2372 532 pateat
2420 461 2752 516 clericorum.
2807 461 2981 516 Paulo
3025 460 3190 516 aliter
3233 459 3384 534 apud
3431 459 3670 528 Graecos,
3714 459 3815 518 ubi

2185 553 2412 608 clericos
2439 553 2509 608 ab
2536 555 2696 610 altari
2724 553 3058 627 separabant
3083 555 3338 624 cancelli,
3368 555 3575 628 quibus
3599 555 3702 610 soli
3732 571 3817 609 sa-

2185 647 2438 703 cerdotes
2479 647 2912 704 continebantur
2933 691 2947 717 ,
2992 649 3142 721 apud
3187 648 3466 721 Cangium
3505 648 3565 703 in
3606 647 3817 704 Descri-

2183 740 2380 812 ptione
2404 741 2618 798 Sanctae
2657 741 2904 812 SoPhim,
2947 759 3108 797 num.
3147 745 3236 797 70.
3287 744 3459 798 Erant
3493 745 3549 797 et
3585 741 3818 797 cancelli

2184 833 2256 889 ad
2283 833 2530 890 tumulos
2555 838 2897 890 sanctorum.
2925 835 3228 906 Gregorius
3255 836 3314 891 in
3342 836 3440 891 lib.
3471 853 3487 890 1
3527 835 3598 891 de
3636 835 3814 890 mira-

2185 927 2326 982 culis
2351 928 2526 983 sancti
2557 929 2776 984 Martini
2803 946 2928 1002 cap.
2955 933 3044 996 35,
3069 929 3242 984 refert
3259 929 3552 1000 cujusdam
3578 928 3812 995 factum,

2186 1021 2285 1094 qui
2317 1041 2345 1073 ‹‹
2373 1021 2596 1094 lignum
2623 1023 2944 1078 venerabile
2974 1023 3044 1079 de
3069 1023 3314 1078 cancello
3339 1023 3546 1092 lectuli,
3578 1043 3605 1074 »
3648 1023 3706 1077 id
3733 1027 3820 1077 est

2183 1113 2414 1184 tumuli,
2442 1115 2620 1172 sancti
2648 1115 2868 1171 Martini
2895 1115 3220 1172 abstulerat.
3247 1118 3424 1172 Porro
3451 1115 3685 1171 cancelli
3709 1115 3816 1170 ali-

2185 1207 2436 1279 quando,
2473 1208 2560 1263 vel
2601 1209 2804 1264 saltem
2847 1226 3048 1264 eorum
3087 1212 3444 1278 ornamenta,
3487 1209 3822 1265 constabant

2187 1304 2447 1370 argento,
2477 1300 2567 1355 cui
2592 1317 2708 1357 non
2753 1302 3008 1374 pepercit
3042 1301 3171 1376 '78
3210 1302 3483 1359 Caesarius
3521 1301 3820 1374 episcOpus

2186 1393 2545 1464 Arelatensis,
2573 1394 2714 1450 illud
2751 1395 3076 1466 expendens
3107 1396 3166 1450 in
3209 1396 3560 1468 captivorum
3600 1395 3822 1450 redem-

2184 1485 2457 1556 ptionem.
2501 1506 2528 1539 α
2558 1487 2830 1543 Videntur
2853 1488 3024 1544 etiam
3053 1487 3336 1560 hodieque
3367 1487 3462 1560 (ait
3503 1487 3822 1560 Cyprianus

2186 1578 2246 1632 in
2269 1578 2366 1634 lib.
2395 1597 2414 1634 1
2443 1581 2512 1635 de
2541 1580 2662 1652 ejus
2692 1581 2830 1650 Vita,
2859 1597 3021 1636 num.
3058 1583 3140 1652 l7)
3163 1581 3446 1636 securium
3467 1581 3689 1636 ictusin
3720 1597 3825 1652 po-

459 1685 737 1742 mtionem
779 1689 925 1743 hanc
949 1689 1156 1759 reddit,
1188 1707 1394 1763 nempe
1440 1696 1502 1746 ut
1539 1691 1705 1747 turba
1742 1691 2088 1748 rusticorum
2108 1745 2162 1763 ἢ
2187 1671 2292 1726 diis
2329 1662 2385 1728 et
2423 1673 2698 1744 cancellis,
2731 1674 2868 1728 dum
2895 1674 3028 1729 inde
3053 1673 3449 1730 columnarum
3467 1689 3536 1730 ex
3579 1677 3823 1746 argento

459 1794 577 1834 non
607 1799 635 1832 ί(
663 1781 824 1836 docta
848 1782 1096 1854 legendi,
1127 1803 1154 1836 ι)
1182 1783 1316 1838 visis
1341 1789 1666 1840 sanctorum
1687 1785 1826 1840 actis
1845 1785 1917 1840 ad
1935 1785 2090 1840 Chri—

2195 1765 2554 1821 excutiuntur
2581 1771 2936 1822 ornamenta.
2966 1787 2994 1820 »

461 1876 611 1927 stum
639 1878 996 1931 convertatur
1024 1895 1037 1931 :
1069 1875 1270 1932 deinde
1299 1882 1362 1933 ut
1399 1877 1499 1950 qui
1533 1878 1730 1949 vigiles
1767 1882 1992 1934 noctem
2029 1879 2091 1933 in

461 1966 689 2021 ecclesia
728 1967 1006 2024 ducebant
1030 1969 1338 2040 insomnes,
1370 1971 1459 2026 his
1483 1971 1716 2043 picturis
1744 1972 1964 2026 animos
1988 1988 2088 2044 pa-

462 2064 700 2129 scerent,
731 2065 787 2116 et
811 2078 844 2116 a
869 2063 1377 2134 compotationibus
1404 2069 1814 2122 averterentur.

535 2155 622 2208 10.
653 2155 778 2209 Non
803 2155 993 2228 itaque
1019 2156 1079 2211 in
1105 2157 1267 2212 altari
1293 2164 1454 2214 erant
1479 2160 1714 2232 picturm
1753 2165 1852 2216 aut
1883 2159 2088 2231 imagi-

461 2262 582 2314 nes,
613 2247 724 2301 nisi
751 2248 1064 2305 admodum
1091 2251 1150 2306 in
1176 2252 1314 2307 velis
1340 2257 1397 2308 et
1421 2255 1662 2310 arcubus
1689 2254 1908 2323 ciborii,
1940 2254 2091 2325 quod

465 2339 720 2394 eruditus
761 2342 1007 2414 Cangius
1049 2344 1310 2401 observat
1351 2347 1410 2401 in
1453 2347 1828 2420 descriptione
1875 2347 2091 2403 Sancta:

463 2431 707 2503 Sophiae.
735 2435 854 2490 Huc
877 2435 1114 2492 fortasse
1143 2439 1292 2493 trahi
1319 2443 1506 2510 potest
1530 2440 1588 2495 id
1604 2441 1756 2512 quod
1779 2441 2011 2512 Optatus
2032 2439 2092 2494 in

461 2523 574 2581 fine
601 2527 730 2582 libri
761 2544 822 2582 111
847 2531 1018 2586 tradit
1043 2531 1112 2586 de
1138 2533 1310 2586 Paulo
1337 2537 1394 2588 et
1422 2533 1678 2604 Macario,
1708 2533 1805 2606 qui
1831 2533 2093 2589 diceban-

460 2622 557 2674 tur
583 2621 827 2690 venturi,
858 2640 886 2674 «
911 2627 978 2678 ut
1003 2623 1342 2680 interessent
1367 2626 1674 2692 sacrificio;
1705 2632 1760 2682 et
1785 2643 1916 2681 cum
1949 2627 2088 2681 alta-

460 2711 899 2794 riasolemniter
921 2719 1271 2788 aptarentur,
1303 2719 1624 2790 proferrent
1651 2720 1733 2774 illi
1760 2719 2090 2791 imaginem,

460 2822 635 2877 quam
659 2807 844 2879 primo
871 2809 932 2864 in
955 2810 1116 2865 altari
1140 2815 1448 2882 ponerent;
1479 2817 1534 2868 et
1551 2813 1630 2868 sic
1650 2812 1986 2868 sacriﬁcium
2005 2812 2091 2867 of-

459 2899 781 2956 ferretur.»
813 2903 934 2967 Quo
963 2920 1194 2960 rumore
1235 2905 1311 2959 ita
1351 2905 1594 2977 perculsi
1629 2911 1761 2961 sunt
1793 2904 1989 2975 animi,
2029 2910 2096 2960 ut

462 2992 819 3062 sacriﬁcium,
845 2996 999 3050 velut
1026 3019 1052 3046 ‹‹
1081 3013 1304 3051 sacrum
1335 3017 1362 3050 ››
1395 3015 1460 3052 ac
1488 2998 1901 3066 detestandum,
1939 3015 2095 3054 aver-

463 3089 742 3141 sarentur.
762 3087 868 3142 Sed
887 3094 1241 3160 compertum
1261 3094 1345 3145 est
1361 3090 1567 3146 falsum
1586 3091 1758 3147 fuisse
1779 3109 2088 3150 rumorem.
2113 3111 2167 3186 Ο

467 3196 494 3230 ‹‹
525 3179 649 3233 Visa
675 3183 758 3234 est
783 3181 1017 3252 puritas,
1049 3187 1104 3237 et
1132 3183 1246 3238 ritu
1273 3185 1432 3239 solito
1460 3184 1724 3240 solemnis
1748 3187 2093 3242 consuetudo

462 3276 753 3344 perspecta
779 3278 884 3330 est.
915 3294 941 3324 ››
971 3276 1326 3348 Quamquam
1353 3277 1672 3333 existimem
1714 3279 1771 3333 id
1807 3279 1992 3350 potius
2025 3280 2094 3335 de

463 3364 782 3421 Constantis
800 3367 1160 3440 imperatoris
1181 3387 1352 3441 quam
1379 3371 1448 3426 de
1468 3371 1654 3442 aliqua
1669 3389 1823 3426 sacra
1842 3371 2095 3443 imagine

464 3473 582 3514 esse
597 3459 1056 3532 intelligendum.
1079 3463 1202 3518 Non
1221 3463 1343 3536 7'7
1369 3465 1503 3520 satis
1525 3469 1740 3521 constat
1759 3483 1872 3538 quo
1897 3465 1956 3520 in
1976 3465 2096 3520 loco

463 3555 608 3608 esset
631 3551 726 3608 illa
752 3553 1127 3612 Narbonensis
1153 3557 1402 3612 ecclesim
1436 3580 1463 3608 ‹‹
1494 3557 1732 3630 pictura,
1763 3575 1891 3630 qua:
1913 3558 2097 3613 Domi-

358 3721 366 3728 Ι
464 3661 604 3699 num
613 3650 893 3716 nostrum,
908 3649 1069 3720 quasi
1082 3650 1452 3720 przecinctum
1469 3651 1664 3719 linteo,
1679 3651 1961 3707 indicabat
1977 3667 2099 3706 cru-

463 3737 712 3793 ciﬁxum.
732 3756 762 3792 »
779 3739 1034 3797 Christus
1047 3757 1180 3798 vero
1197 3743 1420 3798 cuidam
1434 3745 1760 3816 presbytero
1771 3743 2098 3816 apparuisse

463 3829 686 3898 dicitur,
715 3839 1055 3904 conquestus
1083 3835 1235 3906 quod
1255 3852 1314 3891 se
1331 3836 1550 3891 nudum
1570 3837 1946 3908 spectantium
1969 3853 2098 3892 ocu-

463 3922 534 3977 lis
555 3923 960 3982 exhibuissent.
983 3927 1228 3983 Monitus
1247 3928 1564 4000 episcopus,
1591 3949 1618 3980 «
1648 3930 1891 4001 desuper
1909 3931 2095 3984 velum

467 4017 708 4086 expandi
729 4017 918 4089 jussit,
953 4041 980 4068 »
1004 4021 1155 4092 apud
1194 4021 1531 4094 Gregorium
1557 4021 1616 4076 in
1643 4021 1742 4077 lib.
1771 4039 1788 4076 1
1819 4022 1888 4078 de
1915 4023 2100 4078 Gloria

467 4109 780 4182 martyrum
805 4128 926 4184 cap.
953 4117 1044 4168 23.
1074 4113 1318 4186 Dignum
1346 4119 1556 4170 nostra:
1577 4114 1729 4170 aetati
1749 4116 2094 4187 exemplum.

537 4207 623 4258 11.
652 4204 826 4259 Venio
867 4205 938 4260 ad
984 4206 1228 4261 ecclesiae
1272 4208 1566 4277 cancellos,
1609 4224 1752 4280 quos
1790 4208 1893 4263 sub
1941 4225 2094 4275 arcu,

463 4295 563 4351 ubi
587 4297 775 4352 clerici
801 4299 1132 4369 psallebant,
1161 4301 1372 4372 positos
1397 4301 1568 4357 fuisse
1597 4301 1759 4357 docet
1796 4301 2098 4374 Gregorius

465 4389 523 4443 in
551 4389 652 4444 lib.
680 4407 699 4444 1
725 4391 794 4445 de
820 4391 1005 4447 Gloria
1033 4397 1351 4465 martyrum
1379 4411 1500 4466 cap.
1532 4397 1620 4451 39.
1661 4394 1767 4460 Qui
1801 4395 1958 4449 locus
1994 4395 2099 4450 etsi

2265 1861 2348 1914 12.
2377 1860 2587 1915 Praeter
2606 1859 2871 1931 picturas,
2902 1860 3076 1916 etiam
3101 1859 3271 1932 pallia
3297 1860 3378 1930 (ut
3400 1859 3691 1929 vocabant)
3719 1875 3824 1914 seu

2190 1951 2397 2021 tapetia
2423 1969 2491 2006 ex
2519 1953 2830 2024 parietibus
2856 1953 3200 2025 pendebant,
3227 1953 3350 2008 vela
3375 1953 3436 2008 in
3465 1952 3642 2008 ostiis.
3679 1953 3822 2008 Gre-

2193 2045 2384 2115 gorius
2410 2045 2469 2100 in
2496 2045 2596 2100 lib.
2625 2063 2643 2100 1
2674 2047 2744 2101 de
2785 2047 3062 2103 Miraculis
3105 2047 3280 2102 sancti
3318 2045 3540 2102 Martini
3575 2062 3700 2116 cap.
3759 2048 3824 2102 l3

2190 2137 2288 2206 ait,
2318 2137 2462 2193 hanc
2488 2139 2640 2210 apud
2667 2139 2831 2194 Italos
2854 2140 3157 2211 specialem
3184 2139 3464 2211 (mendose,
3487 2137 3826 2210 spiritalem)

2190 2229 2379 2300 vigere
2407 2231 2706 2299 medelam,
2736 2237 2800 2287 ut
2823 2233 2868 2287 si
2896 2233 3024 2304 quis
3051 2233 3292 2304 pustulae
3317 2232 3668 2304 percutiatur
3693 2231 3846 2286 val——

2190 2338 2346 2391 nere,
2377 2324 2448 2379 ad
2473 2325 2863 2396 propinquum
2886 2326 3038 2398 quod
3055 2325 3226 2381 fuerit
3243 2325 3390 2380 beati
3407 2324 3627 2380 Martini
3641 2330 3832 2379 orato-

2191 2415 2344 2470 rium
2372 2417 2649 2472 habeatur
2672 2418 3034 2490 perfugium;
3067 2423 3124 2473 et
3148 2423 3246 2474 aut
3265 2435 3335 2472 ex
3356 2419 3476 2472 velo
3487 2417 3702 2488 januaa,
3723 2421 3831 2472 aut

2190 2508 2428 2578 palliolis
2438 2527 2566 2582 quae
2584 2511 2834 2582 pendent
2854 2512 2923 2566 de
2934 2511 3262 2582 parietibus,
3278 2510 3554 2583 quidquid
3567 2511 3827 2582 primum

2191 2607 2419 2674 raptum
2443 2604 2634 2674 fuerit,
2664 2603 2730 2660 fit
2754 2605 2995 2660 salubre.
3023 2623 3050 2656 ι)
3069 2604 3231 2676 Apud
3248 2604 3534 2672 eumdem,
3557 2603 3617 2656 in
3643 2603 3740 2658 lib.
3771 2620 3829 2658 iv

2190 2696 2446 2752 Historiae
2475 2714 2596 2770 cap.
2629 2701 2718 2766 31,
2750 2699 2866 2753 avis
2893 2698 3158 2770 quaedam
3197 2716 3224 2749 ‹‹
3272 2697 3333 2751 in
3375 2695 3682 2752 sacrarium
3716 2696 3828 2750 sub

2191 2791 2318 2846 velo
2361 2810 2388 2842 »
2424 2791 2683 2846 transisse
2724 2791 2949 2860 dicitur,
2989 2796 3046 2845 et
3091 2790 3424 2845 cicindelem
3461 2788 3829 2858 exstinguere

2191 2884 2452 2952 voluisse,
2498 2903 2526 2935 )›
2565 2884 2674 2938 nisi
2724 2903 2752 2935 «
2799 2884 2870 2938 ab
2915 2882 3152 2938 ostiariis
3200 2901 3228 2935 ιο
3275 2881 3560 2954 prohibita
3603 2881 3826 2946 fuisset.

2193 2976 2514 3052 Sacrarium
2556 2977 2712 3032 locus
2753 2981 2836 3031 est
2873 2976 3084 3046 altaris,
3133 2992 3306 3048 quem
3343 2975 3532 3030 locum
3585 2975 3704 3029 vela
3752 2975 3827 3028 ad

2193 3072 2333 3126 ostia
2359 3069 2691 3142 presbyterii
2716 3085 2962 3141 appensa
2990 3069 3274 3141 tegebant.
3317 3068 3653 3123 lnferiorum
3692 3083 3830 3122 vero

2192 3164 2582 3219 ministrorum
2610 3163 2667 3218 id
2688 3163 2859 3218 ofiicii
2888 3167 3026 3233 erat,
3056 3167 3120 3219 ut
3141 3162 3436 3218 senioribus
3453 3163 3573 3216 vela
3591 3161 3666 3216 ad
3683 3164 3831 3216 ostia

2193 3258 2555 3320 sublevarent,
2585 3272 2654 3312 ex
2687 3257 2909 3311 concilii
2937 3255 3312 3311 Narbonensis
3339 3270 3552 3310 canone
3588 3257 3672 3310 l3.
3709 3255 3827 3310 Ne-

2193 3351 2481 3424 potianus,
2505 3355 2648 3405 teste
2675 3349 3035 3420 Hieronymo,
3079 3347 3325 3403 maxime
3368 3347 3636 3402 sollicitus
3678 3350 3826 3415 erat,

2199 3463 2226 3496 (ι
2255 3443 2300 3498 si
2324 3443 2530 3498 niteret
2553 3443 2748 3512 altare,
2775 3442 2820 3497 si
2845 3443 3089 3514 parietes
3115 3441 3324 3512 absque
3349 3439 3612 3513 fuligine,
3643 3439 3689 3494 si
3715 3457 3822 3510 pa-

2195 3537 2510 3592 vimentum
2535 3541 2768 3604 tersum,
2798 3536 2844 3590 si
2862 3535 3077 3608 janitor
3103 3535 3301 3590 creber
3327 3534 3388 3588 in
3415 3539 3598 3604 porta,
3627 3532 3676 3586 si
3703 3534 3832 3588 vela

2197 3647 2421 3702 semper
2443 3629 2504 3684 in
2529 3629 2706 3698 ostiis,
2737 3629 2784 3682 si
2809 3627 3114 3682 sacrarium
3142 3626 3444 3692 mundum,
3484 3625 3530 3680 si
3569 3641 3695 3680 vasa
3733 3625 3829 3680 lu-

2196 3727 2441 3792 culenta,
2474 3728 2529 3778 et
2553 3723 2612 3777 in
2641 3738 2839 3777 omnes
2865 3720 3228 3776 caeremonias
3256 3719 3348 3791 pia
3373 3718 3690 3774 sollicitudo
3717 3719 3833 3774 dis-

2195 3818 2399 3890 posita.
2432 3835 2459 3869 ι)
2493 3817 2575 3871 Ad
2603 3817 2724 3870 haec
2749 3816 2806 3869 in
2847 3814 3071 3869 ciboriis
3113 3814 3284 3868 etiam
3310 3811 3434 3868 vela
3459 3815 3720 3884 quatuor,
3754 3828 3835 3867 ne

2199 3928 2352 3966 sacra
2385 3909 2715 3982 quorumvis
2742 3908 2996 3980 aspectui
3023 3911 3301 3979 paterent,
3347 3921 3618 3978 suspensa
3658 3905 3839 3960 fuisse

2197 4003 2384 4075 colligi
2409 4006 2596 4074 potest
2621 4018 2690 4056 ex
2711 4001 2883 4056 simili
2911 4016 3071 4055 more
3108 4016 3222 4054 non
3255 3999 3440 4054 solum
3478 3999 3835 4064 Grmcorum,

2198 4098 2292 4154 sed
2345 4095 2514 4152 etiam
2563 4096 2972 4163 Romanorum,
3025 4094 3094 4149 de
3141 4093 3347 4165 quibus
3403 4091 3724 4147 Anastasius
3771 4092 3840 4147 in

2197 4193 2382 4248 Leone
2424 4190 2537 4245 ill:
2593 4210 2619 4242 (‹
2661 4189 2814 4244 Fecit
2846 4192 2903 4243 et
2941 4189 3002 4243 in
3044 4187 3282 4242 circuitu
3329 4186 3522 4242 altaris
3557 4185 3668 4241 alia
3707 4187 3842 4242 vela

2197 4285 2342 4354 alba,
2375 4283 2686 4340 holoserica
2709 4287 2914 4352 rosata,
2945 4299 3074 4353 quae
3098 4280 3349 4352 pendent
3379 4281 3439 4336 in
3472 4297 3606 4336 arcu
3645 4281 3715 4336 de
3761 4281 3844 4336 ci-

2197 4379 2374 4446 borio,
2405 4394 2643 4434 numero
2680 4379 2946 4448 quatuor.
2994 4397 3022 4424 »
3065 4376 3399 4447 Quanquam
3442 4375 3512 4434 de
3553 4373 3843 4445 ejusmodi

465 4482 534 4536 ad
582 4483 756 4538 sancti
799 4485 1078 4540 pancratﬁ
1121 4487 1412 4542 ecclesiam
1437 4530 1450 4557 ,
1501 4504 1628 4560 qua,
1673 4504 1791 4543 non
1828 4487 2026 4560 procul
2069 4504 2102 4542 δ
2120 4483 2180 4554 D
2201 4473 2338 4528 velis
2363 4471 2432 4526 ad
2451 4470 2666 4526 ciboria
2687 4469 2904 4524 nullam
2926 4469 3152 4523 invenio
3171 4468 3323 4540 apud
3344 4473 3559 4523 veteres
3577 4471 3848 4523 auctores

466 4575 659 4630 Romae
688 4577 842 4632 urbis
870 4595 1036 4634 muro
1063 4585 1203 4650 erat,
1223 4581 1522 4652 pertineat,
1555 4582 1648 4637 hic
1667 4585 1860 4637 tamen
1884 4597 2002 4636 non
2023 4580 2098 4635 vi-

466 4669 633 4724 detur
657 4673 1192 4742 praetermittendus.
1222 4675 1312 4730 Ait
1348 4675 1536 4746 itaque
1576 4679 1831 4731 sanctum
1866 4674 2099 4729 Pancra-

465 4761 608 4818 tium
638 4780 896 4820 severum
920 4765 1089 4820 fuisse
1116 4766 1184 4822 de
1209 4767 1452 4838 perjuris
1479 4768 1724 4822 ultorem
1753 4784 1767 4822 :
1813 4786 1841 4818 «
1876 4767 1957 4822 Ad
1997 4783 2096 4822 cu-

458 4855 555 4928 jus
574 4859 895 4930 sepulcrum
927 4859 970 4913 si
999 4859 1335 4931 cujusquam
1374 4876 1536 4915 mens
1574 4859 1769 4914 insana
1799 4859 2096 4932 juramen—

462 4953 585 5006 tum
609 4951 776 5007 inane
802 4951 1055 5024 proferre
1095 4952 1353 5022 voluerit,
1405 4952 1739 5024 priusquam
1775 4954 2098 5024 sepulcrum

465 5044 587 5116 ejus
613 5045 794 5116 adeat,
823 5046 930 5100 hoc
956 5049 1041 5100 est
1068 5047 1376 5117 antequam
1403 5045 1474 5100 ad
1517 5045 1810 5115 cancellos,
1859 5046 1958 5118 qui
1996 5047 2099 5101 sub

466 5155 600 5194 arcu
623 5139 924 5207 habentur,
952 5137 1051 5194 ubi
1071 5139 1406 5193 clericorum
1431 5138 1794 5210 psallentium
1819 5142 1962 5194 stare
1977 5155 2099 5194 mos

465 5236 569 5298 est,
591 5233 836 5301 accedat,
865 5231 1051 5286 statim
1079 5235 1178 5286 aut
1204 5231 1476 5303 arripitur
1502 5249 1536 5286 a
1564 5230 1842 5300 daemone,
1871 5234 1969 5286 aut
2004 5249 2097 5286 ca-

468 5324 606 5378 dens
632 5325 694 5378 in
721 5324 1106 5396 pavimentum
1139 5323 1347 5380 emittit
1373 5325 1656 5396 spiritum.
1683 5344 1710 5375 »
1732 5323 1974 5380 Cancelli
1997 5323 2101 5379 cle-

467 5416 718 5472 ricorum
753 5417 995 5473 chorum
1022 5423 1077 5474 et
1101 5417 1274 5472 altare
1305 5435 1337 5472 a
1366 5418 1520 5473 laicis
1545 5419 1902 5490 separabant,
1933 5417 2096 5473 sicuti

466 5510 782 5581 praescribit
806 5527 986 5566 canon
1022 5513 1054 5567 4
1093 5510 1312 5566 concilii
1351 5529 1389 5566 11
1431 5510 1814 5567 Turonensis:
1865 5515 1932 5568 Ut
1974 5511 2104 5566 laici

467 5620 613 5660 secus
657 5605 853 5668 altare,
890 5621 993 5676 quo
1038 5609 1224 5660 sancta
1262 5607 1520 5674 mysteria
1567 5606 1920 5668 celebrantur,
1961 5607 2103 5660 inter

470 5699 684 5754 clericos
714 5702 826 5754 tam
855 5699 932 5754 ad
969 5699 1212 5768 vigilias,
1255 5715 1416 5768 quam
1460 5699 1536 5754 ad
1578 5701 1786 5762 missas,
1825 5702 1970 5754 stare
2001 5713 2100 5769 pe-

473 5793 618 5845 nitus
643 5808 749 5847 non
767 5797 1106 5864 praesumant
1131 5811 1148 5848 :
1178 5793 1270 5848 sed
1311 5805 1444 5867 pars
1483 5793 1584 5848 illa
1625 5807 1744 5864 quae
1779 5808 1812 5846 a
1855 5791 2102 5847 cancellis

2196 4571 2416 4621 nostros
2431 4563 2802 4620 mentionem.
2821 4562 2962 4618 Illud
2975 4561 3144 4618 etiam
3164 4562 3275 4616 huc
3285 4561 3436 4628 facit,
3458 4560 3612 4633 quod
3633 4560 3843 4632 pallas,

2199 4659 2404 4732 quibus
2421 4675 2575 4714 sacra
2595 4657 2952 4728 tegebantur,
2973 4671 3088 4710 non
3106 4655 3162 4726 '7
3173 4654 3232 4728 9
3246 4659 3464 4726 tenues,
3481 4658 3549 4709 ut
3563 4653 3846 4725 diximus,

2198 4753 2295 4808 sed
2323 4753 2522 4808 densas
2542 4767 2660 4806 esse
2689 4750 2953 4806 volebant
2981 4755 3257 4805 nostrates
3282 4748 3442 4818 Galli,
3464 4763 3537 4803 ne
3565 4748 3853 4818 mysteria

2197 4865 2232 4901 a
2284 4846 2572 4919 quibusvis
2619 4848 3007 4900 cernerentur.
3057 4843 3193 4908 Qum
3240 4841 3426 4898 cautio
3465 4857 3585 4896 non
3638 4841 3859 4900 fuisset

2199 4940 2532 5006 necessaria,
2563 4940 2609 4994 si
2636 4939 2892 4994 velorum
2932 4953 3102 4992 usum
3142 4936 3202 4992 in
3230 4935 3454 4991 ciboriis
3481 4934 3854 4992 habuissent.

2198 5035 2590 5090 Pavimentum
2619 5049 2751 5088 vero
2777 5031 3028 5088 ecclesiae
3067 5046 3184 5085 non
3217 5046 3346 5085 raro
3387 5045 3458 5084 ex
3498 5028 3744 5098 musivo,
3792 5030 3863 5086 id

2201 5133 2286 5182 est
2307 5127 2596 5183 tessellatis
2633 5107 2937 5198 lapidibus,
2971 5128 3034 5180 ut
3069 5123 3418 5180 Coloniensis
3456 5121 3863 5180 Thebzeorum

2199 5222 2352 5292 apud
2377 5221 2712 5293 Gregorium
2732 5220 2792 5274 in
2822 5219 2919 5275 lib.
2937 5237 2959 5273 1
2976 5219 3046 5274 de
3071 5217 3248 5289 gloria
3264 5217 3574 5288 Martyrum
3595 5231 3724 5286 cap.
3752 5221 3863 5274 62.

2199 5317 2432 5371 Tectum
2456 5313 2761 5388 aliquando
2787 5329 2856 5368 ex
2883 5329 3058 5384 cupro
3083 5315 3222 5376 erat,
3253 5315 3319 5365 ut
3347 5309 3416 5365 de
3439 5308 3673 5364 basilica
3704 5325 3860 5366 san-

2201 5415 2305 5466 ctae
2333 5409 2526 5466 Crucis
2551 5413 2607 5464 et
2632 5407 2808 5463 sancti
2835 5405 3112 5462 Vincentii
3142 5403 3354 5476 legitur
3377 5403 3438 5458 in
3467 5401 3584 5457 Vita
3615 5403 3872 5460 Drocto-

2201 5503 2288 5560 vei
2315 5503 2550 5559 abbatis.
2579 5503 2685 5560 Sed
2709 5503 2833 5557 haec
2860 5500 3168 5556 minutiora
3191 5497 3378 5552 mitto.

2279 5601 2362 5654 l3.
2393 5597 2660 5652 Paulinus
2689 5597 2747 5651 in
2776 5594 3014 5667 epistola
3055 5593 3126 5648 ad
3170 5591 3441 5648 Severum
3475 5589 3738 5662 loquitur
3789 5593 3874 5650 de

2205 5711 2234 5744 «
2260 5691 2567 5748 secretariis
2595 5691 2814 5747 duobus
2835 5689 3004 5761 juxta
3027 5686 3300 5758 apsidem,
3337 5706 3366 5735 ››
3397 5683 3687 5756 refertque
3714 5700 3872 5742 ver-

2202 5803 2296 5845 sus
2319 5785 2626 5841 indicantes
2655 5805 2682 5838 α
2711 5781 2894 5840 ofﬁcia
2917 5781 3296 5854 singulorum.
3325 5797 3354 5832 »
3387 5779 3455 5835 Et
3486 5777 3724 5851 quidem
3790 5782 3876 5839 ad
