4042 6184
221 311 319 369 157

1203 307 1288 364 DE
1325 304 1636 366 LITURGIA
1671 304 2042 364 GALLICANA
2079 303 2278 362 LIBER
2315 299 2580 366 PRIMUS.

3463 309 3562 366 158

214 423 470 478 dextram
492 422 618 476 erat
641 437 670 472 α
697 418 1014 474 veneranda
1036 433 1237 492 penus,
1275 434 1387 490 qua
1417 417 1696 488 conditur,
1725 437 1754 468 »
1784 421 1840 472 et
1859 427 1920 500 Α
1937 414 2092 470 aditu
2117 414 2369 487 porticus
2393 415 2463 472 ad
2488 414 2728 473 totidem
2753 419 2975 490 portas:
3001 431 3244 490 quarum
3264 433 3379 473 una
3397 431 3561 490 capa-

213 533 279 572 ex
305 533 335 568 α
365 531 479 588 qua
502 513 790 586 promitur
824 512 968 569 sacri
991 529 1202 586 pompa
1237 511 1554 583 ministerii,
1599 533 1628 562 »
1667 511 1727 567 id
1761 516 1846 568 est

212 626 361 666 sacra
389 608 666 680 supellex,
706 607 905 664 calices
940 607 1154 663 scilicet
1189 611 1246 662 et
1279 606 1542 679 reliqua:
1583 607 1654 662 ad
1701 605 1841 662 sini-

211 709 384 760 stram
424 709 590 760 erant
637 703 770 758 libri
814 703 979 772 sacri,
1034 717 1241 774 nempe
1287 700 1419 756 libri
1465 701 1838 770 Psalmorum,

213 798 666 870 Evangeliorum,
713 803 770 853 et
812 797 1210 869 Epistolarum,
1258 794 1542 866 simulque
1588 794 1838 850 Missalis.

209 893 484 950 lissalem
510 893 662 948 hunc
685 891 897 946 librum
925 889 1194 962 intelligit
1217 889 1520 961 Gregorius
1559 889 1620 944 in
1658 888 1758 944 lib.
1798 905 1839 944 ιι

210 987 467 1043 Historiee
492 1003 618 1058 cap.
650 989 742 1053 22,
773 985 872 1040 ubi
891 985 959 1040 de
979 983 1204 1040 Sidonio
1220 981 1559 1038 Arvernensi
1579 982 1843 1054 episcopo

208 1079 468 1152 loquitur
491 1081 555 1135 in
578 1081 732 1135 hunc
763 1079 1000 1135 modum
1027 1095 1041 1134 :
1074 1097 1104 1130 α
1134 1078 1368 1134 Sanctus
1405 1092 1540 1132 vero
1583 1075 1844 1132 Sidonius

207 1178 376 1230 tantae
401 1173 684 1228 facundia:
708 1177 849 1242 erat,
875 1175 942 1228 ut
965 1173 1302 1244 plerumque
1327 1187 1395 1225 ex
1421 1169 1725 1242 improviso
1750 1169 1840 1224 lu-

209 1267 595 1322 culentissima
633 1284 761 1340 quas
796 1265 1086 1335 voluisset,
1126 1265 1284 1320 nulla
1320 1264 1620 1319 obsistente
1659 1279 1838 1333 mora,

206 1365 596 1433 componeret.
628 1360 876 1431 Contigit
900 1363 1093 1414 autem
1117 1358 1362 1430 quadam
1390 1356 1502 1426 die,
1523 1361 1589 1412 ut
1603 1357 1674 1412 ad
1693 1357 1844 1412 festi-

207 1456 444 1510 vitatem
488 1453 732 1509 basilica:
783 1451 1114 1508 monasterii
1156 1450 1386 1520 (scilicet
1423 1449 1572 1506 beati
1607 1450 1840 1522 Cyriaci)

179 1548 480 1625 invitatus
504 1548 795 1603 accederet
825 1564 838 1602 :
875 1545 1174 1618 ablataque
1200 1543 1305 1599 sibi
1332 1543 1593 1616 nequiter
1630 1541 1838 1613 libello,

207 1659 307 1715 per
331 1659 471 1714 quae
494 1645 847 1697 sacrosancta
873 1638 1148 1696 solemnia
1170 1654 1338 1710 agere
1359 1641 1743 1706 consueverat,
1765 1636 1844 1692 ita

206 1741 439 1810 paratus
457 1753 491 1790 a
509 1741 765 1807 tempore
786 1737 1055 1790 cunctum
1074 1731 1388 1789 festivitatis
1402 1746 1542 1802 opus
1557 1729 1840 1802 explicuit,

207 1830 349 1886 ntab
369 1829 645 1885 omnibus
668 1828 990 1896 miraretur,
1030 1842 1134 1882 nec
1167 1829 1468 1898 putaretur
1508 1825 1580 1880 ab
1619 1823 1843 1879 astanti-

210 1924 308 1979 bus
330 1924 558 1979 ibidem
581 1923 876 1978 hominem
905 1921 1159 1976 locutum
1186 1919 1377 1988 fuisse,
1407 1919 1504 1974 sed
1548 1920 1842 1990 angelum.

211 2017 360 2082 Quod
426 2018 487 2071 in
538 2015 866 2087 praefatione
908 2014 1037 2068 libri
1081 2012 1292 2083 (subdit
1324 2011 1644 2084 Gregorius)
1675 2027 1845 2082 quem

209 2109 273 2164 de
297 2109 479 2166 Missis
505 2109 578 2163 ab
605 2125 672 2164 eo
695 2106 1023 2179 compositis
1047 2104 1467 2176 conjunximus,
1494 2105 1716 2176 plenius
1745 2103 1843 2159 de-

209 2201 570 2258 claravimus.
602 2223 632 2251 ››
673 2201 947 2256 Missalem
985 2196 1400 2270 Gregorianum
1443 2197 1593 2252 inter
1635 2195 1848 2267 primos

208 2295 462 2368 appellat
485 2295 731 2352 Otkerus
755 2310 854 2350 seu
890 2293 1154 2348 Otkarius
1195 2292 1446 2364 pontifex
1489 2291 1848 2362 Moguntinus

209 2388 262 2443 in
285 2389 534 2461 epistola
559 2388 632 2442 ad
655 2389 968 2456 Tattonem,
1019 2403 1147 2459 quae
1186 2389 1270 2441 est
1307 2386 1404 2442 114
1439 2384 1588 2440 inter
1631 2384 1849 2440 Bonifa-

214 2482 416 2537 cianas.

283 2577 368 2632 14.
399 2575 661 2647 Denique
686 2574 748 2628 in
769 2573 1096 2628 salutatorio
1127 2573 1443 2628 sacerdotes
1466 2588 1646 2628 sacras
1671 2575 1849 2627 vestes

219 2667 338 2742 80
371 2669 714 2735 induebant,
747 2683 941 2721 causas
963 2666 1291 2734 audiebant,
1321 2667 1562 2738 synodos
1601 2665 1846 2721 celebra-

217 2761 362 2830 bant,
389 2761 725 2832 ibidemque
751 2759 1056 2832 aliquando
1087 2759 1408 2814 manebant.
1444 2759 1606 2824 Quod
1640 2759 1709 2814 de
1740 2761 1847 2814 Na-

217 2855 381 2910 matio
400 2858 794 2910 Arvernorum
810 2853 1060 2908 antistite
1081 2853 1254 2908 tradit
1271 2853 1573 2924 Gregorius
1595 2853 1654 2907 in
1676 2853 1852 2907 Histo-

221 2949 312 3003 ria:
336 2947 437 3003 lib.
470 2965 514 3003 ιι
541 2964 669 3019 cap.
694 2950 784 3016 21,
815 2951 872 3002 et
907 2946 978 3000 de
1007 2945 1270 3000 Eberulfo
1309 2945 1370 3000 in
1415 2946 1514 3000 lib.
1553 2963 1625 3000 vn
1667 2962 1715 3000 c.
1759 2949 1850 3000 22.

219 3043 332 3098 Alia
353 3046 479 3098 erat
517 3041 720 3096 domus
756 3039 1029 3104 ecclesiae,
1071 3039 1236 3109 cujus
1275 3037 1539 3094 meminit
1585 3038 1752 3094 variis
1795 3038 1856 3093 in

1942 507 2062 564 cior
2087 509 2424 580 poenitentes
2449 509 2781 583 excipiebat.
2811 510 2988 567 Media
3011 512 3167 566 navis
3191 511 3470 566 columnis
3495 526 3565 566 ex

1940 618 2228 658 marmore
2262 603 2612 674 Aquitanieo,
2654 603 2712 658 id
2750 609 2836 660 est
2877 621 2910 658 e
2957 606 3240 676 Pyrenzeis
3277 603 3565 660 montibus

1941 695 2144 765 exciso,
2175 695 2308 750 hinc
2337 696 2469 751 inde
2493 697 2712 764 vallata,
2744 697 2905 769 quasi
2929 697 3126 752 silvam
3153 714 3378 752 saxeam
3405 696 3564 752 exhi-

1939 788 2124 844 bebat.
2152 789 2315 860 Apud
2342 789 2608 844 eumdem
2638 795 2925 845 auctorem
2951 790 3008 844 in
3036 792 3286 845 carmine
3329 794 3390 845 16
3430 806 3568 862 pon-

1939 881 2076 938 tifex
2123 901 2150 934 «
2179 883 2610 938 concionaturus
2651 883 2710 938 in
2755 883 3022 954 gradibus
3066 883 3405 938 venerabilis
3448 900 3563 938 arae

1942 973 2270 1045 (constitisse
2307 975 2552 1046 dicitur),
2589 976 2753 1048 plebe
2796 977 3264 1044 circumsistente,
3318 996 3346 1028 »
3387 976 3445 1031 id
3483 980 3568 1032 est

1942 1073 2140 1124 stante.
2198 1070 2336 1124 Nam
2385 1070 2718 1125 concionem
2761 1086 2980 1124 sacram
3025 1071 3306 1125 auditores
3343 1069 3568 1124 nonnisi

1942 1168 2152 1219 stantes
2187 1163 2560 1234 excipiebant,
2587 1168 2654 1218 ut
2679 1163 2919 1218 eximius
2949 1163 3284 1220 Sirmundus
3307 1163 3378 1217 ad
3414 1163 3566 1217 hunc

1943 1256 2132 1312 locum
2157 1257 2464 1312 annotavit.
2495 1257 2685 1328 Neque
2711 1257 2816 1310 hoc
2841 1258 3197 1328 praeteream,
3227 1256 3379 1326 quod
3414 1255 3564 1310 idem

1943 1349 2200 1404 Sidonius
2225 1350 2285 1404 in
2312 1350 2562 1404 carmine
2593 1353 2655 1404 17
2682 1349 2872 1404 laudat
2895 1348 3144 1404 Gazetica
3177 1348 3328 1417 vina,
3365 1349 3569 1419 Grego-

1942 1442 2027 1497 rio
2053 1443 2319 1498 Gazetum
2344 1443 2562 1512 vinum,
2593 1458 2763 1513 supra
2788 1443 2851 1496 in
2875 1457 2998 1512 cap.
3029 1445 3080 1508 6,
3110 1457 3269 1496 num.
3299 1441 3353 1511 4,
3381 1441 3457 1495 ita
3489 1441 3570 1496 di-

1942 1539 2099 1591 ctum
2123 1553 2157 1592 a
2182 1536 2323 1591 Gaza
2346 1535 2677 1606 Palaestinae,
2706 1539 2946 1590 testante
2969 1535 3201 1589 Isidoro.

2595 1668 2812 1724 CAPUT
2842 1671 2926 1724 1X.

1866 1793 1923 1865 B
1947 1771 2281 1865 Oezalce?
2305 1773 3121 1865 assuescere
3145 1789 3218 1865 em
3258 1777 3312 1865 εξ
3333 1774 3428 1828 ubi
3455 1777 3567 1865 Eu;

2017 1843 2276 1897 charistc‘a
2301 1843 2374 1896 ad
2402 1844 2676 1898 Viaticum
2700 1847 2972 1897 reservata
2997 1849 3122 1897 ante
3147 1845 3397 1898 sarculum
3433 1861 3526 1898 vui
3544 1845 3574 1898 ’ἲ

2016 1915 2144 1980 Qua:
2190 1919 2316 1967 tunc
2359 1915 2610 1983 tmporis
2665 1913 2894 1968 ecclesz'zc
2939 1914 3232 1970 Gallicanae
3267 1915 3334 1969 de
3365 1917 3574 1971 Eucha-

2016 1985 2176 2040 ristt‘a
2201 1985 2353 2052 ﬁdes.

2015 2107 2142 2182 82
2176 2113 2224 2164 1.
2255 2109 2336 2164 Ad
2361 2108 2678 2164 absolutam
2703 2109 2772 2165 de
2799 2109 2969 2164 missa
2993 2109 3382 2164 tractationem
3403 2107 3574 2182 perti-

1945 2206 2043 2257 net
2067 2201 2431 2277 Eucharistiaa
2457 2201 2758 2258 reservatio
2797 2203 2867 2258 ad
2909 2202 3198 2272 viaticum,
3239 2219 3411 2274 quam
3443 2203 3574 2258 ante

1947 2296 2220 2350 saeculum
2248 2312 2340 2349 VllI
2364 2299 2463 2351 aut
2482 2313 2536 2350 1x
2556 2295 2761 2352 factam
2780 2299 2994 2368 negant
3007 2295 3243 2368 quidam
3259 2299 3571 2350 novatores.

1947 2387 2054 2444 Sed
2091 2392 2394 2460 antequam
2432 2388 2490 2444 id
2527 2389 2930 2461 expendamus,
2972 2388 3040 2444 de
3079 2387 3332 2460 reliquiis
3365 2391 3576 2443 sancto-

1947 2497 2078 2536 rum
2107 2498 2416 2554 earumque
2444 2481 2506 2536 in
2533 2481 2768 2537 ecclesia
2787 2481 3069 2554 positione
3089 2481 3376 2554 agendum
3392 2484 3492 2551 est,
3513 2485 3580 2536 ut

1947 2574 2202 2646 planiora
2225 2574 2364 2630 ﬁant
2391 2590 2521 2648 quae
2563 2576 2632 2631 de
2668 2575 3033 2631 Eucharistiae
3070 2574 3448 2632 reservatione
3489 2573 3576 2629 di-

1949 2668 2125 2722 cenda
2149 2673 2300 2723 sunt.

2019 2763 2074 2816 2.
2101 2761 2299 2815 Tribus
2324 2759 2384 2815 in
2408 2760 2546 2815 locis
2573 2761 2840 2832 reliquias
2877 2778 3060 2816 sacras
3104 2761 3362 2816 conditas
3406 2759 3577 2816 fuisse

1949 2853 2252 2925 Gregorius
2276 2857 2360 2908 est
2381 2857 2595 2908 auctor.
2627 2853 2815 2908 Primo
2843 2853 2902 2908 in
2931 2855 3141 2926 cryptis
3175 2852 3574 2922 subterraneis,

1951 2963 2158 3019 nempe
2185 2947 2382 3002 subtus
2407 2946 2600 3002 altare.
2633 2947 2791 3011 Quod
2814 2947 3014 3018 probat
3038 2948 3302 3019 egregius
3325 2945 3579 3018 Gregorii

1952 3041 2106 3096 locus
2131 3041 2200 3096 de
2224 3056 2461 3112 corpore
2487 3040 2665 3095 sancti
2690 3039 2841 3095 Petri
2866 3040 2926 3095 in
2950 3040 3216 3096 Vaticano
3243 3039 3470 3112 sepulti,
3515 3038 3575 3094 in

219 3136 346 3190 locis
371 3135 530 3190 idem
558 3138 777 3203 auctor,
807 3132 960 3188 haud
997 3131 1164 3187 dubie
1205 3131 1533 3202 episcopalis
1571 3132 1720 3186 aedes
1759 3149 1849 3188 ee-
1873 3161 1927 3236 Ο
1955 3134 2054 3189 lib.
2079 3152 2100 3189 1
2132 3134 2202 3189 de
2243 3133 2430 3189 Gloria
2469 3139 2790 3206 martyrum
2831 3151 2954 3206 cap.
2992 3138 3081 3204 28,
3125 3139 3294 3206 atque
3337 3134 3480 3189 alter
3519 3133 3580 3188 in

221 3229 398 3284 etesia:
426 3228 732 3284 adhaerens
759 3243 774 3280 :
807 3229 1001 3297 utpote
1030 3225 1089 3280 in
1119 3241 1230 3296 qua
1260 3230 1515 3279 maneret
1533 3224 1849 3298 episcopus,
1881 3224 1927 3236 “”
1953 3228 2207 3299 ejus<hm
2228 3227 2358 3282 libri
2386 3242 2510 3300 cap.
2555 3230 2644 3298 32,
2686 3229 2786 3284 ubi
2833 3227 2902 3283 de
2939 3227 3173 3282 ecclesia
3215 3227 3391 3282 sancti
3428 3226 3580 3282 Petri

222 3329 272 3378 et
296 3321 551 3380 convivia
581 3320 912 3387 celebraret,
942 3323 1007 3372 ut
1035 3322 1190 3388 patet
1233 3334 1304 3372 ex
1342 3318 1595 3373 Historiae
1635 3320 1736 3376 lib.
1777 3337 1854 3376 vn

221 3433 376 3488 capp.
405 3420 478 3471 27
507 3418 566 3470 et
590 3417 680 3482 29,
709 3417 766 3468 et
793 3429 862 3467 ex
891 3411 990 3466 lib.
1023 3427 1098 3481 1x,
1127 3427 1252 3482 cap.
1287 3415 1370 3466 l2.

292 3515 374 3566 15.
402 3511 558 3565 Pene
587 3505 889 3574 exciderat,
916 3520 1088 3576 quam
1117 3503 1546 3575 praetermittere
1567 3523 1680 3562 non
1699 3509 1848 3579 licet,

221 3602 522 3674 descriptio
544 3599 792 3656 ecclesiae
819 3597 1082 3670 Lugduni
1103 3601 1405 3653 exstructas
1424 3615 1527 3670 per
1539 3600 1852 3658 Patientem

226 3698 548 3769 episcopum
571 3711 587 3748 :
605 3709 778 3766 quam
787 3691 1226 3763 descriptionem
1247 3691 1582 3762 Apollinaris
1593 3694 1852 3751 Sidonius

224 3791 280 3844 in
305 3788 542 3861 epistola
566 3787 638 3842 ad
675 3785 1031 3857 Hesperium,
1069 3801 1198 3856 quae
1240 3789 1326 3841 est
1366 3785 1496 3840 libri
1540 3803 1580 3841 ιι
1619 3787 1853 3860 epistola

225 3883 458 3952 decima,
489 3879 742 3936 versibus
766 3877 998 3934 exhibet
1020 3877 1080 3932 in
1106 3878 1260 3933 hunc
1289 3879 1546 3935 modum.

471 3987 633 4038 ﬁdes
653 3987 796 4036 celsa
821 3983 1092 4048 nitet,‘nec
1113 3982 1168 4032 in
1195 3982 1479 4048 sinistrum,

471 4054 574 4118 aut
597 4045 1096 4118 dextrumntrahitur,
1121 4045 1358 4118 sed-arce
1390 4045 1573 4099 fremis

473 4113 654 4182 prtum
681 4108 932 4182 prospicit
957 4106 1393 4182 inquinpctialem.

472 4176 614 4224 Intus
637 4170 725 4222 lux
750 4170 926 4230 micat,
945 4170 1098 4233 atque
1111 4170 1445 4233 bracteatum

472 4237 557 4286 Sol
581 4235 656 4286 sic
681 4233 988 4284 sollicitatur
1010 4231 1075 4281 ad
1108 4232 1340 4292 lacunar,

477 4298 636 4348 Fulvo
659 4301 718 4347 ut
741 4295 1152 4350 concolor_erret
1176 4293 1230 4343 in
1257 4294 1487 4344 metallo.

478 4360 785 4411 Distinctum
807 4357 951 4408 vario
977 4357 1144 4406 nitore
1169 4369 1398 4406 marmor

481 4421 742 4472 Percurrit
769 4432 1050 4476 cameram,
1073 4419 1260 4477 solum,
1285 4419 1538 4470 fenestras
1567 4435 1581 4470 :

484 4487 554 4536 Ac
583 4484 678 4534 sub
702 4480 1104 4532 versicoloribus
1127 4479 1305 4541 ﬁguris

483 4548 715 4596 Vernans
736 4543 956 4595 herbida
979 4545 1151 4606 crusta
1175 4541 1500 4606 sapphiratos

479 4608 659 4672 Electit
684 4621 778 4672 per
802 4606 1065 4672 prasinum
1089 4603 1285 4672 vitrum
1301 4603 1526 4672 lapillos.

481 4671 607 4739 {late
633 4667 966 4739 est-porticus
993 4667 1250 4739 applicata
1273 4667 1480 4739 triplex,

480 4728 760 4800 Fulmentis
785 4728 1106 4800 Aquitanicis
1125 4728 1353 4800 superba
1377 4743 1392 4778 :

477 4794 553 4846 Ad
577 4796 726 4858 cujus
751 4793 1322 4858 specimenremotiora

475 4851 730 4906 Claudunt
752 4851 880 4906 atria
901 4853 1134 4918 porticus
1157 4851 1440 4918 secundm:

481 4919 539 4982 Et
561 4931 804 4982 campum
829 4913 1058 4982 medium
1077 4915 1263 4982 procul
1287 4913 1482 4964 locatas
1527 4957 1546 4967 -

476 4981 638 5030 Vestit
661 4977 817 5030 saxea
841 4979 968 5029 silva
991 4977 1093 5042 per
1111 4977 1398 5042 columnas.

478 5043 610 5106 Hinc
635 5056 793 5106 agger
816 5045 982 5106 sonat,
992 5037 1130 5089 'liinc
1156 5040 1285 5088 Arar
1311 5037 1542 5106 respuat.

476 5105 606 5168 [line
631 5100 746 5155 sese
772 5104 950 5168 pedes,
971 5100 1125 5166 atque
1151 5114 1310 5164 eques
1333 5100 1573 5164 reﬂectit,

475 5165 595 5288 91
630 5165 945 5225 Stridentum
971 5179 1024 5223 et
1042 5165 1344 5222 moderator
1369 5171 1670 5224 essedorum
1696 5189 1709 5222 :

516 5251 760 5288 urvorum
785 5237 908 5286 hinc
936 5237 1130 5286 chorus
1152 5233 1538 5288 helciariorum.

516 5233 760 5288 [ir—vorum
785 5237 908 5286 hinc
936 5237 1130 5286 chorus
1152 5233 1538 5297 helciariorum,

477 5299 914 5359 Responsantibus
934 5297 1168 5348 Alleluia
1192 5297 1335 5359 ripis,

477 5363 555 5413 Ad
576 5358 836 5413 Christum
865 5361 1002 5410 levat
1024 5358 1286 5410 amnicum
1317 5358 1572 5409 celeuma.

475 5425 556 5474 Sic
579 5425 658 5474 sic
685 5423 886 5488 psallite
910 5425 1069 5488 nauta
1093 5421 1178 5470 vel
1203 5420 1370 5488 viator
1396 5434 1410 5469 :

472 5481 704 5550 Namque
727 5487 823 5537 iste
847 5489 925 5550 est
945 5486 1099 5550 locus
1126 5483 1368 5550 omnibus
1390 5481 1670 5546 petendus,

477 5545 671 5600 Omnés
694 5561 798 5614 quo
823 5547 906 5598 via
929 5545 1074 5596 ducit
1096 5545 1162 5596 ad
1185 5545 1422 5596 salutem.

221 5657 468 5712 Ecclesia
495 5672 633 5728 ergo
656 5655 774 5725 illa,
797 5653 1014 5711 Orienti
1031 5653 1286 5723 obversa,
1308 5651 1561 5725 laqueari
1589 5651 1856 5709 deaurato

226 5755 428 5806 ornata
457 5755 597 5806 erat.
641 5750 724 5805 Ex
767 5764 1053 5804 marmore
1097 5746 1307 5816 fornix,
1347 5746 1758 5818 pavimentum,
1801 5751 1858 5802 et

222 5842 505 5915 fenestra,
537 5842 694 5900 vitris
719 5841 1153 5899 versicoloribus
1193 5839 1490 5897 distinctae.
1533 5838 1758 5912 Triplex
1798 5839 1858 5897 in

1951 3321 2102 3394 apud
2139 3321 2535 3392 Burdegalam,
2573 3320 2834 3392 superius
2872 3339 2906 3375 a
2941 3320 3104 3376 nobis
3143 3321 3372 3376 relatus.
3427 3320 3581 3375 Idem

1950 3413 2151 3470 astruit
2191 3413 2273 3485 (ut
2311 3414 2448 3469 alios
2493 3413 2773 3486 omittam)
2815 3414 3082 3469 Paulinus
3123 3413 3183 3468 in
3222 3412 3399 3469 natali
3434 3415 3466 3468 9
3511 3411 3580 3468 de

1951 3511 2141 3563 sancto
2166 3507 2368 3563 Felice.

2012 3621 2138 3669 Nam
2164 3617 2312 3682 quasi
2336 3617 2640 3682 contignata
2657 3615 2817 3682 sacris
2839 3615 3109 3682 ccenacula
3129 3614 3298 3682 tectis,

2012 3677 2258 3745 Spectant
2280 3677 2779 3745 desupérisaltaria
2800 3682 2909 3730 tota
2932 3677 3190 3739 fenestris,

2011 3738 2116 3793 Sub
2141 3742 2330 3806 quibus
2351 3738 2490 3792 intus
2511 3738 2710 3806 habent
2721 3746 3030 3806 sanctorum
3054 3738 3277 3806 corpora
3299 3738 3500 3790 sedem.

2013 3803 2244 3919 NDamqute
2269 3803 2618 3917 ettapostolici
2642 3805 2847 3855 cineres
2870 3803 2966 3854 sub
2997 3803 3170 3854 caelite
3196 3815 3378 3852 mensa

2059 3881 2200 3919 epos:
2225 3883 2265 3919 1.
2292 3881 2318 3917 e
2347 3881 2392 3918 c.

2059 3867 2265 3932 epoéiti,
2292 3867 2392 3918 etc‘.

2021 3974 2073 4027 3.
2117 3971 2372 4026 Secundo
2411 3969 2667 4043 reliquiae
2692 3969 3026 4024 locabantur
3049 3967 3110 4024 in
3151 3967 3457 4040 parietibus
3498 3983 3583 4022 ec-

1952 4063 2155 4133 clesiae,
2183 4065 2283 4120 ubi
2315 4063 2547 4136 depingi
2575 4063 2830 4119 solebant
2853 4062 3132 4134 imagines
3161 4061 3581 4133 sacrae.Grego-

1951 4156 2069 4212 rius
2094 4157 2153 4212 in
2181 4158 2279 4213 lib.
2306 4174 2380 4212 vn
2408 4174 2532 4230 cap.
2566 4161 2625 4214 3t
2659 4157 2874 4212 factum
2906 4161 3102 4210 narrat
3139 4154 3432 4226 cujusdam
3466 4155 3578 4208 Eu-

1951 4251 2128 4306 fronis
2152 4251 2296 4324 Syri,
2333 4251 2451 4323 qui,
2494 4251 2677 4305 allatis
2717 4251 2894 4305 sancti
2935 4249 3116 4320 Sergii
3159 4246 3420 4318 martyris
3459 4245 3584 4300 reli-

1952 4345 2120 4416 quiis,
2151 4344 2445 4400 ecclesiam
2471 4344 2530 4398 in
2556 4344 2678 4414 ejus
2701 4344 2983 4398 honorem
3011 4341 3162 4412 apud
3208 4338 3583 4409 Burdegalam

1955 4439 2346 4504 zedificaverat,
2373 4437 2471 4492 ubi
2497 4436 2768 4491 miracula
2804 4434 3259 4516 increbruerunt.
3307 4429 3434 4505 83
3471 4432 3584 4487 Hoc

1870 4531 1930 4603 D
1952 4537 2198 4604 accepto,
2229 4550 2256 4584 «
2285 4530 2624 4585 Mummolus
2653 4545 2784 4584 cum
2805 4527 3068 4598 episcopo
3089 4525 3494 4580 Bertchramno
3513 4525 3582 4580 ad

1956 4627 2192 4682 domum
2242 4623 2366 4695 Syri
2412 4621 2646 4692 accedit,
2693 4621 3006 4692 vallatoque
3058 4619 3310 4688 homine,
3351 4619 3587 4691 pignera

1955 4718 2061 4774 sibi
2084 4721 2272 4773 sancta
2297 4715 2568 4788 prmcepit
2597 4714 2838 4770 ostendi.
2866 4714 3045 4785 Negat
3062 4713 3224 4769 ille...
3247 4714 3400 4768 Tunc
3414 4713 3588 4768 Mum-

1955 4813 2140 4868 molus
2169 4809 2376 4866 elevari
2401 4810 2473 4864 ad
2500 4809 2776 4881 parietem
2801 4807 3008 4863 scalam
3020 4808 3206 4879 jubet.
3231 4808 3405 4862 Erant
3431 4807 3587 4861 enim

1955 4905 2014 4960 in
2051 4904 2276 4960 sublimi
2332 4903 2563 4976 parietis
2605 4906 2800 4958 contra
2837 4901 3103 4957 altarium
3141 4901 3201 4956 in
3237 4900 3465 4973 capsula
3506 4915 3588 4955 re-

1955 4998 2220 5054 conditae.
2251 5019 2279 5047 »

2025 5093 2080 5148 4.
2107 5091 2292 5146 Tertio
2319 5091 2656 5164 quandoque
2684 5090 2746 5145 in
2783 5088 3110 5162 baptisterio
3147 5087 3586 5160 collocabantur,

1956 5189 2194 5242 testante
2221 5185 2491 5258 Gregorio
2517 5185 2585 5240 de
2614 5183 2793 5255 seipse
2820 5183 2879 5237 in
2919 5182 3030 5238 ﬁne
3075 5183 3206 5239 libri
3242 5199 3297 5239 x.
3337 5202 3365 5236 α
3407 5184 3592 5256 Bapti-

1957 5279 2192 5335 sterium
2217 5279 2288 5334 ad
2317 5279 2496 5350 ipsam
2527 5277 2816 5332 basilicam
2844 5276 3020 5332 sancti
3044 5277 3310 5350 Perpetui
3325 5277 3590 5333 aediﬁcari

1956 5373 2221 5444 praecepi,
2250 5372 2312 5428 in
2337 5389 2450 5444 quo
2475 5371 2650 5427 sancti
2683 5369 2911 5426 Joannis
2939 5386 3071 5426 cum
3105 5371 3286 5444 Sergii
3327 5371 3590 5443 martyris

1957 5467 2226 5538 reliquias
2250 5466 2416 5538 posui
2444 5483 2458 5521 :
2491 5469 2548 5520 et
2585 5465 2646 5520 in
2677 5465 2771 5520 illo
2811 5465 2997 5539 priore
3033 5465 3371 5538 baptisterio
3413 5463 3588 5520 sancti

1958 5559 2196 5632 Benigni
2208 5559 2472 5630 martyris
2495 5559 2732 5632 pignera
2750 5561 3034 5617 collocavi.
3051 5582 3080 5611 »
3105 5561 3393 5633 Nusquam
3419 5572 3587 5628 super

1935 5647 2126 5709 altare
2154 5652 2350 5724 posita:
2381 5658 2514 5709 sunt
2541 5655 2819 5727 reliquiae,
2849 5655 2959 5711 nisi
2985 5655 3128 5711 forte
3152 5655 3221 5710 ad
3251 5654 3417 5708 breve
3444 5655 3582 5705 tem—

1956 5763 2082 5818 pus.
2112 5748 2234 5812 Quo
2265 5751 2482 5819 spectat
2505 5749 2810 5820 Gregorius
2839 5749 2899 5804 in
2927 5745 3294 5804 Historiwlib.
3316 5761 3370 5799 1x
3391 5759 3510 5814 cap.
3528 5745 3583 5809 6,

1960 5839 2056 5896 ubi
2080 5840 2149 5896 de
2169 5841 2415 5914 quodam
2433 5841 2870 5914 praestigiatore,
2894 5840 3140 5912 quicum
3163 5839 3432 5908 Turonos,
3455 5836 3585 5892 Gre-
