4044 6196
444 269 541 336 las

1227 276 1558 334 APPENDIX
1593 274 1680 330 AD
1717 275 1939 331 OPERA
1973 275 2208 332 SANCTI
2245 276 2545 334 GERMANI
2582 275 3008 352 PARISIENSIQ

3693 271 3794 335 160

437 382 596 458 gorio
622 380 865 441 necdum
895 385 1082 453 notus,
1112 399 1340 456 vespere
1365 381 1702 452 accessisset,
1733 381 1924 439 dicens
1952 405 1980 434 «
2002 399 2058 439 se
2082 397 2140 472 Α
2160 385 2336 441 moris
2365 385 2627 458 exempla
2646 384 2768 456 jam
2795 385 2928 441 inde
2952 401 2986 441 a
3013 383 3215 442 saeculo
3241 400 3318 442 iv.
3347 383 3512 442 Anno
3551 383 3654 442 442
3697 401 3792 442 ce-

437 478 507 536 de
544 478 818 551 Hispaniis
849 479 1168 547 adventare,
1207 494 1272 532 ac
1308 475 1574 548 reliquias
1609 476 2061 534 beatissimorum

435 578 752 645 martyrum
793 571 1068 628 Vincentii
1110 570 1295 626 levitas
1337 569 1644 643 Felicisque
1691 571 1983 640 exhibere,
2029 591 2057 624 ι)

439 667 764 742 Gregorius,
791 685 818 718 α
837 666 969 737 quia
983 665 1106 736 jam
1123 663 1262 719 hora
1278 663 1652 736 praeterierat,
1674 685 1702 718 »
1725 669 1790 722 ut
1805 665 2062 738 reliquiis

437 764 771 828 occurreret,
794 757 936 812 dixit
952 773 966 813 :
988 776 1014 807 «
1033 757 1405 828 Requiescant
1421 758 1601 814 beata:
1612 758 1868 831 reliquiae
1893 775 2062 830 super

435 855 718 918 altarium,
746 852 921 904 donec
953 867 1117 906 mane
1147 852 1516 922 procedamus
1539 853 1610 907 ad
1634 869 1930 908 occursum
1974 869 2064 907 ea-

436 963 583 1002 rum.
615 965 644 996 »
672 943 832 1010 Quod
866 949 1205 1015 argumento
1245 950 1327 1001 est
1363 945 1666 1018 aliquando
1702 945 1968 1019 reliquias
1991 947 2064 1002 ad

435 1041 602 1095 breve
618 1042 842 1109 tempus
855 1038 914 1093 in
927 1038 1087 1093 altari
1102 1039 1382 1111 expositas
1399 1057 1416 1110 ;
1435 1040 1532 1096 sed
1549 1057 1746 1096 earum
1767 1041 2063 1112 proprium

435 1131 512 1186 ibi
539 1131 726 1188 locum
749 1148 866 1187 non
889 1131 1078 1199 fuisse,
1102 1149 1170 1187 ex
1190 1133 1352 1189 dictis
1369 1134 1738 1190 manifestum
1755 1139 1858 1189 est.
1881 1135 2064 1199 Quan-

434 1241 606 1297 quam
631 1241 816 1296 neque
842 1227 912 1280 ad
942 1224 1110 1280 breve
1135 1230 1358 1298 tempus
1383 1227 1652 1300 reliquias
1678 1243 1850 1299 super
1889 1228 2064 1284 altare

432 1319 642 1390 positas
666 1319 922 1390 probavit
945 1324 1172 1376 sanctus
1195 1320 1314 1376 Odo
1344 1321 1516 1376 abbas
1543 1320 1942 1390 Cluniacensis,
1965 1323 2065 1376 aut

435 1413 624 1484 potius
649 1417 842 1468 sancta
865 1414 1202 1486 Gualburgis
1227 1429 1327 1468 seu
1352 1414 1671 1486 Walburgis
1699 1431 1713 1468 :
1743 1431 1872 1486 quae
1909 1431 2060 1484 cum,

435 1506 712 1561 referente
740 1508 996 1564 Bernone
1016 1507 1235 1578 abbate,
1259 1507 1528 1562 miracula
1546 1507 1607 1562 in
1626 1507 1869 1578 quadam
1896 1508 2066 1563 eccle-

437 1597 519 1653 sia
543 1599 652 1670 ipsi
678 1599 859 1655 dicata
886 1605 1155 1672 patraret,
1179 1619 1206 1652 ‹‹
1223 1600 1466 1672 contigit
1487 1605 1550 1656 ut
1571 1600 1826 1671 ejusdem
1855 1605 2064 1656 sancta:

437 1691 773 1764 Gualburgis
822 1693 1076 1765 reliquiae
1121 1710 1292 1764 super
1325 1694 1499 1748 altare
1541 1710 1644 1764 per
1681 1694 1901 1766 aliquot
1944 1693 2064 1749 dies

2159 479 2438 535 lebratum
2467 483 2552 534 est
2575 479 2636 534 in
2669 478 2848 534 Gallia
2882 477 3190 534 concilium
3225 479 3486 542 Vasense,
3531 477 3591 534 in
3632 479 3796 552 cujus

2160 587 2375 628 canone
2398 575 2432 628 2
2463 573 2742 628 sancitum
2771 576 2858 628 est
2883 572 2952 628 de
2977 572 3386 644 paenitentibus
3415 572 3603 628 subito
3632 589 3792 628 mor-

2160 666 2294 734 tuis,
2321 670 2387 721 ut
2409 682 2609 722 eorum
2635 665 2943 722 oblationes
2968 665 3334 738 recipiantur,
3365 667 3506 735 Quia
3534 668 3690 736 nefas
3715 670 3795 723 est

2161 776 2342 816 eorum
2367 763 2886 817 commemorationes
2915 760 3134 815 ercludi
3171 777 3207 814 a
3240 761 3566 816 salutaribus
3603 763 3796 825 sacris,

2161 857 2258 925 qui
2280 855 2356 909 ad
2383 854 2568 910 eadm
2589 869 2748 910 sacra
2767 855 2918 923 ﬁdeli
2944 855 3141 924 affectu
3167 854 3556 917 contendentes,
3583 854 3714 909 dum
3739 869 3798 910 se

2161 948 2369 1003 diutius
2405 962 2520 1003 reos
2551 950 2849 1010 stratuunt,
2888 947 3140 1016 indignos
3181 947 3485 1014 salutiferis
3526 949 3802 1016 mysteriis

2151 1041 2409 1112 judicant
2418 1059 2436 1107 ;
2451 1057 2515 1096 ac
2531 1041 2660 1096 dum
2663 1043 3009 1112 purgatiores
3025 1043 3242 1096 restitui
3253 1041 3583 1103 desiderant,
3599 1041 3802 1111 absque

2160 1141 2615 1192 sacramentorum
2641 1137 2838 1189 uiatico
2865 1137 3304 1206 intercipiuntur.
3340 1135 3454 1190 Mos
3492 1149 3628 1205 ergo
3661 1137 3801 1190 tunc

2163 1234 2302 1300 erat,
2345 1235 2410 1286 ut
2445 1230 2558 1285 nisi
2603 1229 2786 1284 subita
2827 1233 3013 1284 morte
3059 1228 3536 1300 interciperentur
3578 1226 3799 1297 ﬁdeles,

2162 1323 2483 1394 acciperent
2511 1326 2994 1380 sacramentorum
3023 1321 3314 1389 viaticum,
3339 1321 3605 1377 salutaria
3619 1337 3800 1392 sacra,

2164 1416 2449 1472 salutifera
2482 1416 2773 1487 mysteria,
2814 1432 2848 1470 a
2893 1415 3101 1487 quibus
3135 1415 3474 1486 pmnitentes
3507 1411 3804 1486 religionis

2164 1526 2330 1564 causa
2353 1509 2726 1565 abstinebant.
2760 1508 2996 1580 Insignis
3023 1509 3094 1564 de
3141 1508 3354 1563 Viatico
3391 1512 3475 1563 est
3510 1523 3692 1564 canon
3731 1510 3794 1564 Η

2164 1603 2392 1658 concilii
2417 1619 2472 1658 xx
2500 1603 2784 1672 Toletani;
2815 1607 2872 1658 et
2897 1601 3202 1674 Gregorius
3232 1603 3302 1657 IIl
3328 1601 3398 1656 de
3436 1600 3523 1656 his
3558 1601 3660 1673 qui
3695 1617 3800 1672 pa-
3828 1586 3838 1594 ’

2164 1701 2353 1752 rentes
2377 1713 2510 1752 suos
2535 1701 2847 1765 necassent,
2875 1695 3145 1765 decernit,
3175 1699 3240 1751 ut
3255 1699 3374 1751 toto
3390 1695 3522 1750 vitae
3540 1699 3807 1767 tempore

437 1790 734 1841 manerent
764 1803 777 1841 :
805 1787 902 1842 sed
928 1803 1060 1840 mox
1087 1786 1358 1840 miracula
1398 1792 1772 1842 cessaverunt.
1815 1787 2064 1842 Tandem
2086 1771 2142 1842 Β
2166 1806 2370 1862 corpus
2394 1790 2745 1845 dominicum
2769 1806 2889 1845 non
2914 1788 3244 1860 suscipiant,
3271 1789 3383 1844 nisi
3412 1788 3474 1844 in
3505 1804 3608 1844 suo
3642 1788 3806 1844 exitu

438 1895 568 1934 vero
585 1879 704 1951 ipsa
722 1879 881 1951 virgo
906 1879 1128 1934 cuidam
1151 1896 1221 1935 ex
1241 1880 1482 1934 intirmis
1501 1896 1808 1952 apparens:
1837 1880 2063 1949 Idcirco,

436 1971 639 2043 inquit,
673 1990 788 2028 non
816 1973 1112 2040 sanamini,
1140 1974 1274 2046 quia
1300 1973 1556 2044 reliquiae
1579 1990 1720 2028 mea?
1747 1978 1880 2029 sunt
1899 1989 2068 2044 super

435 2065 611 2121 altare
638 2067 879 2136 Domini,
913 2067 1012 2122 ubi
1039 2067 1299 2139 majestas
1324 2066 1499 2122 divini
1520 2066 1772 2138 mysterii
1792 2066 1959 2121 debet
1985 2083 2067 2122 so-

437 2158 732 2215 lummodo
759 2159 1052 2216 celebrari.
1085 2181 1113 2214 »
1144 2163 1220 2216 [ta
1247 2165 1470 2216 sanctus
1495 2161 1614 2216 Odo
1640 2161 1702 2214 in
1727 2159 1824 2214 lib.
1870 2176 1906 2213 ιι
1938 2160 2066 2213 Col-

437 2251 714 2308 lationum
741 2271 863 2325 cap.
895 2259 982 2311 28.
1025 2255 1152 2310 [ltec
1175 2255 1422 2309 narratio
1460 2253 1666 2321 innuit,
1701 2269 1826 2308 raro
1867 2269 1967 2324 per
2009 2253 2067 2307 id

439 2348 682 2417 tempus,
712 2347 769 2401 id
795 2352 880 2402 est
903 2346 1030 2420 84
1060 2349 1270 2402 smculo
1301 2365 1356 2416 x,
1377 2347 1640 2418 reliquias
1661 2347 1822 2401 altari
1845 2346 2069 2417 imposi-

440 2444 522 2494 tas
545 2439 736 2506 fuisse,
764 2440 988 2495 tametsi
1015 2439 1072 2494 id
1102 2440 1378 2512 permittit
1401 2442 1510 2496 Leo
1537 2459 1683 2513 papa
1711 2442 1775 2495 ιν
1805 2440 1863 2494 in
1890 2439 2070 2494 homi-

441 2533 515 2588 lia
539 2534 784 2605 quadam
811 2533 899 2588 his
923 2533 1105 2588 verbis
1137 2550 1150 2588 :
1187 2556 1214 2582 «
1242 2534 1423 2606 Super
1443 2535 1616 2589 altare
1639 2533 1780 2588 nihil
1803 2538 2066 2604 ponatur,

440 2629 546 2684 nisi
572 2644 751 2698 capsae
779 2630 836 2682 et
866 2627 1141 2698 reliquiae,
1167 2632 1266 2682 aut
1293 2627 1436 2682 forte
1461 2632 1706 2699 quatuor
1745 2626 2066 2696 Evangelia,

441 2726 496 2777 et
511 2719 720 2776 buxida
740 2737 870 2774 cum
890 2737 1126 2792 corpore
1153 2720 1378 2775 Domini
1399 2721 1470 2776 ad
1495 2721 1762 2776 viaticum
1781 2719 2023 2774 infirmis
2051 2737 2065 2774 :

441 2819 640 2870 caetera
663 2813 722 2868 in
747 2813 929 2868 nitido
973 2813 1094 2868 loco
1133 2814 1588 2869 recondantur.»
1628 2814 1787 2878 Quod
1833 2813 2070 2868 totidem

439 2909 644 2978 repetit
692 2907 874 2961 verbis
923 2906 1224 2962 Rathcrius
1275 2907 1613 2962 Veronensis
1671 2907 1968 2978 episcopus
2009 2907 2086 2984 in.

438 3000 701 3072 synodica
729 3001 978 3054 oratione
1005 2999 1077 3053 ad
1107 3000 1460 3071 presbyteros
1489 3017 1639 3054 suos.

508 3097 560 3146 5.
591 3093 695 3147 Sed
724 3092 866 3148 forte
893 3091 1018 3162 quis
1045 3092 1193 3147 dicat
1221 3092 1277 3147 id
1305 3109 1492 3147 unum
1519 3093 1588 3146 ab
1621 3093 1812 3148 Odone
1849 3092 2065 3164 impro-

439 3184 653 3254 batum,
685 3185 836 3256 quod
863 3184 1116 3255 reliquiae
1147 3201 1318 3256 super
1343 3202 1598 3240 mensam
1625 3185 1834 3240 altaris.
1877 3186 1938 3260 ip
1959 3203 2070 3257 qua
2091 3173 2146 3244 C

439 3277 673 3332 offertur
695 3277 1049 3346 sacriﬁcium,
1079 3278 1276 3348 positae
1307 3277 1420 3332 sint
1447 3295 1460 3333 :
1490 3295 1605 3332 non
1624 3279 2065 3350 improbaturus,

439 3371 484 3424 si
511 3371 569 3425 in
589 3369 710 3426 loco
735 3370 1032 3442 paululum
1061 3387 1094 3424 a
1121 3387 1318 3425 mensa
1347 3377 1648 3440 summoto,
1679 3375 1739 3426 ut
1764 3371 1846 3440 tit,
1893 3387 2065 3442 expo-

438 3468 728 3520 nerentur.
757 3463 1042 3536 Quidquid
1069 3464 1125 3519 id
1151 3470 1255 3532 est,
1285 3465 1331 3519 si
1360 3464 1730 3536 reliquiarum
1772 3464 1932 3520 sedes
1971 3481 2072 3518 saa-

438 3559 565 3613 culc
593 3575 646 3614 Ix
673 3563 771 3612 aut
805 3575 841 3612 χ
869 3557 938 3612 ad
982 3557 1158 3612 altare
1201 3575 1320 3613 esse
1365 3559 1570 3630 potuit,
1617 3558 1759 3613 alius
1800 3557 1908 3613 fuit
1949 3575 2071 3612 mos

435 3651 880 3723 praecedentium
907 3651 1265 3721 saaculorum,
1294 3655 1360 3706 ut
1399 3669 1466 3707 ex
1505 3651 1665 3706 dictis
1697 3650 2066 3722 intelligitur:

437 3745 642 3816 quibus
671 3743 1019 3814 temporibus
1062 3761 1247 3814 neque
1291 3744 1568 3816 reliquiae,
1612 3761 1797 3816 neque
1835 3745 2070 3816 picturae

437 3837 600 3892 altari
624 3836 1070 3907 apponebantur.
1116 3837 1368 3891 Floribus
1407 3841 1596 3892 tamen
1643 3837 1844 3892 altaria
1881 3839 2070 3893 ornari

437 3947 554 3988 non
579 3929 862 4002 improbat
888 3929 1198 3985 Venantius
1229 3930 1565 3985 Fortunatus
1604 3930 1663 3984 in
1698 3930 1798 3986 lib.
1829 3947 1923 3985 Vlll
1946 3948 2067 3986 car-

438 4024 592 4080 mine
617 4026 648 4078 9
675 4023 744 4077 ad
788 4023 1224 4094 Radcgundem,
1265 4023 1417 4095 quod
1457 4039 1685 4077 carmen
1724 4024 1799 4077 De
1835 4023 2071 4079 ﬂoribus

439 4134 607 4188 super
653 4115 830 4172 altare
876 4116 1224 4172 inscribitur.
1267 4117 1411 4172 Tum
1458 4115 1752 4188 praemisso
1796 4117 1940 4172 veris
1987 4135 2071 4174 re-

435 4211 661 4267 deuntis
687 4209 870 4282 elogio
901 4209 1108 4266 subdit.

687 4311 813 4376 Inde
838 4310 936 4361 viri
961 4313 1137 4376 postea
1164 4313 1218 4361 et
1241 4309 1438 4375 pulpita
1454 4309 1673 4376 tioribus
1693 4314 1900 4376 ornant,

747 4373 878 4423 Hinc
904 4372 1091 4422 mulier
1113 4372 1266 4422 roseo
1296 4372 1526 4435 complet
1550 4372 1711 4422 odore
1737 4372 1926 4422 sinum.

685 4437 750 4487 At
775 4450 868 4484 vos
891 4449 999 4486 non
1023 4435 1191 4494 vobis,
1217 4436 1308 4485 sed
1334 4436 1536 4485 Christo
1559 4435 1703 4485 fertis
1727 4435 1918 4484 odores
1941 4449 1954 4484 :

749 4501 1084 4562 Hasqqune
1111 4497 1365 4562 primitias
1389 4498 1453 4547 ad
1480 4497 1565 4562 pia
1589 4497 1782 4562 templa
1807 4497 1958 4548 datis.

683 4559 910 4610 Texistis
930 4559 1084 4610 variis
1112 4559 1293 4610 altaria
1317 4559 1696 4620 festacoronis,

749 4623 977 4686 Pingitur
1002 4627 1058 4672 ut
1083 4622 1184 4672 illis
1207 4623 1423 4673 ﬂoribus
1445 4611 1535 4673 ara
1559 4611 1728 4673 novis.

507 4717 556 4769 6.
589 4714 682 4769 His
710 4714 1036 4787 prcemissis,
1063 4716 1350 4787 agendum
1378 4721 1462 4770 est
1488 4716 1557 4770 de
1592 4713 1937 4771 Eucharistia
1976 4729 2065 4766 sa-

436 4823 547 4878 cra,
580 4808 740 4880 cujus
768 4805 938 4873 usum
966 4809 1037 4863 ad
1063 4808 1329 4863 viaticum
1356 4824 1554 4862 eorum
1584 4809 1681 4879 qui
1708 4808 1768 4862 in
1789 4824 1924 4878 pace
1961 4807 2065 4860 Ec-

435 4901 616 4956 clesize
645 4903 759 4958 vita
787 4901 1261 4972 defungebantur,
1292 4900 1750 4972 antiquissimum
1771 4916 1889 4954 esse
1909 4899 2070 4954 docet

435 5012 612 5050 canon
642 4999 705 5051 t2
738 4995 878 5066 (aliis
911 4997 996 5064 l3)
1029 4994 1248 5048 concilii
1273 4992 1446 5065 primi
1470 4993 1702 5048 Nicaeni.
1731 4997 1804 5049 De
1834 4995 1915 5048 his
1938 5007 2062 5048 vero

435 5091 530 5158 qui
553 5089 808 5144 recedunt
833 5104 899 5143 ea:
926 5103 1162 5158 corpore,
1191 5086 1439 5158 antiquas
1471 5085 1633 5157 legis,
1668 5087 1860 5155 regula
1898 5086 2069 5140 obser-

433 5183 653 5235 vabitur
671 5183 836 5236 etiam
859 5196 1020 5244 nunc,
1047 5183 1128 5236 ita
1153 5185 1307 5236 ut...
1337 5180 1528 5234 ultimo
1562 5182 1688 5233 vitae
1723 5194 1834 5234 sum
1871 5181 2068 5233 viatico

434 5289 541 5327 non
565 5273 982 5340 defraudentur.
1013 5273 1174 5338 Quod
1199 5273 1268 5328 de
1297 5271 1697 5328 communione
1727 5287 1830 5342 per
1857 5271 2070 5325 Eucha-

435 5364 653 5420 ristiam
678 5365 1109 5436 intelligendum
1136 5383 1256 5422 esse
1293 5366 1465 5421 verba
1501 5363 1626 5438 85
1672 5363 2069 5435 subsequentia

437 5458 694 5528 probant.
719 5459 942 5514 Accedit
961 5460 1240 5514 Ambrosii
1260 5457 1503 5515 doctoris
1521 5457 1857 5514 sanctissimi
1883 5473 2070 5511 exem-

436 5552 596 5624 plum
619 5552 768 5623 apud
795 5552 1112 5621 Paulinum,
1145 5553 1241 5606 ubi
1269 5571 1296 5605 (ί
1320 5553 1634 5608 Honoratus
1677 5551 1938 5606 sacerdos
1973 5565 2066 5603 ec-

437 5645 623 5701 clesiae
651 5646 1013 5702 Vercellensis
1037 5647 1238 5702 Sancto
1264 5646 1324 5700 in
1351 5645 1618 5701 extremis
1633 5645 1826 5717 agenti
1846 5643 2070 5700 Domini

437 5756 640 5810 corpus
669 5740 936 5796 obtulisse
965 5759 990 5793 ‹‹
1021 5739 1248 5796 dicitur.
1294 5759 1322 5792 ‹‹
1359 5742 1480 5804 Quo
1517 5743 1765 5810 accepto,
1804 5738 1904 5794 ubi
1937 5738 2065 5810 glu-

442 5832 582 5904 tivit,
624 5834 813 5892 emisit
845 5835 1132 5908 spiritum.
1179 5852 1207 5888 »
1253 5835 1376 5891 Non
1425 5834 1629 5892 desunt
1663 5833 1774 5890 alia
1816 5831 2070 5905 ejusdem

2162 1899 2264 1954 pro
2293 1885 2510 1939 viatico.
2559 1885 2755 1939 Postea
2789 1899 2920 1938 vero
2964 1883 3024 1938 id
3062 1881 3230 1938 variis
3276 1881 3535 1939 Ecclesiae
3579 1881 3806 1954 legibus

2169 1981 2517 2049 praeceptum
2543 1982 2646 2032 est.

2238 2089 2290 2138 7.
2320 2083 2428 2139 Sed
2463 2088 2594 2138 ante
2629 2083 2748 2138 haec
2787 2081 2982 2137 omnia
3018 2081 3162 2136 sacri
3197 2080 3384 2137 viatici
3421 2079 3809 2152 antiquiorem

2168 2193 2339 2233 usum
2378 2176 2674 2232 observare
2711 2176 2846 2230 licet
2878 2175 2940 2230 in
2975 2175 3211 2246 epistola
3248 2174 3514 2246 synodica
3554 2173 3811 2229 ecclesias

2169 2271 2440 2326 Africanae
2465 2263 2536 2325 ad
2561 2269 2892 2326 Cornelium
2920 2284 3148 2340 papam,
3179 2284 3308 2340 quas
3333 2267 3566 2340 epistola
3596 2272 3681 2322 est
3715 2283 3814 2321 or-

2169 2365 2301 2420 dine
2324 2365 2391 2419 54
2417 2364 2567 2419 inter
2593 2362 2954 2435 Cyprianicas
2997 2362 3150 2433 apud
3186 2361 3520 2430 Pamelium,
3561 2361 3630 2415 de
3662 2375 3812 2431 pace

2169 2458 2338 2530 lapsis
2348 2458 2626 2513 maturius
2648 2456 2832 2512 danda
2845 2455 2917 2511 ob
2937 2455 3391 2526 persecutionem
3414 2454 3809 2525 ingruentem.

2171 2553 2266 2607 His
2294 2552 2448 2606 enim
2472 2551 2544 2606 ob
2571 2567 2694 2606 eam
2726 2567 2955 2605 causam
2983 2548 3397 2605 communionis
3422 2564 3592 2603 sacrte
3618 2548 3814 2602 muni-

2170 2649 2429 2700 mentum
2457 2645 2772 2699 concedunt
2807 2645 3018 2710 Patres,
3056 2648 3122 2698 ut
3160 2642 3269 2698 tuti
3309 2645 3504 2696 contra
3537 2641 3808 2695 adversa-

2170 2738 2321 2794 rium
2341 2734 2553 2807 essent,
2567 2754 2694 2810 quae
2719 2738 2960 2792 instituti
2979 2737 3166 2791 viatici
3187 2736 3331 2791 ratio
3353 2738 3456 2790 est.
3479 2735 3584 2790 Sed
3611 2736 3811 2789 locum

2170 2832 2457 2903 integrum
2484 2831 2672 2886 exilia
2699 2831 2935 2902 epistola
2965 2831 3176 2886 referre
3199 2829 3362 2900 juvat
3393 2845 3406 2882 :
3439 2848 3467 2880 ε(
3495 2829 3651 2882 Nunc
3686 2843 3810 2882 non

2171 2925 2431 2993 inﬁrmis,
2463 2926 2559 2980 sed
2587 2925 2828 2979 fortibus
2865 2940 2974 2994 pax
3012 2922 3329 2978 necessaria
3372 2925 3484 2989 est;
3531 2938 3633 2975 nec
3676 2937 3808 2976 mo-

2170 3019 2466 3088 rientibus,
2489 3019 2582 3073 sed
2604 3017 2920 3073 viventibus
2937 3015 3372 3072 communicatio
3391 3031 3424 3068 a
3439 3014 3601 3069 nobis
3619 3014 3812 3069 danda

2171 3117 2255 3168 est
2282 3129 2296 3167 :
2318 3119 2383 3168 ut
2407 3129 2546 3184 quos
2565 3112 2875 3167 excitamus
2894 3114 2950 3165 et
2974 3111 3273 3166 hortamur
3291 3109 3360 3164 ad
3379 3109 3660 3180 praelium,
3683 3124 3810 3164 non

2170 3206 2417 3262 inermes
2442 3211 2498 3261 et
2526 3205 2654 3279 86
2679 3205 2860 3260 nudos
2893 3204 3302 3276 relinquamus,
3330 3202 3426 3257 sed
3456 3202 3811 3272 protectione

2170 3301 2460 3372 sanguinis
2486 3304 2542 3354 et
2565 3299 2824 3370 corporis
2853 3297 3060 3354 Christi
3086 3296 3431 3351 muniamus.
3460 3297 3528 3350 Et
3565 3311 3694 3350 cum
3729 3295 3811 3350 ad

2169 3397 2276 3452 hoc
2320 3395 2422 3450 ﬁat
2468 3392 2837 3461 Eucharistia,
2889 3396 2956 3446 ut
3005 3391 3179 3463 possit
3229 3388 3626 3461 accipientibus
3679 3404 3811 3444 esse

2170 3489 2364 3557 tutela,
2395 3505 2536 3560 quos
2563 3490 2712 3542 tutos
2741 3501 2860 3540 esse
2890 3488 3086 3539 contra
3109 3482 3496 3538 adversarium
3521 3482 3810 3536 voluimus

2171 3583 2524 3638 munimento
2541 3579 2835 3636 dominicae
2861 3577 3166 3633 saturitatis
3188 3592 3494 3632 armemus.
3520 3577 3659 3630 Nam
3686 3591 3808 3646 quo

2171 3678 2338 3733 modo
2363 3677 2628 3732 docemus
2664 3677 2764 3728 aut
2795 3687 3166 3745 provocamus
3214 3685 3309 3725 eos
3346 3671 3406 3724 in
3449 3669 3812 3724 confessione

2170 3749 2421 3827 nominis
2448 3768 2787 3842 sanguinem
2816 3783 2984 3822 suum
3012 3765 3270 3835 fundere,
3303 3765 3349 3818 si
3375 3763 3454 3818 eis
3478 3761 3814 3818 militaturis

2171 3865 2378 3921 Christi
2391 3880 2486 3918 san
2495 3863 2727 3934 guinem
2743 3861 3090 3932 denegamus
3101 3859 3128 3914 ?
3143 3863 3242 3913 aut
3253 3874 3368 3930 quo
3389 3857 3556 3912 modo
3571 3856 3642 3911 ad
3657 3872 3815 3911 mar-

2170 3959 2304 4031 tyrii
2327 3957 2598 4030 poculum
2624 3956 2858 4011 idoneos
2882 3953 3144 4022 facimus,
3178 3953 3225 4007 si
3261 3968 3378 4007 non
3416 3967 3511 4006 eos
3536 3949 3694 4021 prius
3731 3950 3812 4004 ad

2169 4052 2478 4107 bibendum
2506 4051 2564 4105 in
2593 4049 2824 4104 ecclesia
2849 4047 3118 4120 poculum
3151 4045 3372 4102 Domini
3389 4044 3521 4116 jure
3545 4059 3810 4098 commu-

2169 4145 2466 4201 nicationis
2489 4143 2881 4199 admittimus?
2911 4163 2938 4192 ››

2243 4243 2296 4294 8.
2324 4241 2430 4293 Par
2453 4237 2650 4309 utique
2679 4236 2822 4291 ratio
2849 4239 2932 4290 est
2956 4236 3026 4290 de
3051 4235 3360 4303 morituris,
3390 4237 3456 4288 ut
3483 4248 3654 4288 sacrae
3695 4233 3816 4288 Eu-

2169 4332 2448 4388 charistiae
2494 4331 2763 4384 viaticum
2811 4329 3105 4400 accipiant,
3158 4344 3230 4382 ne
3275 4327 3526 4383 inermes
3579 4330 3636 4382 et
3661 4327 3814 4381 nudi

2171 4427 2582 4498 relinquantur,
2613 4425 2711 4478 sed
2736 4423 3081 4495 protectione
3123 4421 3414 4493 sanguinis
3454 4424 3511 4476 et
3548 4420 3813 4490 corporis

2086 4541 2145 4612 D
2165 4521 2375 4576 Christi
2415 4517 2765 4573 muniantur.
2817 4519 2884 4571 Et
2919 4516 3215 4570 manifeste
3259 4514 3450 4612 innuit
3486 4513 3814 4612 Cyprianus

2167 4612 2537 4670 morientibus
2561 4616 2695 4667 tunc
2721 4609 2990 4682 temporis
3017 4609 3204 4664 datam
3242 4608 3412 4663 fuisse
3449 4606 3700 4678 corporis
3749 4611 3816 4662 et

2167 4706 2457 4779 sanguinis
2495 4704 2702 4759 Christi
2739 4702 3242 4759 communionem:
3292 4720 3320 4752 (ί
3365 4703 3544 4770 Nunc,
3587 4699 3810 4771 inquit,

2167 4818 2281 4857 non
2307 4799 2569 4867 infirmis,
2613 4799 2710 4854 sed
2752 4797 2989 4852 fortibus
3033 4813 3142 4868 pax
3180 4793 3490 4850 necessaria
3533 4798 3650 4862 est;
3694 4809 3816 4849 nec

2167 4892 2558 4961 morientibus,
2587 4891 2685 4946 sed
2729 4889 3046 4944 viventibus
3087 4887 3521 4944 communicatio
3569 4904 3600 4940 a
3641 4886 3819 4941 nobis

2140 5031 2148 5036 .
2168 4988 2350 5043 danda
2362 4991 2466 5052 est,
2476 5007 2502 5034 ››
2519 4985 2794 5040 nimirum
2808 4982 3244 5038 communicatio
3255 4999 3358 5053 per
3373 4979 3816 5049 Eucharistiam,

2168 5098 2271 5154 per
2293 5096 2498 5152 corpus
2523 5083 2580 5134 et
2607 5076 2947 5149 sanguinem
2971 5076 3198 5144 Christi,
3227 5080 3292 5130 ut
3316 5078 3508 5146 postea
3535 5071 3819 5144 explicat.

2172 5177 2317 5246 Ergo
2333 5173 2503 5229 etiam
2521 5177 2655 5227 tunc
2681 5170 2940 5238 inﬁrmis,
2960 5174 3017 5229 et
3043 5169 3417 5224 morientibus
3438 5167 3634 5223 eadem
3655 5182 3826 5222 com-

2168 5267 2477 5324 municatio
2513 5265 2890 5321 tribuebatur.
2917 5263 3139 5335 Quippe
3181 5282 3208 5314 α
3249 5262 3488 5318 idoneus
3528 5275 3648 5315 esse
3685 5276 3826 5317 non

2169 5368 2354 5434 potest
2381 5361 2450 5416 ad
2478 5358 2835 5430 martyrium,
2867 5377 2894 5410 »
2921 5361 3071 5412 certe
3093 5373 3197 5412 nec
3227 5355 3297 5410 ad
3341 5359 3603 5422 mortem,
3651 5371 3679 5405 α
3707 5356 3830 5426 qui

2167 5457 2238 5511 ab
2267 5454 2511 5510 Ecclesia
2538 5469 2654 5508 non
2681 5456 2939 5506 armatur
2965 5449 3037 5505 ad
3061 5449 3352 5522 praelium;
3383 5457 3439 5504 et
3469 5464 3630 5503 mens
3664 5447 3827 5503 deti-

2170 5549 2262 5617 cit,
2288 5565 2458 5620 quam
2474 5563 2592 5602 non
2607 5549 2832 5617 recepta
2857 5543 3202 5598 Eucharistia
3221 5541 3389 5614 erigit
3409 5545 3466 5598 et
3483 5539 3768 5609 accendit,
3787 5566 3823 5593 ››

2169 5646 2234 5698 ut
2251 5642 2403 5696 idem
2428 5641 2739 5712 Cyprianus
2759 5639 2819 5694 in
2845 5635 3322 5708 consequentibus
3337 5634 3528 5691 habet.
3554 5633 3830 5707 Denique

2169 5735 2247 5792 ait
2273 5735 2586 5807 pastoribus
2607 5731 3006 5806 imputandum
3037 5745 3178 5800 esse,
3210 5729 3257 5784 si
3282 5733 3398 5785 tam
3437 5729 3499 5784 in
3536 5744 3829 5800 persecu-

2169 5829 2321 5888 tione
2347 5828 2634 5887 constituti
2661 5825 3008 5885 Eucharistia
3036 5841 3152 5883 non
3181 5823 3536 5895 muniantur,
3565 5838 3745 5896 quam
3767 5825 3830 5880 si
