  <div class='ocr_page' id='page_1' title='image "/cluster/home/n/w/nwhite01/storage/ocr_20150623/72/hvd.32044054758768/086.png"; bbox 0 0 4042 6184; ppageno 0'>
   <div class='ocr_carea' id='block_1_1' title="bbox 221 315 318 370">
    <p class='ocr_par' dir='ltr' id='par_1_1' title="bbox 221 315 318 370">
     <span class='ocr_line' id='line_1_1' title="bbox 221 315 318 370; baseline 0 0"><span class='ocrx_word' id='word_1_1' title='bbox 221 315 318 370; x_wconf 67' lang='grc'><strong>161</strong></span> 
     </span>
    </p>
   </div>
   <div class='ocr_carea' id='block_1_2' title="bbox 1209 311 2588 378">
    <p class='ocr_par' dir='ltr' id='par_1_2' title="bbox 1209 311 2588 378">
     <span class='ocr_line' id='line_1_2' title="bbox 1209 311 2588 378; baseline 0.001 -4"><span class='ocrx_word' id='word_1_2' title='bbox 1209 315 1298 374; x_wconf 81' lang='lat' dir='ltr'><strong>DE</strong></span> <span class='ocrx_word' id='word_1_3' title='bbox 1334 311 1643 375; x_wconf 83' lang='lat' dir='ltr'><strong>LITURGIA</strong></span> <span class='ocrx_word' id='word_1_4' title='bbox 1680 317 2052 375; x_wconf 81' lang='lat' dir='ltr'><strong>GALLICANA</strong></span> <span class='ocrx_word' id='word_1_5' title='bbox 2088 319 2286 376; x_wconf 81' lang='lat' dir='ltr'><strong>LIBER</strong></span> <span class='ocrx_word' id='word_1_6' title='bbox 2324 317 2588 378; x_wconf 84' lang='lat' dir='ltr'><strong>PRIMUS.</strong></span> 
     </span>
    </p>
   </div>
   <div class='ocr_carea' id='block_1_3' title="bbox 3484 325 3584 382">
    <p class='ocr_par' dir='ltr' id='par_1_3' title="bbox 3484 325 3584 382">
     <span class='ocr_line' id='line_1_3' title="bbox 3484 325 3584 382; baseline 0.02 -2"><span class='ocrx_word' id='word_1_7' title='bbox 3484 325 3584 382; x_wconf 68' lang='lat'><strong>£62</strong></span> 
     </span>
    </p>
   </div>
   <div class='ocr_carea' id='block_1_4' title="bbox 217 419 3581 513">
    <p class='ocr_par' dir='ltr' id='par_1_4' title="bbox 217 419 3581 513">
     <span class='ocr_line' id='line_1_4' title="bbox 217 419 3581 513; baseline 0.004 -39"><span class='ocrx_word' id='word_1_8' title='bbox 217 441 245 472; x_wconf 71' lang='grc' dir='ltr'>α</span> <span class='ocrx_word' id='word_1_9' title='bbox 273 421 467 476; x_wconf 86' lang='lat' dir='ltr'><strong>bonus</strong></span> <span class='ocrx_word' id='word_1_10' title='bbox 493 421 658 476; x_wconf 87' lang='lat' dir='ltr'><strong>miles</strong></span> <span class='ocrx_word' id='word_1_11' title='bbox 686 419 804 492; x_wconf 91' lang='lat' dir='ltr'><strong>(seu</strong></span> <span class='ocrx_word' id='word_1_12' title='bbox 828 423 1198 497; x_wconf 87' lang='lat' dir='ltr'><strong>Christianus)</strong></span> <span class='ocrx_word' id='word_1_13' title='bbox 1227 427 1326 497; x_wconf 89' lang='lat' dir='ltr'><strong>qui</strong></span> <span class='ocrx_word' id='word_1_14' title='bbox 1351 427 1539 482; x_wconf 86' lang='lat' dir='ltr'>omnia</span> <span class='ocrx_word' id='word_1_15' title='bbox 1565 443 1664 482; x_wconf 89' lang='lat' dir='ltr'><strong>sua</strong></span> <span class='ocrx_word' id='word_1_16' title='bbox 1689 427 1852 483; x_wconf 91' lang='lat' dir='ltr'><strong>dere-</strong></span> <span class='ocrx_word' id='word_1_17' title='bbox 1876 441 1935 513; x_wconf 76' lang='grc' dir='ltr'><strong>Α</strong></span> <span class='ocrx_word' id='word_1_18' title='bbox 1954 428 2124 482; x_wconf 88' lang='lat' dir='ltr'><strong>etiam</strong></span> <span class='ocrx_word' id='word_1_19' title='bbox 2160 429 2311 500; x_wconf 88' lang='lat' dir='ltr'><strong>apud</strong></span> <span class='ocrx_word' id='word_1_20' title='bbox 2339 431 2578 499; x_wconf 60' lang='lat' dir='ltr'><strong>Graecos,</strong></span> <span class='ocrx_word' id='word_1_21' title='bbox 2619 447 2688 486; x_wconf 82' lang='lat' dir='ltr'><strong>ex</strong></span> <span class='ocrx_word' id='word_1_22' title='bbox 2725 445 2923 486; x_wconf 91' lang='lat' dir='ltr'><strong>eorum</strong></span> <span class='ocrx_word' id='word_1_23' title='bbox 2957 429 3320 504; x_wconf 86' lang='lat' dir='ltr'><strong>Euchologio,</strong></span> <span class='ocrx_word' id='word_1_24' title='bbox 3349 430 3428 490; x_wconf 53' lang='lat' dir='ltr'><strong>.in</strong></span> <span class='ocrx_word' id='word_1_25' title='bbox 3466 449 3581 505; x_wconf 91' lang='lat' dir='ltr'><strong>quo</strong></span> 
     </span>
    </p>
   </div>
   <div class='ocr_carea' id='block_1_5' title="bbox 211 514 1851 592">
    <p class='ocr_par' dir='ltr' id='par_1_5' title="bbox 211 514 1851 592">
     <span class='ocr_line' id='line_1_5' title="bbox 211 514 1851 592; baseline 0.005 -24"><span class='ocrx_word' id='word_1_26' title='bbox 211 514 406 585; x_wconf 82' lang='lat' dir='ltr'><strong>liquit,</strong></span> <span class='ocrx_word' id='word_1_27' title='bbox 436 520 494 570; x_wconf 91' lang='lat' dir='ltr'><strong>et</strong></span> <span class='ocrx_word' id='word_1_28' title='bbox 518 520 846 588; x_wconf 89' lang='lat' dir='ltr'><strong>contempta</strong></span> <span class='ocrx_word' id='word_1_29' title='bbox 873 517 1063 588; x_wconf 92' lang='lat' dir='ltr'><strong>domo,</strong></span> <span class='ocrx_word' id='word_1_30' title='bbox 1087 525 1143 574; x_wconf 90' lang='lat' dir='ltr'><strong>et</strong></span> <span class='ocrx_word' id='word_1_31' title='bbox 1169 520 1516 592; x_wconf 86' lang='lat' dir='ltr'><strong>parentibus,</strong></span> <span class='ocrx_word' id='word_1_32' title='bbox 1545 538 1609 576; x_wconf 92' lang='lat' dir='ltr'><strong>ac</strong></span> <span class='ocrx_word' id='word_1_33' title='bbox 1635 521 1851 591; x_wconf 88' lang='lat' dir='ltr'><strong>liberis,</strong></span> 
     </span>
    </p>
   </div>
   <div class='ocr_carea' id='block_1_6' title="bbox 212 609 1858 685">
    <p class='ocr_par' dir='ltr' id='par_1_6' title="bbox 212 609 1858 685">
     <span class='ocr_line' id='line_1_6' title="bbox 212 609 1858 685; baseline 0.004 -24"><span class='ocrx_word' id='word_1_34' title='bbox 212 609 380 678; x_wconf 87' lang='lat' dir='ltr'><strong>sequi</strong></span> <span class='ocrx_word' id='word_1_35' title='bbox 405 609 716 664; x_wconf 90' lang='lat' dir='ltr'><strong>Dominum</strong></span> <span class='ocrx_word' id='word_1_36' title='bbox 741 627 910 666; x_wconf 91' lang='lat' dir='ltr'><strong>suum</strong></span> <span class='ocrx_word' id='word_1_37' title='bbox 935 611 1166 681; x_wconf 87' lang='lat' dir='ltr'><strong>maluit;</strong></span> <span class='ocrx_word' id='word_1_38' title='bbox 1192 613 1314 668; x_wconf 84' lang='lat' dir='ltr'><strong>sine</strong></span> <span class='ocrx_word' id='word_1_39' title='bbox 1331 630 1470 685; x_wconf 82' lang='lat' dir='ltr'><strong>pace</strong></span> <span class='ocrx_word' id='word_1_40' title='bbox 1493 618 1550 669; x_wconf 91' lang='lat' dir='ltr'><strong>et</strong></span> <span class='ocrx_word' id='word_1_41' title='bbox 1569 614 1688 670; x_wconf 87' lang='lat' dir='ltr'><strong>sine</strong></span> <span class='ocrx_word' id='word_1_42' title='bbox 1709 631 1858 669; x_wconf 87' lang='lat' dir='ltr'><strong>com-</strong></span> 
     </span>
    </p>
   </div>
   <div class='ocr_carea' id='block_1_7' title="bbox 213 701 1858 770">
    <p class='ocr_par' dir='ltr' id='par_1_7' title="bbox 213 701 1858 770">
     <span class='ocr_line' id='line_1_7' title="bbox 213 701 1858 770; baseline 0.005 -16"><span class='ocrx_word' id='word_1_43' title='bbox 213 701 612 758; x_wconf 85' lang='lat' dir='ltr'><strong>municatione</strong></span> <span class='ocrx_word' id='word_1_44' title='bbox 637 703 873 760; x_wconf 85' lang='lat' dir='ltr'><strong>decedit.</strong></span> <span class='ocrx_word' id='word_1_45' title='bbox 905 723 934 756; x_wconf 83' lang='grc'><strong>»</strong></span> <span class='ocrx_word' id='word_1_46' title='bbox 955 706 1113 770; x_wconf 87' lang='lat' dir='ltr'><strong>Quod</strong></span> <span class='ocrx_word' id='word_1_47' title='bbox 1139 706 1441 762; x_wconf 80' lang='lat' dir='ltr'><strong>manifeste</strong></span> <span class='ocrx_word' id='word_1_48' title='bbox 1465 708 1535 763; x_wconf 90' lang='lat' dir='ltr'><strong>de</strong></span> <span class='ocrx_word' id='word_1_49' title='bbox 1554 708 1754 763; x_wconf 88' lang='lat' dir='ltr'><strong>viatico</strong></span> <span class='ocrx_word' id='word_1_50' title='bbox 1773 708 1858 762; x_wconf 91' lang='lat' dir='ltr'><strong>in-</strong></span> 
     </span>
    </p>
   </div>
   <div class='ocr_carea' id='block_1_8' title="bbox 211 794 725 865">
    <p class='ocr_par' dir='ltr' id='par_1_8' title="bbox 211 794 725 865">
     <span class='ocr_line' id='line_1_8' title="bbox 211 794 725 865; baseline 0.01 -18"><span class='ocrx_word' id='word_1_51' title='bbox 211 794 595 865; x_wconf 87' lang='lat' dir='ltr'><strong>telligendum</strong></span> <span class='ocrx_word' id='word_1_52' title='bbox 623 801 725 852; x_wconf 90' lang='lat' dir='ltr'><strong>est.</strong></span> 
     </span>
    </p>
   </div>
   <div class='ocr_carea' id='block_1_9' title="bbox 284 888 1855 964">
    <p class='ocr_par' dir='ltr' id='par_1_9' title="bbox 284 888 1855 964">
     <span class='ocr_line' id='line_1_9' title="bbox 284 888 1855 964; baseline 0.003 -23"><span class='ocrx_word' id='word_1_53' title='bbox 284 889 343 940; x_wconf 89' lang='lat'><strong>9.</strong></span> <span class='ocrx_word' id='word_1_54' title='bbox 381 888 494 943; x_wconf 88' lang='lat' dir='ltr'><strong>Sed</strong></span> <span class='ocrx_word' id='word_1_55' title='bbox 538 889 765 960; x_wconf 85' lang='lat' dir='ltr'><strong>longius</strong></span> <span class='ocrx_word' id='word_1_56' title='bbox 802 893 1090 962; x_wconf 88' lang='lat' dir='ltr'><strong>provehor</strong></span> <span class='ocrx_word' id='word_1_57' title='bbox 1133 909 1306 964; x_wconf 89' lang='lat' dir='ltr'><strong>quam</strong></span> <span class='ocrx_word' id='word_1_58' title='bbox 1349 898 1493 948; x_wconf 82' lang='lat' dir='ltr'><strong>esset</strong></span> <span class='ocrx_word' id='word_1_59' title='bbox 1524 909 1750 949; x_wconf 86' lang='lat' dir='ltr'><strong>necesse</strong></span> <span class='ocrx_word' id='word_1_60' title='bbox 1783 892 1855 947; x_wconf 91' lang='lat' dir='ltr'><strong>ad</strong></span> 
     </span>
    </p>
   </div>
   <div class='ocr_carea' id='block_1_10' title="bbox 208 980 1854 1058">
    <p class='ocr_par' dir='ltr' id='par_1_10' title="bbox 208 980 1854 1058">
     <span class='ocr_line' id='line_1_10' title="bbox 208 980 1854 1058; baseline 0.003 -24"><span class='ocrx_word' id='word_1_61' title='bbox 208 980 728 1038; x_wconf 87' lang='lat' dir='ltr'><strong>demonstrandum</strong></span> <span class='ocrx_word' id='word_1_62' title='bbox 741 983 798 1038; x_wconf 92' lang='lat' dir='ltr'><strong>id</strong></span> <span class='ocrx_word' id='word_1_63' title='bbox 811 985 963 1056; x_wconf 91' lang='lat' dir='ltr'><strong>quod</strong></span> <span class='ocrx_word' id='word_1_64' title='bbox 981 985 1041 1040; x_wconf 90' lang='lat' dir='ltr'><strong>in</strong></span> <span class='ocrx_word' id='word_1_65' title='bbox 1057 991 1398 1058; x_wconf 85' lang='lat' dir='ltr'><strong>argumento</strong></span> <span class='ocrx_word' id='word_1_66' title='bbox 1419 992 1558 1056; x_wconf 90' lang='lat' dir='ltr'><strong>erat,</strong></span> <span class='ocrx_word' id='word_1_67' title='bbox 1581 985 1854 1041; x_wconf 85' lang='lat' dir='ltr'><strong>nimirum</strong></span> 
     </span>
    </p>
   </div>
   <div class='ocr_carea' id='block_1_11' title="bbox 207 1074 1856 1146">
    <p class='ocr_par' dir='ltr' id='par_1_11' title="bbox 207 1074 1856 1146">
     <span class='ocr_line' id='line_1_11' title="bbox 207 1074 1856 1146; baseline 0.003 -19"><span class='ocrx_word' id='word_1_68' title='bbox 207 1074 696 1146; x_wconf 84' lang='lat' dir='ltr'><strong>antiquissimum.</strong></span> <span class='ocrx_word' id='word_1_69' title='bbox 711 1093 831 1131; x_wconf 89' lang='lat' dir='ltr'><strong>esse</strong></span> <span class='ocrx_word' id='word_1_70' title='bbox 858 1077 920 1132; x_wconf 90' lang='lat' dir='ltr'><strong>in</strong></span> <span class='ocrx_word' id='word_1_71' title='bbox 946 1079 1192 1134; x_wconf 87' lang='lat' dir='ltr'><strong>Ecclesia</strong></span> <span class='ocrx_word' id='word_1_72' title='bbox 1209 1097 1375 1134; x_wconf 90' lang='lat' dir='ltr'><strong>usum</strong></span> <span class='ocrx_word' id='word_1_73' title='bbox 1394 1079 1582 1135; x_wconf 75' lang='lat' dir='ltr'><strong>viatici</strong></span> <span class='ocrx_word' id='word_1_74' title='bbox 1606 1079 1856 1134; x_wconf 85' lang='lat' dir='ltr'><strong>inﬁrmo-</strong></span> 
     </span>
    </p>
   </div>
   <div class='ocr_carea' id='block_1_12' title="bbox 207 1168 1854 1244">
    <p class='ocr_par' dir='ltr' id='par_1_12' title="bbox 207 1168 1854 1244">
     <span class='ocr_line' id='line_1_12' title="bbox 207 1168 1854 1244; baseline 0.002 -23"><span class='ocrx_word' id='word_1_75' title='bbox 207 1183 368 1232; x_wconf 87' lang='lat' dir='ltr'><strong>rum,</strong></span> <span class='ocrx_word' id='word_1_76' title='bbox 423 1173 623 1240; x_wconf 89' lang='lat' dir='ltr'><strong>utpote</strong></span> <span class='ocrx_word' id='word_1_77' title='bbox 661 1187 695 1223; x_wconf 90' lang='lat' dir='ltr'><strong>a</strong></span> <span class='ocrx_word' id='word_1_78' title='bbox 731 1168 854 1242; x_wconf 87' lang='lat'>87</span> <span class='ocrx_word' id='word_1_79' title='bbox 909 1172 1110 1242; x_wconf 77' lang='lat' dir='ltr'><strong>primis</strong></span> <span class='ocrx_word' id='word_1_80' title='bbox 1134 1173 1570 1244; x_wconf 87' lang='lat' dir='ltr'><strong>purioribusque</strong></span> <span class='ocrx_word' id='word_1_81' title='bbox 1599 1172 1854 1228; x_wconf 82' lang='lat' dir='ltr'><strong>Ecclesiae</strong></span> 
     </span>
    </p>
   </div>
   <div class='ocr_carea' id='block_1_13' title="bbox 208 1261 1854 1339">
    <p class='ocr_par' dir='ltr' id='par_1_13' title="bbox 208 1261 1854 1339">
     <span class='ocr_line' id='line_1_13' title="bbox 208 1261 1854 1339; baseline 0.003 -24"><span class='ocrx_word' id='word_1_82' title='bbox 208 1261 576 1332; x_wconf 76' lang='lat' dir='ltr'><strong>temporibus</strong></span> <span class='ocrx_word' id='word_1_83' title='bbox 603 1269 897 1334; x_wconf 89' lang='lat' dir='ltr'><strong>receptum</strong></span> <span class='ocrx_word' id='word_1_84' title='bbox 927 1283 940 1320; x_wconf 88' lang='lat'><strong>:</strong></span> <span class='ocrx_word' id='word_1_85' title='bbox 971 1265 1051 1319; x_wconf 90' lang='lat' dir='ltr'><strong>ita</strong></span> <span class='ocrx_word' id='word_1_86' title='bbox 1087 1271 1153 1321; x_wconf 91' lang='lat' dir='ltr'><strong>ut</strong></span> <span class='ocrx_word' id='word_1_87' title='bbox 1187 1267 1505 1338; x_wconf 87' lang='lat' dir='ltr'><strong>pastoribus</strong></span> <span class='ocrx_word' id='word_1_88' title='bbox 1536 1267 1594 1322; x_wconf 92' lang='lat' dir='ltr'><strong>in</strong></span> <span class='ocrx_word' id='word_1_89' title='bbox 1631 1269 1854 1339; x_wconf 87' lang='lat' dir='ltr'><strong>culpam</strong></span> 
     </span>
    </p>
   </div>
   <div class='ocr_carea' id='block_1_14' title="bbox 205 1354 1851 1431">
    <p class='ocr_par' dir='ltr' id='par_1_14' title="bbox 205 1354 1851 1431">
     <span class='ocr_line' id='line_1_14' title="bbox 205 1354 1851 1431; baseline 0.005 -24"><span class='ocrx_word' id='word_1_90' title='bbox 205 1354 610 1425; x_wconf 80' lang='lat' dir='ltr'><strong>deputaretur,</strong></span> <span class='ocrx_word' id='word_1_91' title='bbox 641 1356 687 1410; x_wconf 90' lang='lat' dir='ltr'><strong>si</strong></span> <span class='ocrx_word' id='word_1_92' title='bbox 713 1356 842 1428; x_wconf 87' lang='lat' dir='ltr'><strong>quis</strong></span> <span class='ocrx_word' id='word_1_93' title='bbox 865 1357 956 1428; x_wconf 91' lang='lat' dir='ltr'><strong>pie</strong></span> <span class='ocrx_word' id='word_1_94' title='bbox 985 1357 1178 1413; x_wconf 91' lang='lat' dir='ltr'><strong>vivens</strong></span> <span class='ocrx_word' id='word_1_95' title='bbox 1206 1359 1418 1431; x_wconf 81' lang='lat' dir='ltr'><strong>absque</strong></span> <span class='ocrx_word' id='word_1_96' title='bbox 1448 1360 1646 1415; x_wconf 90' lang='lat' dir='ltr'><strong>viatico</strong></span> <span class='ocrx_word' id='word_1_97' title='bbox 1690 1361 1851 1416; x_wconf 89' lang='lat' dir='ltr'><strong>dece-</strong></span> 
     </span>
    </p>
   </div>
   <div class='ocr_carea' id='block_1_15' title="bbox 207 1448 1852 1508">
    <p class='ocr_par' dir='ltr' id='par_1_15' title="bbox 207 1448 1852 1508">
     <span class='ocr_line' id='line_1_15' title="bbox 207 1448 1852 1508; baseline 0.004 -6"><span class='ocrx_word' id='word_1_98' title='bbox 207 1448 396 1504; x_wconf 82' lang='lat' dir='ltr'><strong>deret.</strong></span> <span class='ocrx_word' id='word_1_99' title='bbox 455 1449 663 1504; x_wconf 85' lang='lat' dir='ltr'><strong>Verum</strong></span> <span class='ocrx_word' id='word_1_100' title='bbox 709 1449 957 1506; x_wconf 89' lang='lat' dir='ltr'><strong>divinam</strong></span> <span class='ocrx_word' id='word_1_101' title='bbox 1011 1452 1420 1508; x_wconf 86' lang='lat' dir='ltr'><strong>Eucharistiam</strong></span> <span class='ocrx_word' id='word_1_102' title='bbox 1469 1454 1540 1508; x_wconf 87' lang='lat' dir='ltr'><strong>ad</strong></span> <span class='ocrx_word' id='word_1_103' title='bbox 1591 1454 1852 1508; x_wconf 87' lang='lat' dir='ltr'><strong>viaticum</strong></span> 
     </span>
    </p>
   </div>
   <div class='ocr_carea' id='block_1_16' title="bbox 207 1541 1849 1619">
    <p class='ocr_par' dir='ltr' id='par_1_16' title="bbox 207 1541 1849 1619">
     <span class='ocr_line' id='line_1_16' title="bbox 207 1541 1849 1619; baseline 0.004 -24"><span class='ocrx_word' id='word_1_104' title='bbox 207 1541 388 1596; x_wconf 86' lang='lat' dir='ltr'><strong>fuisse</strong></span> <span class='ocrx_word' id='word_1_105' title='bbox 420 1547 560 1596; x_wconf 89' lang='lat' dir='ltr'><strong>tunc</strong></span> <span class='ocrx_word' id='word_1_106' title='bbox 595 1548 937 1599; x_wconf 78' lang='lat' dir='ltr'><strong>reservatam</strong></span> <span class='ocrx_word' id='word_1_107' title='bbox 972 1561 1088 1600; x_wconf 91' lang='lat' dir='ltr'><strong>non</strong></span> <span class='ocrx_word' id='word_1_108' title='bbox 1127 1545 1260 1601; x_wconf 86' lang='lat' dir='ltr'><strong>satis</strong></span> <span class='ocrx_word' id='word_1_109' title='bbox 1293 1547 1424 1602; x_wconf 89' lang='lat' dir='ltr'><strong>inde</strong></span> <span class='ocrx_word' id='word_1_110' title='bbox 1468 1547 1806 1619; x_wconf 80' lang='lat' dir='ltr'><strong>intelligitur</strong></span> <span class='ocrx_word' id='word_1_111' title='bbox 1834 1564 1849 1602; x_wconf 90' lang='lat'><strong>:</strong></span> 
     </span>
    </p>
   </div>
   <div class='ocr_carea' id='block_1_17' title="bbox 207 1635 1855 1712">
    <p class='ocr_par' dir='ltr' id='par_1_17' title="bbox 207 1635 1855 1712">
     <span class='ocr_line' id='line_1_17' title="bbox 207 1635 1855 1712; baseline 0.004 -23"><span class='ocrx_word' id='word_1_112' title='bbox 207 1635 449 1690; x_wconf 83' lang='lat' dir='ltr'><strong>tametsi</strong></span> <span class='ocrx_word' id='word_1_113' title='bbox 487 1635 580 1690; x_wconf 76' lang='lat' dir='ltr'><strong>vix</strong></span> <span class='ocrx_word' id='word_1_114' title='bbox 616 1637 724 1692; x_wconf 88' lang='lat' dir='ltr'><strong>alio</strong></span> <span class='ocrx_word' id='word_1_115' title='bbox 763 1637 932 1692; x_wconf 91' lang='lat' dir='ltr'><strong>modo</strong></span> <span class='ocrx_word' id='word_1_116' title='bbox 980 1643 1203 1710; x_wconf 83' lang='lat' dir='ltr'><strong>poterat</strong></span> <span class='ocrx_word' id='word_1_117' title='bbox 1253 1639 1494 1695; x_wconf 81' lang='lat' dir='ltr'><strong>infirmis</strong></span> <span class='ocrx_word' id='word_1_118' title='bbox 1536 1640 1855 1712; x_wconf 85' lang='lat' dir='ltr'><strong>quibusque</strong></span> 
     </span>
    </p>
   </div>
   <div class='ocr_carea' id='block_1_18' title="bbox 207 1727 1856 1803">
    <p class='ocr_par' dir='ltr' id='par_1_18' title="bbox 207 1727 1856 1803">
     <span class='ocr_line' id='line_1_18' title="bbox 207 1727 1856 1803; baseline 0.004 -22"><span class='ocrx_word' id='word_1_119' title='bbox 207 1727 436 1800; x_wconf 86' lang='lat' dir='ltr'><strong>absque</strong></span> <span class='ocrx_word' id='word_1_120' title='bbox 462 1729 570 1783; x_wconf 89' lang='lat' dir='ltr'><strong>hac</strong></span> <span class='ocrx_word' id='word_1_121' title='bbox 598 1731 934 1801; x_wconf 87' lang='lat' dir='ltr'><strong>repositione</strong></span> <span class='ocrx_word' id='word_1_122' title='bbox 961 1732 1267 1803; x_wconf 88' lang='lat' dir='ltr'><strong>subveniri,</strong></span> <span class='ocrx_word' id='word_1_123' title='bbox 1295 1749 1425 1797; x_wconf 84' lang='lat' dir='ltr'><strong>cum</strong></span> <span class='ocrx_word' id='word_1_124' title='bbox 1451 1733 1751 1788; x_wconf 90' lang='lat' dir='ltr'><strong>missarum</strong></span> <span class='ocrx_word' id='word_1_125' title='bbox 1773 1750 1856 1788; x_wconf 89' lang='lat' dir='ltr'><strong>so-</strong></span> 
     </span>
    </p>
   </div>
   <div class='ocr_carea' id='block_1_19' title="bbox 1956 521 3580 596">
    <p class='ocr_par' dir='ltr' id='par_1_19' title="bbox 1956 521 3580 596">
     <span class='ocr_line' id='line_1_19' title="bbox 1956 521 3580 596; baseline 0.002 -21"><span class='ocrx_word' id='word_1_126' title='bbox 1956 521 2035 576; x_wconf 89' lang='lat' dir='ltr'><strong>ita</strong></span> <span class='ocrx_word' id='word_1_127' title='bbox 2060 521 2288 592; x_wconf 84' lang='lat' dir='ltr'><strong>legitur,</strong></span> <span class='ocrx_word' id='word_1_128' title='bbox 2317 539 2448 594; x_wconf 86' lang='lat' dir='ltr'><strong>pag.</strong></span> <span class='ocrx_word' id='word_1_129' title='bbox 2481 527 2606 590; x_wconf 82' lang='lat'><strong>359,</strong></span> <span class='ocrx_word' id='word_1_130' title='bbox 2631 525 2780 596; x_wconf 89' lang='lat' dir='ltr'><strong>apud</strong></span> <span class='ocrx_word' id='word_1_131' title='bbox 2807 525 3041 580; x_wconf 89' lang='lat' dir='ltr'><strong>Goarem</strong></span> <span class='ocrx_word' id='word_1_132' title='bbox 3086 543 3100 580; x_wconf 91' lang='lat'>:</span> <span class='ocrx_word' id='word_1_133' title='bbox 3144 546 3174 577; x_wconf 77' lang='grc' dir='ltr'><strong>(ι</strong></span> <span class='ocrx_word' id='word_1_134' title='bbox 3215 527 3305 580; x_wconf 85' lang='lat' dir='ltr'><strong>His</strong></span> <span class='ocrx_word' id='word_1_135' title='bbox 3343 526 3522 594; x_wconf 88' lang='lat' dir='ltr'><strong>dictis,</strong></span> <span class='ocrx_word' id='word_1_136' title='bbox 3551 545 3580 578; x_wconf 71' lang='grc' dir='ltr'><strong>ι)</strong></span> 
     </span>
    </p>
   </div>
   <div class='ocr_carea' id='block_1_20' title="bbox 1954 613 3588 691">
    <p class='ocr_par' dir='ltr' id='par_1_20' title="bbox 1954 613 3588 691">
     <span class='ocr_line' id='line_1_20' title="bbox 1954 613 3588 691; baseline 0.004 -23"><span class='ocrx_word' id='word_1_137' title='bbox 1954 613 2166 669; x_wconf 87' lang='lat' dir='ltr'><strong>scilicet</strong></span> <span class='ocrx_word' id='word_1_138' title='bbox 2191 619 2315 685; x_wconf 88' lang='lat' dir='ltr'><strong>post</strong></span> <span class='ocrx_word' id='word_1_139' title='bbox 2339 615 2706 687; x_wconf 81' lang='lat' dir='ltr'><strong>baptismum,</strong></span> <span class='ocrx_word' id='word_1_140' title='bbox 2736 623 2793 672; x_wconf 90' lang='lat' dir='ltr'><strong>et</strong></span> <span class='ocrx_word' id='word_1_141' title='bbox 2821 619 3148 673; x_wconf 88' lang='lat' dir='ltr'><strong>unctionem</strong></span> <span class='ocrx_word' id='word_1_142' title='bbox 3175 619 3465 691; x_wconf 86' lang='lat' dir='ltr'><strong>baptizatis</strong></span> <span class='ocrx_word' id='word_1_143' title='bbox 3484 620 3588 675; x_wconf 92' lang='lat' dir='ltr'><strong>im-</strong></span> 
     </span>
    </p>
   </div>
   <div class='ocr_carea' id='block_1_21' title="bbox 1954 708 3584 783">
    <p class='ocr_par' dir='ltr' id='par_1_21' title="bbox 1954 708 3584 783">
     <span class='ocr_line' id='line_1_21' title="bbox 1954 708 3584 783; baseline 0.004 -21"><span class='ocrx_word' id='word_1_144' title='bbox 1954 708 2240 779; x_wconf 89' lang='lat' dir='ltr'><strong>pertitam,</strong></span> <span class='ocrx_word' id='word_1_145' title='bbox 2272 727 2300 759; x_wconf 89' lang='lat'><strong>«</strong></span> <span class='ocrx_word' id='word_1_146' title='bbox 2326 710 2643 780; x_wconf 85' lang='lat' dir='ltr'><strong>patriarcha</strong></span> <span class='ocrx_word' id='word_1_147' title='bbox 2670 711 2992 783; x_wconf 88' lang='lat' dir='ltr'><strong>ingreditur</strong></span> <span class='ocrx_word' id='word_1_148' title='bbox 3019 728 3151 766; x_wconf 91' lang='lat' dir='ltr'><strong>cum</strong></span> <span class='ocrx_word' id='word_1_149' title='bbox 3176 717 3433 768; x_wconf 87' lang='lat' dir='ltr'><strong>recenter</strong></span> <span class='ocrx_word' id='word_1_150' title='bbox 3458 713 3584 768; x_wconf 85' lang='lat' dir='ltr'><strong>illu-</strong></span> 
     </span>
    </p>
   </div>
   <div class='ocr_carea' id='block_1_22' title="bbox 1953 801 3581 878">
    <p class='ocr_par' dir='ltr' id='par_1_22' title="bbox 1953 801 3581 878">
     <span class='ocr_line' id='line_1_22' title="bbox 1953 801 3581 878; baseline 0.003 -22"><span class='ocrx_word' id='word_1_151' title='bbox 1953 801 2180 856; x_wconf 89' lang='lat' dir='ltr'><strong>minatis</strong></span> <span class='ocrx_word' id='word_1_152' title='bbox 2206 801 2277 856; x_wconf 88' lang='lat' dir='ltr'><strong>ad</strong></span> <span class='ocrx_word' id='word_1_153' title='bbox 2315 803 2636 874; x_wconf 89' lang='lat' dir='ltr'><strong>Introitum,</strong></span> <span class='ocrx_word' id='word_1_154' title='bbox 2678 810 2734 859; x_wconf 90' lang='lat' dir='ltr'><strong>et</strong></span> <span class='ocrx_word' id='word_1_155' title='bbox 2771 805 3034 876; x_wconf 85' lang='lat' dir='ltr'><strong>deinceps</strong></span> <span class='ocrx_word' id='word_1_156' title='bbox 3075 805 3325 860; x_wconf 84' lang='lat' dir='ltr'><strong>divinam</strong></span> <span class='ocrx_word' id='word_1_157' title='bbox 3359 806 3581 878; x_wconf 83' lang='lat' dir='ltr'><strong>perﬁcit</strong></span> 
     </span>
    </p>
   </div>
   <div class='ocr_carea' id='block_1_23' title="bbox 1954 896 3580 970">
    <p class='ocr_par' dir='ltr' id='par_1_23' title="bbox 1954 896 3580 970">
     <span class='ocr_line' id='line_1_23' title="bbox 1954 896 3580 970; baseline 0.001 -20"><span class='ocrx_word' id='word_1_158' title='bbox 1954 896 2202 962; x_wconf 87' lang='lat' dir='ltr'><strong>missam,</strong></span> <span class='ocrx_word' id='word_1_159' title='bbox 2252 905 2335 952; x_wconf 75' lang='grc' dir='ltr'><strong>καὶ</strong></span> <span class='ocrx_word' id='word_1_160' title='bbox 2379 907 2504 952; x_wconf 80' lang='grc' dir='ltr'>τελεῖ</span> <span class='ocrx_word' id='word_1_161' title='bbox 2547 904 2820 959; x_wconf 79' lang='grc' dir='ltr'><strong>ἀκολουθῶς</strong></span> <span class='ocrx_word' id='word_1_162' title='bbox 2867 905 2950 962; x_wconf 83' lang='grc' dir='ltr'>τήν</span> <span class='ocrx_word' id='word_1_163' title='bbox 2999 904 3125 954; x_wconf 72' lang='grc' dir='ltr'><strong>θείαν</strong></span> <span class='ocrx_word' id='word_1_164' title='bbox 3185 905 3496 970; x_wconf 80' lang='grc' dir='ltr'>λειτουργίαν.</span> <span class='ocrx_word' id='word_1_165' title='bbox 3552 921 3580 952; x_wconf 74' lang='grc' dir='ltr'><strong>ι)</strong></span> 
     </span>
    </p>
   </div>
   <div class='ocr_carea' id='block_1_24' title="bbox 1954 991 3582 1065">
    <p class='ocr_par' dir='ltr' id='par_1_24' title="bbox 1954 991 3582 1065">
     <span class='ocr_line' id='line_1_24' title="bbox 1954 991 3582 1065; baseline -0.002 -15"><span class='ocrx_word' id='word_1_166' title='bbox 1954 995 2110 1050; x_wconf 88' lang='lat' dir='ltr'><strong>Unde</strong></span> <span class='ocrx_word' id='word_1_167' title='bbox 2134 1009 2484 1065; x_wconf 89' lang='lat' dir='ltr'><strong>consequens</strong></span> <span class='ocrx_word' id='word_1_168' title='bbox 2511 995 2614 1056; x_wconf 89' lang='lat' dir='ltr'><strong>est,</strong></span> <span class='ocrx_word' id='word_1_169' title='bbox 2643 1007 2864 1045; x_wconf 88' lang='lat' dir='ltr'><strong>sacrum</strong></span> <span class='ocrx_word' id='word_1_170' title='bbox 2891 991 3096 1045; x_wconf 84' lang='lat' dir='ltr'><strong>Christi</strong></span> <span class='ocrx_word' id='word_1_171' title='bbox 3138 991 3473 1062; x_wconf 88' lang='lat' dir='ltr'><strong>sanguinem</strong></span> <span class='ocrx_word' id='word_1_172' title='bbox 3510 1008 3582 1047; x_wconf 80' lang='lat' dir='ltr'><strong>ex</strong></span> 
     </span>
    </p>
   </div>
   <div class='ocr_carea' id='block_1_25' title="bbox 1952 1083 3584 1160">
    <p class='ocr_par' dir='ltr' id='par_1_25' title="bbox 1952 1083 3584 1160">
     <span class='ocr_line' id='line_1_25' title="bbox 1952 1083 3584 1160; baseline -0.002 -18"><span class='ocrx_word' id='word_1_173' title='bbox 1952 1088 2294 1160; x_wconf 75' lang='lat' dir='ltr'><strong>praecedenti</strong></span> <span class='ocrx_word' id='word_1_174' title='bbox 2321 1085 2594 1141; x_wconf 85' lang='lat' dir='ltr'><strong>sacriﬁcio</strong></span> <span class='ocrx_word' id='word_1_175' title='bbox 2619 1083 2790 1138; x_wconf 86' lang='lat' dir='ltr'><strong>fuisse</strong></span> <span class='ocrx_word' id='word_1_176' title='bbox 2817 1087 3185 1139; x_wconf 87' lang='lat' dir='ltr'><strong>reservatum.</strong></span> <span class='ocrx_word' id='word_1_177' title='bbox 3216 1085 3377 1148; x_wconf 89' lang='lat' dir='ltr'><strong>Quod</strong></span> <span class='ocrx_word' id='word_1_178' title='bbox 3411 1085 3584 1140; x_wconf 89' lang='lat' dir='ltr'><strong>etiam</strong></span> 
     </span>
    </p>
   </div>
   <div class='ocr_carea' id='block_1_26' title="bbox 1955 1173 3581 1250">
    <p class='ocr_par' dir='ltr' id='par_1_26' title="bbox 1955 1173 3581 1250">
     <span class='ocr_line' id='line_1_26' title="bbox 1955 1173 3581 1250; baseline -0.001 -14"><span class='ocrx_word' id='word_1_179' title='bbox 1955 1181 2024 1236; x_wconf 90' lang='lat' dir='ltr'><strong>de</strong></span> <span class='ocrx_word' id='word_1_180' title='bbox 2045 1182 2156 1236; x_wconf 90' lang='lat' dir='ltr'><strong>alia</strong></span> <span class='ocrx_word' id='word_1_181' title='bbox 2181 1179 2546 1236; x_wconf 63' lang='lat' dir='ltr'><strong>Eucharistia:</strong></span> <span class='ocrx_word' id='word_1_182' title='bbox 2570 1177 2754 1250; x_wconf 85' lang='lat' dir='ltr'><strong>specie</strong></span> <span class='ocrx_word' id='word_1_183' title='bbox 2783 1177 2914 1232; x_wconf 89' lang='lat' dir='ltr'><strong>satis</strong></span> <span class='ocrx_word' id='word_1_184' title='bbox 2931 1177 3120 1232; x_wconf 88' lang='lat' dir='ltr'><strong>innuit</strong></span> <span class='ocrx_word' id='word_1_185' title='bbox 3134 1173 3581 1249; x_wconf 80' lang='lat' dir='ltr'><strong>Chrysostomus,</strong></span> 
     </span>
    </p>
   </div>
   <div class='ocr_carea' id='block_1_27' title="bbox 1953 1270 3585 1345">
    <p class='ocr_par' dir='ltr' id='par_1_27' title="bbox 1953 1270 3585 1345">
     <span class='ocr_line' id='line_1_27' title="bbox 1953 1270 3585 1345; baseline -0.001 -16"><span class='ocrx_word' id='word_1_186' title='bbox 1953 1274 2051 1329; x_wconf 91' lang='lat' dir='ltr'><strong>ubi</strong></span> <span class='ocrx_word' id='word_1_187' title='bbox 2075 1274 2154 1329; x_wconf 85' lang='lat' dir='ltr'><strong>ait</strong></span> <span class='ocrx_word' id='word_1_188' title='bbox 2177 1274 2448 1345; x_wconf 88' lang='lat' dir='ltr'><strong>irrupisse</strong></span> <span class='ocrx_word' id='word_1_189' title='bbox 2475 1273 2575 1328; x_wconf 89' lang='lat' dir='ltr'><strong>ubi</strong></span> <span class='ocrx_word' id='word_1_190' title='bbox 2601 1288 2758 1326; x_wconf 90' lang='lat' dir='ltr'><strong>sacra</strong></span> <span class='ocrx_word' id='word_1_191' title='bbox 2797 1274 2959 1325; x_wconf 90' lang='lat' dir='ltr'><strong>erant</strong></span> <span class='ocrx_word' id='word_1_192' title='bbox 2992 1270 3254 1342; x_wconf 89' lang='lat' dir='ltr'><strong>reposita,</strong></span> <span class='ocrx_word' id='word_1_193' title='bbox 3291 1275 3348 1326; x_wconf 88' lang='lat' dir='ltr'><strong>et</strong></span> <span class='ocrx_word' id='word_1_194' title='bbox 3382 1270 3585 1327; x_wconf 82' lang='lat' dir='ltr'><strong>vidisse</strong></span> 
     </span>
    </p>
   </div>
   <div class='ocr_carea' id='block_1_28' title="bbox 1955 1364 3584 1440">
    <p class='ocr_par' dir='ltr' id='par_1_28' title="bbox 1955 1364 3584 1440">
     <span class='ocr_line' id='line_1_28' title="bbox 1955 1364 3584 1440; baseline 0 -18"><span class='ocrx_word' id='word_1_195' title='bbox 1955 1368 2148 1422; x_wconf 87' lang='lat' dir='ltr'><strong>omnia</strong></span> <span class='ocrx_word' id='word_1_196' title='bbox 2183 1385 2309 1440; x_wconf 75' lang='lat' dir='ltr'><strong>quae</strong></span> <span class='ocrx_word' id='word_1_197' title='bbox 2344 1367 2498 1422; x_wconf 90' lang='lat' dir='ltr'><strong>intus</strong></span> <span class='ocrx_word' id='word_1_198' title='bbox 2537 1369 2718 1420; x_wconf 90' lang='lat' dir='ltr'><strong>erant.</strong></span> <span class='ocrx_word' id='word_1_199' title='bbox 2768 1364 3022 1435; x_wconf 89' lang='lat' dir='ltr'><strong>Denique</strong></span> <span class='ocrx_word' id='word_1_200' title='bbox 3061 1364 3298 1418; x_wconf 87' lang='lat' dir='ltr'><strong>verbum</strong></span> <span class='ocrx_word' id='word_1_201' title='bbox 3341 1372 3584 1422; x_wconf 81' lang='grc' dir='ltr'><strong>ἀπέκειντο</strong></span> 
     </span>
    </p>
   </div>
   <div class='ocr_carea' id='block_1_29' title="bbox 1953 1457 3586 1531">
    <p class='ocr_par' dir='ltr' id='par_1_29' title="bbox 1953 1457 3586 1531">
     <span class='ocr_line' id='line_1_29' title="bbox 1953 1457 3586 1531; baseline -0.001 -17"><span class='ocrx_word' id='word_1_202' title='bbox 1953 1460 2105 1516; x_wconf 90' lang='lat' dir='ltr'><strong>idem</strong></span> <span class='ocrx_word' id='word_1_203' title='bbox 2132 1465 2221 1515; x_wconf 90' lang='lat' dir='ltr'><strong>est</strong></span> <span class='ocrx_word' id='word_1_204' title='bbox 2247 1476 2311 1515; x_wconf 90' lang='lat' dir='ltr'><strong>ac</strong></span> <span class='ocrx_word' id='word_1_205' title='bbox 2336 1459 2667 1531; x_wconf 91' lang='lat' dir='ltr'><strong>repositum,</strong></span> <span class='ocrx_word' id='word_1_206' title='bbox 2696 1462 3042 1512; x_wconf 83' lang='lat' dir='ltr'><strong>reservatum</strong></span> <span class='ocrx_word' id='word_1_207' title='bbox 3067 1457 3138 1511; x_wconf 90' lang='lat' dir='ltr'><strong>ad</strong></span> <span class='ocrx_word' id='word_1_208' title='bbox 3165 1461 3408 1527; x_wconf 86' lang='lat' dir='ltr'><strong>tempus.</strong></span> <span class='ocrx_word' id='word_1_209' title='bbox 3437 1459 3586 1512; x_wconf 79' lang='lat' dir='ltr'><strong>Hanc</strong></span> 
     </span>
    </p>
   </div>
   <div class='ocr_carea' id='block_1_30' title="bbox 1954 1549 3583 1623">
    <p class='ocr_par' dir='ltr' id='par_1_30' title="bbox 1954 1549 3583 1623">
     <span class='ocr_line' id='line_1_30' title="bbox 1954 1549 3583 1623; baseline -0.001 -16"><span class='ocrx_word' id='word_1_210' title='bbox 1954 1553 2393 1608; x_wconf 88' lang='lat' dir='ltr'><strong>reservationem</strong></span> <span class='ocrx_word' id='word_1_211' title='bbox 2423 1551 2817 1623; x_wconf 90' lang='lat' dir='ltr'><strong>improbarunt</strong></span> <span class='ocrx_word' id='word_1_212' title='bbox 2853 1550 3086 1622; x_wconf 88' lang='lat' dir='ltr'><strong>quidam</strong></span> <span class='ocrx_word' id='word_1_213' title='bbox 3121 1549 3328 1604; x_wconf 67' lang='lat' dir='ltr'><strong>saeculo</strong></span> <span class='ocrx_word' id='word_1_214' title='bbox 3365 1566 3436 1617; x_wconf 79' lang='lat' dir='ltr'><strong>IV,</strong></span> <span class='ocrx_word' id='word_1_215' title='bbox 3475 1567 3583 1621; x_wconf 91' lang='lat' dir='ltr'><strong>pu-</strong></span> 
     </span>
    </p>
   </div>
   <div class='ocr_carea' id='block_1_31' title="bbox 1955 1643 3588 1717">
    <p class='ocr_par' dir='ltr' id='par_1_31' title="bbox 1955 1643 3588 1717">
     <span class='ocr_line' id='line_1_31' title="bbox 1955 1643 3588 1717; baseline -0.001 -17"><span class='ocrx_word' id='word_1_216' title='bbox 1955 1649 2140 1701; x_wconf 87' lang='lat' dir='ltr'><strong>tantes</strong></span> <span class='ocrx_word' id='word_1_217' title='bbox 2170 1669 2196 1696; x_wconf 85' lang='lat'><strong>«</strong></span> <span class='ocrx_word' id='word_1_218' title='bbox 2228 1646 2523 1717; x_wconf 86' lang='lat' dir='ltr'><strong>mysticam</strong></span> <span class='ocrx_word' id='word_1_219' title='bbox 2549 1643 3000 1699; x_wconf 87' lang='lat' dir='ltr'><strong>benedictionem</strong></span> <span class='ocrx_word' id='word_1_220' title='bbox 3026 1643 3171 1697; x_wconf 91' lang='lat' dir='ltr'><strong>nihil</strong></span> <span class='ocrx_word' id='word_1_221' title='bbox 3193 1643 3265 1698; x_wconf 91' lang='lat' dir='ltr'><strong>ad</strong></span> <span class='ocrx_word' id='word_1_222' title='bbox 3284 1643 3588 1698; x_wconf 85' lang='lat' dir='ltr'><strong>sanctiﬁca-</strong></span> 
     </span>
    </p>
   </div>
   <div class='ocr_carea' id='block_1_32' title="bbox 1957 1723 3629 1810">
    <p class='ocr_par' dir='ltr' id='par_1_32' title="bbox 1957 1723 3629 1810">
     <span class='ocr_line' id='line_1_32' title="bbox 1957 1723 3629 1810; baseline -0.001 -18"><span class='ocrx_word' id='word_1_223' title='bbox 1957 1738 2170 1793; x_wconf 87' lang='lat' dir='ltr'><strong>tionem</strong></span> <span class='ocrx_word' id='word_1_224' title='bbox 2197 1739 2490 1810; x_wconf 83' lang='lat' dir='ltr'><strong>proﬁcere,</strong></span> <span class='ocrx_word' id='word_1_225' title='bbox 2521 1737 2567 1792; x_wconf 90' lang='lat' dir='ltr'><strong>si</strong></span> <span class='ocrx_word' id='word_1_226' title='bbox 2594 1737 2729 1808; x_wconf 91' lang='lat' dir='ltr'><strong>quid</strong></span> <span class='ocrx_word' id='word_1_227' title='bbox 2759 1752 2828 1790; x_wconf 80' lang='lat' dir='ltr'><strong>ex</strong></span> <span class='ocrx_word' id='word_1_228' title='bbox 2858 1754 2922 1790; x_wconf 90' lang='lat' dir='ltr'><strong>ea</strong></span> <span class='ocrx_word' id='word_1_229' title='bbox 2946 1736 3044 1790; x_wconf 87' lang='lat' dir='ltr'><strong>ﬁat</strong></span> <span class='ocrx_word' id='word_1_230' title='bbox 3067 1735 3270 1808; x_wconf 90' lang='lat' dir='ltr'><strong>reliqui</strong></span> <span class='ocrx_word' id='word_1_231' title='bbox 3308 1736 3369 1790; x_wconf 92' lang='lat' dir='ltr'><strong>in</strong></span> <span class='ocrx_word' id='word_1_232' title='bbox 3413 1723 3589 1792; x_wconf 86' lang='lat' dir='ltr'><strong>alium</strong></span> <span class='ocrx_word' id='word_1_233' title='bbox 3624 1766 3629 1773; x_wconf 94' lang='lat'>-</span> 
     </span>
    </p>
   </div>
   <div class='ocr_carea' id='block_1_33' title="bbox 208 1817 3587 1904">
    <p class='ocr_par' dir='ltr' id='par_1_33' title="bbox 208 1817 3587 1904">
     <span class='ocr_line' id='line_1_33' title="bbox 208 1817 3587 1904; baseline 0 -21"><span class='ocrx_word' id='word_1_234' title='bbox 208 1820 438 1876; x_wconf 74' lang='lat' dir='ltr'><strong>lemnia</strong></span> <span class='ocrx_word' id='word_1_235' title='bbox 461 1821 694 1894; x_wconf 75' lang='lat' dir='ltr'><strong>longam</strong></span> <span class='ocrx_word' id='word_1_236' title='bbox 720 1841 942 1878; x_wconf 78' lang='lat' dir='ltr'><strong>moram</strong></span> <span class='ocrx_word' id='word_1_237' title='bbox 971 1825 1284 1896; x_wconf 73' lang='lat' dir='ltr'><strong>exigerent.</strong></span> <span class='ocrx_word' id='word_1_238' title='bbox 1315 1826 1422 1882; x_wconf 73' lang='lat' dir='ltr'><strong>Sed</strong></span> <span class='ocrx_word' id='word_1_239' title='bbox 1453 1831 1512 1881; x_wconf 76' lang='lat' dir='ltr'><strong>ut</strong></span> <span class='ocrx_word' id='word_1_240' title='bbox 1538 1826 1594 1881; x_wconf 85' lang='lat' dir='ltr'><strong>id</strong></span> <span class='ocrx_word' id='word_1_241' title='bbox 1633 1826 1856 1898; x_wconf 79' lang='lat' dir='ltr'><strong>planius</strong></span> <span class='ocrx_word' id='word_1_242' title='bbox 1875 1817 1931 1890; x_wconf 84' lang='lat' dir='ltr'><strong>B</strong></span> <span class='ocrx_word' id='word_1_243' title='bbox 1956 1831 2126 1901; x_wconf 91' lang='lat' dir='ltr'><strong>diem,</strong></span> <span class='ocrx_word' id='word_1_244' title='bbox 2161 1852 2188 1882; x_wconf 85' lang='lat'><strong>»</strong></span> <span class='ocrx_word' id='word_1_245' title='bbox 2217 1848 2359 1904; x_wconf 90' lang='lat' dir='ltr'><strong>quos</strong></span> <span class='ocrx_word' id='word_1_246' title='bbox 2381 1855 2408 1882; x_wconf 79' lang='grc' dir='ltr'><strong>(ι</strong></span> <span class='ocrx_word' id='word_1_247' title='bbox 2432 1830 2679 1886; x_wconf 87' lang='lat' dir='ltr'><strong>insanire</strong></span> <span class='ocrx_word' id='word_1_248' title='bbox 2702 1852 2728 1878; x_wconf 86' lang='lat'>»</span> <span class='ocrx_word' id='word_1_249' title='bbox 2753 1829 2891 1884; x_wconf 87' lang='lat' dir='ltr'><strong>dicit</strong></span> <span class='ocrx_word' id='word_1_250' title='bbox 2911 1829 3152 1900; x_wconf 77' lang='lat' dir='ltr'><strong>Cyrillus</strong></span> <span class='ocrx_word' id='word_1_251' title='bbox 3171 1829 3587 1885; x_wconf 87' lang='lat' dir='ltr'><strong>Alexandrinus</strong></span> 
     </span>
    </p>
   </div>
   <div class='ocr_carea' id='block_1_34' title="bbox 211 1914 1853 1990">
    <p class='ocr_par' dir='ltr' id='par_1_34' title="bbox 211 1914 1853 1990">
     <span class='ocr_line' id='line_1_34' title="bbox 211 1914 1853 1990; baseline 0.004 -23"><span class='ocrx_word' id='word_1_252' title='bbox 211 1914 329 1983; x_wconf 79' lang='lat' dir='ltr'><strong>ﬁat,</strong></span> <span class='ocrx_word' id='word_1_253' title='bbox 365 1915 638 1986; x_wconf 75' lang='lat' dir='ltr'><strong>quaedam</strong></span> <span class='ocrx_word' id='word_1_254' title='bbox 671 1917 775 1972; x_wconf 89' lang='lat' dir='ltr'><strong>hoc</strong></span> <span class='ocrx_word' id='word_1_255' title='bbox 811 1919 954 1989; x_wconf 90' lang='lat' dir='ltr'><strong>loco,</strong></span> <span class='ocrx_word' id='word_1_256' title='bbox 989 1919 1174 1990; x_wconf 87' lang='lat' dir='ltr'><strong>quoad</strong></span> <span class='ocrx_word' id='word_1_257' title='bbox 1217 1919 1445 1974; x_wconf 86' lang='lat' dir='ltr'><strong>brevius</strong></span> <span class='ocrx_word' id='word_1_258' title='bbox 1469 1919 1592 1974; x_wconf 86' lang='lat' dir='ltr'><strong>ﬁeri</strong></span> <span class='ocrx_word' id='word_1_259' title='bbox 1629 1920 1853 1990; x_wconf 85' lang='lat' dir='ltr'><strong>poterit,</strong></span> 
     </span>
    </p>
   </div>
   <div class='ocr_carea' id='block_1_35' title="bbox 212 2007 754 2066">
    <p class='ocr_par' dir='ltr' id='par_1_35' title="bbox 212 2007 754 2066">
     <span class='ocr_line' id='line_1_35' title="bbox 212 2007 754 2066; baseline 0.011 -6"><span class='ocrx_word' id='word_1_260' title='bbox 212 2007 576 2064; x_wconf 83' lang='lat' dir='ltr'><strong>observanda</strong></span> <span class='ocrx_word' id='word_1_261' title='bbox 602 2016 754 2066; x_wconf 89' lang='lat' dir='ltr'><strong>sunt.</strong></span> 
     </span>
    </p>
   </div>
   <div class='ocr_carea' id='block_1_36' title="bbox 286 2103 1856 2178">
    <p class='ocr_par' dir='ltr' id='par_1_36' title="bbox 286 2103 1856 2178">
     <span class='ocr_line' id='line_1_36' title="bbox 286 2103 1856 2178; baseline 0.003 -23"><span class='ocrx_word' id='word_1_262' title='bbox 286 2105 380 2156; x_wconf 82' lang='grc'><strong>10.</strong></span> <span class='ocrx_word' id='word_1_263' title='bbox 441 2103 502 2156; x_wconf 91' lang='lat' dir='ltr'><strong>ln</strong></span> <span class='ocrx_word' id='word_1_264' title='bbox 545 2103 744 2174; x_wconf 89' lang='lat' dir='ltr'><strong>primis</strong></span> <span class='ocrx_word' id='word_1_265' title='bbox 776 2120 893 2158; x_wconf 89' lang='lat' dir='ltr'><strong>non</strong></span> <span class='ocrx_word' id='word_1_266' title='bbox 927 2105 1092 2160; x_wconf 86' lang='lat' dir='ltr'><strong>aliter</strong></span> <span class='ocrx_word' id='word_1_267' title='bbox 1131 2109 1314 2176; x_wconf 87' lang='lat' dir='ltr'><strong>potest</strong></span> <span class='ocrx_word' id='word_1_268' title='bbox 1352 2105 1594 2178; x_wconf 83' lang='lat' dir='ltr'><strong>intelligi</strong></span> <span class='ocrx_word' id='word_1_269' title='bbox 1639 2105 1856 2161; x_wconf 85' lang='lat' dir='ltr'><strong>Paulini</strong></span> 
     </span>
    </p>
   </div>
   <div class='ocr_carea' id='block_1_37' title="bbox 208 2196 1857 2267">
    <p class='ocr_par' dir='ltr' id='par_1_37' title="bbox 208 2196 1857 2267">
     <span class='ocr_line' id='line_1_37' title="bbox 208 2196 1857 2267; baseline 0.002 -18"><span class='ocrx_word' id='word_1_270' title='bbox 208 2196 473 2250; x_wconf 86' lang='lat' dir='ltr'><strong>narratio</strong></span> <span class='ocrx_word' id='word_1_271' title='bbox 527 2197 598 2250; x_wconf 93' lang='lat' dir='ltr'><strong>de</strong></span> <span class='ocrx_word' id='word_1_272' title='bbox 646 2197 928 2252; x_wconf 85' lang='lat' dir='ltr'><strong>Ambrosii</strong></span> <span class='ocrx_word' id='word_1_273' title='bbox 977 2203 1234 2254; x_wconf 83' lang='lat' dir='ltr'><strong>extrema</strong></span> <span class='ocrx_word' id='word_1_274' title='bbox 1281 2199 1702 2267; x_wconf 89' lang='lat' dir='ltr'><strong>communione,</strong></span> <span class='ocrx_word' id='word_1_275' title='bbox 1749 2199 1857 2254; x_wconf 90' lang='lat' dir='ltr'><strong>nisi</strong></span> 
     </span>
    </p>
   </div>
   <div class='ocr_carea' id='block_1_38' title="bbox 211 2288 1858 2348">
    <p class='ocr_par' dir='ltr' id='par_1_38' title="bbox 211 2288 1858 2348">
     <span class='ocr_line' id='line_1_38' title="bbox 211 2288 1858 2348; baseline 0.002 -6"><span class='ocrx_word' id='word_1_276' title='bbox 211 2288 641 2344; x_wconf 80' lang='lat' dir='ltr'><strong>Eucharistiam</strong></span> <span class='ocrx_word' id='word_1_277' title='bbox 701 2296 1040 2346; x_wconf 85' lang='lat' dir='ltr'><strong>reservatam</strong></span> <span class='ocrx_word' id='word_1_278' title='bbox 1101 2292 1466 2348; x_wconf 86' lang='lat' dir='ltr'><strong>admittamus</strong></span> <span class='ocrx_word' id='word_1_279' title='bbox 1531 2293 1858 2348; x_wconf 81' lang='lat' dir='ltr'><strong>Ambrosius</strong></span> 
     </span>
    </p>
   </div>
   <div class='ocr_carea' id='block_1_39' title="bbox 214 2383 1857 2453">
    <p class='ocr_par' dir='ltr' id='par_1_39' title="bbox 214 2383 1857 2453">
     <span class='ocr_line' id='line_1_39' title="bbox 214 2383 1857 2453; baseline 0.002 -17"><span class='ocrx_word' id='word_1_280' title='bbox 214 2387 405 2436; x_wconf 86' lang='lat' dir='ltr'><strong>morte</strong></span> <span class='ocrx_word' id='word_1_281' title='bbox 463 2383 816 2453; x_wconf 83' lang='lat' dir='ltr'><strong>imminente,</strong></span> <span class='ocrx_word' id='word_1_282' title='bbox 874 2406 901 2434; x_wconf 87' lang='grc'><strong>‹‹</strong></span> <span class='ocrx_word' id='word_1_283' title='bbox 961 2385 1032 2439; x_wconf 87' lang='lat' dir='ltr'><strong>ab</strong></span> <span class='ocrx_word' id='word_1_284' title='bbox 1085 2385 1224 2440; x_wconf 83' lang='lat' dir='ltr'><strong>hora</strong></span> <span class='ocrx_word' id='word_1_285' title='bbox 1273 2386 1495 2441; x_wconf 90' lang='lat' dir='ltr'><strong>circiter</strong></span> <span class='ocrx_word' id='word_1_286' title='bbox 1561 2386 1857 2440; x_wconf 87' lang='lat' dir='ltr'><strong>undecima</strong></span> 
     </span>
    </p>
   </div>
   <div class='ocr_carea' id='block_1_40' title="bbox 215 2475 1854 2550">
    <p class='ocr_par' dir='ltr' id='par_1_40' title="bbox 215 2475 1854 2550">
     <span class='ocr_line' id='line_1_40' title="bbox 215 2475 1854 2550; baseline 0.001 -20"><span class='ocrx_word' id='word_1_287' title='bbox 215 2475 354 2545; x_wconf 87' lang='lat' dir='ltr'><strong>diei,</strong></span> <span class='ocrx_word' id='word_1_288' title='bbox 399 2493 580 2548; x_wconf 81' lang='lat' dir='ltr'><strong>usque</strong></span> <span class='ocrx_word' id='word_1_289' title='bbox 615 2477 686 2532; x_wconf 86' lang='lat' dir='ltr'><strong>ad</strong></span> <span class='ocrx_word' id='word_1_290' title='bbox 729 2478 883 2532; x_wconf 86' lang='lat' dir='ltr'><strong>illam</strong></span> <span class='ocrx_word' id='word_1_291' title='bbox 923 2477 1143 2547; x_wconf 84' lang='lat' dir='ltr'><strong>horam,</strong></span> <span class='ocrx_word' id='word_1_292' title='bbox 1188 2495 1300 2550; x_wconf 90' lang='lat' dir='ltr'><strong>qua</strong></span> <span class='ocrx_word' id='word_1_293' title='bbox 1341 2475 1531 2534; x_wconf 83' lang='lat' dir='ltr'><strong>emisit</strong></span> <span class='ocrx_word' id='word_1_294' title='bbox 1569 2479 1854 2550; x_wconf 86' lang='lat' dir='ltr'><strong>spiritum,</strong></span> 
     </span>
    </p>
   </div>
   <div class='ocr_carea' id='block_1_41' title="bbox 218 2571 1857 2640">
    <p class='ocr_par' dir='ltr' id='par_1_41' title="bbox 218 2571 1857 2640">
     <span class='ocr_line' id='line_1_41' title="bbox 218 2571 1857 2640; baseline 0.002 -17"><span class='ocrx_word' id='word_1_295' title='bbox 218 2571 493 2640; x_wconf 80' lang='lat' dir='ltr'><strong>expansis</strong></span> <span class='ocrx_word' id='word_1_296' title='bbox 503 2571 768 2624; x_wconf 86' lang='lat' dir='ltr'><strong>manibus</strong></span> <span class='ocrx_word' id='word_1_297' title='bbox 785 2571 844 2624; x_wconf 85' lang='lat' dir='ltr'><strong>in</strong></span> <span class='ocrx_word' id='word_1_298' title='bbox 861 2572 1096 2626; x_wconf 89' lang='lat' dir='ltr'><strong>modum</strong></span> <span class='ocrx_word' id='word_1_299' title='bbox 1115 2573 1297 2626; x_wconf 90' lang='lat' dir='ltr'><strong>crucis</strong></span> <span class='ocrx_word' id='word_1_300' title='bbox 1317 2573 1516 2628; x_wconf 88' lang='lat' dir='ltr'><strong>oravit.</strong></span> <span class='ocrx_word' id='word_1_301' title='bbox 1540 2574 1857 2627; x_wconf 87' lang='lat' dir='ltr'><strong>Honoratus</strong></span> 
     </span>
    </p>
   </div>
   <div class='ocr_carea' id='block_1_42' title="bbox 220 2664 1855 2736">
    <p class='ocr_par' dir='ltr' id='par_1_42' title="bbox 220 2664 1855 2736">
     <span class='ocr_line' id='line_1_42' title="bbox 220 2664 1855 2736; baseline 0.002 -20"><span class='ocrx_word' id='word_1_302' title='bbox 220 2668 424 2717; x_wconf 87' lang='lat' dir='ltr'><strong>autem</strong></span> <span class='ocrx_word' id='word_1_303' title='bbox 449 2664 704 2719; x_wconf 87' lang='lat' dir='ltr'><strong>sacerdos</strong></span> <span class='ocrx_word' id='word_1_304' title='bbox 728 2664 977 2718; x_wconf 72' lang='lat' dir='ltr'><strong>ecclesias</strong></span> <span class='ocrx_word' id='word_1_305' title='bbox 1007 2665 1389 2736; x_wconf 87' lang='lat' dir='ltr'><strong>Vercellensis,</strong></span> <span class='ocrx_word' id='word_1_306' title='bbox 1422 2683 1552 2720; x_wconf 91' lang='lat' dir='ltr'><strong>cum</strong></span> <span class='ocrx_word' id='word_1_307' title='bbox 1588 2666 1650 2720; x_wconf 92' lang='lat' dir='ltr'><strong>in</strong></span> <span class='ocrx_word' id='word_1_308' title='bbox 1686 2682 1855 2736; x_wconf 89' lang='lat' dir='ltr'><strong>supe-</strong></span> 
     </span>
    </p>
   </div>
   <div class='ocr_carea' id='block_1_43' title="bbox 220 2756 1859 2830">
    <p class='ocr_par' dir='ltr' id='par_1_43' title="bbox 220 2756 1859 2830">
     <span class='ocr_line' id='line_1_43' title="bbox 220 2756 1859 2830; baseline 0.001 -20"><span class='ocrx_word' id='word_1_309' title='bbox 220 2757 358 2810; x_wconf 88' lang='lat' dir='ltr'><strong>riori</strong></span> <span class='ocrx_word' id='word_1_310' title='bbox 399 2757 573 2810; x_wconf 91' lang='lat' dir='ltr'><strong>domo</strong></span> <span class='ocrx_word' id='word_1_311' title='bbox 605 2773 663 2812; x_wconf 88' lang='lat' dir='ltr'><strong>se</strong></span> <span class='ocrx_word' id='word_1_312' title='bbox 703 2758 772 2811; x_wconf 89' lang='lat' dir='ltr'><strong>ad</strong></span> <span class='ocrx_word' id='word_1_313' title='bbox 813 2756 1062 2829; x_wconf 82' lang='lat' dir='ltr'><strong>quietem</strong></span> <span class='ocrx_word' id='word_1_314' title='bbox 1099 2759 1521 2830; x_wconf 91' lang='lat' dir='ltr'><strong>composuisset,</strong></span> <span class='ocrx_word' id='word_1_315' title='bbox 1561 2759 1728 2814; x_wconf 86' lang='lat' dir='ltr'><strong>tertio</strong></span> <span class='ocrx_word' id='word_1_316' title='bbox 1771 2775 1859 2812; x_wconf 86' lang='lat' dir='ltr'><strong>vo-</strong></span> 
     </span>
    </p>
   </div>
   <div class='ocr_carea' id='block_1_44' title="bbox 221 2851 1856 2924">
    <p class='ocr_par' dir='ltr' id='par_1_44' title="bbox 221 2851 1856 2924">
     <span class='ocr_line' id='line_1_44' title="bbox 221 2851 1856 2924; baseline 0.001 -20"><span class='ocrx_word' id='word_1_317' title='bbox 221 2865 345 2904; x_wconf 86' lang='lat' dir='ltr'><strong>cem</strong></span> <span class='ocrx_word' id='word_1_318' title='bbox 401 2851 650 2905; x_wconf 80' lang='lat' dir='ltr'><strong>vocantis</strong></span> <span class='ocrx_word' id='word_1_319' title='bbox 694 2868 752 2905; x_wconf 87' lang='lat' dir='ltr'><strong>se</strong></span> <span class='ocrx_word' id='word_1_320' title='bbox 787 2851 1021 2921; x_wconf 87' lang='lat' dir='ltr'><strong>audivit,</strong></span> <span class='ocrx_word' id='word_1_321' title='bbox 1064 2851 1414 2924; x_wconf 87' lang='lat' dir='ltr'><strong>dicentisque</strong></span> <span class='ocrx_word' id='word_1_322' title='bbox 1453 2853 1560 2906; x_wconf 89' lang='lat' dir='ltr'><strong>sibi</strong></span> <span class='ocrx_word' id='word_1_323' title='bbox 1593 2869 1607 2907; x_wconf 90' lang='lat'><strong>:</strong></span> <span class='ocrx_word' id='word_1_324' title='bbox 1657 2853 1856 2924; x_wconf 80' lang='lat' dir='ltr'><strong>Surge,</strong></span> 
     </span>
    </p>
   </div>
   <div class='ocr_carea' id='block_1_45' title="bbox 219 2943 1857 3015">
    <p class='ocr_par' dir='ltr' id='par_1_45' title="bbox 219 2943 1857 3015">
     <span class='ocr_line' id='line_1_45' title="bbox 219 2943 1857 3015; baseline 0.002 -19"><span class='ocrx_word' id='word_1_325' title='bbox 219 2943 456 3013; x_wconf 81' lang='lat' dir='ltr'><strong>festina,</strong></span> <span class='ocrx_word' id='word_1_326' title='bbox 485 2944 619 3015; x_wconf 86' lang='lat' dir='ltr'><strong>quia</strong></span> <span class='ocrx_word' id='word_1_327' title='bbox 645 2945 814 2999; x_wconf 92' lang='lat' dir='ltr'><strong>modo</strong></span> <span class='ocrx_word' id='word_1_328' title='bbox 843 2949 924 3000; x_wconf 89' lang='lat' dir='ltr'><strong>est</strong></span> <span class='ocrx_word' id='word_1_329' title='bbox 968 2960 1309 3001; x_wconf 88' lang='lat' dir='ltr'><strong>recessurus.</strong></span> <span class='ocrx_word' id='word_1_330' title='bbox 1352 2945 1459 3010; x_wconf 89' lang='lat' dir='ltr'><strong>Qui</strong></span> <span class='ocrx_word' id='word_1_331' title='bbox 1497 2946 1857 3012; x_wconf 88' lang='lat' dir='ltr'><strong>descendens,</strong></span> 
     </span>
    </p>
   </div>
   <div class='ocr_carea' id='block_1_46' title="bbox 220 3037 1862 3110">
    <p class='ocr_par' dir='ltr' id='par_1_46' title="bbox 220 3037 1862 3110">
     <span class='ocr_line' id='line_1_46' title="bbox 220 3037 1862 3110; baseline 0.001 -19"><span class='ocrx_word' id='word_1_332' title='bbox 220 3037 436 3092; x_wconf 82' lang='lat' dir='ltr'><strong>obtulit</strong></span> <span class='ocrx_word' id='word_1_333' title='bbox 459 3038 659 3092; x_wconf 82' lang='lat' dir='ltr'><strong>Sancto</strong></span> <span class='ocrx_word' id='word_1_334' title='bbox 687 3037 911 3092; x_wconf 87' lang='lat' dir='ltr'><strong>Domini</strong></span> <span class='ocrx_word' id='word_1_335' title='bbox 939 3054 1166 3110; x_wconf 89' lang='lat' dir='ltr'><strong>corpus.</strong></span> <span class='ocrx_word' id='word_1_336' title='bbox 1195 3039 1314 3102; x_wconf 89' lang='lat' dir='ltr'><strong>Quo</strong></span> <span class='ocrx_word' id='word_1_337' title='bbox 1339 3043 1586 3110; x_wconf 90' lang='lat' dir='ltr'><strong>accepto,</strong></span> <span class='ocrx_word' id='word_1_338' title='bbox 1613 3038 1711 3093; x_wconf 90' lang='lat' dir='ltr'><strong>ubi</strong></span> <span class='ocrx_word' id='word_1_339' title='bbox 1740 3039 1862 3110; x_wconf 84' lang='lat' dir='ltr'><strong>glu-</strong></span> 
     </span>
    </p>
   </div>
   <div class='ocr_carea' id='block_1_47' title="bbox 221 3131 1854 3204">
    <p class='ocr_par' dir='ltr' id='par_1_47' title="bbox 221 3131 1854 3204">
     <span class='ocr_line' id='line_1_47' title="bbox 221 3131 1854 3204; baseline 0.001 -19"><span class='ocrx_word' id='word_1_340' title='bbox 221 3131 374 3198; x_wconf 86' lang='lat' dir='ltr'><strong>tivit,</strong></span> <span class='ocrx_word' id='word_1_341' title='bbox 409 3131 594 3186; x_wconf 88' lang='lat' dir='ltr'><strong>emisit</strong></span> <span class='ocrx_word' id='word_1_342' title='bbox 618 3133 904 3204; x_wconf 86' lang='lat' dir='ltr'><strong>spiritum.</strong></span> <span class='ocrx_word' id='word_1_343' title='bbox 939 3151 966 3183; x_wconf 84' lang='lat'><strong>»</strong></span> <span class='ocrx_word' id='word_1_344' title='bbox 997 3131 1218 3186; x_wconf 85' lang='lat' dir='ltr'><strong>Nemini</strong></span> <span class='ocrx_word' id='word_1_345' title='bbox 1243 3132 1336 3186; x_wconf 91' lang='lat' dir='ltr'><strong>hic</strong></span> <span class='ocrx_word' id='word_1_346' title='bbox 1357 3133 1572 3204; x_wconf 88' lang='lat' dir='ltr'><strong>ﬁngere</strong></span> <span class='ocrx_word' id='word_1_347' title='bbox 1593 3133 1783 3187; x_wconf 89' lang='lat' dir='ltr'><strong>animo</strong></span> <span class='ocrx_word' id='word_1_348' title='bbox 1799 3131 1854 3186; x_wconf 91' lang='lat' dir='ltr'><strong>li-</strong></span> 
     </span>
    </p>
   </div>
   <div class='ocr_carea' id='block_1_48' title="bbox 222 3225 1864 3299">
    <p class='ocr_par' dir='ltr' id='par_1_48' title="bbox 222 3225 1864 3299">
     <span class='ocr_line' id='line_1_48' title="bbox 222 3225 1864 3299; baseline 0.001 -21"><span class='ocrx_word' id='word_1_349' title='bbox 222 3231 330 3295; x_wconf 77' lang='lat' dir='ltr'><strong>cet,</strong></span> <span class='ocrx_word' id='word_1_350' title='bbox 367 3225 601 3280; x_wconf 89' lang='lat' dir='ltr'><strong>missam</strong></span> <span class='ocrx_word' id='word_1_351' title='bbox 625 3227 697 3280; x_wconf 91' lang='lat' dir='ltr'><strong>ad</strong></span> <span class='ocrx_word' id='word_1_352' title='bbox 725 3227 831 3281; x_wconf 90' lang='lat' dir='ltr'><strong>hoc</strong></span> <span class='ocrx_word' id='word_1_353' title='bbox 855 3226 1026 3281; x_wconf 87' lang='lat' dir='ltr'><strong>fuisse</strong></span> <span class='ocrx_word' id='word_1_354' title='bbox 1071 3225 1432 3282; x_wconf 76' lang='lat' dir='ltr'><strong>celebratam.</strong></span> <span class='ocrx_word' id='word_1_355' title='bbox 1470 3228 1714 3299; x_wconf 88' lang='lat' dir='ltr'><strong>Tempus</strong></span> <span class='ocrx_word' id='word_1_356' title='bbox 1747 3243 1864 3281; x_wconf 90' lang='lat' dir='ltr'><strong>non</strong></span> 
     </span>
    </p>
   </div>
   <div class='ocr_carea' id='block_1_49' title="bbox 223 3318 1865 3392">
    <p class='ocr_par' dir='ltr' id='par_1_49' title="bbox 223 3318 1865 3392">
     <span class='ocr_line' id='line_1_49' title="bbox 223 3318 1865 3392; baseline 0.002 -20"><span class='ocrx_word' id='word_1_357' title='bbox 223 3318 474 3388; x_wconf 79' lang='lat' dir='ltr'><strong>sinebat,</strong></span> <span class='ocrx_word' id='word_1_358' title='bbox 503 3318 641 3374; x_wconf 90' lang='lat' dir='ltr'><strong>hora</strong></span> <span class='ocrx_word' id='word_1_359' title='bbox 665 3319 777 3374; x_wconf 89' lang='lat' dir='ltr'><strong>diei</strong></span> <span class='ocrx_word' id='word_1_360' title='bbox 806 3319 1111 3374; x_wconf 86' lang='lat' dir='ltr'><strong>minimum</strong></span> <span class='ocrx_word' id='word_1_361' title='bbox 1132 3319 1498 3388; x_wconf 85' lang='lat' dir='ltr'><strong>duodecima;</strong></span> <span class='ocrx_word' id='word_1_362' title='bbox 1520 3337 1634 3375; x_wconf 91' lang='lat' dir='ltr'><strong>non</strong></span> <span class='ocrx_word' id='word_1_363' title='bbox 1650 3325 1865 3392; x_wconf 87' lang='lat' dir='ltr'><strong>tempo-</strong></span> 
     </span>
    </p>
   </div>
   <div class='ocr_carea' id='block_1_50' title="bbox 223 3413 1865 3487">
    <p class='ocr_par' dir='ltr' id='par_1_50' title="bbox 223 3413 1865 3487">
     <span class='ocr_line' id='line_1_50' title="bbox 223 3413 1865 3487; baseline 0.002 -21"><span class='ocrx_word' id='word_1_364' title='bbox 223 3413 300 3467; x_wconf 83' lang='lat' dir='ltr'><strong>ris</strong></span> <span class='ocrx_word' id='word_1_365' title='bbox 327 3413 612 3468; x_wconf 84' lang='lat' dir='ltr'><strong>articulus</strong></span> <span class='ocrx_word' id='word_1_366' title='bbox 635 3419 692 3468; x_wconf 90' lang='lat' dir='ltr'><strong>et</strong></span> <span class='ocrx_word' id='word_1_367' title='bbox 727 3414 1024 3486; x_wconf 67' lang='lat' dir='ltr'><strong>angustiae,</strong></span> <span class='ocrx_word' id='word_1_368' title='bbox 1067 3413 1346 3486; x_wconf 87' lang='lat' dir='ltr'><strong>siquidem</strong></span> <span class='ocrx_word' id='word_1_369' title='bbox 1391 3416 1728 3486; x_wconf 84' lang='lat' dir='ltr'><strong>Honoratus,</strong></span> <span class='ocrx_word' id='word_1_370' title='bbox 1764 3413 1865 3487; x_wconf 90' lang='lat' dir='ltr'><strong>qui</strong></span> 
     </span>
    </p>
   </div>
   <div class='ocr_carea' id='block_1_51' title="bbox 225 3499 1866 3582">
    <p class='ocr_par' dir='ltr' id='par_1_51' title="bbox 225 3499 1866 3582">
     <span class='ocr_line' id='line_1_51' title="bbox 225 3499 1866 3582; baseline 0.002 -21"><span class='ocrx_word' id='word_1_371' title='bbox 225 3512 374 3561; x_wconf 84' lang='lat' dir='ltr'><strong>tunc</strong></span> <span class='ocrx_word' id='word_1_372' title='bbox 405 3506 472 3561; x_wconf 91' lang='lat' dir='ltr'><strong>ad</strong></span> <span class='ocrx_word' id='word_1_373' title='bbox 501 3507 749 3579; x_wconf 89' lang='lat' dir='ltr'><strong>quietem</strong></span> <span class='ocrx_word' id='word_1_374' title='bbox 791 3508 852 3562; x_wconf 91' lang='lat' dir='ltr'><strong>in</strong></span> <span class='ocrx_word' id='word_1_375' title='bbox 886 3509 1030 3564; x_wconf 85' lang='lat' dir='ltr'><strong>lecto</strong></span> <span class='ocrx_word' id='word_1_376' title='bbox 1070 3499 1417 3582; x_wconf 81' lang='lat' dir='ltr'><strong>compositus</strong></span> <span class='ocrx_word' id='word_1_377' title='bbox 1457 3515 1594 3581; x_wconf 89' lang='lat' dir='ltr'><strong>erat,</strong></span> <span class='ocrx_word' id='word_1_378' title='bbox 1637 3525 1770 3564; x_wconf 81' lang='lat' dir='ltr'><strong>mox</strong></span> <span class='ocrx_word' id='word_1_379' title='bbox 1801 3513 1866 3564; x_wconf 91' lang='lat' dir='ltr'><strong>ut</strong></span> 
     </span>
    </p>
   </div>
   <div class='ocr_carea' id='block_1_52' title="bbox 227 3599 1862 3674">
    <p class='ocr_par' dir='ltr' id='par_1_52' title="bbox 227 3599 1862 3674">
     <span class='ocr_line' id='line_1_52' title="bbox 227 3599 1862 3674; baseline 0.001 -20"><span class='ocrx_word' id='word_1_380' title='bbox 227 3599 550 3669; x_wconf 84' lang='lat' dir='ltr'><strong>descendit,</strong></span> <span class='ocrx_word' id='word_1_381' title='bbox 600 3601 753 3656; x_wconf 87' lang='lat' dir='ltr'><strong>nulla</strong></span> <span class='ocrx_word' id='word_1_382' title='bbox 801 3602 1136 3674; x_wconf 86' lang='lat' dir='ltr'><strong>interposita</strong></span> <span class='ocrx_word' id='word_1_383' title='bbox 1185 3619 1363 3672; x_wconf 88' lang='lat' dir='ltr'><strong>mora,</strong></span> <span class='ocrx_word' id='word_1_384' title='bbox 1417 3603 1619 3658; x_wconf 90' lang='lat' dir='ltr'><strong>obtulit</strong></span> <span class='ocrx_word' id='word_1_385' title='bbox 1672 3607 1862 3657; x_wconf 88' lang='lat' dir='ltr'><strong>sancto</strong></span> 
     </span>
    </p>
   </div>
   <div class='ocr_carea' id='block_1_53' title="bbox 225 3695 1862 3768">
    <p class='ocr_par' dir='ltr' id='par_1_53' title="bbox 225 3695 1862 3768">
     <span class='ocr_line' id='line_1_53' title="bbox 225 3695 1862 3768; baseline -0.002 -15"><span class='ocrx_word' id='word_1_386' title='bbox 225 3695 472 3753; x_wconf 78' lang='lat' dir='ltr'><strong>Domini</strong></span> <span class='ocrx_word' id='word_1_387' title='bbox 495 3711 712 3766; x_wconf 89' lang='lat' dir='ltr'><strong>corpus.</strong></span> <span class='ocrx_word' id='word_1_388' title='bbox 740 3697 891 3768; x_wconf 88' lang='lat' dir='ltr'><strong>Ergo</strong></span> <span class='ocrx_word' id='word_1_389' title='bbox 918 3713 986 3752; x_wconf 82' lang='lat' dir='ltr'><strong>ex</strong></span> <span class='ocrx_word' id='word_1_390' title='bbox 1017 3702 1296 3753; x_wconf 87' lang='lat' dir='ltr'><strong>reservata</strong></span> <span class='ocrx_word' id='word_1_391' title='bbox 1319 3696 1672 3752; x_wconf 89' lang='lat' dir='ltr'><strong>Eucharistia</strong></span> <span class='ocrx_word' id='word_1_392' title='bbox 1695 3695 1753 3752; x_wconf 92' lang='lat' dir='ltr'><strong>id</strong></span> <span class='ocrx_word' id='word_1_393' title='bbox 1778 3696 1862 3750; x_wconf 85' lang='lat' dir='ltr'><strong>fa-</strong></span> 
     </span>
    </p>
   </div>
   <div class='ocr_carea' id='block_1_54' title="bbox 225 3795 806 3869">
    <p class='ocr_par' dir='ltr' id='par_1_54' title="bbox 225 3795 806 3869">
     <span class='ocr_line' id='line_1_54' title="bbox 225 3795 806 3869; baseline -0.007 -22"><span class='ocrx_word' id='word_1_394' title='bbox 225 3796 399 3847; x_wconf 86' lang='lat' dir='ltr'><strong>ctum</strong></span> <span class='ocrx_word' id='word_1_395' title='bbox 425 3795 529 3844; x_wconf 91' lang='lat' dir='ltr'><strong>est.</strong></span> <span class='ocrx_word' id='word_1_396' title='bbox 799 3860 806 3869; x_wconf 31' lang='grc' dir='ltr'>ι</span> 
     </span>
    </p>
   </div>
   <div class='ocr_carea' id='block_1_55' title="bbox 299 3883 1860 3958">
    <p class='ocr_par' dir='ltr' id='par_1_55' title="bbox 299 3883 1860 3958">
     <span class='ocr_line' id='line_1_55' title="bbox 299 3883 1860 3958; baseline -0.001 -17"><span class='ocrx_word' id='word_1_397' title='bbox 299 3891 325 3941; x_wconf 80' lang='grc'><strong>1</strong></span> <span class='ocrx_word' id='word_1_398' title='bbox 345 3889 368 3940; x_wconf 76' lang='grc' dir='ltr'>ί</span> <span class='ocrx_word' id='word_1_399' title='bbox 390 3925 407 3938; x_wconf 91' lang='grc'><strong>.</strong></span> <span class='ocrx_word' id='word_1_400' title='bbox 437 3883 715 3940; x_wconf 87' lang='lat' dir='ltr'><strong>Concedat</strong></span> <span class='ocrx_word' id='word_1_401' title='bbox 741 3884 930 3940; x_wconf 89' lang='lat' dir='ltr'><strong>forsan</strong></span> <span class='ocrx_word' id='word_1_402' title='bbox 957 3885 1182 3957; x_wconf 87' lang='lat' dir='ltr'><strong>aliquis,</strong></span> <span class='ocrx_word' id='word_1_403' title='bbox 1213 3902 1282 3942; x_wconf 80' lang='lat' dir='ltr'><strong>ex</strong></span> <span class='ocrx_word' id='word_1_404' title='bbox 1305 3889 1587 3942; x_wconf 88' lang='lat' dir='ltr'><strong>reservata</strong></span> <span class='ocrx_word' id='word_1_405' title='bbox 1609 3884 1860 3958; x_wconf 90' lang='lat' dir='ltr'><strong>quidem,</strong></span> 
     </span>
    </p>
   </div>
   <div class='ocr_carea' id='block_1_56' title="bbox 225 3977 1862 4052">
    <p class='ocr_par' dir='ltr' id='par_1_56' title="bbox 225 3977 1862 4052">
     <span class='ocr_line' id='line_1_56' title="bbox 225 3977 1862 4052; baseline -0.001 -17"><span class='ocrx_word' id='word_1_406' title='bbox 225 3997 348 4035; x_wconf 84' lang='lat' dir='ltr'><strong>non</strong></span> <span class='ocrx_word' id='word_1_407' title='bbox 385 3977 448 4032; x_wconf 90' lang='lat' dir='ltr'><strong>in</strong></span> <span class='ocrx_word' id='word_1_408' title='bbox 471 3977 713 4048; x_wconf 88' lang='lat' dir='ltr'><strong>ecclesia,</strong></span> <span class='ocrx_word' id='word_1_409' title='bbox 753 3979 863 4040; x_wconf 82' lang='lat' dir='ltr'><strong>sed</strong></span> <span class='ocrx_word' id='word_1_410' title='bbox 891 3979 1072 4048; x_wconf 90' lang='lat' dir='ltr'><strong>domi,</strong></span> <span class='ocrx_word' id='word_1_411' title='bbox 1112 3981 1264 4052; x_wconf 89' lang='lat' dir='ltr'><strong>quod</strong></span> <span class='ocrx_word' id='word_1_412' title='bbox 1303 3980 1480 4035; x_wconf 85' lang='lat' dir='ltr'><strong>cuivis</strong></span> <span class='ocrx_word' id='word_1_413' title='bbox 1513 3980 1709 4035; x_wconf 89' lang='lat' dir='ltr'><strong>liceret</strong></span> <span class='ocrx_word' id='word_1_414' title='bbox 1747 3980 1862 4033; x_wconf 87' lang='lat' dir='ltr'><strong>Eu-</strong></span> 
     </span>
    </p>
   </div>
   <div class='ocr_carea' id='block_1_57' title="bbox 225 4071 1863 4146">
    <p class='ocr_par' dir='ltr' id='par_1_57' title="bbox 225 4071 1863 4146">
     <span class='ocr_line' id='line_1_57' title="bbox 225 4071 1863 4146; baseline -0.001 -18"><span class='ocrx_word' id='word_1_415' title='bbox 225 4071 566 4128; x_wconf 84' lang='lat' dir='ltr'><strong>charistiam</strong></span> <span class='ocrx_word' id='word_1_416' title='bbox 589 4071 806 4127; x_wconf 84' lang='lat' dir='ltr'><strong>deferre</strong></span> <span class='ocrx_word' id='word_1_417' title='bbox 833 4072 891 4127; x_wconf 92' lang='lat' dir='ltr'><strong>in</strong></span> <span class='ocrx_word' id='word_1_418' title='bbox 917 4073 1178 4146; x_wconf 88' lang='lat' dir='ltr'><strong>proprias</strong></span> <span class='ocrx_word' id='word_1_419' title='bbox 1203 4074 1370 4129; x_wconf 64' lang='lat' dir='ltr'><strong>aedes.</strong></span> <span class='ocrx_word' id='word_1_420' title='bbox 1403 4075 1512 4130; x_wconf 87' lang='lat' dir='ltr'><strong>Nec</strong></span> <span class='ocrx_word' id='word_1_421' title='bbox 1542 4089 1676 4128; x_wconf 86' lang='lat' dir='ltr'><strong>sane</strong></span> <span class='ocrx_word' id='word_1_422' title='bbox 1703 4071 1863 4128; x_wconf 89' lang='lat' dir='ltr'><strong>video</strong></span> 
     </span>
    </p>
   </div>
   <div class='ocr_carea' id='block_1_58' title="bbox 223 4165 1862 4240">
    <p class='ocr_par' dir='ltr' id='par_1_58' title="bbox 223 4165 1862 4240">
     <span class='ocr_line' id='line_1_58' title="bbox 223 4165 1862 4240; baseline -0.001 -18"><span class='ocrx_word' id='word_1_423' title='bbox 223 4166 382 4240; x_wconf 87' lang='lat' dir='ltr'><strong>quid</strong></span> <span class='ocrx_word' id='word_1_424' title='bbox 409 4182 478 4220; x_wconf 77' lang='lat' dir='ltr'><strong>ex</strong></span> <span class='ocrx_word' id='word_1_425' title='bbox 504 4165 731 4220; x_wconf 87' lang='lat' dir='ltr'><strong>Paulino</strong></span> <span class='ocrx_word' id='word_1_426' title='bbox 758 4166 892 4220; x_wconf 88' lang='lat' dir='ltr'><strong>huic</strong></span> <span class='ocrx_word' id='word_1_427' title='bbox 917 4167 1270 4240; x_wconf 89' lang='lat' dir='ltr'><strong>responsioni</strong></span> <span class='ocrx_word' id='word_1_428' title='bbox 1297 4167 1474 4239; x_wconf 82' lang='lat' dir='ltr'><strong>possit</strong></span> <span class='ocrx_word' id='word_1_429' title='bbox 1511 4167 1739 4240; x_wconf 88' lang='lat' dir='ltr'><strong>opponi,</strong></span> <span class='ocrx_word' id='word_1_430' title='bbox 1774 4171 1862 4220; x_wconf 90' lang='lat' dir='ltr'><strong>ta-</strong></span> 
     </span>
    </p>
   </div>
   <div class='ocr_carea' id='block_1_59' title="bbox 223 4259 1863 4317">
    <p class='ocr_par' dir='ltr' id='par_1_59' title="bbox 223 4259 1863 4317">
     <span class='ocr_line' id='line_1_59' title="bbox 223 4259 1863 4317; baseline -0.001 -1"><span class='ocrx_word' id='word_1_431' title='bbox 223 4259 414 4316; x_wconf 83' lang='lat' dir='ltr'><strong>metsi</strong></span> <span class='ocrx_word' id='word_1_432' title='bbox 435 4274 556 4313; x_wconf 91' lang='lat' dir='ltr'><strong>rem</strong></span> <span class='ocrx_word' id='word_1_433' title='bbox 581 4259 742 4315; x_wconf 88' lang='lat' dir='ltr'><strong>aliter</strong></span> <span class='ocrx_word' id='word_1_434' title='bbox 765 4277 824 4315; x_wconf 89' lang='lat' dir='ltr'><strong>se</strong></span> <span class='ocrx_word' id='word_1_435' title='bbox 850 4260 1058 4316; x_wconf 88' lang='lat' dir='ltr'><strong>habere</strong></span> <span class='ocrx_word' id='word_1_436' title='bbox 1087 4277 1201 4316; x_wconf 92' lang='lat' dir='ltr'><strong>non</strong></span> <span class='ocrx_word' id='word_1_437' title='bbox 1227 4261 1443 4317; x_wconf 90' lang='lat' dir='ltr'><strong>dubito.</strong></span> <span class='ocrx_word' id='word_1_438' title='bbox 1480 4262 1693 4316; x_wconf 87' lang='lat' dir='ltr'><strong>Verum</strong></span> <span class='ocrx_word' id='word_1_439' title='bbox 1727 4277 1863 4315; x_wconf 86' lang='lat' dir='ltr'><strong>con-</strong></span> 
     </span>
    </p>
   </div>
   <div class='ocr_carea' id='block_1_60' title="bbox 221 4353 1866 4410">
    <p class='ocr_par' dir='ltr' id='par_1_60' title="bbox 221 4353 1866 4410">
     <span class='ocr_line' id='line_1_60' title="bbox 221 4353 1866 4410; baseline 0 0"><span class='ocrx_word' id='word_1_440' title='bbox 221 4354 460 4410; x_wconf 80' lang='lat' dir='ltr'><strong>feratur</strong></span> <span class='ocrx_word' id='word_1_441' title='bbox 482 4353 572 4408; x_wconf 89' lang='lat' dir='ltr'><strong>hic</strong></span> <span class='ocrx_word' id='word_1_442' title='bbox 594 4353 748 4408; x_wconf 91' lang='lat' dir='ltr'><strong>locus</strong></span> <span class='ocrx_word' id='word_1_443' title='bbox 777 4369 908 4409; x_wconf 92' lang='lat' dir='ltr'><strong>cum</strong></span> <span class='ocrx_word' id='word_1_444' title='bbox 931 4354 1165 4410; x_wconf 84' lang='lat' dir='ltr'><strong>Palladii</strong></span> <span class='ocrx_word' id='word_1_445' title='bbox 1187 4355 1512 4410; x_wconf 89' lang='lat' dir='ltr'><strong>testimonio</strong></span> <span class='ocrx_word' id='word_1_446' title='bbox 1537 4355 1596 4409; x_wconf 91' lang='lat' dir='ltr'><strong>in</strong></span> <span class='ocrx_word' id='word_1_447' title='bbox 1625 4355 1770 4410; x_wconf 90' lang='lat' dir='ltr'><strong>libro</strong></span> <span class='ocrx_word' id='word_1_448' title='bbox 1796 4355 1866 4410; x_wconf 92' lang='lat' dir='ltr'><strong>de</strong></span> 
     </span>
    </p>
   </div>
   <div class='ocr_carea' id='block_1_61' title="bbox 224 4447 1866 4520">
    <p class='ocr_par' dir='ltr' id='par_1_61' title="bbox 224 4447 1866 4520">
     <span class='ocr_line' id='line_1_61' title="bbox 224 4447 1866 4520; baseline 0.001 -17"><span class='ocrx_word' id='word_1_449' title='bbox 224 4449 367 4503; x_wconf 75' lang='lat' dir='ltr'><strong>Vita</strong></span> <span class='ocrx_word' id='word_1_450' title='bbox 407 4447 583 4501; x_wconf 85' lang='lat' dir='ltr'><strong>sancti</strong></span> <span class='ocrx_word' id='word_1_451' title='bbox 622 4447 891 4503; x_wconf 87' lang='lat' dir='ltr'><strong>Johannis</strong></span> <span class='ocrx_word' id='word_1_452' title='bbox 925 4449 1332 4520; x_wconf 86' lang='lat' dir='ltr'><strong>Chrysostomi,</strong></span> <span class='ocrx_word' id='word_1_453' title='bbox 1375 4455 1473 4504; x_wconf 89' lang='lat' dir='ltr'><strong>aut</strong></span> <span class='ocrx_word' id='word_1_454' title='bbox 1505 4449 1695 4520; x_wconf 90' lang='lat' dir='ltr'><strong>potius</strong></span> <span class='ocrx_word' id='word_1_455' title='bbox 1735 4465 1866 4504; x_wconf 90' lang='lat' dir='ltr'><strong>cum</strong></span> 
     </span>
    </p>
   </div>
   <div class='ocr_carea' id='block_1_62' title="bbox 221 4541 1944 4636">
    <p class='ocr_par' dir='ltr' id='par_1_62' title="bbox 221 4541 1944 4636">
     <span class='ocr_line' id='line_1_62' title="bbox 221 4541 1944 4636; baseline 0.001 -40"><span class='ocrx_word' id='word_1_456' title='bbox 221 4541 422 4614; x_wconf 85' lang='lat' dir='ltr'><strong>ipsius</strong></span> <span class='ocrx_word' id='word_1_457' title='bbox 446 4541 826 4612; x_wconf 79' lang='lat' dir='ltr'><strong>Cbrysostomi</strong></span> <span class='ocrx_word' id='word_1_458' title='bbox 866 4542 1101 4614; x_wconf 89' lang='lat' dir='ltr'><strong>epistola</strong></span> <span class='ocrx_word' id='word_1_459' title='bbox 1133 4543 1203 4598; x_wconf 89' lang='lat' dir='ltr'><strong>ad</strong></span> <span class='ocrx_word' id='word_1_460' title='bbox 1242 4541 1370 4616; x_wconf 90' lang='lat'><strong>88</strong></span> <span class='ocrx_word' id='word_1_461' title='bbox 1407 4543 1798 4598; x_wconf 84' lang='lat' dir='ltr'><strong>innocentium</strong></span> <span class='ocrx_word' id='word_1_462' title='bbox 1833 4559 1944 4636; x_wconf 83' lang='lat' dir='ltr'><strong>aD</strong></span> 
     </span>
    </p>
   </div>
   <div class='ocr_carea' id='block_1_63' title="bbox 223 4634 1868 4708">
    <p class='ocr_par' dir='ltr' id='par_1_63' title="bbox 223 4634 1868 4708">
     <span class='ocr_line' id='line_1_63' title="bbox 223 4634 1868 4708; baseline -0.001 -17"><span class='ocrx_word' id='word_1_463' title='bbox 223 4634 492 4691; x_wconf 84' lang='lat' dir='ltr'><strong>Palladio</strong></span> <span class='ocrx_word' id='word_1_464' title='bbox 517 4635 704 4690; x_wconf 81' lang='lat' dir='ltr'><strong>relata.</strong></span> <span class='ocrx_word' id='word_1_465' title='bbox 732 4637 794 4690; x_wconf 92' lang='lat' dir='ltr'><strong>In</strong></span> <span class='ocrx_word' id='word_1_466' title='bbox 818 4651 882 4691; x_wconf 92' lang='lat' dir='ltr'><strong>ea</strong></span> <span class='ocrx_word' id='word_1_467' title='bbox 908 4636 1144 4708; x_wconf 87' lang='lat' dir='ltr'><strong>epistola</strong></span> <span class='ocrx_word' id='word_1_468' title='bbox 1164 4636 1432 4693; x_wconf 90' lang='lat' dir='ltr'><strong>describit</strong></span> <span class='ocrx_word' id='word_1_469' title='bbox 1454 4638 1696 4692; x_wconf 87' lang='lat' dir='ltr'><strong>Joannes</strong></span> <span class='ocrx_word' id='word_1_470' title='bbox 1721 4636 1868 4691; x_wconf 88' lang='lat' dir='ltr'><strong>irru-</strong></span> 
     </span>
    </p>
   </div>
   <div class='ocr_carea' id='block_1_64' title="bbox 225 4729 1869 4803">
    <p class='ocr_par' dir='ltr' id='par_1_64' title="bbox 225 4729 1869 4803">
     <span class='ocr_line' id='line_1_64' title="bbox 225 4729 1869 4803; baseline 0.001 -18"><span class='ocrx_word' id='word_1_471' title='bbox 225 4731 504 4801; x_wconf 86' lang='lat' dir='ltr'><strong>ptionem</strong></span> <span class='ocrx_word' id='word_1_472' title='bbox 539 4729 803 4801; x_wconf 90' lang='lat' dir='ltr'><strong>militum,</strong></span> <span class='ocrx_word' id='word_1_473' title='bbox 848 4746 978 4803; x_wconf 65' lang='lat' dir='ltr'><strong>qua:</strong></span> <span class='ocrx_word' id='word_1_474' title='bbox 1016 4729 1074 4784; x_wconf 91' lang='lat' dir='ltr'><strong>in</strong></span> <span class='ocrx_word' id='word_1_475' title='bbox 1123 4730 1415 4786; x_wconf 86' lang='lat' dir='ltr'><strong>ecclesiam</strong></span> <span class='ocrx_word' id='word_1_476' title='bbox 1455 4731 1558 4786; x_wconf 69' lang='grc' dir='ltr'><strong>(ΣΡ.</strong></span> <span class='ocrx_word' id='word_1_477' title='bbox 1600 4731 1748 4786; x_wconf 87' lang='lat' dir='ltr'><strong>facta</strong></span> <span class='ocrx_word' id='word_1_478' title='bbox 1785 4734 1869 4786; x_wconf 90' lang='lat' dir='ltr'><strong>est</strong></span> 
     </span>
    </p>
   </div>
   <div class='ocr_carea' id='block_1_65' title="bbox 227 4823 1868 4896">
    <p class='ocr_par' dir='ltr' id='par_1_65' title="bbox 227 4823 1868 4896">
     <span class='ocr_line' id='line_1_65' title="bbox 227 4823 1868 4896; baseline -0.002 -16"><span class='ocrx_word' id='word_1_479' title='bbox 227 4823 484 4880; x_wconf 75' lang='lat' dir='ltr'><strong>Sabbato</strong></span> <span class='ocrx_word' id='word_1_480' title='bbox 509 4829 718 4894; x_wconf 82' lang='lat' dir='ltr'><strong>sancto,</strong></span> <span class='ocrx_word' id='word_1_481' title='bbox 739 4838 872 4880; x_wconf 86' lang='lat' dir='ltr'><strong>cum</strong></span> <span class='ocrx_word' id='word_1_482' title='bbox 892 4824 1084 4878; x_wconf 86' lang='lat' dir='ltr'><strong>omnia</strong></span> <span class='ocrx_word' id='word_1_483' title='bbox 1103 4824 1172 4878; x_wconf 87' lang='lat' dir='ltr'><strong>ad</strong></span> <span class='ocrx_word' id='word_1_484' title='bbox 1189 4824 1502 4880; x_wconf 88' lang='lat' dir='ltr'><strong>solemnem</strong></span> <span class='ocrx_word' id='word_1_485' title='bbox 1521 4824 1868 4896; x_wconf 84' lang='lat' dir='ltr'><strong>baptismum</strong></span> 
     </span>
    </p>
   </div>
   <div class='ocr_carea' id='block_1_66' title="bbox 225 4916 1867 4990">
    <p class='ocr_par' dir='ltr' id='par_1_66' title="bbox 225 4916 1867 4990">
     <span class='ocr_line' id='line_1_66' title="bbox 225 4916 1867 4990; baseline -0.001 -16"><span class='ocrx_word' id='word_1_486' title='bbox 225 4921 433 4974; x_wconf 83' lang='lat' dir='ltr'><strong>essent</strong></span> <span class='ocrx_word' id='word_1_487' title='bbox 457 4916 742 4990; x_wconf 83' lang='lat' dir='ltr'><strong>disposita.</strong></span> <span class='ocrx_word' id='word_1_488' title='bbox 771 4919 926 4972; x_wconf 91' lang='lat' dir='ltr'><strong>Tunc</strong></span> <span class='ocrx_word' id='word_1_489' title='bbox 969 4918 1180 4990; x_wconf 90' lang='lat' dir='ltr'><strong>quippe</strong></span> <span class='ocrx_word' id='word_1_490' title='bbox 1215 4933 1400 4974; x_wconf 90' lang='lat' dir='ltr'><strong>sacros</strong></span> <span class='ocrx_word' id='word_1_491' title='bbox 1434 4919 1634 4974; x_wconf 84' lang='lat' dir='ltr'><strong>Fontes</strong></span> <span class='ocrx_word' id='word_1_492' title='bbox 1669 4933 1867 4973; x_wconf 89' lang='lat' dir='ltr'><strong>cruore</strong></span> 
     </span>
    </p>
   </div>
   <div class='ocr_carea' id='block_1_67' title="bbox 225 5011 1870 5084">
    <p class='ocr_par' dir='ltr' id='par_1_67' title="bbox 225 5011 1870 5084">
     <span class='ocr_line' id='line_1_67' title="bbox 225 5011 1870 5084; baseline -0.001 -17"><span class='ocrx_word' id='word_1_493' title='bbox 225 5013 670 5067; x_wconf 79' lang='lat' dir='ltr'><strong>vulneratorum</strong></span> <span class='ocrx_word' id='word_1_494' title='bbox 693 5027 761 5067; x_wconf 80' lang='lat' dir='ltr'><strong>ex</strong></span> <span class='ocrx_word' id='word_1_495' title='bbox 781 5011 1102 5084; x_wconf 90' lang='lat' dir='ltr'><strong>promiscuo</strong></span> <span class='ocrx_word' id='word_1_496' title='bbox 1120 5028 1260 5067; x_wconf 86' lang='lat' dir='ltr'><strong>sexu</strong></span> <span class='ocrx_word' id='word_1_497' title='bbox 1276 5013 1533 5084; x_wconf 87' lang='lat' dir='ltr'><strong>perfusos</strong></span> <span class='ocrx_word' id='word_1_498' title='bbox 1551 5012 1720 5068; x_wconf 87' lang='lat' dir='ltr'><strong>fuisse</strong></span> <span class='ocrx_word' id='word_1_499' title='bbox 1741 5011 1870 5066; x_wconf 86' lang='lat' dir='ltr'><strong>scri-</strong></span> 
     </span>
    </p>
   </div>
   <div class='ocr_carea' id='block_1_68' title="bbox 223 5105 1871 5178">
    <p class='ocr_par' dir='ltr' id='par_1_68' title="bbox 223 5105 1871 5178">
     <span class='ocr_line' id='line_1_68' title="bbox 223 5105 1871 5178; baseline -0.001 -16"><span class='ocrx_word' id='word_1_500' title='bbox 223 5107 315 5162; x_wconf 87' lang='lat' dir='ltr'><strong>bit</strong></span> <span class='ocrx_word' id='word_1_501' title='bbox 351 5124 367 5162; x_wconf 88' lang='lat'>:</span> <span class='ocrx_word' id='word_1_502' title='bbox 398 5107 498 5162; x_wconf 92' lang='lat' dir='ltr'><strong>sed</strong></span> <span class='ocrx_word' id='word_1_503' title='bbox 523 5123 706 5178; x_wconf 88' lang='lat' dir='ltr'><strong>neque</strong></span> <span class='ocrx_word' id='word_1_504' title='bbox 731 5105 824 5161; x_wconf 89' lang='lat' dir='ltr'><strong>hic</strong></span> <span class='ocrx_word' id='word_1_505' title='bbox 852 5107 1068 5161; x_wconf 88' lang='lat' dir='ltr'><strong>malum</strong></span> <span class='ocrx_word' id='word_1_506' title='bbox 1104 5106 1436 5162; x_wconf 86' lang='lat' dir='ltr'><strong>substitisse.</strong></span> <span class='ocrx_word' id='word_1_507' title='bbox 1472 5106 1670 5162; x_wconf 82' lang='lat' dir='ltr'><strong>Milites</strong></span> <span class='ocrx_word' id='word_1_508' title='bbox 1715 5106 1871 5161; x_wconf 90' lang='lat' dir='ltr'><strong>enim</strong></span> 
     </span>
    </p>
   </div>
   <div class='ocr_carea' id='block_1_69' title="bbox 227 5200 1872 5272">
    <p class='ocr_par' dir='ltr' id='par_1_69' title="bbox 227 5200 1872 5272">
     <span class='ocr_line' id='line_1_69' title="bbox 227 5200 1872 5272; baseline -0.001 -16"><span class='ocrx_word' id='word_1_509' title='bbox 227 5222 256 5256; x_wconf 70' lang='grc' dir='ltr'>σ</span> <span class='ocrx_word' id='word_1_510' title='bbox 285 5201 398 5258; x_wconf 83' lang='lat' dir='ltr'><strong>ubi</strong></span> <span class='ocrx_word' id='word_1_511' title='bbox 436 5216 592 5255; x_wconf 84' lang='lat' dir='ltr'><strong>sacra</strong></span> <span class='ocrx_word' id='word_1_512' title='bbox 616 5205 777 5256; x_wconf 89' lang='lat' dir='ltr'><strong>erant</strong></span> <span class='ocrx_word' id='word_1_513' title='bbox 804 5201 1048 5272; x_wconf 88' lang='lat' dir='ltr'><strong>reposita</strong></span> <span class='ocrx_word' id='word_1_514' title='bbox 1083 5221 1111 5250; x_wconf 87' lang='grc'><strong>››</strong></span> <span class='ocrx_word' id='word_1_515' title='bbox 1147 5200 1548 5272; x_wconf 84' lang='lat' dir='ltr'><strong>irrumpentes,</strong></span> <span class='ocrx_word' id='word_1_516' title='bbox 1585 5222 1611 5250; x_wconf 89' lang='grc'><strong>‹‹</strong></span> <span class='ocrx_word' id='word_1_517' title='bbox 1647 5207 1792 5258; x_wconf 77' lang='grc' dir='ltr'><strong>Ἔντα</strong></span> <span class='ocrx_word' id='word_1_518' title='bbox 1813 5207 1872 5256; x_wconf 84' lang='grc' dir='ltr'><strong>τὰ</strong></span> 
     </span>
    </p>
   </div>
   <div class='ocr_carea' id='block_1_70' title="bbox 225 5293 1872 5366">
    <p class='ocr_par' dir='ltr' id='par_1_70' title="bbox 225 5293 1872 5366">
     <span class='ocr_line' id='line_1_70' title="bbox 225 5293 1872 5366; baseline -0.003 -15"><span class='ocrx_word' id='word_1_519' title='bbox 225 5304 354 5366; x_wconf 63' lang='lat' dir='ltr'><strong>am</strong></span> <span class='ocrx_word' id='word_1_520' title='bbox 381 5301 648 5361; x_wconf 74' lang='grc' dir='ltr'>ἀπέκειντο,</span> <span class='ocrx_word' id='word_1_521' title='bbox 692 5293 956 5350; x_wconf 87' lang='lat' dir='ltr'><strong>viderunt</strong></span> <span class='ocrx_word' id='word_1_522' title='bbox 997 5293 1188 5348; x_wconf 90' lang='lat' dir='ltr'><strong>omnia</strong></span> <span class='ocrx_word' id='word_1_523' title='bbox 1230 5310 1358 5366; x_wconf 66' lang='lat' dir='ltr'><strong>quas</strong></span> <span class='ocrx_word' id='word_1_524' title='bbox 1401 5294 1552 5349; x_wconf 90' lang='lat' dir='ltr'><strong>intus</strong></span> <span class='ocrx_word' id='word_1_525' title='bbox 1591 5297 1773 5361; x_wconf 88' lang='lat' dir='ltr'><strong>erant,</strong></span> <span class='ocrx_word' id='word_1_526' title='bbox 1816 5296 1872 5347; x_wconf 88' lang='lat' dir='ltr'><strong>et</strong></span> 
     </span>
    </p>
   </div>
   <div class='ocr_carea' id='block_1_71' title="bbox 226 5387 1869 5460">
    <p class='ocr_par' dir='ltr' id='par_1_71' title="bbox 226 5387 1869 5460">
     <span class='ocr_line' id='line_1_71' title="bbox 226 5387 1869 5460; baseline -0.003 -15"><span class='ocrx_word' id='word_1_527' title='bbox 226 5388 624 5445; x_wconf 81' lang='lat' dir='ltr'><strong>sanctissimus</strong></span> <span class='ocrx_word' id='word_1_528' title='bbox 673 5387 878 5443; x_wconf 78' lang='lat' dir='ltr'><strong>Christi</strong></span> <span class='ocrx_word' id='word_1_529' title='bbox 927 5387 1188 5460; x_wconf 89' lang='lat' dir='ltr'><strong>sanguis,</strong></span> <span class='ocrx_word' id='word_1_530' title='bbox 1235 5395 1291 5443; x_wconf 83' lang='grc' dir='ltr'><strong>τὸ</strong></span> <span class='ocrx_word' id='word_1_531' title='bbox 1331 5394 1592 5457; x_wconf 79' lang='grc' dir='ltr'>ἁγιώτατον</span> <span class='ocrx_word' id='word_1_532' title='bbox 1627 5393 1749 5456; x_wconf 83' lang='grc' dir='ltr'><strong>αῐμα</strong></span> <span class='ocrx_word' id='word_1_533' title='bbox 1783 5390 1869 5441; x_wconf 75' lang='grc' dir='ltr'><strong>τοῦ</strong></span> 
     </span>
    </p>
   </div>
   <div class='ocr_carea' id='block_1_72' title="bbox 230 5479 1872 5557">
    <p class='ocr_par' dir='ltr' id='par_1_72' title="bbox 230 5479 1872 5557">
     <span class='ocr_line' id='line_1_72' title="bbox 230 5479 1872 5557; baseline -0.005 -16"><span class='ocrx_word' id='word_1_534' title='bbox 230 5489 467 5557; x_wconf 65' lang='grc' dir='ltr'>Χριστοῦ,</span> <span class='ocrx_word' id='word_1_535' title='bbox 509 5482 573 5536; x_wconf 92' lang='lat' dir='ltr'><strong>in</strong></span> <span class='ocrx_word' id='word_1_536' title='bbox 615 5482 1018 5554; x_wconf 70' lang='lat' dir='ltr'><strong>praedictorum</strong></span> <span class='ocrx_word' id='word_1_537' title='bbox 1063 5485 1241 5536; x_wconf 88' lang='lat' dir='ltr'><strong>vestes</strong></span> <span class='ocrx_word' id='word_1_538' title='bbox 1279 5480 1694 5536; x_wconf 84' lang='lat' dir='ltr'><strong>elfundebatur.</strong></span> <span class='ocrx_word' id='word_1_539' title='bbox 1741 5502 1768 5528; x_wconf 82' lang='grc'><strong>››</strong></span> <span class='ocrx_word' id='word_1_540' title='bbox 1815 5479 1872 5534; x_wconf 90' lang='lat' dir='ltr'><strong>ld</strong></span> 
     </span>
    </p>
   </div>
   <div class='ocr_carea' id='block_1_73' title="bbox 229 5573 1869 5646">
    <p class='ocr_par' dir='ltr' id='par_1_73' title="bbox 229 5573 1869 5646">
     <span class='ocr_line' id='line_1_73' title="bbox 229 5573 1869 5646; baseline -0.003 -13"><span class='ocrx_word' id='word_1_541' title='bbox 229 5583 428 5633; x_wconf 89' lang='lat' dir='ltr'><strong>autem</strong></span> <span class='ocrx_word' id='word_1_542' title='bbox 453 5576 669 5632; x_wconf 87' lang='lat' dir='ltr'><strong>factum</strong></span> <span class='ocrx_word' id='word_1_543' title='bbox 692 5580 796 5646; x_wconf 90' lang='lat' dir='ltr'><strong>est,</strong></span> <span class='ocrx_word' id='word_1_544' title='bbox 825 5591 957 5631; x_wconf 90' lang='lat' dir='ltr'><strong>cum</strong></span> <span class='ocrx_word' id='word_1_545' title='bbox 982 5591 1180 5630; x_wconf 88' lang='lat' dir='ltr'><strong>omnes</strong></span> <span class='ocrx_word' id='word_1_546' title='bbox 1205 5575 1597 5631; x_wconf 86' lang='lat' dir='ltr'><strong>catechumeni</strong></span> <span class='ocrx_word' id='word_1_547' title='bbox 1636 5573 1706 5628; x_wconf 90' lang='lat' dir='ltr'><strong>ad</strong></span> <span class='ocrx_word' id='word_1_548' title='bbox 1745 5591 1869 5628; x_wconf 88' lang='lat' dir='ltr'><strong>sus-</strong></span> 
     </span>
    </p>
   </div>
   <div class='ocr_carea' id='block_1_74' title="bbox 229 5669 1874 5744">
    <p class='ocr_par' dir='ltr' id='par_1_74' title="bbox 229 5669 1874 5744">
     <span class='ocr_line' id='line_1_74' title="bbox 229 5669 1874 5744; baseline -0.003 -16"><span class='ocrx_word' id='word_1_549' title='bbox 229 5672 569 5744; x_wconf 87' lang='lat' dir='ltr'><strong>cipiendum</strong></span> <span class='ocrx_word' id='word_1_550' title='bbox 595 5669 882 5742; x_wconf 87' lang='lat' dir='ltr'><strong>baptisma</strong></span> <span class='ocrx_word' id='word_1_551' title='bbox 916 5670 1092 5742; x_wconf 83' lang='lat' dir='ltr'><strong>aptati</strong></span> <span class='ocrx_word' id='word_1_552' title='bbox 1131 5673 1336 5726; x_wconf 90' lang='lat' dir='ltr'><strong>essent.</strong></span> <span class='ocrx_word' id='word_1_553' title='bbox 1368 5670 1517 5741; x_wconf 89' lang='lat' dir='ltr'><strong>Ergo</strong></span> <span class='ocrx_word' id='word_1_554' title='bbox 1551 5673 1682 5724; x_wconf 88' lang='lat' dir='ltr'><strong>ante</strong></span> <span class='ocrx_word' id='word_1_555' title='bbox 1717 5685 1874 5724; x_wconf 88' lang='lat' dir='ltr'><strong>sacra</strong></span> 
     </span>
    </p>
   </div>
   <div class='ocr_carea' id='block_1_75' title="bbox 232 5762 1872 5840">
    <p class='ocr_par' dir='ltr' id='par_1_75' title="bbox 232 5762 1872 5840">
     <span class='ocr_line' id='line_1_75' title="bbox 232 5762 1872 5840; baseline -0.003 -17"><span class='ocrx_word' id='word_1_556' title='bbox 232 5767 534 5838; x_wconf 85' lang='lat' dir='ltr'><strong>celebrata,</strong></span> <span class='ocrx_word' id='word_1_557' title='bbox 591 5781 722 5840; x_wconf 63' lang='lat' dir='ltr'><strong>quin</strong></span> <span class='ocrx_word' id='word_1_558' title='bbox 775 5764 1014 5822; x_wconf 84' lang='lat' dir='ltr'><strong>Sabbato</strong></span> <span class='ocrx_word' id='word_1_559' title='bbox 1065 5770 1278 5835; x_wconf 90' lang='lat' dir='ltr'><strong>sancto,</strong></span> <span class='ocrx_word' id='word_1_560' title='bbox 1326 5763 1556 5819; x_wconf 89' lang='lat' dir='ltr'><strong>nonnisi</strong></span> <span class='ocrx_word' id='word_1_561' title='bbox 1599 5762 1872 5818; x_wconf 86' lang='lat' dir='ltr'><strong>absolutis</strong></span> 
     </span>
    </p>
   </div>
   <div class='ocr_carea' id='block_1_76' title="bbox 238 5857 1871 5936">
    <p class='ocr_par' dir='ltr' id='par_1_76' title="bbox 238 5857 1871 5936">
     <span class='ocr_line' id='line_1_76' title="bbox 238 5857 1871 5936; baseline -0.004 -18"><span class='ocrx_word' id='word_1_562' title='bbox 238 5861 504 5936; x_wconf 80' lang='lat' dir='ltr'><strong>baptismi</strong></span> <span class='ocrx_word' id='word_1_563' title='bbox 534 5860 910 5932; x_wconf 81' lang='lat' dir='ltr'><strong>caeremoniis,</strong></span> <span class='ocrx_word' id='word_1_564' title='bbox 939 5861 1010 5916; x_wconf 87' lang='lat' dir='ltr'><strong>ab</strong></span> <span class='ocrx_word' id='word_1_565' title='bbox 1044 5861 1278 5934; x_wconf 87' lang='lat' dir='ltr'><strong>antiquo</strong></span> <span class='ocrx_word' id='word_1_566' title='bbox 1311 5857 1564 5916; x_wconf 85' lang='lat' dir='ltr'><strong>inchoari</strong></span> <span class='ocrx_word' id='word_1_567' title='bbox 1605 5874 1729 5915; x_wconf 83' lang='lat' dir='ltr'><strong>mos</strong></span> <span class='ocrx_word' id='word_1_568' title='bbox 1767 5861 1871 5925; x_wconf 86' lang='lat' dir='ltr'><strong>est,</strong></span> 
     </span>
    </p>
   </div>
   <div class='ocr_carea' id='block_1_77' title="bbox 1957 1922 3060 1996">
    <p class='ocr_par' dir='ltr' id='par_1_77' title="bbox 1957 1922 3060 1996">
     <span class='ocr_line' id='line_1_77' title="bbox 1957 1922 3060 1996; baseline -0.004 -17"><span class='ocrx_word' id='word_1_569' title='bbox 1957 1925 2026 1980; x_wconf 88' lang='lat' dir='ltr'><strong>ad</strong></span> <span class='ocrx_word' id='word_1_570' title='bbox 2053 1925 2404 1996; x_wconf 80' lang='lat' dir='ltr'><strong>Calosyrium</strong></span> <span class='ocrx_word' id='word_1_571' title='bbox 2431 1925 2764 1996; x_wconf 87' lang='lat' dir='ltr'><strong>episcopum</strong></span> <span class='ocrx_word' id='word_1_572' title='bbox 2792 1922 3060 1978; x_wconf 87' lang='lat' dir='ltr'><strong>scribens.</strong></span> 
     </span>
    </p>
   </div>
   <div class='ocr_carea' id='block_1_78' title="bbox 2034 2015 3587 2087">
    <p class='ocr_par' dir='ltr' id='par_1_78' title="bbox 2034 2015 3587 2087">
     <span class='ocr_line' id='line_1_78' title="bbox 2034 2015 3587 2087; baseline -0.003 -11"><span class='ocrx_word' id='word_1_573' title='bbox 2034 2024 2118 2076; x_wconf 83' lang='lat' dir='ltr'><strong>l2.</strong></span> <span class='ocrx_word' id='word_1_574' title='bbox 2169 2019 2279 2074; x_wconf 90' lang='lat' dir='ltr'><strong>Sed</strong></span> <span class='ocrx_word' id='word_1_575' title='bbox 2334 2017 2536 2072; x_wconf 70' lang='lat' dir='ltr'><strong>Graecis</strong></span> <span class='ocrx_word' id='word_1_576' title='bbox 2587 2016 2712 2072; x_wconf 89' lang='lat' dir='ltr'><strong>aliis</strong></span> <span class='ocrx_word' id='word_1_577' title='bbox 2762 2015 2985 2070; x_wconf 88' lang='lat' dir='ltr'><strong>omissis</strong></span> <span class='ocrx_word' id='word_1_578' title='bbox 3027 2015 3192 2070; x_wconf 90' lang='lat' dir='ltr'><strong>venio</strong></span> <span class='ocrx_word' id='word_1_579' title='bbox 3229 2015 3296 2070; x_wconf 90' lang='lat' dir='ltr'><strong>ad</strong></span> <span class='ocrx_word' id='word_1_580' title='bbox 3340 2017 3587 2087; x_wconf 88' lang='lat' dir='ltr'><strong>Latinos,</strong></span> 
     </span>
    </p>
   </div>
   <div class='ocr_carea' id='block_1_79' title="bbox 1957 2109 3590 2186">
    <p class='ocr_par' dir='ltr' id='par_1_79' title="bbox 1957 2109 3590 2186">
     <span class='ocr_line' id='line_1_79' title="bbox 1957 2109 3590 2186; baseline -0.002 -18"><span class='ocrx_word' id='word_1_581' title='bbox 1957 2129 2202 2186; x_wconf 86' lang='lat' dir='ltr'><strong>quorum</strong></span> <span class='ocrx_word' id='word_1_582' title='bbox 2232 2113 2381 2178; x_wconf 72' lang='lat' dir='ltr'><strong>inter</strong></span> <span class='ocrx_word' id='word_1_583' title='bbox 2409 2111 2624 2182; x_wconf 88' lang='lat' dir='ltr'><strong>primos</strong></span> <span class='ocrx_word' id='word_1_584' title='bbox 2666 2110 2914 2166; x_wconf 89' lang='lat' dir='ltr'><strong>occurrit</strong></span> <span class='ocrx_word' id='word_1_585' title='bbox 2953 2109 3208 2180; x_wconf 88' lang='lat' dir='ltr'><strong>Optatus.</strong></span> <span class='ocrx_word' id='word_1_586' title='bbox 3255 2111 3302 2163; x_wconf 89' lang='lat' dir='ltr'><strong>ls</strong></span> <span class='ocrx_word' id='word_1_587' title='bbox 3334 2109 3394 2164; x_wconf 90' lang='lat' dir='ltr'><strong>in</strong></span> <span class='ocrx_word' id='word_1_588' title='bbox 3428 2109 3528 2164; x_wconf 89' lang='lat' dir='ltr'><strong>lib.</strong></span> <span class='ocrx_word' id='word_1_589' title='bbox 3570 2127 3590 2164; x_wconf 86' lang='lat'><strong>1</strong></span> 
     </span>
    </p>
   </div>
   <div class='ocr_carea' id='block_1_80' title="bbox 1955 2203 3592 2279">
    <p class='ocr_par' dir='ltr' id='par_1_80' title="bbox 1955 2203 3592 2279">
     <span class='ocr_line' id='line_1_80' title="bbox 1955 2203 3592 2279; baseline -0.002 -17"><span class='ocrx_word' id='word_1_590' title='bbox 1955 2206 2340 2279; x_wconf 87' lang='lat' dir='ltr'><strong>conqueritur,</strong></span> <span class='ocrx_word' id='word_1_591' title='bbox 2369 2204 2520 2276; x_wconf 92' lang='lat' dir='ltr'><strong>quod</strong></span> <span class='ocrx_word' id='word_1_592' title='bbox 2547 2204 2714 2258; x_wconf 87' lang='lat' dir='ltr'><strong>factio</strong></span> <span class='ocrx_word' id='word_1_593' title='bbox 2740 2203 3158 2258; x_wconf 86' lang='lat' dir='ltr'><strong>Donatistarum</strong></span> <span class='ocrx_word' id='word_1_594' title='bbox 3182 2219 3247 2258; x_wconf 89' lang='lat' dir='ltr'><strong>eo</strong></span> <span class='ocrx_word' id='word_1_595' title='bbox 3265 2219 3444 2275; x_wconf 86' lang='lat' dir='ltr'><strong>usque</strong></span> <span class='ocrx_word' id='word_1_596' title='bbox 3466 2219 3592 2258; x_wconf 83' lang='lat' dir='ltr'><strong>eru-</strong></span> 
     </span>
    </p>
   </div>
   <div class='ocr_carea' id='block_1_81' title="bbox 1955 2295 3584 2372">
    <p class='ocr_par' dir='ltr' id='par_1_81' title="bbox 1955 2295 3584 2372">
     <span class='ocr_line' id='line_1_81' title="bbox 1955 2295 3584 2372; baseline -0.004 -18"><span class='ocrx_word' id='word_1_597' title='bbox 1955 2301 2146 2372; x_wconf 87' lang='lat' dir='ltr'><strong>pisset,</strong></span> <span class='ocrx_word' id='word_1_598' title='bbox 2180 2303 2244 2354; x_wconf 91' lang='lat' dir='ltr'><strong>ut</strong></span> <span class='ocrx_word' id='word_1_599' title='bbox 2261 2297 2535 2370; x_wconf 86' lang='lat' dir='ltr'><strong>jusserint</strong></span> <span class='ocrx_word' id='word_1_600' title='bbox 2562 2320 2590 2347; x_wconf 86' lang='grc'><strong>‹‹</strong></span> <span class='ocrx_word' id='word_1_601' title='bbox 2629 2296 3042 2351; x_wconf 87' lang='lat' dir='ltr'><strong>Eucharistiam</strong></span> <span class='ocrx_word' id='word_1_602' title='bbox 3082 2296 3314 2351; x_wconf 87' lang='lat' dir='ltr'><strong>canibus</strong></span> <span class='ocrx_word' id='word_1_603' title='bbox 3345 2295 3528 2352; x_wconf 88' lang='lat' dir='ltr'><strong>fundi.</strong></span> <span class='ocrx_word' id='word_1_604' title='bbox 3557 2315 3584 2348; x_wconf 74' lang='grc' dir='ltr'><strong>ι)</strong></span> 
     </span>
    </p>
   </div>
   <div class='ocr_carea' id='block_1_82' title="bbox 1956 2387 3586 2463">
    <p class='ocr_par' dir='ltr' id='par_1_82' title="bbox 1956 2387 3586 2463">
     <span class='ocr_line' id='line_1_82' title="bbox 1956 2387 3586 2463; baseline -0.002 -15"><span class='ocrx_word' id='word_1_605' title='bbox 1956 2396 2016 2448; x_wconf 89' lang='lat' dir='ltr'><strong>In</strong></span> <span class='ocrx_word' id='word_1_606' title='bbox 2045 2395 2142 2449; x_wconf 89' lang='lat' dir='ltr'><strong>lib.</strong></span> <span class='ocrx_word' id='word_1_607' title='bbox 2171 2411 2222 2447; x_wconf 75' lang='grc' dir='ltr'><strong>γι</strong></span> <span class='ocrx_word' id='word_1_608' title='bbox 2248 2392 2444 2448; x_wconf 88' lang='lat' dir='ltr'><strong>eadem</strong></span> <span class='ocrx_word' id='word_1_609' title='bbox 2471 2391 2703 2463; x_wconf 87' lang='lat' dir='ltr'><strong>querela</strong></span> <span class='ocrx_word' id='word_1_610' title='bbox 2731 2390 2986 2459; x_wconf 87' lang='lat' dir='ltr'><strong>iteratur,</strong></span> <span class='ocrx_word' id='word_1_611' title='bbox 3034 2387 3160 2462; x_wconf 85' lang='lat'>89</span> <span class='ocrx_word' id='word_1_612' title='bbox 3201 2389 3350 2461; x_wconf 89' lang='lat' dir='ltr'><strong>quod</strong></span> <span class='ocrx_word' id='word_1_613' title='bbox 3398 2389 3586 2462; x_wconf 85' lang='lat' dir='ltr'><strong>frege-</strong></span> 
     </span>
    </p>
   </div>
   <div class='ocr_carea' id='block_1_83' title="bbox 1957 2483 3590 2557">
    <p class='ocr_par' dir='ltr' id='par_1_83' title="bbox 1957 2483 3590 2557">
     <span class='ocr_line' id='line_1_83' title="bbox 1957 2483 3590 2557; baseline -0.002 -15"><span class='ocrx_word' id='word_1_614' title='bbox 1957 2487 2070 2542; x_wconf 88' lang='lat' dir='ltr'><strong>rint</strong></span> <span class='ocrx_word' id='word_1_615' title='bbox 2107 2487 2492 2557; x_wconf 88' lang='lat' dir='ltr'><strong>eraseriutque</strong></span> <span class='ocrx_word' id='word_1_616' title='bbox 2531 2485 2748 2552; x_wconf 88' lang='lat' dir='ltr'><strong>altaria,</strong></span> <span class='ocrx_word' id='word_1_617' title='bbox 2789 2485 2850 2538; x_wconf 91' lang='lat' dir='ltr'><strong>in</strong></span> <span class='ocrx_word' id='word_1_618' title='bbox 2885 2483 3090 2556; x_wconf 89' lang='lat' dir='ltr'><strong>quibus</strong></span> <span class='ocrx_word' id='word_1_619' title='bbox 3131 2488 3259 2538; x_wconf 89' lang='lat' dir='ltr'><strong>vota</strong></span> <span class='ocrx_word' id='word_1_620' title='bbox 3300 2483 3496 2555; x_wconf 86' lang='lat' dir='ltr'><strong>populi</strong></span> <span class='ocrx_word' id='word_1_621' title='bbox 3534 2488 3590 2538; x_wconf 91' lang='lat' dir='ltr'><strong>et</strong></span> 
     </span>
    </p>
   </div>
   <div class='ocr_carea' id='block_1_84' title="bbox 1956 2576 3592 2650">
    <p class='ocr_par' dir='ltr' id='par_1_84' title="bbox 1956 2576 3592 2650">
     <span class='ocr_line' id='line_1_84' title="bbox 1956 2576 3592 2650; baseline -0.004 -14"><span class='ocrx_word' id='word_1_622' title='bbox 1956 2581 2212 2636; x_wconf 86' lang='lat' dir='ltr'><strong>membra</strong></span> <span class='ocrx_word' id='word_1_623' title='bbox 2241 2579 2451 2636; x_wconf 87' lang='lat' dir='ltr'><strong>Christi</strong></span> <span class='ocrx_word' id='word_1_624' title='bbox 2486 2583 2707 2650; x_wconf 89' lang='lat' dir='ltr'><strong>portata</strong></span> <span class='ocrx_word' id='word_1_625' title='bbox 2745 2581 2896 2647; x_wconf 89' lang='lat' dir='ltr'><strong>sunt,</strong></span> <span class='ocrx_word' id='word_1_626' title='bbox 2940 2596 2968 2629; x_wconf 85' lang='lat'><strong>»</strong></span> <span class='ocrx_word' id='word_1_627' title='bbox 3016 2577 3132 2630; x_wconf 90' lang='lat' dir='ltr'><strong>imo</strong></span> <span class='ocrx_word' id='word_1_628' title='bbox 3181 2599 3207 2626; x_wconf 90' lang='grc'><strong>‹‹</strong></span> <span class='ocrx_word' id='word_1_629' title='bbox 3246 2576 3347 2631; x_wconf 92' lang='lat' dir='ltr'><strong>ubi</strong></span> <span class='ocrx_word' id='word_1_630' title='bbox 3387 2591 3592 2647; x_wconf 88' lang='lat' dir='ltr'><strong>corpus</strong></span> 
     </span>
    </p>
   </div>
   <div class='ocr_carea' id='block_1_85' title="bbox 1955 2670 3588 2742">
    <p class='ocr_par' dir='ltr' id='par_1_85' title="bbox 1955 2670 3588 2742">
     <span class='ocr_line' id='line_1_85' title="bbox 1955 2670 3588 2742; baseline -0.003 -14"><span class='ocrx_word' id='word_1_631' title='bbox 1955 2674 2160 2728; x_wconf 82' lang='lat' dir='ltr'><strong>Christi</strong></span> <span class='ocrx_word' id='word_1_632' title='bbox 2185 2673 2492 2738; x_wconf 83' lang='lat' dir='ltr'><strong>habitabat,</strong></span> <span class='ocrx_word' id='word_1_633' title='bbox 2527 2693 2554 2721; x_wconf 83' lang='lat'><strong>»</strong></span> <span class='ocrx_word' id='word_1_634' title='bbox 2583 2671 2734 2742; x_wconf 91' lang='lat' dir='ltr'><strong>quod</strong></span> <span class='ocrx_word' id='word_1_635' title='bbox 2764 2687 2875 2724; x_wconf 91' lang='lat' dir='ltr'><strong>non</strong></span> <span class='ocrx_word' id='word_1_636' title='bbox 2893 2670 2963 2724; x_wconf 88' lang='lat' dir='ltr'><strong>de</strong></span> <span class='ocrx_word' id='word_1_637' title='bbox 2986 2673 3312 2724; x_wconf 88' lang='lat' dir='ltr'><strong>transeunte</strong></span> <span class='ocrx_word' id='word_1_638' title='bbox 3338 2674 3394 2724; x_wconf 89' lang='lat' dir='ltr'><strong>et</strong></span> <span class='ocrx_word' id='word_1_639' title='bbox 3419 2671 3588 2724; x_wconf 87' lang='lat' dir='ltr'><strong>hora-</strong></span> 
     </span>
    </p>
   </div>
   <div class='ocr_carea' id='block_1_86' title="bbox 1958 2763 3582 2837">
    <p class='ocr_par' dir='ltr' id='par_1_86' title="bbox 1958 2763 3582 2837">
     <span class='ocr_line' id='line_1_86' title="bbox 1958 2763 3582 2837; baseline -0.004 -15"><span class='ocrx_word' id='word_1_640' title='bbox 1958 2767 2039 2822; x_wconf 88' lang='lat' dir='ltr'><strong>ria</strong></span> <span class='ocrx_word' id='word_1_641' title='bbox 2068 2767 2148 2837; x_wconf 91' lang='lat' dir='ltr'><strong>(ut</strong></span> <span class='ocrx_word' id='word_1_642' title='bbox 2177 2767 2252 2822; x_wconf 88' lang='lat' dir='ltr'><strong>ita</strong></span> <span class='ocrx_word' id='word_1_643' title='bbox 2293 2766 2494 2835; x_wconf 88' lang='lat' dir='ltr'><strong>dicam)</strong></span> <span class='ocrx_word' id='word_1_644' title='bbox 2533 2763 2793 2817; x_wconf 83' lang='lat' dir='ltr'><strong>sacriﬁcii</strong></span> <span class='ocrx_word' id='word_1_645' title='bbox 2833 2763 3073 2832; x_wconf 89' lang='lat' dir='ltr'><strong>actione,</strong></span> <span class='ocrx_word' id='word_1_646' title='bbox 3109 2763 3209 2816; x_wconf 91' lang='lat' dir='ltr'><strong>sed</strong></span> <span class='ocrx_word' id='word_1_647' title='bbox 3245 2763 3314 2816; x_wconf 93' lang='lat' dir='ltr'><strong>de</strong></span> <span class='ocrx_word' id='word_1_648' title='bbox 3357 2778 3582 2832; x_wconf 86' lang='lat' dir='ltr'><strong>perma—</strong></span> 
     </span>
    </p>
   </div>
   <div class='ocr_carea' id='block_1_87' title="bbox 1959 2855 3583 2928">
    <p class='ocr_par' dir='ltr' id='par_1_87' title="bbox 1959 2855 3583 2928">
     <span class='ocr_line' id='line_1_87' title="bbox 1959 2855 3583 2928; baseline -0.004 -14"><span class='ocrx_word' id='word_1_649' title='bbox 1959 2860 2117 2915; x_wconf 90' lang='lat' dir='ltr'><strong>nenti</strong></span> <span class='ocrx_word' id='word_1_650' title='bbox 2141 2859 2487 2914; x_wconf 84' lang='lat' dir='ltr'><strong>habitatione</strong></span> <span class='ocrx_word' id='word_1_651' title='bbox 2520 2855 3013 2928; x_wconf 89' lang='lat' dir='ltr'><strong>interpretandum</strong></span> <span class='ocrx_word' id='word_1_652' title='bbox 3041 2859 3125 2912; x_wconf 89' lang='lat' dir='ltr'><strong>est</strong></span> <span class='ocrx_word' id='word_1_653' title='bbox 3152 2871 3166 2908; x_wconf 89' lang='lat'><strong>:</strong></span> <span class='ocrx_word' id='word_1_654' title='bbox 3196 2871 3297 2908; x_wconf 90' lang='lat' dir='ltr'><strong>nec</strong></span> <span class='ocrx_word' id='word_1_655' title='bbox 3327 2871 3458 2909; x_wconf 84' lang='lat' dir='ltr'><strong>sane</strong></span> <span class='ocrx_word' id='word_1_656' title='bbox 3494 2871 3583 2908; x_wconf 82' lang='lat' dir='ltr'><strong>sa-</strong></span> 
     </span>
    </p>
   </div>
   <div class='ocr_carea' id='block_1_88' title="bbox 1960 2948 3646 3020">
    <p class='ocr_par' dir='ltr' id='par_1_88' title="bbox 1960 2948 3646 3020">
     <span class='ocr_line' id='line_1_88' title="bbox 1960 2948 3646 3020; baseline -0.004 -12"><span class='ocrx_word' id='word_1_657' title='bbox 1960 2969 2053 3007; x_wconf 87' lang='lat' dir='ltr'><strong>cra</strong></span> <span class='ocrx_word' id='word_1_658' title='bbox 2077 2957 2202 3008; x_wconf 88' lang='lat' dir='ltr'><strong>tum</strong></span> <span class='ocrx_word' id='word_1_659' title='bbox 2225 2952 2454 3020; x_wconf 80' lang='lat' dir='ltr'><strong>ﬁebant,</strong></span> <span class='ocrx_word' id='word_1_660' title='bbox 2485 2966 2615 3005; x_wconf 93' lang='lat' dir='ltr'><strong>cum</strong></span> <span class='ocrx_word' id='word_1_661' title='bbox 2644 2949 2944 3004; x_wconf 75' lang='lat' dir='ltr'><strong>Donatistae</strong></span> <span class='ocrx_word' id='word_1_662' title='bbox 2969 2948 3030 3003; x_wconf 94' lang='lat' dir='ltr'><strong>in</strong></span> <span class='ocrx_word' id='word_1_663' title='bbox 3057 2948 3370 3016; x_wconf 88' lang='lat' dir='ltr'><strong>ecclesiam,</strong></span> <span class='ocrx_word' id='word_1_664' title='bbox 3404 2948 3464 3002; x_wconf 91' lang='lat' dir='ltr'><strong>in</strong></span> <span class='ocrx_word' id='word_1_665' title='bbox 3499 2948 3586 3020; x_wconf 56' lang='lat' dir='ltr'><strong>ip.</strong></span> <span class='ocrx_word' id='word_1_666' title='bbox 3641 3015 3646 3019; x_wconf 13' lang='grc' dir='ltr'><strong>ξ</strong></span> 
     </span>
    </p>
   </div>
   <div class='ocr_carea' id='block_1_89' title="bbox 1960 3043 2998 3118">
    <p class='ocr_par' dir='ltr' id='par_1_89' title="bbox 1960 3043 2998 3118">
     <span class='ocr_line' id='line_1_89' title="bbox 1960 3043 2998 3118; baseline -0.002 -18"><span class='ocrx_word' id='word_1_667' title='bbox 1960 3063 2085 3100; x_wconf 89' lang='lat' dir='ltr'><strong>sum</strong></span> <span class='ocrx_word' id='word_1_668' title='bbox 2116 3063 2321 3118; x_wconf 90' lang='lat' dir='ltr'><strong>corpus</strong></span> <span class='ocrx_word' id='word_1_669' title='bbox 2345 3043 2550 3100; x_wconf 89' lang='lat' dir='ltr'><strong>Christi</strong></span> <span class='ocrx_word' id='word_1_670' title='bbox 2582 3043 2818 3115; x_wconf 88' lang='lat' dir='ltr'><strong>grassati</strong></span> <span class='ocrx_word' id='word_1_671' title='bbox 2845 3047 2998 3098; x_wconf 86' lang='lat' dir='ltr'><strong>sunt.</strong></span> 
     </span>
    </p>
   </div>
   <div class='ocr_carea' id='block_1_90' title="bbox 2037 3133 3593 3208">
    <p class='ocr_par' dir='ltr' id='par_1_90' title="bbox 2037 3133 3593 3208">
     <span class='ocr_line' id='line_1_90' title="bbox 2037 3133 3593 3208; baseline -0.004 -13"><span class='ocrx_word' id='word_1_672' title='bbox 2037 3143 2121 3194; x_wconf 81' lang='lat' dir='ltr'><strong>l3.</strong></span> <span class='ocrx_word' id='word_1_673' title='bbox 2151 3140 2359 3194; x_wconf 84' lang='lat' dir='ltr'><strong>Eadem</strong></span> <span class='ocrx_word' id='word_1_674' title='bbox 2390 3137 2694 3192; x_wconf 80' lang='lat' dir='ltr'><strong>rescrvatio</strong></span> <span class='ocrx_word' id='word_1_675' title='bbox 2718 3136 2944 3208; x_wconf 87' lang='lat' dir='ltr'><strong>probari</strong></span> <span class='ocrx_word' id='word_1_676' title='bbox 2969 3139 3155 3206; x_wconf 90' lang='lat' dir='ltr'><strong>potest</strong></span> <span class='ocrx_word' id='word_1_677' title='bbox 3183 3151 3253 3190; x_wconf 83' lang='lat' dir='ltr'><strong>ex</strong></span> <span class='ocrx_word' id='word_1_678' title='bbox 3276 3135 3374 3190; x_wconf 92' lang='lat' dir='ltr'><strong>lib.</strong></span> <span class='ocrx_word' id='word_1_679' title='bbox 3402 3150 3440 3189; x_wconf 83' lang='grc' dir='ltr'>ιι</span> <span class='ocrx_word' id='word_1_680' title='bbox 3470 3133 3593 3189; x_wconf 87' lang='lat' dir='ltr'><strong>Dia-</strong></span> 
     </span>
    </p>
   </div>
   <div class='ocr_carea' id='block_1_91' title="bbox 1961 3229 3587 3306">
    <p class='ocr_par' dir='ltr' id='par_1_91' title="bbox 1961 3229 3587 3306">
     <span class='ocr_line' id='line_1_91' title="bbox 1961 3229 3587 3306; baseline -0.002 -18"><span class='ocrx_word' id='word_1_681' title='bbox 1961 3234 2226 3306; x_wconf 89' lang='lat' dir='ltr'><strong>logorum</strong></span> <span class='ocrx_word' id='word_1_682' title='bbox 2255 3230 2513 3304; x_wconf 88' lang='lat' dir='ltr'><strong>Gregorii</strong></span> <span class='ocrx_word' id='word_1_683' title='bbox 2542 3231 2729 3302; x_wconf 76' lang='lat' dir='ltr'><strong>Magni</strong></span> <span class='ocrx_word' id='word_1_684' title='bbox 2755 3247 2878 3302; x_wconf 88' lang='lat' dir='ltr'><strong>cap.</strong></span> <span class='ocrx_word' id='word_1_685' title='bbox 2907 3231 2999 3299; x_wconf 69' lang='lat'><strong>24,</strong></span> <span class='ocrx_word' id='word_1_686' title='bbox 3032 3229 3129 3284; x_wconf 92' lang='lat' dir='ltr'><strong>ubi</strong></span> <span class='ocrx_word' id='word_1_687' title='bbox 3155 3233 3380 3284; x_wconf 88' lang='lat' dir='ltr'><strong>sanctus</strong></span> <span class='ocrx_word' id='word_1_688' title='bbox 3410 3230 3587 3284; x_wconf 57' lang='lat' dir='ltr'><strong>Beneo</strong></span> 
     </span>
    </p>
   </div>
   <div class='ocr_carea' id='block_1_92' title="bbox 1963 3321 3592 3396">
    <p class='ocr_par' dir='ltr' id='par_1_92' title="bbox 1963 3321 3592 3396">
     <span class='ocr_line' id='line_1_92' title="bbox 1963 3321 3592 3396; baseline -0.004 -14"><span class='ocrx_word' id='word_1_689' title='bbox 1963 3327 2163 3396; x_wconf 85' lang='lat' dir='ltr'><strong>dictus,</strong></span> <span class='ocrx_word' id='word_1_690' title='bbox 2191 3325 2384 3381; x_wconf 88' lang='lat' dir='ltr'><strong>audito</strong></span> <span class='ocrx_word' id='word_1_691' title='bbox 2404 3324 2748 3380; x_wconf 89' lang='lat' dir='ltr'><strong>monachum</strong></span> <span class='ocrx_word' id='word_1_692' title='bbox 2775 3339 2804 3378; x_wconf 94' lang='lat' dir='ltr'><strong>e</strong></span> <span class='ocrx_word' id='word_1_693' title='bbox 2827 3321 2940 3377; x_wconf 86' lang='lat' dir='ltr'><strong>suis</strong></span> <span class='ocrx_word' id='word_1_694' title='bbox 2961 3323 3266 3394; x_wconf 85' lang='lat' dir='ltr'><strong>quemdam</strong></span> <span class='ocrx_word' id='word_1_695' title='bbox 3287 3321 3592 3394; x_wconf 72' lang='lat' dir='ltr'><strong>sepulturae</strong></span> 
     </span>
    </p>
   </div>
   <div class='ocr_carea' id='block_1_93' title="bbox 1961 3415 3594 3486">
    <p class='ocr_par' dir='ltr' id='par_1_93' title="bbox 1961 3415 3594 3486">
     <span class='ocr_line' id='line_1_93' title="bbox 1961 3415 3594 3486; baseline -0.005 -10"><span class='ocrx_word' id='word_1_696' title='bbox 1961 3419 2233 3476; x_wconf 87' lang='lat' dir='ltr'><strong>beneficio</strong></span> <span class='ocrx_word' id='word_1_697' title='bbox 2261 3418 2528 3474; x_wconf 82' lang='lat' dir='ltr'><strong>divinitus</strong></span> <span class='ocrx_word' id='word_1_698' title='bbox 2555 3417 2753 3485; x_wconf 86' lang='lat' dir='ltr'><strong>arceri,</strong></span> <span class='ocrx_word' id='word_1_699' title='bbox 2784 3415 3001 3470; x_wconf 88' lang='lat' dir='ltr'><strong>nuntiis</strong></span> <span class='ocrx_word' id='word_1_700' title='bbox 3034 3437 3060 3464; x_wconf 87' lang='grc'>‹‹</span> <span class='ocrx_word' id='word_1_701' title='bbox 3091 3431 3264 3469; x_wconf 88' lang='lat' dir='ltr'><strong>manu</strong></span> <span class='ocrx_word' id='word_1_702' title='bbox 3292 3432 3394 3470; x_wconf 88' lang='lat' dir='ltr'><strong>sua</strong></span> <span class='ocrx_word' id='word_1_703' title='bbox 3418 3415 3594 3486; x_wconf 75' lang='lat' dir='ltr'><strong>proti-</strong></span> 
     </span>
    </p>
   </div>
   <div class='ocr_carea' id='block_1_94' title="bbox 1962 3507 3591 3580">
    <p class='ocr_par' dir='ltr' id='par_1_94' title="bbox 1962 3507 3591 3580">
     <span class='ocr_line' id='line_1_94' title="bbox 1962 3507 3591 3580; baseline -0.004 -11"><span class='ocrx_word' id='word_1_704' title='bbox 1962 3531 2070 3569; x_wconf 88' lang='lat' dir='ltr'><strong>nus</strong></span> <span class='ocrx_word' id='word_1_705' title='bbox 2096 3512 2555 3568; x_wconf 89' lang='lat' dir='ltr'><strong>communionem</strong></span> <span class='ocrx_word' id='word_1_706' title='bbox 2578 3509 2848 3566; x_wconf 90' lang='lat' dir='ltr'><strong>dominici</strong></span> <span class='ocrx_word' id='word_1_707' title='bbox 2885 3508 3133 3580; x_wconf 90' lang='lat' dir='ltr'><strong>corporis</strong></span> <span class='ocrx_word' id='word_1_708' title='bbox 3171 3507 3344 3577; x_wconf 89' lang='lat' dir='ltr'><strong>dedit,</strong></span> <span class='ocrx_word' id='word_1_709' title='bbox 3385 3507 3591 3580; x_wconf 88' lang='lat' dir='ltr'><strong>(atque)</strong></span> 
     </span>
    </p>
   </div>
   <div class='ocr_carea' id='block_1_95' title="bbox 1963 3601 3631 3675">
    <p class='ocr_par' dir='ltr' id='par_1_95' title="bbox 1963 3601 3631 3675">
     <span class='ocr_line' id='line_1_95' title="bbox 1963 3601 3631 3675; baseline -0.005 -12"><span class='ocrx_word' id='word_1_710' title='bbox 1963 3609 2072 3664; x_wconf 90' lang='lat' dir='ltr'><strong>hoc</strong></span> <span class='ocrx_word' id='word_1_711' title='bbox 2107 3605 2456 3662; x_wconf 91' lang='lat' dir='ltr'><strong>dominicum</strong></span> <span class='ocrx_word' id='word_1_712' title='bbox 2503 3619 2711 3675; x_wconf 89' lang='lat' dir='ltr'><strong>corpus</strong></span> <span class='ocrx_word' id='word_1_713' title='bbox 2737 3618 2911 3674; x_wconf 90' lang='lat' dir='ltr'><strong>super</strong></span> <span class='ocrx_word' id='word_1_714' title='bbox 2941 3606 3136 3673; x_wconf 90' lang='lat' dir='ltr'><strong>pectus</strong></span> <span class='ocrx_word' id='word_1_715' title='bbox 3174 3601 3422 3672; x_wconf 89' lang='lat' dir='ltr'><strong>(mortui)</strong></span> <span class='ocrx_word' id='word_1_716' title='bbox 3462 3614 3594 3656; x_wconf 90' lang='lat' dir='ltr'><strong>cum</strong></span> <span class='ocrx_word' id='word_1_717' title='bbox 3625 3661 3631 3670; x_wconf 29' lang='grc' dir='ltr'>δ</span> 
     </span>
    </p>
   </div>
   <div class='ocr_carea' id='block_1_96' title="bbox 1964 3695 3594 3770">
    <p class='ocr_par' dir='ltr' id='par_1_96' title="bbox 1964 3695 3594 3770">
     <span class='ocr_line' id='line_1_96' title="bbox 1964 3695 3594 3770; baseline -0.006 -13"><span class='ocrx_word' id='word_1_718' title='bbox 1964 3699 2276 3757; x_wconf 88' lang='lat' dir='ltr'><strong>reverentia</strong></span> <span class='ocrx_word' id='word_1_719' title='bbox 2319 3699 2468 3770; x_wconf 87' lang='lat' dir='ltr'><strong>poni.</strong></span> <span class='ocrx_word' id='word_1_720' title='bbox 2508 3695 2836 3770; x_wconf 66' lang='lat' dir='ltr'><strong>(praecepit,)</strong></span> <span class='ocrx_word' id='word_1_721' title='bbox 2879 3711 3125 3768; x_wconf 89' lang='lat' dir='ltr'><strong>eumque</strong></span> <span class='ocrx_word' id='word_1_722' title='bbox 3164 3695 3486 3767; x_wconf 76' lang='lat' dir='ltr'><strong>sepulturae</strong></span> <span class='ocrx_word' id='word_1_723' title='bbox 3514 3695 3594 3749; x_wconf 90' lang='lat' dir='ltr'><strong>sic</strong></span> 
     </span>
    </p>
   </div>
   <div class='ocr_carea' id='block_1_97' title="bbox 1963 3787 3595 3864">
    <p class='ocr_par' dir='ltr' id='par_1_97' title="bbox 1963 3787 3595 3864">
     <span class='ocr_line' id='line_1_97' title="bbox 1963 3787 3595 3864; baseline -0.006 -13"><span class='ocrx_word' id='word_1_724' title='bbox 1963 3795 2130 3851; x_wconf 89' lang='lat' dir='ltr'><strong>tradi.</strong></span> <span class='ocrx_word' id='word_1_725' title='bbox 2177 3815 2205 3844; x_wconf 87' lang='lat'>»</span> <span class='ocrx_word' id='word_1_726' title='bbox 2245 3792 2500 3848; x_wconf 89' lang='lat' dir='ltr'><strong>Notanda</strong></span> <span class='ocrx_word' id='word_1_727' title='bbox 2539 3789 2814 3864; x_wconf 85' lang='lat' dir='ltr'><strong>particula</strong></span> <span class='ocrx_word' id='word_1_728' title='bbox 2846 3789 3126 3860; x_wconf 87' lang='lat' dir='ltr'><strong>protinus,</strong></span> <span class='ocrx_word' id='word_1_729' title='bbox 3169 3788 3276 3843; x_wconf 91' lang='lat' dir='ltr'><strong>hoc</strong></span> <span class='ocrx_word' id='word_1_730' title='bbox 3311 3792 3397 3843; x_wconf 89' lang='lat' dir='ltr'><strong>est</strong></span> <span class='ocrx_word' id='word_1_731' title='bbox 3437 3787 3595 3844; x_wconf 90' lang='lat' dir='ltr'><strong>nulla</strong></span> 
     </span>
    </p>
   </div>
   <div class='ocr_carea' id='block_1_98' title="bbox 1962 3881 3588 3960">
    <p class='ocr_par' dir='ltr' id='par_1_98' title="bbox 1962 3881 3588 3960">
     <span class='ocr_line' id='line_1_98' title="bbox 1962 3881 3588 3960; baseline -0.004 -16"><span class='ocrx_word' id='word_1_732' title='bbox 1962 3888 2292 3960; x_wconf 88' lang='lat' dir='ltr'><strong>interposita</strong></span> <span class='ocrx_word' id='word_1_733' title='bbox 2337 3903 2516 3956; x_wconf 86' lang='lat' dir='ltr'><strong>mora,</strong></span> <span class='ocrx_word' id='word_1_734' title='bbox 2546 3901 2675 3958; x_wconf 82' lang='lat' dir='ltr'><strong>quae</strong></span> <span class='ocrx_word' id='word_1_735' title='bbox 2699 3884 2770 3938; x_wconf 90' lang='lat' dir='ltr'><strong>ad</strong></span> <span class='ocrx_word' id='word_1_736' title='bbox 2795 3899 2950 3938; x_wconf 88' lang='lat' dir='ltr'><strong>sacra</strong></span> <span class='ocrx_word' id='word_1_737' title='bbox 2973 3881 3309 3939; x_wconf 88' lang='lat' dir='ltr'><strong>celebranda</strong></span> <span class='ocrx_word' id='word_1_738' title='bbox 3332 3898 3588 3938; x_wconf 80' lang='lat' dir='ltr'><strong>necessa-</strong></span> 
     </span>
    </p>
   </div>
   <div class='ocr_carea' id='block_1_99' title="bbox 1963 3982 2801 4061">
    <p class='ocr_par' dir='ltr' id='par_1_99' title="bbox 1963 3982 2801 4061">
     <span class='ocr_line' id='line_1_99' title="bbox 1963 3982 2801 4061; baseline -0.002 -23"><span class='ocrx_word' id='word_1_739' title='bbox 1963 3982 2046 4038; x_wconf 86' lang='lat' dir='ltr'><strong>ria</strong></span> <span class='ocrx_word' id='word_1_740' title='bbox 2072 3987 2213 4037; x_wconf 88' lang='lat' dir='ltr'><strong>erat.</strong></span> <span class='ocrx_word' id='word_1_741' title='bbox 2769 4041 2801 4061; x_wconf 61' lang='lat'><em>.</em></span> 
     </span>
    </p>
   </div>
   <div class='ocr_carea' id='block_1_100' title="bbox 2041 4067 3594 4141">
    <p class='ocr_par' dir='ltr' id='par_1_100' title="bbox 2041 4067 3594 4141">
     <span class='ocr_line' id='line_1_100' title="bbox 2041 4067 3594 4141; baseline -0.005 -11"><span class='ocrx_word' id='word_1_742' title='bbox 2041 4077 2124 4130; x_wconf 74' lang='grc'><strong>14.</strong></span> <span class='ocrx_word' id='word_1_743' title='bbox 2155 4075 2306 4130; x_wconf 89' lang='lat' dir='ltr'><strong>Idem</strong></span> <span class='ocrx_word' id='word_1_744' title='bbox 2336 4089 2458 4128; x_wconf 92' lang='lat' dir='ltr'><strong>mos</strong></span> <span class='ocrx_word' id='word_1_745' title='bbox 2495 4073 2862 4128; x_wconf 61' lang='lat' dir='ltr'><strong>Eucharistia;</strong></span> <span class='ocrx_word' id='word_1_746' title='bbox 2900 4070 3244 4126; x_wconf 69' lang='lat' dir='ltr'><strong>asservandaa</strong></span> <span class='ocrx_word' id='word_1_747' title='bbox 3279 4069 3430 4141; x_wconf 90' lang='lat' dir='ltr'><strong>apud</strong></span> <span class='ocrx_word' id='word_1_748' title='bbox 3464 4067 3594 4123; x_wconf 81' lang='lat' dir='ltr'><strong>Gal-</strong></span> 
     </span>
    </p>
   </div>
   <div class='ocr_carea' id='block_1_101' title="bbox 1963 4160 3597 4240">
    <p class='ocr_par' dir='ltr' id='par_1_101' title="bbox 1963 4160 3597 4240">
     <span class='ocr_line' id='line_1_101' title="bbox 1963 4160 3597 4240; baseline -0.006 -16"><span class='ocrx_word' id='word_1_749' title='bbox 1963 4169 2050 4224; x_wconf 91' lang='lat' dir='ltr'><strong>los</strong></span> <span class='ocrx_word' id='word_1_750' title='bbox 2066 4169 2190 4240; x_wconf 77' lang='lat' dir='ltr'><strong>jam</strong></span> <span class='ocrx_word' id='word_1_751' title='bbox 2219 4167 2510 4224; x_wconf 89' lang='lat' dir='ltr'><strong>obtinebat</strong></span> <span class='ocrx_word' id='word_1_752' title='bbox 2537 4171 2796 4238; x_wconf 89' lang='lat' dir='ltr'><strong>tempore</strong></span> <span class='ocrx_word' id='word_1_753' title='bbox 2822 4163 3088 4236; x_wconf 85' lang='lat' dir='ltr'><strong>Perpetui</strong></span> <span class='ocrx_word' id='word_1_754' title='bbox 3117 4161 3456 4218; x_wconf 90' lang='lat' dir='ltr'><strong>Turonensis</strong></span> <span class='ocrx_word' id='word_1_755' title='bbox 3482 4160 3597 4232; x_wconf 80' lang='lat' dir='ltr'><strong>epi-</strong></span> 
     </span>
    </p>
   </div>
   <div class='ocr_carea' id='block_1_102' title="bbox 1965 4251 3594 4334">
    <p class='ocr_par' dir='ltr' id='par_1_102' title="bbox 1965 4251 3594 4334">
     <span class='ocr_line' id='line_1_102' title="bbox 1965 4251 3594 4334; baseline -0.006 -16"><span class='ocrx_word' id='word_1_756' title='bbox 1965 4251 2139 4334; x_wconf 76' lang='lat' dir='ltr'><strong>scOpi,</strong></span> <span class='ocrx_word' id='word_1_757' title='bbox 2168 4262 2226 4317; x_wconf 89' lang='lat' dir='ltr'><strong>id</strong></span> <span class='ocrx_word' id='word_1_758' title='bbox 2257 4267 2342 4317; x_wconf 88' lang='lat' dir='ltr'><strong>est</strong></span> <span class='ocrx_word' id='word_1_759' title='bbox 2365 4261 2571 4316; x_wconf 81' lang='lat' dir='ltr'><strong>sacculo</strong></span> <span class='ocrx_word' id='word_1_760' title='bbox 2603 4278 2667 4330; x_wconf 55' lang='grc' dir='ltr'>ν,</span> <span class='ocrx_word' id='word_1_761' title='bbox 2683 4276 2797 4332; x_wconf 91' lang='lat' dir='ltr'><strong>quo</strong></span> <span class='ocrx_word' id='word_1_762' title='bbox 2813 4264 3068 4329; x_wconf 87' lang='lat' dir='ltr'><strong>tempore</strong></span> <span class='ocrx_word' id='word_1_763' title='bbox 3089 4259 3396 4328; x_wconf 84' lang='lat' dir='ltr'><strong>Perpetuus</strong></span> <span class='ocrx_word' id='word_1_764' title='bbox 3413 4254 3474 4308; x_wconf 91' lang='lat' dir='ltr'><strong>in</strong></span> <span class='ocrx_word' id='word_1_765' title='bbox 3493 4269 3594 4309; x_wconf 90' lang='lat' dir='ltr'><strong>suo</strong></span> 
     </span>
    </p>
   </div>
   <div class='ocr_carea' id='block_1_103' title="bbox 1963 4349 3595 4424">
    <p class='ocr_par' dir='ltr' id='par_1_103' title="bbox 1963 4349 3595 4424">
     <span class='ocr_line' id='line_1_103' title="bbox 1963 4349 3595 4424; baseline -0.008 -12"><span class='ocrx_word' id='word_1_766' title='bbox 1963 4359 2301 4412; x_wconf 88' lang='lat' dir='ltr'><strong>testamento</strong></span> <span class='ocrx_word' id='word_1_767' title='bbox 2329 4374 2357 4407; x_wconf 76' lang='lat' dir='ltr'><strong>ct</strong></span> <span class='ocrx_word' id='word_1_768' title='bbox 2384 4354 2669 4409; x_wconf 88' lang='lat' dir='ltr'><strong>Amalario</strong></span> <span class='ocrx_word' id='word_1_769' title='bbox 2699 4352 3025 4424; x_wconf 78' lang='lat' dir='ltr'><strong>presbytero</strong></span> <span class='ocrx_word' id='word_1_770' title='bbox 3044 4349 3331 4420; x_wconf 87' lang='lat' dir='ltr'><strong>capsulam</strong></span> <span class='ocrx_word' id='word_1_771' title='bbox 3347 4363 3595 4406; x_wconf 84' lang='lat' dir='ltr'><strong>commu-</strong></span> 
     </span>
    </p>
   </div>
   <div class='ocr_carea' id='block_1_104' title="bbox 1965 4441 3594 4518">
    <p class='ocr_par' dir='ltr' id='par_1_104' title="bbox 1965 4441 3594 4518">
     <span class='ocr_line' id='line_1_104' title="bbox 1965 4441 3594 4518; baseline -0.007 -12"><span class='ocrx_word' id='word_1_772' title='bbox 1965 4466 2098 4506; x_wconf 87' lang='lat' dir='ltr'><strong>nem</strong></span> <span class='ocrx_word' id='word_1_773' title='bbox 2117 4466 2291 4505; x_wconf 90' lang='lat' dir='ltr'><strong>unam</strong></span> <span class='ocrx_word' id='word_1_774' title='bbox 2317 4449 2386 4504; x_wconf 91' lang='lat' dir='ltr'><strong>de</strong></span> <span class='ocrx_word' id='word_1_775' title='bbox 2415 4448 2612 4518; x_wconf 88' lang='lat' dir='ltr'><strong>serico,</strong></span> <span class='ocrx_word' id='word_1_776' title='bbox 2642 4447 2776 4501; x_wconf 85' lang='lat' dir='ltr'><strong>item</strong></span> <span class='ocrx_word' id='word_1_777' title='bbox 2805 4443 3164 4516; x_wconf 88' lang='lat' dir='ltr'><strong>peristerium</strong></span> <span class='ocrx_word' id='word_1_778' title='bbox 3190 4446 3247 4497; x_wconf 88' lang='lat' dir='ltr'><strong>et</strong></span> <span class='ocrx_word' id='word_1_779' title='bbox 3277 4441 3594 4497; x_wconf 87' lang='lat' dir='ltr'><strong>columbam</strong></span> 
     </span>
    </p>
   </div>
   <div class='ocr_carea' id='block_1_105' title="bbox 1965 4535 3594 4616">
    <p class='ocr_par' dir='ltr' id='par_1_105' title="bbox 1965 4535 3594 4616">
     <span class='ocr_line' id='line_1_105' title="bbox 1965 4535 3594 4616; baseline -0.006 -16"><span class='ocrx_word' id='word_1_780' title='bbox 1965 4545 2035 4600; x_wconf 88' lang='lat' dir='ltr'><strong>ad</strong></span> <span class='ocrx_word' id='word_1_781' title='bbox 2065 4542 2460 4616; x_wconf 89' lang='lat' dir='ltr'><strong>repositorium</strong></span> <span class='ocrx_word' id='word_1_782' title='bbox 2487 4541 2602 4610; x_wconf 89' lang='lat' dir='ltr'><strong>dat,</strong></span> <span class='ocrx_word' id='word_1_783' title='bbox 2632 4559 2660 4592; x_wconf 86' lang='lat'><strong>»</strong></span> <span class='ocrx_word' id='word_1_784' title='bbox 2692 4540 2975 4610; x_wconf 87' lang='lat' dir='ltr'><strong>legatque.</strong></span> <span class='ocrx_word' id='word_1_785' title='bbox 3007 4539 3188 4593; x_wconf 79' lang='lat' dir='ltr'><strong>Rocus</strong></span> <span class='ocrx_word' id='word_1_786' title='bbox 3213 4535 3468 4592; x_wconf 87' lang='lat' dir='ltr'><strong>minister</strong></span> <span class='ocrx_word' id='word_1_787' title='bbox 3492 4551 3594 4592; x_wconf 82' lang='lat' dir='ltr'><strong>na-</strong></span> 
     </span>
    </p>
   </div>
   <div class='ocr_carea' id='block_1_106' title="bbox 1967 4628 3597 4710">
    <p class='ocr_par' dir='ltr' id='par_1_106' title="bbox 1967 4628 3597 4710">
     <span class='ocr_line' id='line_1_106' title="bbox 1967 4628 3597 4710; baseline -0.006 -17"><span class='ocrx_word' id='word_1_788' title='bbox 1967 4643 2063 4710; x_wconf 90' lang='lat' dir='ltr'><strong>gat</strong></span> <span class='ocrx_word' id='word_1_789' title='bbox 2085 4638 2230 4692; x_wconf 89' lang='lat' dir='ltr'><strong>hanc</strong></span> <span class='ocrx_word' id='word_1_790' title='bbox 2260 4634 2579 4691; x_wconf 89' lang='lat' dir='ltr'><strong>columbam</strong></span> <span class='ocrx_word' id='word_1_791' title='bbox 2609 4633 2682 4688; x_wconf 89' lang='lat' dir='ltr'><strong>ad</strong></span> <span class='ocrx_word' id='word_1_792' title='bbox 2707 4630 3138 4700; x_wconf 88' lang='lat' dir='ltr'><strong>Eucharistiam,</strong></span> <span class='ocrx_word' id='word_1_793' title='bbox 3164 4629 3261 4686; x_wconf 91' lang='lat' dir='ltr'><strong>sed</strong></span> <span class='ocrx_word' id='word_1_794' title='bbox 3281 4630 3349 4684; x_wconf 87' lang='lat' dir='ltr'><strong>ad</strong></span> <span class='ocrx_word' id='word_1_795' title='bbox 3377 4628 3597 4702; x_wconf 82' lang='lat' dir='ltr'><strong>quidvis</strong></span> 
     </span>
    </p>
   </div>
   <div class='ocr_carea' id='block_1_107' title="bbox 1965 4721 3598 4802">
    <p class='ocr_par' dir='ltr' id='par_1_107' title="bbox 1965 4721 3598 4802">
     <span class='ocr_line' id='line_1_107' title="bbox 1965 4721 3598 4802; baseline -0.005 -16"><span class='ocrx_word' id='word_1_796' title='bbox 1965 4731 2118 4786; x_wconf 89' lang='lat' dir='ltr'><strong>aliud</strong></span> <span class='ocrx_word' id='word_1_797' title='bbox 2143 4728 2534 4802; x_wconf 89' lang='lat' dir='ltr'><strong>reponendum</strong></span> <span class='ocrx_word' id='word_1_798' title='bbox 2561 4726 2733 4782; x_wconf 85' lang='lat' dir='ltr'><strong>fuisse</strong></span> <span class='ocrx_word' id='word_1_799' title='bbox 2759 4723 3096 4780; x_wconf 89' lang='lat' dir='ltr'><strong>institutam.</strong></span> <span class='ocrx_word' id='word_1_800' title='bbox 3127 4724 3192 4780; x_wconf 86' lang='lat' dir='ltr'><strong>Et</strong></span> <span class='ocrx_word' id='word_1_801' title='bbox 3221 4723 3345 4778; x_wconf 85' lang='lat' dir='ltr'><strong>haec</strong></span> <span class='ocrx_word' id='word_1_802' title='bbox 3365 4721 3598 4795; x_wconf 87' lang='lat' dir='ltr'><strong>quidem</strong></span> 
     </span>
    </p>
   </div>
   <div class='ocr_carea' id='block_1_108' title="bbox 1967 4816 3596 4895">
    <p class='ocr_par' dir='ltr' id='par_1_108' title="bbox 1967 4816 3596 4895">
     <span class='ocr_line' id='line_1_108' title="bbox 1967 4816 3596 4895; baseline -0.006 -15"><span class='ocrx_word' id='word_1_803' title='bbox 1967 4824 2256 4895; x_wconf 85' lang='lat' dir='ltr'><strong>responsio</strong></span> <span class='ocrx_word' id='word_1_804' title='bbox 2291 4822 2508 4894; x_wconf 85' lang='lat' dir='ltr'><strong>aliquid</strong></span> <span class='ocrx_word' id='word_1_805' title='bbox 2533 4821 2762 4890; x_wconf 84' lang='lat' dir='ltr'><strong>valeret,</strong></span> <span class='ocrx_word' id='word_1_806' title='bbox 2796 4818 2842 4874; x_wconf 87' lang='lat' dir='ltr'><strong>si</strong></span> <span class='ocrx_word' id='word_1_807' title='bbox 2869 4819 3059 4874; x_wconf 89' lang='lat' dir='ltr'><strong>nullus</strong></span> <span class='ocrx_word' id='word_1_808' title='bbox 3085 4817 3229 4872; x_wconf 89' lang='lat' dir='ltr'><strong>alius</strong></span> <span class='ocrx_word' id='word_1_809' title='bbox 3265 4816 3426 4872; x_wconf 91' lang='lat' dir='ltr'><strong>nobis</strong></span> <span class='ocrx_word' id='word_1_810' title='bbox 3461 4833 3596 4887; x_wconf 80' lang='lat' dir='ltr'><strong>sup-</strong></span> 
     </span>
    </p>
   </div>
   <div class='ocr_carea' id='block_1_109' title="bbox 1967 4910 3601 4990">
    <p class='ocr_par' dir='ltr' id='par_1_109' title="bbox 1967 4910 3601 4990">
     <span class='ocr_line' id='line_1_109' title="bbox 1967 4910 3601 4990; baseline -0.005 -18"><span class='ocrx_word' id='word_1_811' title='bbox 1967 4921 2185 4990; x_wconf 87' lang='lat' dir='ltr'><strong>peteret</strong></span> <span class='ocrx_word' id='word_1_812' title='bbox 2209 4918 2367 4972; x_wconf 89' lang='lat' dir='ltr'><strong>locus</strong></span> <span class='ocrx_word' id='word_1_813' title='bbox 2393 4916 2463 4970; x_wconf 88' lang='lat' dir='ltr'><strong>ad</strong></span> <span class='ocrx_word' id='word_1_814' title='bbox 2493 4915 2846 4988; x_wconf 89' lang='lat' dir='ltr'><strong>probandum</strong></span> <span class='ocrx_word' id='word_1_815' title='bbox 2884 4929 3053 4966; x_wconf 90' lang='lat' dir='ltr'><strong>usum</strong></span> <span class='ocrx_word' id='word_1_816' title='bbox 3091 4910 3480 4966; x_wconf 88' lang='lat' dir='ltr'><strong>columbarum</strong></span> <span class='ocrx_word' id='word_1_817' title='bbox 3515 4925 3601 4964; x_wconf 85' lang='lat' dir='ltr'><strong>ar-</strong></span> 
     </span>
    </p>
   </div>
   <div class='ocr_carea' id='block_1_110' title="bbox 1971 5002 3601 5082">
    <p class='ocr_par' dir='ltr' id='par_1_110' title="bbox 1971 5002 3601 5082">
     <span class='ocr_line' id='line_1_110' title="bbox 1971 5002 3601 5082; baseline -0.005 -16"><span class='ocrx_word' id='word_1_818' title='bbox 1971 5014 2302 5082; x_wconf 87' lang='lat' dir='ltr'><strong>gentearum</strong></span> <span class='ocrx_word' id='word_1_819' title='bbox 2339 5024 2710 5064; x_wconf 88' lang='lat' dir='ltr'><strong>aurearumve</strong></span> <span class='ocrx_word' id='word_1_820' title='bbox 2745 5009 2816 5062; x_wconf 90' lang='lat' dir='ltr'><strong>ad</strong></span> <span class='ocrx_word' id='word_1_821' title='bbox 2858 5005 3224 5061; x_wconf 69' lang='lat' dir='ltr'><strong>Eucharistia:</strong></span> <span class='ocrx_word' id='word_1_822' title='bbox 3268 5002 3601 5059; x_wconf 83' lang='lat' dir='ltr'><strong>reservatio-</strong></span> 
     </span>
    </p>
   </div>
   <div class='ocr_carea' id='block_1_111' title="bbox 1967 5097 3598 5169">
    <p class='ocr_par' dir='ltr' id='par_1_111' title="bbox 1967 5097 3598 5169">
     <span class='ocr_line' id='line_1_111' title="bbox 1967 5097 3598 5169; baseline -0.006 -9"><span class='ocrx_word' id='word_1_823' title='bbox 1967 5122 2122 5160; x_wconf 87' lang='lat' dir='ltr'><strong>nem.</strong></span> <span class='ocrx_word' id='word_1_824' title='bbox 2146 5107 2215 5160; x_wconf 89' lang='lat' dir='ltr'><strong>At</strong></span> <span class='ocrx_word' id='word_1_825' title='bbox 2233 5105 2410 5159; x_wconf 84' lang='lat' dir='ltr'><strong>multa</strong></span> <span class='ocrx_word' id='word_1_826' title='bbox 2432 5103 2485 5158; x_wconf 91' lang='lat' dir='ltr'><strong>id</strong></span> <span class='ocrx_word' id='word_1_827' title='bbox 2507 5102 2773 5158; x_wconf 86' lang='lat' dir='ltr'><strong>evincunt</strong></span> <span class='ocrx_word' id='word_1_828' title='bbox 2795 5105 3049 5156; x_wconf 87' lang='lat' dir='ltr'><strong>veterum</strong></span> <span class='ocrx_word' id='word_1_829' title='bbox 3065 5097 3408 5166; x_wconf 86' lang='lat' dir='ltr'><strong>testimonia,</strong></span> <span class='ocrx_word' id='word_1_830' title='bbox 3429 5102 3598 5169; x_wconf 81' lang='lat' dir='ltr'><strong>atque</strong></span> 
     </span>
    </p>
   </div>
   <div class='ocr_carea' id='block_1_112' title="bbox 1970 5192 3598 5268">
    <p class='ocr_par' dir='ltr' id='par_1_112' title="bbox 1970 5192 3598 5268">
     <span class='ocr_line' id='line_1_112' title="bbox 1970 5192 3598 5268; baseline -0.005 -14"><span class='ocrx_word' id='word_1_831' title='bbox 1970 5199 2116 5254; x_wconf 85' lang='lat' dir='ltr'><strong>ritus</strong></span> <span class='ocrx_word' id='word_1_832' title='bbox 2139 5199 2307 5254; x_wconf 88' lang='lat' dir='ltr'><strong>etiam</strong></span> <span class='ocrx_word' id='word_1_833' title='bbox 2336 5197 2504 5252; x_wconf 87' lang='lat' dir='ltr'><strong>hodie</strong></span> <span class='ocrx_word' id='word_1_834' title='bbox 2529 5195 2872 5268; x_wconf 89' lang='lat' dir='ltr'><strong>quibusdam</strong></span> <span class='ocrx_word' id='word_1_835' title='bbox 2897 5194 2957 5248; x_wconf 90' lang='lat' dir='ltr'><strong>in</strong></span> <span class='ocrx_word' id='word_1_836' title='bbox 2976 5192 3110 5249; x_wconf 93' lang='lat' dir='ltr'><strong>locis</strong></span> <span class='ocrx_word' id='word_1_837' title='bbox 3129 5206 3510 5264; x_wconf 87' lang='lat' dir='ltr'><strong>perseverans,</strong></span> <span class='ocrx_word' id='word_1_838' title='bbox 3531 5193 3598 5246; x_wconf 88' lang='lat' dir='ltr'><strong>ut</strong></span> 
     </span>
    </p>
   </div>
   <div class='ocr_carea' id='block_1_113' title="bbox 1971 5285 3598 5360">
    <p class='ocr_par' dir='ltr' id='par_1_113' title="bbox 1971 5285 3598 5360">
     <span class='ocr_line' id='line_1_113' title="bbox 1971 5285 3598 5360; baseline -0.006 -12"><span class='ocrx_word' id='word_1_839' title='bbox 1971 5293 2030 5348; x_wconf 88' lang='lat' dir='ltr'><strong>in</strong></span> <span class='ocrx_word' id='word_1_840' title='bbox 2055 5292 2285 5348; x_wconf 84' lang='lat' dir='ltr'><strong>ecclesia</strong></span> <span class='ocrx_word' id='word_1_841' title='bbox 2310 5289 2483 5346; x_wconf 88' lang='lat' dir='ltr'><strong>sancti</strong></span> <span class='ocrx_word' id='word_1_842' title='bbox 2526 5288 2700 5344; x_wconf 87' lang='lat' dir='ltr'><strong>Mauri</strong></span> <span class='ocrx_word' id='word_1_843' title='bbox 2739 5304 2920 5360; x_wconf 88' lang='lat' dir='ltr'><strong>prope</strong></span> <span class='ocrx_word' id='word_1_844' title='bbox 2957 5285 3199 5342; x_wconf 88' lang='lat' dir='ltr'><strong>Parisios</strong></span> <span class='ocrx_word' id='word_1_845' title='bbox 3229 5302 3243 5342; x_wconf 87' lang='lat'>:</span> <span class='ocrx_word' id='word_1_846' title='bbox 3289 5286 3387 5342; x_wconf 91' lang='lat' dir='ltr'><strong>ubi</strong></span> <span class='ocrx_word' id='word_1_847' title='bbox 3420 5286 3598 5341; x_wconf 81' lang='lat' dir='ltr'><strong>conti-</strong></span> 
     </span>
    </p>
   </div>
   <div class='ocr_carea' id='block_1_114' title="bbox 1969 5381 3605 5443">
    <p class='ocr_par' dir='ltr' id='par_1_114' title="bbox 1969 5381 3605 5443">
     <span class='ocr_line' id='line_1_114' title="bbox 1969 5381 3605 5443; baseline -0.005 -1"><span class='ocrx_word' id='word_1_848' title='bbox 1969 5387 2173 5443; x_wconf 67' lang='lat' dir='ltr'><strong>nendce</strong></span> <span class='ocrx_word' id='word_1_849' title='bbox 2218 5385 2420 5441; x_wconf 61' lang='lat' dir='ltr'><strong>divinae</strong></span> <span class='ocrx_word' id='word_1_850' title='bbox 2472 5381 2841 5437; x_wconf 84' lang='lat' dir='ltr'><strong>Eucharistiae</strong></span> <span class='ocrx_word' id='word_1_851' title='bbox 2882 5381 3092 5436; x_wconf 88' lang='lat' dir='ltr'><strong>vasculi</strong></span> <span class='ocrx_word' id='word_1_852' title='bbox 3131 5381 3252 5436; x_wconf 93' lang='lat' dir='ltr'><strong>loco</strong></span> <span class='ocrx_word' id='word_1_853' title='bbox 3290 5384 3374 5436; x_wconf 89' lang='lat' dir='ltr'><strong>est</strong></span> <span class='ocrx_word' id='word_1_854' title='bbox 3409 5383 3605 5434; x_wconf 86' lang='lat' dir='ltr'><strong>aurata</strong></span> 
     </span>
    </p>
   </div>
   <div class='ocr_carea' id='block_1_115' title="bbox 1971 5473 3601 5547">
    <p class='ocr_par' dir='ltr' id='par_1_115' title="bbox 1971 5473 3601 5547">
     <span class='ocr_line' id='line_1_115' title="bbox 1971 5473 3601 5547; baseline -0.007 -11"><span class='ocrx_word' id='word_1_855' title='bbox 1971 5480 2250 5536; x_wconf 88' lang='lat' dir='ltr'><strong>columba.</strong></span> <span class='ocrx_word' id='word_1_856' title='bbox 2285 5479 2437 5533; x_wconf 90' lang='lat' dir='ltr'><strong>Idem</strong></span> <span class='ocrx_word' id='word_1_857' title='bbox 2456 5493 2579 5530; x_wconf 90' lang='lat' dir='ltr'><strong>mos</strong></span> <span class='ocrx_word' id='word_1_858' title='bbox 2603 5475 2741 5530; x_wconf 89' lang='lat' dir='ltr'><strong>olim</strong></span> <span class='ocrx_word' id='word_1_859' title='bbox 2765 5475 2992 5547; x_wconf 83' lang='lat' dir='ltr'><strong>vigebat</strong></span> <span class='ocrx_word' id='word_1_860' title='bbox 3018 5474 3169 5546; x_wconf 88' lang='lat' dir='ltr'><strong>apud</strong></span> <span class='ocrx_word' id='word_1_861' title='bbox 3207 5473 3601 5530; x_wconf 87' lang='lat' dir='ltr'><strong>Cluniacenses</strong></span> 
     </span>
    </p>
   </div>
   <div class='ocr_carea' id='block_1_116' title="bbox 1971 5564 3604 5641">
    <p class='ocr_par' dir='ltr' id='par_1_116' title="bbox 1971 5564 3604 5641">
     <span class='ocr_line' id='line_1_116' title="bbox 1971 5564 3604 5641; baseline -0.008 -11"><span class='ocrx_word' id='word_1_862' title='bbox 1971 5579 2213 5640; x_wconf 89' lang='lat' dir='ltr'><strong>nostros,</strong></span> <span class='ocrx_word' id='word_1_863' title='bbox 2240 5575 2380 5626; x_wconf 88' lang='lat' dir='ltr'><strong>teste</strong></span> <span class='ocrx_word' id='word_1_864' title='bbox 2410 5569 2684 5640; x_wconf 88' lang='lat' dir='ltr'><strong>Udalrico,</strong></span> <span class='ocrx_word' id='word_1_865' title='bbox 2717 5568 2816 5640; x_wconf 91' lang='lat' dir='ltr'><strong>qui</strong></span> <span class='ocrx_word' id='word_1_866' title='bbox 2841 5567 3109 5640; x_wconf 80' lang='lat' dir='ltr'><strong>pyxidem</strong></span> <span class='ocrx_word' id='word_1_867' title='bbox 3135 5584 3341 5641; x_wconf 89' lang='lat' dir='ltr'><strong>corpus</strong></span> <span class='ocrx_word' id='word_1_868' title='bbox 3369 5564 3604 5622; x_wconf 89' lang='lat' dir='ltr'><strong>domini-</strong></span> 
     </span>
    </p>
   </div>
   <div class='ocr_carea' id='block_1_117' title="bbox 1973 5659 3602 5730">
    <p class='ocr_par' dir='ltr' id='par_1_117' title="bbox 1973 5659 3602 5730">
     <span class='ocr_line' id='line_1_117' title="bbox 1973 5659 3602 5730; baseline -0.008 -7"><span class='ocrx_word' id='word_1_869' title='bbox 1973 5685 2103 5724; x_wconf 91' lang='lat' dir='ltr'><strong>cum</strong></span> <span class='ocrx_word' id='word_1_870' title='bbox 2119 5667 2188 5722; x_wconf 87' lang='lat' dir='ltr'><strong>ad</strong></span> <span class='ocrx_word' id='word_1_871' title='bbox 2209 5664 2471 5721; x_wconf 87' lang='lat' dir='ltr'><strong>viaticum</strong></span> <span class='ocrx_word' id='word_1_872' title='bbox 2489 5663 2847 5719; x_wconf 82' lang='lat' dir='ltr'><strong>inﬁrmorum</strong></span> <span class='ocrx_word' id='word_1_873' title='bbox 2867 5663 3269 5730; x_wconf 88' lang='lat' dir='ltr'><strong>continentem,</strong></span> <span class='ocrx_word' id='word_1_874' title='bbox 3297 5680 3325 5714; x_wconf 87' lang='lat'><strong>((</strong></span> <span class='ocrx_word' id='word_1_875' title='bbox 3349 5659 3411 5714; x_wconf 90' lang='lat' dir='ltr'><strong>in</strong></span> <span class='ocrx_word' id='word_1_876' title='bbox 3431 5671 3602 5712; x_wconf 86' lang='lat' dir='ltr'><strong>aurea</strong></span> 
     </span>
    </p>
   </div>
   <div class='ocr_carea' id='block_1_118' title="bbox 1973 5750 3598 5832">
    <p class='ocr_par' dir='ltr' id='par_1_118' title="bbox 1973 5750 3598 5832">
     <span class='ocr_line' id='line_1_118' title="bbox 1973 5750 3598 5832; baseline -0.007 -14"><span class='ocrx_word' id='word_1_877' title='bbox 1973 5758 2472 5832; x_wconf 84' lang='lat' dir='ltr'><strong>columbajugiter</strong></span> <span class='ocrx_word' id='word_1_878' title='bbox 2497 5757 2778 5832; x_wconf 88' lang='lat' dir='ltr'><strong>pendente</strong></span> <span class='ocrx_word' id='word_1_879' title='bbox 2805 5773 2976 5830; x_wconf 89' lang='lat' dir='ltr'><strong>super</strong></span> <span class='ocrx_word' id='word_1_880' title='bbox 3011 5756 3183 5812; x_wconf 81' lang='lat' dir='ltr'><strong>altare</strong></span> <span class='ocrx_word' id='word_1_881' title='bbox 3228 5772 3254 5805; x_wconf 84' lang='lat'><strong>»</strong></span> <span class='ocrx_word' id='word_1_882' title='bbox 3300 5750 3470 5807; x_wconf 87' lang='lat' dir='ltr'><strong>fuisse</strong></span> <span class='ocrx_word' id='word_1_883' title='bbox 3508 5766 3598 5807; x_wconf 82' lang='lat' dir='ltr'><strong>re-</strong></span> 
     </span>
    </p>
   </div>
   <div class='ocr_carea' id='block_1_119' title="bbox 1975 5853 2959 5926">
    <p class='ocr_par' dir='ltr' id='par_1_119' title="bbox 1975 5853 2959 5926">
     <span class='ocr_line' id='line_1_119' title="bbox 1975 5853 2959 5926; baseline -0.008 -12"><span class='ocrx_word' id='word_1_884' title='bbox 1975 5856 2257 5915; x_wconf 76' lang='lat' dir='ltr'><strong>conditam</strong></span> <span class='ocrx_word' id='word_1_885' title='bbox 2287 5854 2478 5914; x_wconf 86' lang='lat' dir='ltr'><strong>scribit</strong></span> <span class='ocrx_word' id='word_1_886' title='bbox 2503 5853 2564 5913; x_wconf 90' lang='lat' dir='ltr'><strong>in</strong></span> <span class='ocrx_word' id='word_1_887' title='bbox 2590 5853 2688 5916; x_wconf 84' lang='lat' dir='ltr'><strong>lib.</strong></span> <span class='ocrx_word' id='word_1_888' title='bbox 2719 5871 2733 5910; x_wconf 82' lang='grc' dir='ltr'>ι</span> <span class='ocrx_word' id='word_1_889' title='bbox 2757 5869 2880 5926; x_wconf 86' lang='lat' dir='ltr'><strong>cap.</strong></span> <span class='ocrx_word' id='word_1_890' title='bbox 2907 5853 2959 5907; x_wconf 89' lang='lat'><strong>8.</strong></span> 
     </span>
    </p>
   </div>
  </div>
