4044 6196
431 275 529 328 163

1218 275 1550 332 APPENDIX
1587 274 1674 328 AD
1710 273 1930 330 OPERA
1969 273 2201 332 SANCTI
2237 276 2534 332 GERMANI
2573 275 2998 334 PARISIENSIS.

3586 287 3599 290 “
3689 273 3787 329 164

501 401 628 477 90
659 405 746 460 15.
774 402 880 461 Sed
903 404 1192 477 antiquius
1213 408 1297 459 est
1321 403 1710 458 testimonium
1732 403 1871 459 Vitas
1898 404 2054 459 Basi-

2177 382 2637 440 Ierisimillimum
2657 388 2742 439 est
2767 382 3056 438 columbas
3083 381 3229 452 illas,
3258 381 3430 438 etiam
3462 397 3592 454 quae
3618 396 3793 455 super

424 497 488 553 lii
507 497 712 570 Magni,
732 515 860 578 quae
876 497 1004 553 licet
1014 495 1409 568 Amphitochio
1423 513 1723 568 perperam
1741 497 2048 565 tribuatur,

427 595 619 646 tamen
642 591 711 646 ab
735 596 960 646 auctore
988 591 1291 645 veterrimo
1319 589 1526 661 scripta
1565 593 1670 660 est,
1710 595 1880 662 atque
1929 591 2055 646 lau-

431 684 562 740 data
596 685 666 739 ab
702 686 871 739 Ainea
911 683 1207 738 Parisiensi
1245 683 1506 756 episcopo
1549 683 1609 738 in
1645 684 1746 738 lib.
1791 685 2060 740 adversus

433 779 674 844 Graecos,
705 776 894 831 relatis
921 776 1244 832 iisdemmet
1271 777 1454 832 verbis
1479 793 1607 850 quae
1633 777 1802 832 modo
1817 777 1876 832 in
1894 794 2061 850 argu-

432 875 624 926 mento
678 873 992 925 versantur.
1044 871 1281 925 Basilius
1319 870 1531 943 quippe
1572 876 1702 942 post
1743 871 1956 927 elatum
2001 872 2061 926 in

431 965 599 1019 missa
627 963 972 1018 dominicum
998 980 1226 1035 panem,
1259 981 1391 1019 eum
1419 964 1478 1018 in
1504 969 1617 1020 tres
1642 970 1830 1036 partes
1849 965 2059 1036 divisit,

431 1072 674 1128 quarum
703 1073 880 1112 unam
905 1057 1024 1128 ipse
1055 1057 1316 1128 sumpsit,
1339 1057 1512 1112 aliam
1531 1057 1592 1112 in
1609 1074 1784 1114 aurea
1804 1059 2064 1114 columba

432 1165 604 1221 super
629 1150 805 1205 altare
830 1156 1244 1205 sacrosanctum
1269 1150 1576 1221 collocavit,
1615 1159 1699 1216 τὴν
1735 1159 1894 1224 ἑτέραν
1921 1159 2064 1215 ἐνθεὶς

430 1246 684 1306 περιστερᾷ
716 1247 872 1307 χρυσῇ
913 1242 1171 1307 ἐκρέμασεν
1204 1243 1362 1292 ἐπάνω
1395 1242 1479 1292 τοῦ
1523 1243 1665 1305 ἁγίου
1704 1243 2060 1308 θυσιαστηρίου.

436 1329 579 1383 Cum
606 1327 798 1399 itaque
828 1329 1138 1400 Perpetuus
1164 1329 1445 1385 Amalario
1484 1329 1813 1402 presbytero
1845 1330 2062 1385 colum-

435 1417 568 1473 bam
616 1423 946 1490 argenteam
995 1419 1066 1474 ad
1108 1419 1504 1491 repositorium
1549 1437 1682 1476 cum
1725 1420 1848 1474 aliis
1893 1419 2064 1475 sacris

435 1511 604 1566 rebus
632 1512 802 1582 legat,
836 1511 905 1567 de
934 1511 1213 1582 columba,
1251 1529 1380 1584 qua:
1412 1513 1483 1569 ad
1519 1513 1914 1570 asservandam
1946 1513 2061 1568 Eu-

437 1604 762 1660 charistiam
787 1605 929 1661 facta
954 1611 1094 1674 erat,
1124 1605 1580 1678 intcrpretandus
1605 1607 1846 1662 videtur.

510 1701 596 1754 16.
627 1698 936 1753 Fatendum
967 1703 1155 1754 tamen
1197 1703 1299 1769 est,
1340 1717 1456 1755 non
1492 1699 1694 1771 ubivis,
1736 1717 1866 1755 cum
1908 1701 1973 1757 ﬁt
2003 1701 2065 1756 in

2155 477 2349 532 altaria
2375 493 2641 550 appensa:
2679 481 2858 548 erant,
2890 477 2960 532 ad
2979 476 3084 531 hoc
3110 477 3385 532 duntaxat
3420 475 3592 532 fuisse
3626 475 3792 531 insti-

2156 576 2326 639 tutas,
2356 587 2563 644 nempe
2588 572 2650 626 in
2675 571 2920 644 ﬁguram
2949 569 3188 642 Spiritus
3214 570 3412 640 sancti,
3444 579 3512 634 εἷς
3531 593 3680 626 τυπον
3705 575 3795 626 τοῦ

2158 673 2297 736 ἁγίου
2335 673 2629 737 Πνεὺματος,
2661 666 2744 720 uti
2789 669 2846 720 et
2894 664 3035 734 illas,
3081 680 3211 736 qua:
3255 680 3426 736 super
3468 662 3800 736 baptisteria

2158 759 2498 832 pendebant.

2235 857 2320 908 18.
2347 853 2431 909 Ad
2457 852 2739 924 triplicem
2766 851 2957 924 itaque
2978 868 3148 907 usum
3175 851 3446 906 institutae
3471 854 3632 906 erant
3649 849 3803 921 ejus-

2160 947 2318 1002 modi
2341 946 2636 1010 columbae,
2667 961 2874 1017 nempe
2905 945 2976 1000 ad
3017 945 3264 1016 ﬁguram
3302 961 3400 1000 seu
3435 943 3799 1016 mysterium,

2161 1041 2232 1096 ad
2259 1045 2544 1106 ornatum,
2588 1045 2645 1094 et
2683 1039 2754 1094 ad
2793 1039 3212 1111 repositorium.
3250 1037 3426 1093 Primi
3461 1043 3518 1094 et
3561 1036 3804 1092 secundi

2165 1134 2386 1206 generis
2410 1133 2686 1188 columbae
2716 1132 2956 1188 erantin
2982 1131 3327 1203 baptisteriis
3361 1135 3419 1187 et
3455 1132 3515 1186 in
3556 1129 3802 1203 quibus-

2163 1229 2298 1284 dam
2338 1227 2642 1294 altaribus;
2694 1225 2847 1281 tertii
2886 1241 3018 1281 vero
3058 1226 3282 1296 generis
3318 1225 3442 1280 alia!
3480 1225 3690 1296 passim
3725 1222 3807 1279 ad

2163 1320 2559 1378 continendam
2587 1319 2994 1375 Eucharistiam
3025 1319 3292 1374 divinam.

2237 1417 2326 1470 19.
2353 1413 2436 1470 Ad
2463 1414 2668 1470 harum
2693 1417 2884 1468 tamen
2909 1412 3286 1468 imitationem
3327 1412 3605 1468 columbae
3645 1429 3808 1485 quas-

2164 1509 2296 1564 dam
2348 1507 2518 1562 etiam
2567 1507 2637 1562 ad
2689 1507 3042 1578 reponendas
3091 1505 3364 1578 reliquias
3412 1522 3595 1562 sacras
3636 1505 3806 1562 facta:

2164 1606 2337 1657 sunt:
2383 1617 2497 1674 quo
2531 1600 2592 1655 in
2636 1598 2762 1673 92
2805 1615 3011 1672 genere
3051 1603 3174 1655 erat
3206 1599 3301 1654 illa
3333 1599 3581 1656 ecclesia:
3618 1599 3806 1654 beatae

2163 1695 2351 1752 Mariae
2375 1694 2783 1761 Landunensis,
2813 1693 2977 1764 cujus
3002 1693 3268 1748 meminit
3291 1694 3646 1748 Hermannus
3673 1709 3803 1748 mo-

438 1791 607 1846 rebus
645 1792 816 1846 etiam
859 1792 1242 1847 ecclesiasticis
1279 1793 1674 1848 columbarum
1714 1794 1948 1862 mentio,
1993 1795 2063 1850 de
2083 1765 2140 1838 Β
2163 1789 2378 1845 nachus
2403 1789 2464 1842 in
2490 1787 2592 1842 lib.
2623 1804 2682 1842 ιιι
2707 1788 2776 1842 de
2805 1786 3083 1842 Miraculis
3108 1789 3314 1842 sanctae
3344 1787 3530 1842 Mariae
3554 1803 3676 1859 cap.
3710 1789 3804 1856 28,

421 1884 712 1948 ,columbis
753 1885 1118 1938 Eucharistiae
1172 1887 1461 1941 servandae
1505 1887 1708 1958 aptatis
1746 1903 2069 1943 sermonem
2165 1883 2264 1940 ubi
2289 1883 2358 1939 de
2381 1882 2533 1938 furto
2555 1880 2808 1936 Anselmi
2833 1880 3150 1952 cujusdam,
3173 1881 3274 1954 qui
3304 1901 3332 1932 «
3362 1896 3566 1936 cruces
3601 1896 3808 1936 aureas

439 1991 576 2032 esse.
625 1977 824 2032 Tribus
866 1977 1077 2048 quippe
1124 1977 1185 2032 in
1223 1979 1357 2034 locis
1401 1979 1676 2034 columbae
1719 1979 1975 2035 adhiberi
2007 1981 2069 2035 in
2168 1981 2224 2033 et
2256 1976 2604 2048 phylacteria
2641 1974 3025 2046 confringens,
3066 1973 3217 2030 inter
3253 1977 3457 2030 caetera
3490 1973 3659 2028 etiam
3695 1989 3806 2028 au-

437 2069 668 2124 ecclesia
697 2069 973 2136 solebant,
1004 2087 1209 2141 nempe
1236 2071 1294 2125 in
1337 2071 1700 2144 baptisteriis,
1740 2071 1800 2127 in
1833 2072 2071 2128 tumulis
2168 2083 2323 2122 ream
2351 2065 2673 2120 columbam
2715 2063 3012 2134 confregit,
3043 2080 3171 2134 quae
3198 2079 3302 2135 pro
3328 2063 3469 2118 lacte
3494 2067 3550 2118 et
3585 2061 3810 2133 capillis

439 2179 569 2218 cum
589 2168 931 2233 sanctorum,
950 2167 1074 2219 tum
1091 2163 1330 2220 aliorum
1348 2165 1649 2220 hominum
1666 2165 2067 2238 insigniorum,
2169 2160 2376 2210 δειλοὶίὲ
2421 2154 2628 2224 Μδῗίων
2676 2158 2744 2209 ιη
2775 2152 3081 2219 ferebatur:
3127 2152 3440 2208 introrsum
3475 2151 3809 2220 reconditis:

441 2261 496 2311 et
523 2256 583 2310 in
609 2256 876 2312 altaribus
903 2257 1092 2312 sacris.
1123 2258 1183 2312 In
1209 2258 1550 2331 baptisteriis
1587 2259 1845 2330 mysterii
1883 2277 2069 2330 causa,
2169 2249 2415 2304 mnu-um
2441 2253 2562 2303 erat
2588 2247 2804 2302 famosa
2829 2251 2885 2301 et
2905 2245 3270 2301 honorabﬂiso
3290 2245 3447 2300 Unde
3470 2249 3526 2301 εἴ
3543 2245 3606 2300 in
3629 2246 3812 2317 majo-

443 2349 514 2404 ad
537 2349 971 2420 signiﬁcandum
1008 2349 1216 2406 scilicet
1239 2351 1513 2422 Spiritum
1554 2355 1832 2420 sanctum,
1879 2353 1980 2425 qui
2011 2353 2072 2408 in
2171 2343 2328 2398 ribus
2352 2342 2507 2396 festis
2535 2358 2706 2414 super
2729 2341 2850 2411 ejus
2877 2339 3053 2394 altare
3079 2339 3291 2394 solebat
3317 2339 3584 2411 appendi.
3626 2361 3654 2390 n
3695 2341 3810 2394 Ve-

441 2442 719 2497 columbae
747 2443 929 2514 specie
956 2460 1126 2515 super
1151 2444 1439 2500 Christum
1466 2445 1810 2517 baptizatum
1852 2451 2071 2518 specta-

442 2534 613 2590 bilem
641 2553 700 2591 se
724 2536 969 2608 praebuit
996 2553 1010 2592 :
1042 2537 1235 2609 quales
1275 2537 1446 2592 etiam
1485 2555 1639 2593 nunc
1678 2555 1848 2610 super
1880 2539 2071 2611 bapti-

442 2629 610 2684 steria
634 2646 898 2702 appensa:
916 2634 1047 2685 sunt
1065 2631 1404 2702 quibusdam
1427 2631 1488 2686 in
1513 2631 1668 2687 locis.
1689 2632 1870 2704 Super
1887 2638 2075 2688 tumu-

442 2721 525 2776 los
558 2723 754 2778 itidem
789 2728 1108 2796 martyrum
1151 2725 1441 2780 columbas
1489 2725 1910 2797 appendiolim
1952 2743 2074 2782 mos

446 2822 584 2872 erat.
625 2817 782 2873 Unde
817 2818 911 2872 fur
944 2818 1178 2890 quidam
1220 2819 1278 2873 in
1317 2818 1557 2874 ecclesia
1592 2819 1770 2874 sancti
1807 2820 2072 2892 Dionysii,

384 2928 398 2941 ί
449 2931 478 2959 ‹‹
515 2927 684 2982 super
720 2911 1040 2982 sepulcrum
1082 2916 1340 2967 sanctum
1380 2913 1593 2966 calcare
1637 2929 1750 2966 non
1791 2918 2071 2984 metuens,

447 3001 586 3057 dum
609 3003 930 3058 columbam
955 3021 1186 3060 auream
1211 3005 1402 3060 lancea
1431 3005 1637 3077 quaerit
1661 3006 1888 3077 elidere,
1918 3007 2072 3079 elap-

445 3095 521 3149 sis
548 3096 784 3166 pedibus
813 3096 881 3150 ab
909 3101 1149 3169 utraque
1174 3101 1357 3170 parte,
1391 3098 1524 3170 quia
1553 3099 1795 3154 turritas
1823 3105 1943 3155 erat
1981 3105 2072 3155 tu-

448 3187 655 3260 mulus,
686 3189 878 3244 lancea
902 3189 962 3244 in
991 3190 1165 3246 latere
1206 3191 1407 3262 deﬁxa,
1449 3192 1724 3248 exanimis
1763 3198 1847 3248 est
1880 3194 2074 3248 inven-

447 3287 560 3354 tus,
593 3302 622 3336 »
647 3283 798 3355 apud
825 3284 1159 3356 Gregorium
1188 3284 1248 3339 in
1275 3285 1372 3340 lib.
1399 3303 1419 3341 1
1445 3285 1514 3341 de
1539 3286 1725 3341 Gloria
1762 3291 2076 3360 martyrum

451 3395 572 3449 cap.
621 3381 709 3432 7'2.
755 3376 944 3432 Simile
991 3377 1337 3449 praestabant
1381 3379 1734 3451 Langobardi
1785 3397 1920 3450 erga
1951 3397 2079 3435 con-

449 3471 789 3543 sanguineos
814 3487 964 3541 suos,
993 3472 1272 3528 referente
1298 3472 1470 3527 Paulo
1508 3473 1842 3528 Warnefridi
1878 3473 1938 3528 in
1975 3474 2075 3530 lib.

449 3580 483 3620 ν
509 3583 631 3637 cap.
668 3565 737 3620 34
775 3581 790 3619 :
833 3587 860 3614 ‹‹
906 3565 964 3620 Si
1004 3567 1134 3637 quis
1171 3565 1326 3621 enim
1368 3566 1639 3638 (suorum)
1681 3571 1780 3623 aut
1815 3568 1875 3622 in
1908 3567 2076 3638 bello,

448 3664 548 3713 aut
571 3659 1081 3731 quomodocunque
1103 3657 1219 3732 91
1252 3660 1560 3716 exstinctus
1584 3661 1801 3732 fuisset,
1833 3679 2076 3717 consan-

450 3751 643 3823 guinei
671 3750 758 3805 sui
782 3751 933 3807 intra
959 3753 1216 3823 sepulcra
1242 3770 1343 3808 sua
1385 3755 1658 3825 perticam
1705 3756 1975 3826 ﬁgebant,
2019 3755 2078 3810 in

449 3840 610 3910 cujus
636 3839 958 3895 summitate
989 3841 1308 3896 columbam
1348 3859 1416 3897 ex
1453 3842 1609 3914 ligno
1653 3843 1858 3898 factam
1900 3861 2077 3916 pone-

450 3932 608 4002 bant,
641 3947 769 4004 quae
791 3933 924 3988 illuc
949 3951 1106 3988 versa
1132 3941 1294 4003 esset,
1325 3935 1425 3990 ubi
1452 3953 1651 3991 eorum
1671 3937 1908 3992 dilectus
1935 3938 2082 3992 obis-

451 4030 556 4082 set.
599 4045 626 4078 »
659 4027 768 4081 Illa),
794 4026 985 4099 itaque
1009 4028 1305 4098 columbae,
1335 4029 1448 4084 sive
1479 4047 1607 4101 qua:
1628 4031 1686 4085 in
1711 4031 2074 4103 baptisteriis,

451 4121 566 4176 sive
589 4136 719 4193 quae
745 4119 804 4175 in
825 4120 1060 4176 tumulis
1077 4138 1362 4194 appensm,
1380 4124 1623 4178 erantad
1644 4125 1979 4196 mysterium
1995 4127 2080 4180 vel

451 4215 522 4270 ad
543 4217 833 4284 ornatum,
849 4230 964 4269 non
978 4215 1452 4272 adasservandum
1476 4217 1763 4290 viaticum,
1783 4219 1841 4274 id
1864 4225 1949 4275 est
1965 4237 2080 4275 non

447 4309 519 4364 ad
545 4307 961 4380 repositorium,
989 4309 1171 4381 qualis
1199 4314 1322 4366 erat
1345 4310 1437 4365 illa
1470 4312 1734 4383 Perpetui
1774 4313 2032 4368 columba
2063 4330 2076 4368 :

448 4419 577 4474 quae
603 4420 734 4460 cum
754 4402 1085 4475 simpliciter
1105 4404 1365 4459 columba
1383 4405 1455 4460 ad
1471 4405 1870 4476 repositorium
1891 4407 2082 4479 appel-

2172 2453 2301 2492 rum
2327 2453 2443 2490 non
2468 2451 2692 2506 semper
2718 2451 2982 2506 appensa:
3011 2436 3175 2489 erant
3216 2432 3492 2504 ejusmodi
3527 2433 3812 2490 columba

2173 2547 2344 2603 super
2379 2530 2573 2600 altare,
2616 2529 2715 2584 sed
2748 2529 2820 2582 ad
2857 2529 3027 2583 breve
3064 2531 3291 2598 tempus
3320 2543 3335 2581 :
3383 2543 3570 2598 neque
3605 2527 3814 2598 primis

2173 2623 2392 2680 saeculis
2415 2621 2683 2695 reliquias
2709 2637 2881 2694 super
2906 2621 3105 2677 altaria
3136 2621 3382 2692 appendi
3419 2619 3620 2692 religio
3653 2621 3811 2676 fere-

2173 2719 2288 2774 bat.
2345 2719 2536 2788 Ncque
2590 2715 2781 2771 forsan
2823 2715 2958 2769 alibi
3013 2714 3237 2786 uspiam
3289 2713 3530 2769 inveniri
3591 2714 3817 2786 possint

2173 2811 2453 2884 ejusmodi
2479 2810 2756 2866 columbae
2782 2809 2852 2864 ad
2876 2808 3244 2864 continendas
3271 2807 3534 2880 reliquias
3559 2826 3576 2863 :
3598 2824 3705 2864 nec
3729 2808 3809 2864 ob

2173 2906 2279 2961 hoc
2305 2903 2591 2976 singulare
2618 2905 2829 2958 factum
2858 2903 3067 2957 elevari
3091 2901 3260 2957 debet
3278 2918 3347 2956 ex
3368 2902 3629 2974 Perpetui
3643 2907 3815 2958 testa-

2173 3003 2364 3054 mento
2392 2997 2564 3070 petita
2590 2997 2892 3053 auctoritas
2918 2997 2991 3053 ad
3014 2995 3372 3068 probandum
3399 3011 3568 3051 usum
3592 2995 3816 3052 colum-

2173 3093 2378 3149 barum
2403 3109 2507 3164 pro
2534 3090 2900 3147 Eucharistia:
2927 3107 3026 3146 seu
3051 3089 3238 3145 viatici
3267 3089 3659 3145 asservatione.

2097 3140 2152 3214 Ο
2247 3189 2338 3242 20.
2370 3140 2739 3242 Eilcharistize
2769 3189 3063 3240 asservataa
3091 3187 3497 3256 argumentum
3521 3183 3728 3239 certius
3753 3187 3818 3239 et

2179 3280 2520 3353 exploratius
2549 3279 2759 3351 legitur
2782 3278 2842 3334 in
2870 3294 3085 3334 canone
3111 3280 3142 3332 3
3181 3277 3402 3332 concilii
3439 3294 3482 3332 ιι
3517 3279 3812 3333 Turonen-

2179 3375 2274 3444 sis,
2313 3374 2414 3446 qui
2451 3374 2522 3429 de
2557 3372 2960 3444 compositione
3001 3371 3252 3444 corporis
3284 3370 3509 3426 Domini
3547 3371 3608 3426 in
3643 3370 3817 3426 altari

2177 3468 2524 3538 inscribitur,
2550 3466 2640 3523 his
2664 3465 2896 3521 omnino
2921 3465 3106 3521 verbis
3129 3481 3428 3537 expressus
3457 3481 3472 3520 :
3524 3468 3590 3522 Ut
3621 3481 3818 3537 corpus

2178 3564 2394 3620 Domini
2420 3565 2476 3616 in
2501 3563 2692 3624 altari,
2723 3576 2828 3616 non
2868 3563 2928 3615 in
2968 3561 3297 3630 imaginario
3339 3560 3550 3623 ordine,
3587 3559 3681 3615 sed
3710 3560 3816 3615 sub

2179 3659 2350 3712 crucis
2379 3656 2534 3712 titulo
2563 3659 2936 3726 componatur.
2971 3654 3046 3710 De
3076 3654 3184 3708 hoc
3211 3667 3427 3709 canone
3469 3652 3650 3709 fusius
3685 3653 3813 3726 egi-

2179 3766 2308 3806 mus
2331 3749 2390 3804 in
2417 3749 2606 3804 libello
2635 3749 2704 3804 de
2725 3752 2932 3820 Azymo
2957 3765 3081 3820 cap.
3114 3750 3167 3802 8.
3198 3748 3304 3803 Sed
3325 3747 3585 3819 quaedam
3609 3747 3702 3803 hic
3725 3763 3819 3804 re-

2178 3847 2418 3899 tractare
2435 3843 2617 3913 juvat.
2644 3844 2778 3897 Tres
2803 3846 2936 3897 sunt
2964 3842 3034 3897 de
3077 3841 3412 3914 explicando
3452 3841 3560 3896 hoc
3596 3857 3840 3897 canone.

2178 3937 2596 3992 Catholicorum
2639 3935 2953 3992 sententias.
3003 3935 3197 3990 Binius
3229 3935 3515 3992 existimat
3559 3935 3666 3990 hoc
3706 3935 3817 3991 de-

2179 4034 2332 4086 creto
2356 4029 2646 4103 prohiberi
2670 4045 2743 4085 ne
2775 4046 2979 4102 corpus
3013 4028 3240 4084 Domini
3275 4028 3426 4085 inter
3461 4045 3644 4084 sacras
3673 4029 3820 4084 ima-

2183 4125 2342 4197 gines
2365 4140 2535 4197 super
2561 4123 2732 4178 altare
2758 4123 2896 4194 poni
2922 4123 3132 4192 solitas,
3164 4123 3262 4180 sed
3285 4122 3473 4194 potius
3511 4123 3820 4179 collocetur

2179 4218 2284 4274 sub
2313 4218 2434 4290 ipsa
2457 4232 2642 4286 cruce,
2671 4233 2800 4288 quae
2825 4217 2885 4272 in
2910 4215 3230 4272 meditullio
3258 4216 3437 4288 ipsius
3463 4215 3656 4272 altaris
3674 4216 3820 4288 poni

2180 4311 2485 4368 consuevit.
2539 4311 2776 4366 Jacobus
2825 4309 3166 4366 Sirmundus
3217 4325 3247 4365 e
3294 4309 3575 4364 contrario
3622 4314 3822 4365 censet

2179 4407 2325 4462 nihil
2353 4405 2505 4460 aliud
2529 4405 2637 4460 hoc
2661 4420 2875 4460 canone
2899 4403 3100 4473 vetari,
3132 4419 3305 4476 quam
3329 4407 3396 4459 ut
3417 4403 3580 4475 panis
3605 4401 3667 4458 in
3694 4418 3824 4459 cor—

449 4497 618 4566 letur,
645 4513 760 4552 non
782 4498 850 4554 de
865 4497 971 4552 alia
991 4513 1052 4553 re
1076 4513 1246 4570 quam
1265 4497 1333 4556 de
1355 4498 1702 4556 Eucharistia
1719 4499 1776 4556 id
1796 4500 2077 4574 interpre-
2097 4511 2157 4584 D
2179 4518 2285 4574 pus
2326 4499 2546 4555 Domini
2577 4498 2988 4554 consecrandus
3034 4513 3150 4552 non
3189 4496 3354 4553 aliter
3396 4513 3501 4568 pro
3538 4496 3823 4568 cujusque

449 4591 688 4646 tandum
715 4594 818 4648 est.

524 4689 610 4741 l7.
641 4687 827 4741 Unum
855 4689 1029 4741 restat
1053 4685 1262 4742 scilicet
1286 4685 1356 4742 de
1383 4686 1659 4744 columbis
1695 4687 1966 4744 altaribus
1983 4705 2078 4760 ap-

448 4780 657 4854 pensis,
686 4797 815 4853 qua:
841 4779 995 4834 haud
1022 4778 1137 4834 scio
1162 4795 1235 4834 an
1254 4796 1452 4835 omnes
1479 4781 1646 4836 etiam
1669 4781 2076 4838 Eucharistiam

447 4875 830 4932 continebant.
860 4875 920 4929 In
965 4872 1154 4928 libello
1193 4873 1614 4944 supplicationis
1653 4874 1989 4932 clericorum
2021 4881 2078 4932 et

447 4971 858 5026 monachorum
884 4965 1194 5022 Antiochia:
1218 4966 1290 5021 ad
1317 4967 1590 5022 Joannem
1619 4969 1995 5038 patriarcham
2021 4975 2077 5025 et

385 5053 390 5060 ’
445 5064 518 5120 ad
541 5063 818 5136 synodum
843 5062 945 5117 (ΖΡ.
974 5060 1078 5115 sub
1104 5061 1303 5116 Menna
1329 5065 1735 5133 congregatam
1761 5068 1956 5118 contra
1976 5063 2072 5119 Se-

445 5173 647 5214 verum
672 5154 1082 5227 Acephalorum
1115 5153 1573 5225 antesignanum,
1614 5155 1860 5226 graviter
1901 5173 2074 5228 expo-

445 5251 659 5306 stulant
672 5249 773 5319 illi,
796 5248 945 5320 quod
961 5249 1195 5304 Severus
1209 5264 1392 5318 neque
1421 5247 1560 5320 ipsis
1579 5248 1784 5304 sanctis
1808 5249 2077 5306 altaribus

445 5343 807 5417 pepercisset,
839 5357 1024 5413 neque
1050 5341 1221 5396 sacris
1249 5341 1394 5396 vasis
1428 5358 1442 5397 :
1489 5342 1586 5398 sed
1625 5347 1681 5398 et
1719 5361 1748 5394 ‹‹
1789 5343 2078 5398 columbas

446 5453 647 5493 aureas
693 5441 750 5491 et
791 5439 1108 5506 argenteas,
1155 5446 1338 5508 χρυσᾶς
1381 5444 1464 5492 καὶ
1509 5443 1716 5510 ἀργυρᾶς
1754 5443 2031 5510 περιστεράς
2050 5462 2077 5491 υ

447 5533 508 5589 in
529 5531 775 5604 ﬁguram
805 5529 1042 5602 Spiritus
1071 5528 1245 5584 sancti
1268 5545 1439 5600 super
1466 5529 1652 5584 divina
1677 5530 1898 5585 lavacra
1924 5536 1978 5586 et
2002 5530 2082 5585 al-

448 5628 593 5685 taria
615 5641 910 5700 appensas,
940 5639 1055 5679 una
1076 5639 1208 5680 cum
1244 5623 1368 5678 aliis
1401 5623 1507 5679 sibi
1546 5624 1948 5697 appropriavit,
1987 5624 2075 5681 di-

443 5739 580 5778 cens
603 5737 718 5778 non
743 5723 1002 5794 oportere
1027 5717 1086 5775 in
1109 5716 1292 5791 specie
1329 5717 1604 5774 columbae
1641 5718 1912 5792 Spiritum
1947 5735 2078 5776 san-

452 5821 610 5874 ctum
643 5815 959 5886 nominare,
1009 5833 1037 5866 »
1083 5817 1236 5870 tomo
1273 5812 1314 5865 V
1359 5811 1732 5870 Conciliorum
1775 5829 1907 5886 pag.
1957 5815 2078 5871 {69.

2175 4595 2408 4652 arbitrio
2436 4610 2606 4666 quam
2633 4594 2906 4665 impressa
2929 4607 3095 4647 cruce
3119 4591 3417 4647 formetur.
3455 4590 3642 4646 Tertia
3680 4606 3822 4646 sen-

2178 4689 2352 4746 tentia
2386 4693 2470 4744 est
2497 4687 2793 4760 cujusdam
2832 4686 2943 4741 viri
2977 4685 3310 4756 doctissimi,
3345 4685 3501 4741 hunc
3535 4699 3822 4740 canonem

2175 4781 2608 4855 intelligendum
2647 4796 2767 4837 esse
2814 4780 2884 4836 de
2931 4778 3320 4856 componenda
3360 4777 3640 4834 oblatione
3678 4793 3822 4834 cum

2175 4877 2344 4932 calice
2387 4879 2643 4948 tempore
2690 4873 2946 4930 sacriﬁcii
2999 4890 3030 4929 e
3071 4873 3308 4944 regione
3355 4869 3482 4945 93
3525 4871 3705 4927 crucis
3751 4871 3823 4928 in

2176 4969 2362 5026 medio
2385 4968 2548 5024 altari
2574 4967 2791 5040 positas,
2813 4984 2928 5023 non
2965 4983 3096 5022 vero
3135 4966 3208 5022 ad
3246 4965 3559 5035 dexteram,
3602 4966 3703 5020 aut
3739 4964 3825 5022 ad

2175 5063 2462 5118 sinistram
2486 5079 2517 5118 e
2543 5061 2776 5134 regione
2802 5059 3142 5132 imaginum.

2245 5161 2336 5213 2t.
2369 5157 2438 5212 Ut
2465 5155 2680 5212 sincere
2717 5172 2781 5210 ac
2820 5155 3070 5227 ingenue
3110 5151 3376 5226 proﬁtear
3419 5151 3572 5224 quod
3609 5152 3824 5223 sentio,

2175 5250 2637 5325 praemittendum
2663 5253 2749 5305 est
2773 5251 3102 5320 imaginario
3135 5248 3321 5303 ordine
3354 5247 3462 5302 hoc
3501 5247 3564 5301 in
3597 5262 3826 5303 canone

2177 5345 2323 5402 nihil
2347 5344 2500 5400 aliud
2525 5343 2853 5414 signiﬁcari,
2875 5359 3050 5415 quam
3069 5341 3332 5397 ordinem
3351 5357 3451 5396 seu
3469 5341 3658 5395 locum
3675 5339 3831 5396 ima-

2179 5439 2400 5510 ginum.
2425 5439 2547 5504 Quo
2575 5453 2744 5493 sensu
2769 5439 3105 5507 imaginaria
3117 5437 3338 5507 pictura
3357 5433 3564 5490 dicitur
3580 5433 3652 5490 ab
3671 5436 3830 5489 Ana-

2177 5531 2345 5587 stasio
2371 5533 2430 5587 in
2457 5531 2714 5588 versione
2742 5531 2976 5588 secundi
3003 5529 3229 5587 concilii
3252 5528 3484 5598 Nicaani,
3515 5533 3574 5584 et
3590 5527 3650 5582 in
3667 5526 3824 5586 libro

2177 5625 2364 5698 primo
2394 5626 2548 5683 Beati
2573 5626 2790 5684 abbatis
2816 5626 3085 5683 adversus
3103 5623 3444 5697 Elipandum
3463 5623 3819 5694 imaginarie,

2177 5717 2238 5775 id
2249 5724 2332 5777 est
2343 5721 2653 5778 secundum
2663 5720 2994 5794 imaginem,
3013 5723 3070 5777 et
3081 5718 3194 5776 alia
3211 5717 3274 5776 id
3287 5733 3468 5791 genus
3479 5732 3598 5774 non
3607 5731 3816 5790 pauca.

2181 5812 2392 5872 Deinde
2430 5816 2622 5874 titulus
2659 5817 2830 5872 crucis
2871 5815 3024 5872 idem
3063 5819 3148 5872 est
3185 5830 3247 5870 ac
3275 5830 3414 5870 crux
3453 5812 3594 5888 ipsa,
3641 5827 3821 5888 super
