  <div class='ocr_page' id='page_1' title='image "/cluster/home/n/w/nwhite01/storage/ocr_20150623/72/hvd.32044054758768/088.png"; bbox 0 0 4042 6184; ppageno 0'>
   <div class='ocr_carea' id='block_1_1' title="bbox 207 311 320 365">
    <p class='ocr_par' dir='ltr' id='par_1_1' title="bbox 207 311 320 365">
     <span class='ocr_line' id='line_1_1' title="bbox 207 311 320 365; baseline 0.009 -1"><span class='ocrx_word' id='word_1_1' title='bbox 207 311 320 365; x_wconf 75' lang='grc'><strong>165</strong></span> 
     </span>
    </p>
   </div>
   <div class='ocr_carea' id='block_1_2' title="bbox 1201 311 2582 392">
    <p class='ocr_par' dir='ltr' id='par_1_2' title="bbox 1201 311 2582 392">
     <span class='ocr_line' id='line_1_2' title="bbox 1201 311 2582 392; baseline 0.004 -25"><span class='ocrx_word' id='word_1_2' title='bbox 1201 311 1286 381; x_wconf 84' lang='lat' dir='ltr'><strong>DE</strong></span> <span class='ocrx_word' id='word_1_3' title='bbox 1325 311 1633 369; x_wconf 80' lang='lat' dir='ltr'><strong>LITURGIA</strong></span> <span class='ocrx_word' id='word_1_4' title='bbox 1670 314 2041 371; x_wconf 77' lang='lat' dir='ltr'><strong>GALLICANA</strong></span> <span class='ocrx_word' id='word_1_5' title='bbox 2081 316 2278 372; x_wconf 82' lang='lat' dir='ltr'><strong>LIBER</strong></span> <span class='ocrx_word' id='word_1_6' title='bbox 2315 317 2582 392; x_wconf 77' lang='lat' dir='ltr'><strong>PRIMUS.</strong></span> 
     </span>
    </p>
   </div>
   <div class='ocr_carea' id='block_1_3' title="bbox 3485 319 3582 378">
    <p class='ocr_par' dir='ltr' id='par_1_3' title="bbox 3485 319 3582 378">
     <span class='ocr_line' id='line_1_3' title="bbox 3485 319 3582 378; baseline -0.021 0"><span class='ocrx_word' id='word_1_7' title='bbox 3485 319 3582 378; x_wconf 70' lang='lat' dir='ltr'><strong>les</strong></span> 
     </span>
    </p>
   </div>
   <div class='ocr_carea' id='block_1_4' title="bbox 199 426 3582 516">
    <p class='ocr_par' dir='ltr' id='par_1_4' title="bbox 199 426 3582 516">
     <span class='ocr_line' id='line_1_4' title="bbox 199 426 3582 516; baseline 0.003 -41"><span class='ocrx_word' id='word_1_8' title='bbox 199 440 385 494; x_wconf 62' lang='lat' dir='ltr'><strong>alme</strong></span> <span class='ocrx_word' id='word_1_9' title='bbox 410 438 514 509; x_wconf 60' lang='lat' dir='ltr'><strong>(uti</strong></span> <span class='ocrx_word' id='word_1_10' title='bbox 541 438 799 511; x_wconf 67' lang='lat' dir='ltr'><strong>superius</strong></span> <span class='ocrx_word' id='word_1_11' title='bbox 826 439 1090 512; x_wconf 64' lang='lat' dir='ltr'><strong>vidimus)</strong></span> <span class='ocrx_word' id='word_1_12' title='bbox 1137 441 1277 496; x_wconf 68' lang='lat' dir='ltr'><strong>olim</strong></span> <span class='ocrx_word' id='word_1_13' title='bbox 1323 443 1468 516; x_wconf 64' lang='lat' dir='ltr'><strong>erigi</strong></span> <span class='ocrx_word' id='word_1_14' title='bbox 1505 443 1686 502; x_wconf 52' lang='lat' dir='ltr'><strong>solita.</strong></span> <span class='ocrx_word' id='word_1_15' title='bbox 1726 445 1842 500; x_wconf 72' lang='lat' dir='ltr'><strong>Hoc</strong></span> <span class='ocrx_word' id='word_1_16' title='bbox 1864 435 1922 508; x_wconf 81' lang='grc' dir='ltr'><strong>Α</strong></span> <span class='ocrx_word' id='word_1_17' title='bbox 1941 428 2172 480; x_wconf 89' lang='lat' dir='ltr'><strong>tunatus</strong></span> <span class='ocrx_word' id='word_1_18' title='bbox 2202 427 2262 480; x_wconf 91' lang='lat' dir='ltr'><strong>in</strong></span> <span class='ocrx_word' id='word_1_19' title='bbox 2282 426 2384 482; x_wconf 92' lang='lat' dir='ltr'><strong>lib.</strong></span> <span class='ocrx_word' id='word_1_20' title='bbox 2417 443 2478 482; x_wconf 92' lang='grc' dir='ltr'><strong>ιιι</strong></span> <span class='ocrx_word' id='word_1_21' title='bbox 2503 427 2754 482; x_wconf 84' lang='lat' dir='ltr'><strong>carmine</strong></span> <span class='ocrx_word' id='word_1_22' title='bbox 2786 431 2851 483; x_wconf 79' lang='lat'><strong>25</strong></span> <span class='ocrx_word' id='word_1_23' title='bbox 2881 430 2952 486; x_wconf 91' lang='lat' dir='ltr'><strong>ad</strong></span> <span class='ocrx_word' id='word_1_24' title='bbox 2978 429 3230 486; x_wconf 86' lang='lat' dir='ltr'><strong>Felicem</strong></span> <span class='ocrx_word' id='word_1_25' title='bbox 3259 426 3582 502; x_wconf 88' lang='lat' dir='ltr'><strong>Biturigen-</strong></span> 
     </span>
    </p>
   </div>
   <div class='ocr_carea' id='block_1_5' title="bbox 203 539 1840 613">
    <p class='ocr_par' dir='ltr' id='par_1_5' title="bbox 203 539 1840 613">
     <span class='ocr_line' id='line_1_5' title="bbox 203 539 1840 613; baseline 0.005 -22"><span class='ocrx_word' id='word_1_26' title='bbox 203 555 381 593; x_wconf 87' lang='lat' dir='ltr'><strong>sensu</strong></span> <span class='ocrx_word' id='word_1_27' title='bbox 424 539 742 593; x_wconf 87' lang='lat' dir='ltr'><strong>monachus</strong></span> <span class='ocrx_word' id='word_1_28' title='bbox 783 539 1076 594; x_wconf 87' lang='lat' dir='ltr'><strong>Dervensis</strong></span> <span class='ocrx_word' id='word_1_29' title='bbox 1109 557 1428 613; x_wconf 80' lang='lat' dir='ltr'><strong>anonymus</strong></span> <span class='ocrx_word' id='word_1_30' title='bbox 1474 543 1536 598; x_wconf 91' lang='lat' dir='ltr'><strong>in</strong></span> <span class='ocrx_word' id='word_1_31' title='bbox 1577 543 1722 599; x_wconf 89' lang='lat' dir='ltr'><strong>libro</strong></span> <span class='ocrx_word' id='word_1_32' title='bbox 1771 544 1840 600; x_wconf 92' lang='lat' dir='ltr'><strong>de</strong></span> 
     </span>
    </p>
   </div>
   <div class='ocr_carea' id='block_1_6' title="bbox 199 636 1839 711">
    <p class='ocr_par' dir='ltr' id='par_1_6' title="bbox 199 636 1839 711">
     <span class='ocr_line' id='line_1_6' title="bbox 199 636 1839 711; baseline 0.005 -22"><span class='ocrx_word' id='word_1_33' title='bbox 199 636 490 690; x_wconf 76' lang='lat' dir='ltr'><strong>Miraculis</strong></span> <span class='ocrx_word' id='word_1_34' title='bbox 515 637 694 691; x_wconf 80' lang='lat' dir='ltr'><strong>sancti</strong></span> <span class='ocrx_word' id='word_1_35' title='bbox 721 637 1004 692; x_wconf 89' lang='lat' dir='ltr'><strong>Bercharii</strong></span> <span class='ocrx_word' id='word_1_36' title='bbox 1030 638 1266 708; x_wconf 76' lang='lat' dir='ltr'><strong>abbatis,</strong></span> <span class='ocrx_word' id='word_1_37' title='bbox 1293 656 1470 711; x_wconf 83' lang='lat' dir='ltr'><strong>agens</strong></span> <span class='ocrx_word' id='word_1_38' title='bbox 1497 641 1566 696; x_wconf 92' lang='lat' dir='ltr'><strong>de</strong></span> <span class='ocrx_word' id='word_1_39' title='bbox 1584 646 1839 697; x_wconf 78' lang='lat' dir='ltr'><strong>extremo</strong></span> 
     </span>
    </p>
   </div>
   <div class='ocr_carea' id='block_1_7' title="bbox 198 735 1838 806">
    <p class='ocr_par' dir='ltr' id='par_1_7' title="bbox 198 735 1838 806">
     <span class='ocr_line' id='line_1_7' title="bbox 198 735 1838 806; baseline 0.003 -17"><span class='ocrx_word' id='word_1_40' title='bbox 198 735 468 806; x_wconf 87' lang='lat' dir='ltr'><strong>Hugonis</strong></span> <span class='ocrx_word' id='word_1_41' title='bbox 493 735 581 806; x_wconf 91' lang='lat' dir='ltr'><strong>cuj</strong></span> <span class='ocrx_word' id='word_1_42' title='bbox 591 735 787 790; x_wconf 91' lang='lat' dir='ltr'><strong>usdam</strong></span> <span class='ocrx_word' id='word_1_43' title='bbox 805 735 1036 790; x_wconf 85' lang='lat' dir='ltr'><strong>artiﬁcis</strong></span> <span class='ocrx_word' id='word_1_44' title='bbox 1050 736 1251 792; x_wconf 89' lang='lat' dir='ltr'><strong>morbo</strong></span> <span class='ocrx_word' id='word_1_45' title='bbox 1280 754 1294 791; x_wconf 91' lang='lat'><strong>:</strong></span> <span class='ocrx_word' id='word_1_46' title='bbox 1327 761 1354 787; x_wconf 89' lang='lat'>«</span> <span class='ocrx_word' id='word_1_47' title='bbox 1380 739 1439 792; x_wconf 90' lang='lat' dir='ltr'><strong>In</strong></span> <span class='ocrx_word' id='word_1_48' title='bbox 1455 738 1620 793; x_wconf 81' lang='lat' dir='ltr'><strong>titulo</strong></span> <span class='ocrx_word' id='word_1_49' title='bbox 1639 740 1838 806; x_wconf 88' lang='lat' dir='ltr'><strong>crucis,</strong></span> 
     </span>
    </p>
   </div>
   <div class='ocr_carea' id='block_1_8' title="bbox 195 829 1842 902">
    <p class='ocr_par' dir='ltr' id='par_1_8' title="bbox 195 829 1842 902">
     <span class='ocr_line' id='line_1_8' title="bbox 195 829 1842 902; baseline 0.003 -20"><span class='ocrx_word' id='word_1_50' title='bbox 195 829 298 897; x_wconf 88' lang='lat' dir='ltr'><strong>ait,</strong></span> <span class='ocrx_word' id='word_1_51' title='bbox 332 829 436 901; x_wconf 86' lang='lat' dir='ltr'><strong>qui</strong></span> <span class='ocrx_word' id='word_1_52' title='bbox 463 829 647 884; x_wconf 89' lang='lat' dir='ltr'><strong>stabat</strong></span> <span class='ocrx_word' id='word_1_53' title='bbox 672 830 742 885; x_wconf 91' lang='lat' dir='ltr'><strong>ad</strong></span> <span class='ocrx_word' id='word_1_54' title='bbox 767 831 941 901; x_wconf 87' lang='lat' dir='ltr'><strong>pedes</strong></span> <span class='ocrx_word' id='word_1_55' title='bbox 963 829 1190 886; x_wconf 85' lang='lat' dir='ltr'><strong>artiﬁcis</strong></span> <span class='ocrx_word' id='word_1_56' title='bbox 1219 831 1626 902; x_wconf 86' lang='lat' dir='ltr'><strong>decumbentis,</strong></span> <span class='ocrx_word' id='word_1_57' title='bbox 1658 833 1842 888; x_wconf 92' lang='lat' dir='ltr'><strong>subito</strong></span> 
     </span>
    </p>
   </div>
   <div class='ocr_carea' id='block_1_9' title="bbox 195 922 1838 995">
    <p class='ocr_par' dir='ltr' id='par_1_9' title="bbox 195 922 1838 995">
     <span class='ocr_line' id='line_1_9' title="bbox 195 922 1838 995; baseline 0.004 -21"><span class='ocrx_word' id='word_1_58' title='bbox 195 922 358 976; x_wconf 78' lang='lat' dir='ltr'><strong>visus</strong></span> <span class='ocrx_word' id='word_1_59' title='bbox 378 928 466 978; x_wconf 89' lang='lat' dir='ltr'><strong>est</strong></span> <span class='ocrx_word' id='word_1_60' title='bbox 482 923 805 978; x_wconf 91' lang='lat' dir='ltr'><strong>illucescere</strong></span> <span class='ocrx_word' id='word_1_61' title='bbox 821 924 1020 995; x_wconf 79' lang='lat' dir='ltr'><strong>globus</strong></span> <span class='ocrx_word' id='word_1_62' title='bbox 1046 924 1347 995; x_wconf 63' lang='lat' dir='ltr'><strong>aethereus,</strong></span> <span class='ocrx_word' id='word_1_63' title='bbox 1369 947 1396 974; x_wconf 87' lang='lat'>»</span> <span class='ocrx_word' id='word_1_64' title='bbox 1418 925 1477 980; x_wconf 93' lang='lat' dir='ltr'><strong>in</strong></span> <span class='ocrx_word' id='word_1_65' title='bbox 1507 927 1711 981; x_wconf 70' lang='lat' dir='ltr'><strong>szeculo</strong></span> <span class='ocrx_word' id='word_1_66' title='bbox 1734 943 1838 981; x_wconf 92' lang='lat' dir='ltr'><strong>no-</strong></span> 
     </span>
    </p>
   </div>
   <div class='ocr_carea' id='block_1_10' title="bbox 193 1016 1841 1088">
    <p class='ocr_par' dir='ltr' id='par_1_10' title="bbox 193 1016 1841 1088">
     <span class='ocr_line' id='line_1_10' title="bbox 193 1016 1841 1088; baseline 0.002 -18"><span class='ocrx_word' id='word_1_67' title='bbox 193 1020 314 1070; x_wconf 89' lang='lat' dir='ltr'><strong>stro</strong></span> <span class='ocrx_word' id='word_1_68' title='bbox 337 1032 554 1088; x_wconf 83' lang='lat' dir='ltr'><strong>1I,pag.</strong></span> <span class='ocrx_word' id='word_1_69' title='bbox 583 1016 816 1086; x_wconf 73' lang='lat' dir='ltr'><strong>856,ubi</strong></span> <span class='ocrx_word' id='word_1_70' title='bbox 849 1019 1040 1072; x_wconf 78' lang='lat' dir='ltr'><strong>titulus</strong></span> <span class='ocrx_word' id='word_1_71' title='bbox 1067 1020 1239 1074; x_wconf 80' lang='lat' dir='ltr'><strong>crucis</strong></span> <span class='ocrx_word' id='word_1_72' title='bbox 1269 1017 1498 1072; x_wconf 90' lang='lat' dir='ltr'><strong>indubie</strong></span> <span class='ocrx_word' id='word_1_73' title='bbox 1524 1019 1666 1073; x_wconf 87' lang='lat' dir='ltr'><strong>nihil</strong></span> <span class='ocrx_word' id='word_1_74' title='bbox 1691 1019 1841 1074; x_wconf 86' lang='lat' dir='ltr'><strong>aliud</strong></span> 
     </span>
    </p>
   </div>
   <div class='ocr_carea' id='block_1_11' title="bbox 193 1109 1842 1183">
    <p class='ocr_par' dir='ltr' id='par_1_11' title="bbox 193 1109 1842 1183">
     <span class='ocr_line' id='line_1_11' title="bbox 193 1109 1842 1183; baseline 0.004 -21"><span class='ocrx_word' id='word_1_75' title='bbox 193 1109 494 1180; x_wconf 83' lang='lat' dir='ltr'><strong>signiﬁcat</strong></span> <span class='ocrx_word' id='word_1_76' title='bbox 519 1127 690 1182; x_wconf 89' lang='lat' dir='ltr'><strong>quam</strong></span> <span class='ocrx_word' id='word_1_77' title='bbox 717 1126 945 1166; x_wconf 90' lang='lat' dir='ltr'><strong>crucem</strong></span> <span class='ocrx_word' id='word_1_78' title='bbox 955 1111 1157 1182; x_wconf 88' lang='lat' dir='ltr'><strong>ipsam,</strong></span> <span class='ocrx_word' id='word_1_79' title='bbox 1177 1128 1305 1183; x_wconf 68' lang='lat' dir='ltr'><strong>quae</strong></span> <span class='ocrx_word' id='word_1_80' title='bbox 1319 1111 1388 1166; x_wconf 90' lang='lat' dir='ltr'><strong>ad</strong></span> <span class='ocrx_word' id='word_1_81' title='bbox 1404 1111 1576 1183; x_wconf 85' lang='lat' dir='ltr'><strong>pedes</strong></span> <span class='ocrx_word' id='word_1_82' title='bbox 1589 1112 1842 1168; x_wconf 84' lang='lat' dir='ltr'><strong>ﬁdelium</strong></span> 
     </span>
    </p>
   </div>
   <div class='ocr_carea' id='block_1_12' title="bbox 193 1202 1840 1278">
    <p class='ocr_par' dir='ltr' id='par_1_12' title="bbox 193 1202 1840 1278">
     <span class='ocr_line' id='line_1_12' title="bbox 193 1202 1840 1278; baseline 0.004 -22"><span class='ocrx_word' id='word_1_83' title='bbox 193 1202 254 1257; x_wconf 91' lang='lat' dir='ltr'><strong>in</strong></span> <span class='ocrx_word' id='word_1_84' title='bbox 283 1203 567 1259; x_wconf 76' lang='lat' dir='ltr'><strong>extremis</strong></span> <span class='ocrx_word' id='word_1_85' title='bbox 591 1203 884 1276; x_wconf 83' lang='lat' dir='ltr'><strong>agentium</strong></span> <span class='ocrx_word' id='word_1_86' title='bbox 913 1205 1124 1276; x_wconf 91' lang='lat' dir='ltr'><strong>apponi</strong></span> <span class='ocrx_word' id='word_1_87' title='bbox 1137 1205 1560 1276; x_wconf 89' lang='lat' dir='ltr'><strong>solet.Denique</strong></span> <span class='ocrx_word' id='word_1_88' title='bbox 1575 1223 1643 1260; x_wconf 84' lang='lat' dir='ltr'><strong>ex</strong></span> <span class='ocrx_word' id='word_1_89' title='bbox 1672 1223 1840 1278; x_wconf 89' lang='lat' dir='ltr'><strong>supe-</strong></span> 
     </span>
    </p>
   </div>
   <div class='ocr_carea' id='block_1_13' title="bbox 190 1295 1843 1370">
    <p class='ocr_par' dir='ltr' id='par_1_13' title="bbox 190 1295 1843 1370">
     <span class='ocr_line' id='line_1_13' title="bbox 190 1295 1843 1370; baseline 0.003 -19"><span class='ocrx_word' id='word_1_90' title='bbox 190 1295 456 1352; x_wconf 88' lang='lat' dir='ltr'><strong>rioribus</strong></span> <span class='ocrx_word' id='word_1_91' title='bbox 480 1298 542 1352; x_wconf 92' lang='lat' dir='ltr'><strong>in</strong></span> <span class='ocrx_word' id='word_1_92' title='bbox 569 1297 902 1354; x_wconf 87' lang='lat' dir='ltr'><strong>memoriam</strong></span> <span class='ocrx_word' id='word_1_93' title='bbox 915 1298 1294 1354; x_wconf 89' lang='lat' dir='ltr'><strong>revocandum</strong></span> <span class='ocrx_word' id='word_1_94' title='bbox 1313 1302 1416 1370; x_wconf 87' lang='lat' dir='ltr'><strong>est,</strong></span> <span class='ocrx_word' id='word_1_95' title='bbox 1434 1298 1714 1370; x_wconf 83' lang='lat' dir='ltr'><strong>imagines</strong></span> <span class='ocrx_word' id='word_1_96' title='bbox 1739 1299 1843 1356; x_wconf 86' lang='lat' dir='ltr'><strong>sub</strong></span> 
     </span>
    </p>
   </div>
   <div class='ocr_carea' id='block_1_14' title="bbox 191 1391 1843 1465">
    <p class='ocr_par' dir='ltr' id='par_1_14' title="bbox 191 1391 1843 1465">
     <span class='ocr_line' id='line_1_14' title="bbox 191 1391 1843 1465; baseline 0.002 -21"><span class='ocrx_word' id='word_1_97' title='bbox 191 1391 386 1462; x_wconf 84' lang='lat' dir='ltr'><strong>prima</strong></span> <span class='ocrx_word' id='word_1_98' title='bbox 422 1392 596 1463; x_wconf 78' lang='lat' dir='ltr'><strong>stirpe</strong></span> <span class='ocrx_word' id='word_1_99' title='bbox 614 1408 820 1463; x_wconf 87' lang='lat' dir='ltr'><strong>regum</strong></span> <span class='ocrx_word' id='word_1_100' title='bbox 844 1396 1172 1447; x_wconf 88' lang='lat' dir='ltr'><strong>nostrorum</strong></span> <span class='ocrx_word' id='word_1_101' title='bbox 1195 1391 1289 1446; x_wconf 80' lang='lat' dir='ltr'><strong>vix</strong></span> <span class='ocrx_word' id='word_1_102' title='bbox 1315 1409 1380 1446; x_wconf 91' lang='lat' dir='ltr'><strong>ac</strong></span> <span class='ocrx_word' id='word_1_103' title='bbox 1393 1409 1464 1446; x_wconf 91' lang='lat' dir='ltr'><strong>ne</strong></span> <span class='ocrx_word' id='word_1_104' title='bbox 1492 1394 1586 1448; x_wconf 84' lang='lat' dir='ltr'><strong>vix</strong></span> <span class='ocrx_word' id='word_1_105' title='bbox 1612 1393 1843 1465; x_wconf 91' lang='lat' dir='ltr'><strong>quidem</strong></span> 
     </span>
    </p>
   </div>
   <div class='ocr_carea' id='block_1_15' title="bbox 189 1485 1843 1558">
    <p class='ocr_par' dir='ltr' id='par_1_15' title="bbox 189 1485 1843 1558">
     <span class='ocr_line' id='line_1_15' title="bbox 189 1485 1843 1558; baseline 0.002 -19"><span class='ocrx_word' id='word_1_106' title='bbox 189 1485 480 1540; x_wconf 81' lang='lat' dir='ltr'><strong>altaribus</strong></span> <span class='ocrx_word' id='word_1_107' title='bbox 525 1485 690 1540; x_wconf 88' lang='lat' dir='ltr'><strong>fuisse</strong></span> <span class='ocrx_word' id='word_1_108' title='bbox 733 1486 1036 1557; x_wconf 87' lang='lat' dir='ltr'><strong>appositas,</strong></span> <span class='ocrx_word' id='word_1_109' title='bbox 1068 1486 1166 1540; x_wconf 92' lang='lat' dir='ltr'><strong>sed</strong></span> <span class='ocrx_word' id='word_1_110' title='bbox 1199 1486 1508 1558; x_wconf 87' lang='lat' dir='ltr'><strong>parietibus</strong></span> <span class='ocrx_word' id='word_1_111' title='bbox 1556 1487 1843 1558; x_wconf 88' lang='lat' dir='ltr'><strong>utrimque</strong></span> 
     </span>
    </p>
   </div>
   <div class='ocr_carea' id='block_1_16' title="bbox 193 1578 1844 1650">
    <p class='ocr_par' dir='ltr' id='par_1_16' title="bbox 193 1578 1844 1650">
     <span class='ocr_line' id='line_1_16' title="bbox 193 1578 1844 1650; baseline 0.003 -19"><span class='ocrx_word' id='word_1_112' title='bbox 193 1578 372 1632; x_wconf 83' lang='lat' dir='ltr'><strong>altari</strong></span> <span class='ocrx_word' id='word_1_113' title='bbox 402 1578 853 1648; x_wconf 76' lang='lat' dir='ltr'><strong>adhzerentibus,</strong></span> <span class='ocrx_word' id='word_1_114' title='bbox 879 1579 976 1633; x_wconf 93' lang='lat' dir='ltr'><strong>ubi</strong></span> <span class='ocrx_word' id='word_1_115' title='bbox 995 1579 1166 1634; x_wconf 87' lang='lat' dir='ltr'><strong>etiam</strong></span> <span class='ocrx_word' id='word_1_116' title='bbox 1191 1597 1323 1634; x_wconf 88' lang='lat' dir='ltr'><strong>vasa</strong></span> <span class='ocrx_word' id='word_1_117' title='bbox 1349 1597 1527 1650; x_wconf 89' lang='lat' dir='ltr'><strong>sacra,</strong></span> <span class='ocrx_word' id='word_1_118' title='bbox 1545 1585 1601 1635; x_wconf 93' lang='lat' dir='ltr'><strong>et</strong></span> <span class='ocrx_word' id='word_1_119' title='bbox 1626 1580 1755 1635; x_wconf 87' lang='lat' dir='ltr'><strong>libri</strong></span> <span class='ocrx_word' id='word_1_120' title='bbox 1771 1581 1844 1636; x_wconf 89' lang='lat' dir='ltr'><strong>ad</strong></span> 
     </span>
    </p>
   </div>
   <div class='ocr_carea' id='block_1_17' title="bbox 193 1671 1844 1730">
    <p class='ocr_par' dir='ltr' id='par_1_17' title="bbox 193 1671 1844 1730">
     <span class='ocr_line' id='line_1_17' title="bbox 193 1671 1844 1730; baseline 0.002 -5"><span class='ocrx_word' id='word_1_121' title='bbox 193 1671 446 1726; x_wconf 87' lang='lat' dir='ltr'><strong>missam</strong></span> <span class='ocrx_word' id='word_1_122' title='bbox 477 1673 780 1728; x_wconf 87' lang='lat' dir='ltr'><strong>necessarii</strong></span> <span class='ocrx_word' id='word_1_123' title='bbox 821 1673 883 1727; x_wconf 92' lang='lat' dir='ltr'><strong>in</strong></span> <span class='ocrx_word' id='word_1_124' title='bbox 920 1673 1238 1729; x_wconf 88' lang='lat' dir='ltr'><strong>secretariis</strong></span> <span class='ocrx_word' id='word_1_125' title='bbox 1268 1674 1717 1730; x_wconf 89' lang='lat' dir='ltr'><strong>asservabantur.</strong></span> <span class='ocrx_word' id='word_1_126' title='bbox 1749 1673 1844 1729; x_wconf 77' lang='lat' dir='ltr'><strong>[lis</strong></span> 
     </span>
    </p>
   </div>
   <div class='ocr_carea' id='block_1_18' title="bbox 193 1765 1916 1874">
    <p class='ocr_par' dir='ltr' id='par_1_18' title="bbox 193 1765 1916 1874">
     <span class='ocr_line' id='line_1_18' title="bbox 193 1765 1916 1874; baseline 0.002 -54"><span class='ocrx_word' id='word_1_127' title='bbox 193 1765 542 1836; x_wconf 77' lang='lat' dir='ltr'><strong>observatis,</strong></span> <span class='ocrx_word' id='word_1_128' title='bbox 564 1765 927 1838; x_wconf 88' lang='lat' dir='ltr'><strong>planissimus</strong></span> <span class='ocrx_word' id='word_1_129' title='bbox 953 1771 1040 1822; x_wconf 89' lang='lat' dir='ltr'><strong>est</strong></span> <span class='ocrx_word' id='word_1_130' title='bbox 1063 1767 1340 1838; x_wconf 66' lang='lat' dir='ltr'><strong>praemissi</strong></span> <span class='ocrx_word' id='word_1_131' title='bbox 1364 1767 1592 1823; x_wconf 89' lang='lat' dir='ltr'><strong>canonis</strong></span> <span class='ocrx_word' id='word_1_132' title='bbox 1621 1785 1836 1838; x_wconf 84' lang='lat' dir='ltr'><strong>sensus,</strong></span> <span class='ocrx_word' id='word_1_133' title='bbox 1859 1803 1916 1874; x_wconf 78' lang='grc' dir='ltr'><strong>Β</strong></span> 
     </span>
    </p>
   </div>
   <div class='ocr_carea' id='block_1_19' title="bbox 193 1861 1841 1932">
    <p class='ocr_par' dir='ltr' id='par_1_19' title="bbox 193 1861 1841 1932">
     <span class='ocr_line' id='line_1_19' title="bbox 193 1861 1841 1932; baseline 0.002 -18"><span class='ocrx_word' id='word_1_134' title='bbox 193 1876 417 1932; x_wconf 86' lang='lat' dir='ltr'><strong>nempe</strong></span> <span class='ocrx_word' id='word_1_135' title='bbox 435 1864 499 1915; x_wconf 89' lang='lat' dir='ltr'><strong>ut</strong></span> <span class='ocrx_word' id='word_1_136' title='bbox 521 1877 725 1932; x_wconf 87' lang='lat' dir='ltr'><strong>corpus</strong></span> <span class='ocrx_word' id='word_1_137' title='bbox 751 1861 973 1915; x_wconf 89' lang='lat' dir='ltr'><strong>Domini</strong></span> <span class='ocrx_word' id='word_1_138' title='bbox 997 1861 1188 1916; x_wconf 89' lang='lat' dir='ltr'><strong>nonin</strong></span> <span class='ocrx_word' id='word_1_139' title='bbox 1214 1862 1668 1917; x_wconf 81' lang='lat' dir='ltr'><strong>secretariiscum</strong></span> <span class='ocrx_word' id='word_1_140' title='bbox 1697 1863 1841 1917; x_wconf 80' lang='lat' dir='ltr'><strong>vasis</strong></span> 
     </span>
    </p>
   </div>
   <div class='ocr_carea' id='block_1_20' title="bbox 195 1953 1840 2027">
    <p class='ocr_par' dir='ltr' id='par_1_20' title="bbox 195 1953 1840 2027">
     <span class='ocr_line' id='line_1_20' title="bbox 195 1953 1840 2027; baseline 0.002 -19"><span class='ocrx_word' id='word_1_141' title='bbox 195 1959 296 2008; x_wconf 85' lang='lat' dir='ltr'><strong>aut</strong></span> <span class='ocrx_word' id='word_1_142' title='bbox 319 1953 493 2011; x_wconf 85' lang='lat' dir='ltr'><strong>libris</strong></span> <span class='ocrx_word' id='word_1_143' title='bbox 509 1955 702 2024; x_wconf 88' lang='lat' dir='ltr'><strong>sacris,</strong></span> <span class='ocrx_word' id='word_1_144' title='bbox 716 1955 969 2026; x_wconf 84' lang='lat' dir='ltr'><strong>adeoque</strong></span> <span class='ocrx_word' id='word_1_145' title='bbox 991 1971 1108 2010; x_wconf 91' lang='lat' dir='ltr'><strong>non</strong></span> <span class='ocrx_word' id='word_1_146' title='bbox 1124 1955 1274 2010; x_wconf 90' lang='lat' dir='ltr'><strong>inter</strong></span> <span class='ocrx_word' id='word_1_147' title='bbox 1293 1956 1591 2027; x_wconf 83' lang='lat' dir='ltr'><strong>imagines,</strong></span> <span class='ocrx_word' id='word_1_148' title='bbox 1615 1957 1708 2012; x_wconf 90' lang='lat' dir='ltr'><strong>sed</strong></span> <span class='ocrx_word' id='word_1_149' title='bbox 1737 1958 1840 2012; x_wconf 92' lang='lat' dir='ltr'><strong>sub</strong></span> 
     </span>
    </p>
   </div>
   <div class='ocr_carea' id='block_1_21' title="bbox 195 2047 1838 2122">
    <p class='ocr_par' dir='ltr' id='par_1_21' title="bbox 195 2047 1838 2122">
     <span class='ocr_line' id='line_1_21' title="bbox 195 2047 1838 2122; baseline 0.003 -21"><span class='ocrx_word' id='word_1_150' title='bbox 195 2063 368 2102; x_wconf 87' lang='lat' dir='ltr'><strong>cruce</strong></span> <span class='ocrx_word' id='word_1_151' title='bbox 397 2048 522 2119; x_wconf 89' lang='lat' dir='ltr'><strong>ipsa</strong></span> <span class='ocrx_word' id='word_1_152' title='bbox 549 2053 943 2122; x_wconf 88' lang='lat' dir='ltr'><strong>componatur,</strong></span> <span class='ocrx_word' id='word_1_153' title='bbox 973 2047 1051 2103; x_wconf 89' lang='lat' dir='ltr'><strong>ita</strong></span> <span class='ocrx_word' id='word_1_154' title='bbox 1079 2053 1144 2104; x_wconf 90' lang='lat' dir='ltr'><strong>ut</strong></span> <span class='ocrx_word' id='word_1_155' title='bbox 1167 2065 1197 2104; x_wconf 91' lang='lat' dir='ltr'><strong>e</strong></span> <span class='ocrx_word' id='word_1_156' title='bbox 1223 2066 1409 2120; x_wconf 89' lang='lat' dir='ltr'><strong>cruce,</strong></span> <span class='ocrx_word' id='word_1_157' title='bbox 1439 2067 1566 2121; x_wconf 64' lang='lat' dir='ltr'><strong>qua:</strong></span> <span class='ocrx_word' id='word_1_158' title='bbox 1593 2050 1654 2105; x_wconf 92' lang='lat' dir='ltr'><strong>in</strong></span> <span class='ocrx_word' id='word_1_159' title='bbox 1683 2067 1838 2106; x_wconf 91' lang='lat' dir='ltr'><strong>sum-</strong></span> 
     </span>
    </p>
   </div>
   <div class='ocr_carea' id='block_1_22' title="bbox 193 2142 1836 2215">
    <p class='ocr_par' dir='ltr' id='par_1_22' title="bbox 193 2142 1836 2215">
     <span class='ocr_line' id='line_1_22' title="bbox 193 2142 1836 2215; baseline 0.002 -19"><span class='ocrx_word' id='word_1_160' title='bbox 193 2159 290 2197; x_wconf 89' lang='lat' dir='ltr'><strong>mo</strong></span> <span class='ocrx_word' id='word_1_161' title='bbox 318 2142 566 2212; x_wconf 90' lang='lat' dir='ltr'><strong>ciborio,</strong></span> <span class='ocrx_word' id='word_1_162' title='bbox 603 2143 684 2198; x_wconf 91' lang='lat' dir='ltr'><strong>ita</strong></span> <span class='ocrx_word' id='word_1_163' title='bbox 713 2147 775 2198; x_wconf 91' lang='lat' dir='ltr'><strong>ut</strong></span> <span class='ocrx_word' id='word_1_164' title='bbox 799 2143 1186 2215; x_wconf 80' lang='lat' dir='ltr'><strong>exposuimus,</strong></span> <span class='ocrx_word' id='word_1_165' title='bbox 1215 2143 1521 2212; x_wconf 85' lang='lat' dir='ltr'><strong>eminebat,</strong></span> <span class='ocrx_word' id='word_1_166' title='bbox 1545 2145 1836 2214; x_wconf 86' lang='lat' dir='ltr'><strong>penderet.</strong></span> 
     </span>
    </p>
   </div>
   <div class='ocr_carea' id='block_1_23' title="bbox 263 2236 1840 2307">
    <p class='ocr_par' dir='ltr' id='par_1_23' title="bbox 263 2236 1840 2307">
     <span class='ocr_line' id='line_1_23' title="bbox 263 2236 1840 2307; baseline 0.002 -17"><span class='ocrx_word' id='word_1_167' title='bbox 263 2239 362 2291; x_wconf 83' lang='lat'><strong>22.</strong></span> <span class='ocrx_word' id='word_1_168' title='bbox 395 2236 522 2290; x_wconf 73' lang='lat' dir='ltr'><strong>Non</strong></span> <span class='ocrx_word' id='word_1_169' title='bbox 549 2236 826 2292; x_wconf 89' lang='lat' dir='ltr'><strong>immoror</strong></span> <span class='ocrx_word' id='word_1_170' title='bbox 856 2237 1168 2292; x_wconf 86' lang='lat' dir='ltr'><strong>refutandis</strong></span> <span class='ocrx_word' id='word_1_171' title='bbox 1197 2237 1319 2291; x_wconf 91' lang='lat' dir='ltr'><strong>aliis</strong></span> <span class='ocrx_word' id='word_1_172' title='bbox 1347 2238 1672 2307; x_wconf 87' lang='lat' dir='ltr'><strong>sententiis;</strong></span> <span class='ocrx_word' id='word_1_173' title='bbox 1704 2255 1840 2294; x_wconf 90' lang='lat' dir='ltr'><strong>nam</strong></span> 
     </span>
    </p>
   </div>
   <div class='ocr_carea' id='block_1_24' title="bbox 195 2329 1842 2403">
    <p class='ocr_par' dir='ltr' id='par_1_24' title="bbox 195 2329 1842 2403">
     <span class='ocr_line' id='line_1_24' title="bbox 195 2329 1842 2403; baseline 0.001 -19"><span class='ocrx_word' id='word_1_174' title='bbox 195 2329 392 2401; x_wconf 89' lang='lat' dir='ltr'><strong>prima</strong></span> <span class='ocrx_word' id='word_1_175' title='bbox 425 2330 704 2401; x_wconf 84' lang='lat' dir='ltr'><strong>imagines</strong></span> <span class='ocrx_word' id='word_1_176' title='bbox 733 2330 842 2385; x_wconf 89' lang='lat' dir='ltr'><strong>illis</strong></span> <span class='ocrx_word' id='word_1_177' title='bbox 863 2331 1219 2403; x_wconf 89' lang='lat' dir='ltr'><strong>temporibus</strong></span> <span class='ocrx_word' id='word_1_178' title='bbox 1241 2347 1412 2402; x_wconf 90' lang='lat' dir='ltr'><strong>super</strong></span> <span class='ocrx_word' id='word_1_179' title='bbox 1437 2331 1615 2386; x_wconf 87' lang='lat' dir='ltr'><strong>altare</strong></span> <span class='ocrx_word' id='word_1_180' title='bbox 1637 2333 1842 2402; x_wconf 88' lang='lat' dir='ltr'><strong>positas</strong></span> 
     </span>
    </p>
   </div>
   <div class='ocr_carea' id='block_1_25' title="bbox 197 2423 1843 2495">
    <p class='ocr_par' dir='ltr' id='par_1_25' title="bbox 197 2423 1843 2495">
     <span class='ocr_line' id='line_1_25' title="bbox 197 2423 1843 2495; baseline 0.002 -17"><span class='ocrx_word' id='word_1_181' title='bbox 197 2423 370 2479; x_wconf 85' lang='lat' dir='ltr'><strong>fuisse</strong></span> <span class='ocrx_word' id='word_1_182' title='bbox 407 2424 675 2495; x_wconf 87' lang='lat' dir='ltr'><strong>supponit</strong></span> <span class='ocrx_word' id='word_1_183' title='bbox 699 2428 894 2479; x_wconf 91' lang='lat' dir='ltr'><strong>contra</strong></span> <span class='ocrx_word' id='word_1_184' title='bbox 921 2430 1178 2480; x_wconf 78' lang='lat' dir='ltr'><strong>veterum</strong></span> <span class='ocrx_word' id='word_1_185' title='bbox 1213 2441 1452 2480; x_wconf 90' lang='lat' dir='ltr'><strong>morem.</strong></span> <span class='ocrx_word' id='word_1_186' title='bbox 1491 2425 1760 2482; x_wconf 85' lang='lat' dir='ltr'><strong>Secundae</strong></span> <span class='ocrx_word' id='word_1_187' title='bbox 1787 2431 1843 2481; x_wconf 91' lang='lat' dir='ltr'><strong>et</strong></span> 
     </span>
    </p>
   </div>
   <div class='ocr_carea' id='block_1_26' title="bbox 200 2518 1844 2589">
    <p class='ocr_par' dir='ltr' id='par_1_26' title="bbox 200 2518 1844 2589">
     <span class='ocr_line' id='line_1_26' title="bbox 200 2518 1844 2589; baseline 0.002 -17"><span class='ocrx_word' id='word_1_188' title='bbox 200 2519 387 2572; x_wconf 77' lang='lat' dir='ltr'><strong>tertiae</strong></span> <span class='ocrx_word' id='word_1_189' title='bbox 411 2522 666 2573; x_wconf 86' lang='lat' dir='ltr'><strong>auctores</strong></span> <span class='ocrx_word' id='word_1_190' title='bbox 691 2519 886 2573; x_wconf 89' lang='lat' dir='ltr'><strong>volunt</strong></span> <span class='ocrx_word' id='word_1_191' title='bbox 911 2519 1019 2573; x_wconf 92' lang='lat' dir='ltr'><strong>hoc</strong></span> <span class='ocrx_word' id='word_1_192' title='bbox 1051 2518 1110 2572; x_wconf 91' lang='lat' dir='ltr'><strong>in</strong></span> <span class='ocrx_word' id='word_1_193' title='bbox 1140 2535 1351 2574; x_wconf 86' lang='lat' dir='ltr'><strong>canone</strong></span> <span class='ocrx_word' id='word_1_194' title='bbox 1385 2535 1600 2589; x_wconf 82' lang='lat' dir='ltr'><strong>corpore</strong></span> <span class='ocrx_word' id='word_1_195' title='bbox 1632 2523 1844 2575; x_wconf 84' lang='lat' dir='ltr'><strong>Dom-iui</strong></span> 
     </span>
    </p>
   </div>
   <div class='ocr_carea' id='block_1_27' title="bbox 199 2609 1843 2685">
    <p class='ocr_par' dir='ltr' id='par_1_27' title="bbox 199 2609 1843 2685">
     <span class='ocr_line' id='line_1_27' title="bbox 199 2609 1843 2685; baseline 0.001 -19"><span class='ocrx_word' id='word_1_196' title='bbox 199 2612 349 2666; x_wconf 86' lang='lat' dir='ltr'><strong>nihil</strong></span> <span class='ocrx_word' id='word_1_197' title='bbox 393 2611 550 2666; x_wconf 88' lang='lat' dir='ltr'><strong>aliud</strong></span> <span class='ocrx_word' id='word_1_198' title='bbox 582 2609 708 2684; x_wconf 83' lang='grc'>94</span> <span class='ocrx_word' id='word_1_199' title='bbox 739 2613 1047 2684; x_wconf 84' lang='lat' dir='ltr'><strong>signiﬁcari</strong></span> <span class='ocrx_word' id='word_1_200' title='bbox 1089 2629 1262 2685; x_wconf 87' lang='lat' dir='ltr'><strong>quam</strong></span> <span class='ocrx_word' id='word_1_201' title='bbox 1305 2613 1394 2667; x_wconf 89' lang='lat' dir='ltr'><strong>vel</strong></span> <span class='ocrx_word' id='word_1_202' title='bbox 1433 2613 1843 2669; x_wconf 87' lang='lat' dir='ltr'><strong>confectionem</strong></span> 
     </span>
    </p>
   </div>
   <div class='ocr_carea' id='block_1_28' title="bbox 199 2705 1840 2778">
    <p class='ocr_par' dir='ltr' id='par_1_28' title="bbox 199 2705 1840 2778">
     <span class='ocr_line' id='line_1_28' title="bbox 199 2705 1840 2778; baseline 0.002 -19"><span class='ocrx_word' id='word_1_203' title='bbox 199 2706 370 2777; x_wconf 88' lang='lat' dir='ltr'><strong>panis</strong></span> <span class='ocrx_word' id='word_1_204' title='bbox 397 2705 776 2773; x_wconf 80' lang='lat' dir='ltr'><strong>eucharistici,</strong></span> <span class='ocrx_word' id='word_1_205' title='bbox 811 2707 911 2778; x_wconf 85' lang='lat' dir='ltr'><strong>qui</strong></span> <span class='ocrx_word' id='word_1_206' title='bbox 936 2723 1102 2762; x_wconf 85' lang='lat' dir='ltr'><strong>cruce</strong></span> <span class='ocrx_word' id='word_1_207' title='bbox 1129 2707 1443 2778; x_wconf 87' lang='lat' dir='ltr'><strong>signandus</strong></span> <span class='ocrx_word' id='word_1_208' title='bbox 1459 2707 1549 2774; x_wconf 87' lang='lat' dir='ltr'><strong>sit,</strong></span> <span class='ocrx_word' id='word_1_209' title='bbox 1583 2708 1668 2762; x_wconf 84' lang='lat' dir='ltr'><strong>vel</strong></span> <span class='ocrx_word' id='word_1_210' title='bbox 1685 2724 1840 2762; x_wconf 91' lang='lat' dir='ltr'><strong>com-</strong></span> 
     </span>
    </p>
   </div>
   <div class='ocr_carea' id='block_1_29' title="bbox 201 2799 1840 2872">
    <p class='ocr_par' dir='ltr' id='par_1_29' title="bbox 201 2799 1840 2872">
     <span class='ocr_line' id='line_1_29' title="bbox 201 2799 1840 2872; baseline 0.002 -20"><span class='ocrx_word' id='word_1_211' title='bbox 201 2799 553 2871; x_wconf 79' lang='lat' dir='ltr'><strong>positionem</strong></span> <span class='ocrx_word' id='word_1_212' title='bbox 605 2799 904 2854; x_wconf 90' lang='lat' dir='ltr'><strong>oblationis</strong></span> <span class='ocrx_word' id='word_1_213' title='bbox 957 2799 1016 2854; x_wconf 92' lang='lat' dir='ltr'><strong>in</strong></span> <span class='ocrx_word' id='word_1_214' title='bbox 1071 2800 1231 2855; x_wconf 83' lang='lat' dir='ltr'><strong>altari</strong></span> <span class='ocrx_word' id='word_1_215' title='bbox 1280 2805 1536 2872; x_wconf 91' lang='lat' dir='ltr'><strong>tempore</strong></span> <span class='ocrx_word' id='word_1_216' title='bbox 1565 2801 1840 2870; x_wconf 81' lang='lat' dir='ltr'><strong>sacrificii,</strong></span> 
     </span>
    </p>
   </div>
   <div class='ocr_carea' id='block_1_30' title="bbox 205 2893 1845 2966">
    <p class='ocr_par' dir='ltr' id='par_1_30' title="bbox 205 2893 1845 2966">
     <span class='ocr_line' id='line_1_30' title="bbox 205 2893 1845 2966; baseline 0 -17"><span class='ocrx_word' id='word_1_217' title='bbox 205 2893 382 2949; x_wconf 83' lang='lat' dir='ltr'><strong>etiam</strong></span> <span class='ocrx_word' id='word_1_218' title='bbox 413 2897 542 2947; x_wconf 88' lang='lat' dir='ltr'><strong>ante</strong></span> <span class='ocrx_word' id='word_1_219' title='bbox 567 2893 1068 2948; x_wconf 86' lang='lat' dir='ltr'><strong>consecrationem.</strong></span> <span class='ocrx_word' id='word_1_220' title='bbox 1095 2893 1257 2958; x_wconf 87' lang='lat' dir='ltr'><strong>Quod</strong></span> <span class='ocrx_word' id='word_1_221' title='bbox 1282 2898 1550 2949; x_wconf 90' lang='lat' dir='ltr'><strong>neutrum</strong></span> <span class='ocrx_word' id='word_1_222' title='bbox 1576 2900 1724 2949; x_wconf 86' lang='lat' dir='ltr'><strong>stare</strong></span> <span class='ocrx_word' id='word_1_223' title='bbox 1749 2911 1845 2966; x_wconf 81' lang='lat' dir='ltr'><strong>po-</strong></span> 
     </span>
    </p>
   </div>
   <div class='ocr_carea' id='block_1_31' title="bbox 202 2986 1841 3059">
    <p class='ocr_par' dir='ltr' id='par_1_31' title="bbox 202 2986 1841 3059">
     <span class='ocr_line' id='line_1_31' title="bbox 202 2986 1841 3059; baseline 0.002 -19"><span class='ocrx_word' id='word_1_224' title='bbox 202 2990 335 3055; x_wconf 82' lang='lat' dir='ltr'><strong>test,</strong></span> <span class='ocrx_word' id='word_1_225' title='bbox 372 3002 508 3040; x_wconf 89' lang='lat' dir='ltr'><strong>cum</strong></span> <span class='ocrx_word' id='word_1_226' title='bbox 551 2987 699 3057; x_wconf 90' lang='lat' dir='ltr'><strong>apud</strong></span> <span class='ocrx_word' id='word_1_227' title='bbox 733 2986 1034 3058; x_wconf 90' lang='lat' dir='ltr'><strong>scriptores</strong></span> <span class='ocrx_word' id='word_1_228' title='bbox 1080 2987 1478 3042; x_wconf 88' lang='lat' dir='ltr'><strong>ecclesiasticos</strong></span> <span class='ocrx_word' id='word_1_229' title='bbox 1517 3004 1704 3059; x_wconf 84' lang='lat' dir='ltr'><strong>corpus</strong></span> <span class='ocrx_word' id='word_1_230' title='bbox 1736 2992 1841 3044; x_wconf 90' lang='lat' dir='ltr'><strong>Do-</strong></span> 
     </span>
    </p>
   </div>
   <div class='ocr_carea' id='block_1_32' title="bbox 204 3079 1842 3152">
    <p class='ocr_par' dir='ltr' id='par_1_32' title="bbox 204 3079 1842 3152">
     <span class='ocr_line' id='line_1_32' title="bbox 204 3079 1842 3152; baseline 0.001 -17"><span class='ocrx_word' id='word_1_231' title='bbox 204 3082 343 3136; x_wconf 80' lang='lat' dir='ltr'><strong>mini</strong></span> <span class='ocrx_word' id='word_1_232' title='bbox 371 3095 602 3152; x_wconf 88' lang='lat' dir='ltr'><strong>semper</strong></span> <span class='ocrx_word' id='word_1_233' title='bbox 629 3079 908 3151; x_wconf 78' lang='lat' dir='ltr'><strong>significet</strong></span> <span class='ocrx_word' id='word_1_234' title='bbox 935 3079 1343 3136; x_wconf 89' lang='lat' dir='ltr'><strong>Eucharistiam</strong></span> <span class='ocrx_word' id='word_1_235' title='bbox 1379 3097 1442 3136; x_wconf 91' lang='lat' dir='ltr'><strong>re</strong></span> <span class='ocrx_word' id='word_1_236' title='bbox 1471 3097 1602 3136; x_wconf 89' lang='lat' dir='ltr'><strong>vera</strong></span> <span class='ocrx_word' id='word_1_237' title='bbox 1645 3098 1842 3136; x_wconf 91' lang='lat' dir='ltr'><strong>consc-</strong></span> 
     </span>
    </p>
   </div>
   <div class='ocr_carea' id='block_1_33' title="bbox 203 3174 1840 3244">
    <p class='ocr_par' dir='ltr' id='par_1_33' title="bbox 203 3174 1840 3244">
     <span class='ocr_line' id='line_1_33' title="bbox 203 3174 1840 3244; baseline 0.001 -16"><span class='ocrx_word' id='word_1_238' title='bbox 203 3179 456 3243; x_wconf 85' lang='lat' dir='ltr'><strong>cratam,</strong></span> <span class='ocrx_word' id='word_1_239' title='bbox 488 3189 602 3227; x_wconf 90' lang='lat' dir='ltr'><strong>non</strong></span> <span class='ocrx_word' id='word_1_240' title='bbox 642 3190 771 3228; x_wconf 89' lang='lat' dir='ltr'><strong>vero</strong></span> <span class='ocrx_word' id='word_1_241' title='bbox 807 3189 1014 3244; x_wconf 88' lang='lat' dir='ltr'><strong>panem</strong></span> <span class='ocrx_word' id='word_1_242' title='bbox 1057 3174 1506 3243; x_wconf 81' lang='lat' dir='ltr'><strong>conficiendum,</strong></span> <span class='ocrx_word' id='word_1_243' title='bbox 1537 3175 1624 3230; x_wconf 86' lang='lat' dir='ltr'><strong>vel</strong></span> <span class='ocrx_word' id='word_1_244' title='bbox 1674 3175 1840 3231; x_wconf 88' lang='lat' dir='ltr'><strong>etiam</strong></span> 
     </span>
    </p>
   </div>
   <div class='ocr_carea' id='block_1_34' title="bbox 206 3267 1182 3335">
    <p class='ocr_par' dir='ltr' id='par_1_34' title="bbox 206 3267 1182 3335">
     <span class='ocr_line' id='line_1_34' title="bbox 206 3267 1182 3335; baseline 0.001 -13"><span class='ocrx_word' id='word_1_245' title='bbox 206 3267 494 3335; x_wconf 87' lang='lat' dir='ltr'><strong>oblatum,</strong></span> <span class='ocrx_word' id='word_1_246' title='bbox 523 3271 648 3322; x_wconf 87' lang='lat' dir='ltr'><strong>ante</strong></span> <span class='ocrx_word' id='word_1_247' title='bbox 675 3267 1182 3323; x_wconf 91' lang='lat' dir='ltr'><strong>consecrationem.</strong></span> 
     </span>
    </p>
   </div>
   <div class='ocr_carea' id='block_1_35' title="bbox 276 3360 1848 3424">
    <p class='ocr_par' dir='ltr' id='par_1_35' title="bbox 276 3360 1848 3424">
     <span class='ocr_line' id='line_1_35' title="bbox 276 3360 1848 3424; baseline 0.001 -8"><span class='ocrx_word' id='word_1_248' title='bbox 276 3364 379 3416; x_wconf 84' lang='lat'><strong>23.</strong></span> <span class='ocrx_word' id='word_1_249' title='bbox 411 3360 644 3424; x_wconf 86' lang='lat' dir='ltr'><strong>Quidam</strong></span> <span class='ocrx_word' id='word_1_250' title='bbox 670 3361 998 3416; x_wconf 77' lang='lat' dir='ltr'><strong>existimant</strong></span> <span class='ocrx_word' id='word_1_251' title='bbox 1024 3362 1131 3417; x_wconf 93' lang='lat' dir='ltr'><strong>hoc</strong></span> <span class='ocrx_word' id='word_1_252' title='bbox 1158 3377 1372 3416; x_wconf 89' lang='lat' dir='ltr'><strong>canone</strong></span> <span class='ocrx_word' id='word_1_253' title='bbox 1400 3362 1586 3417; x_wconf 87' lang='lat' dir='ltr'><strong>caveri</strong></span> <span class='ocrx_word' id='word_1_254' title='bbox 1627 3379 1699 3418; x_wconf 91' lang='lat' dir='ltr'><strong>ne</strong></span> <span class='ocrx_word' id='word_1_255' title='bbox 1744 3364 1848 3418; x_wconf 85' lang='lat' dir='ltr'><strong>Eu-</strong></span> 
     </span>
    </p>
   </div>
   <div class='ocr_carea' id='block_1_36' title="bbox 207 3454 1849 3527">
    <p class='ocr_par' dir='ltr' id='par_1_36' title="bbox 207 3454 1849 3527">
     <span class='ocr_line' id='line_1_36' title="bbox 207 3454 1849 3527; baseline 0.001 -17"><span class='ocrx_word' id='word_1_256' title='bbox 207 3454 487 3510; x_wconf 86' lang='lat' dir='ltr'><strong>charistia</strong></span> <span class='ocrx_word' id='word_1_257' title='bbox 530 3454 588 3508; x_wconf 90' lang='lat' dir='ltr'><strong>in</strong></span> <span class='ocrx_word' id='word_1_258' title='bbox 628 3454 900 3525; x_wconf 84' lang='lat' dir='ltr'><strong>turribus,</strong></span> <span class='ocrx_word' id='word_1_259' title='bbox 931 3459 997 3510; x_wconf 92' lang='lat' dir='ltr'><strong>ut</strong></span> <span class='ocrx_word' id='word_1_260' title='bbox 1025 3455 1150 3510; x_wconf 85' lang='lat' dir='ltr'><strong>ﬁeri</strong></span> <span class='ocrx_word' id='word_1_261' title='bbox 1187 3460 1354 3510; x_wconf 90' lang='lat' dir='ltr'><strong>antea</strong></span> <span class='ocrx_word' id='word_1_262' title='bbox 1379 3460 1762 3527; x_wconf 88' lang='lat' dir='ltr'><strong>consueverat,</strong></span> <span class='ocrx_word' id='word_1_263' title='bbox 1793 3461 1849 3512; x_wconf 87' lang='lat' dir='ltr'><strong>et</strong></span> 
     </span>
    </p>
   </div>
   <div class='ocr_carea' id='block_1_37' title="bbox 207 3548 1848 3622">
    <p class='ocr_par' dir='ltr' id='par_1_37' title="bbox 207 3548 1848 3622">
     <span class='ocr_line' id='line_1_37' title="bbox 207 3548 1848 3622; baseline 0.001 -20"><span class='ocrx_word' id='word_1_264' title='bbox 207 3549 455 3620; x_wconf 86' lang='lat' dir='ltr'><strong>quidem</strong></span> <span class='ocrx_word' id='word_1_265' title='bbox 493 3548 639 3604; x_wconf 91' lang='lat' dir='ltr'><strong>intra</strong></span> <span class='ocrx_word' id='word_1_266' title='bbox 677 3549 946 3619; x_wconf 89' lang='lat' dir='ltr'><strong>armaria,</strong></span> <span class='ocrx_word' id='word_1_267' title='bbox 974 3553 1384 3618; x_wconf 89' lang='lat' dir='ltr'><strong>asservaretur,</strong></span> <span class='ocrx_word' id='word_1_268' title='bbox 1426 3549 1524 3604; x_wconf 92' lang='lat' dir='ltr'><strong>sed</strong></span> <span class='ocrx_word' id='word_1_269' title='bbox 1564 3550 1750 3622; x_wconf 90' lang='lat' dir='ltr'><strong>potius</strong></span> <span class='ocrx_word' id='word_1_270' title='bbox 1789 3550 1848 3604; x_wconf 92' lang='lat' dir='ltr'><strong>in</strong></span> 
     </span>
    </p>
   </div>
   <div class='ocr_carea' id='block_1_38' title="bbox 207 3640 1845 3716">
    <p class='ocr_par' dir='ltr' id='par_1_38' title="bbox 207 3640 1845 3716">
     <span class='ocr_line' id='line_1_38' title="bbox 207 3640 1845 3716; baseline 0.001 -20"><span class='ocrx_word' id='word_1_271' title='bbox 207 3640 336 3714; x_wconf 86' lang='lat' dir='ltr'><strong>ipso</strong></span> <span class='ocrx_word' id='word_1_272' title='bbox 369 3641 537 3696; x_wconf 84' lang='lat' dir='ltr'><strong>altari</strong></span> <span class='ocrx_word' id='word_1_273' title='bbox 563 3643 753 3715; x_wconf 85' lang='lat' dir='ltr'><strong>quales</strong></span> <span class='ocrx_word' id='word_1_274' title='bbox 780 3642 952 3698; x_wconf 86' lang='lat' dir='ltr'><strong>fuisse</strong></span> <span class='ocrx_word' id='word_1_275' title='bbox 979 3647 1166 3698; x_wconf 89' lang='lat' dir='ltr'><strong>turres</strong></span> <span class='ocrx_word' id='word_1_276' title='bbox 1191 3643 1353 3698; x_wconf 91' lang='lat' dir='ltr'><strong>aiunt</strong></span> <span class='ocrx_word' id='word_1_277' title='bbox 1379 3661 1411 3697; x_wconf 91' lang='lat' dir='ltr'><strong>a</strong></span> <span class='ocrx_word' id='word_1_278' title='bbox 1437 3643 1705 3716; x_wconf 88' lang='lat' dir='ltr'><strong>Gregorio</strong></span> <span class='ocrx_word' id='word_1_279' title='bbox 1733 3644 1845 3698; x_wconf 90' lang='lat' dir='ltr'><strong>Tu-</strong></span> 
     </span>
    </p>
   </div>
   <div class='ocr_carea' id='block_1_39' title="bbox 206 3736 1849 3792">
    <p class='ocr_par' dir='ltr' id='par_1_39' title="bbox 206 3736 1849 3792">
     <span class='ocr_line' id='line_1_39' title="bbox 206 3736 1849 3792; baseline 0.001 -1"><span class='ocrx_word' id='word_1_280' title='bbox 206 3736 450 3791; x_wconf 86' lang='lat' dir='ltr'><strong>ronensi</strong></span> <span class='ocrx_word' id='word_1_281' title='bbox 499 3736 736 3792; x_wconf 89' lang='lat' dir='ltr'><strong>antistite</strong></span> <span class='ocrx_word' id='word_1_282' title='bbox 769 3741 825 3792; x_wconf 90' lang='lat' dir='ltr'><strong>et</strong></span> <span class='ocrx_word' id='word_1_283' title='bbox 856 3753 889 3790; x_wconf 90' lang='lat' dir='ltr'><strong>a</strong></span> <span class='ocrx_word' id='word_1_284' title='bbox 927 3737 1199 3791; x_wconf 90' lang='lat' dir='ltr'><strong>Venantio</strong></span> <span class='ocrx_word' id='word_1_285' title='bbox 1241 3737 1547 3792; x_wconf 88' lang='lat' dir='ltr'><strong>Fortunato</strong></span> <span class='ocrx_word' id='word_1_286' title='bbox 1575 3753 1849 3792; x_wconf 87' lang='lat' dir='ltr'><strong>memora-</strong></span> 
     </span>
    </p>
   </div>
   <div class='ocr_carea' id='block_1_40' title="bbox 205 3835 1850 3909">
    <p class='ocr_par' dir='ltr' id='par_1_40' title="bbox 205 3835 1850 3909">
     <span class='ocr_line' id='line_1_40' title="bbox 205 3835 1850 3909; baseline 0.001 -19"><span class='ocrx_word' id='word_1_287' title='bbox 205 3841 311 3890; x_wconf 85' lang='lat' dir='ltr'><strong>tas.</strong></span> <span class='ocrx_word' id='word_1_288' title='bbox 351 3835 564 3889; x_wconf 77' lang='lat' dir='ltr'><strong>Verum</strong></span> <span class='ocrx_word' id='word_1_289' title='bbox 600 3835 659 3890; x_wconf 91' lang='lat' dir='ltr'><strong>in</strong></span> <span class='ocrx_word' id='word_1_290' title='bbox 700 3835 813 3889; x_wconf 91' lang='lat' dir='ltr'><strong>illis</strong></span> <span class='ocrx_word' id='word_1_291' title='bbox 855 3835 1110 3892; x_wconf 88' lang='lat' dir='ltr'><strong>turribus</strong></span> <span class='ocrx_word' id='word_1_292' title='bbox 1138 3852 1254 3890; x_wconf 92' lang='lat' dir='ltr'><strong>non</strong></span> <span class='ocrx_word' id='word_1_293' title='bbox 1300 3836 1484 3908; x_wconf 91' lang='lat' dir='ltr'><strong>ipsum</strong></span> <span class='ocrx_word' id='word_1_294' title='bbox 1515 3853 1720 3909; x_wconf 92' lang='lat' dir='ltr'><strong>corpus</strong></span> <span class='ocrx_word' id='word_1_295' title='bbox 1747 3837 1850 3892; x_wconf 87' lang='lat' dir='ltr'><strong>Do-</strong></span> 
     </span>
    </p>
   </div>
   <div class='ocr_carea' id='block_1_41' title="bbox 208 3933 1850 4008">
    <p class='ocr_par' dir='ltr' id='par_1_41' title="bbox 208 3933 1850 4008">
     <span class='ocr_line' id='line_1_41' title="bbox 208 3933 1850 4008; baseline 0.002 -21"><span class='ocrx_word' id='word_1_296' title='bbox 208 3933 390 4000; x_wconf 89' lang='lat' dir='ltr'><strong>mini,</strong></span> <span class='ocrx_word' id='word_1_297' title='bbox 404 3933 502 3988; x_wconf 90' lang='lat' dir='ltr'><strong>sed</strong></span> <span class='ocrx_word' id='word_1_298' title='bbox 519 3935 870 3989; x_wconf 83' lang='lat' dir='ltr'><strong>ministerium</strong></span> <span class='ocrx_word' id='word_1_299' title='bbox 888 3935 1154 3990; x_wconf 85' lang='lat' dir='ltr'><strong>Dominici</strong></span> <span class='ocrx_word' id='word_1_300' title='bbox 1171 3937 1431 4006; x_wconf 81' lang='lat' dir='ltr'><strong>corporis,</strong></span> <span class='ocrx_word' id='word_1_301' title='bbox 1460 3939 1523 3989; x_wconf 89' lang='lat' dir='ltr'><strong>ut</strong></span> <span class='ocrx_word' id='word_1_302' title='bbox 1548 3935 1850 4008; x_wconf 80' lang='lat' dir='ltr'><strong>Gregorius</strong></span> 
     </span>
    </p>
   </div>
   <div class='ocr_carea' id='block_1_42' title="bbox 207 4026 1852 4101">
    <p class='ocr_par' dir='ltr' id='par_1_42' title="bbox 207 4026 1852 4101">
     <span class='ocr_line' id='line_1_42' title="bbox 207 4026 1852 4101; baseline 0.002 -19"><span class='ocrx_word' id='word_1_303' title='bbox 207 4027 266 4082; x_wconf 90' lang='lat' dir='ltr'><strong>in</strong></span> <span class='ocrx_word' id='word_1_304' title='bbox 297 4026 413 4082; x_wconf 87' lang='lat' dir='ltr'><strong>lib.</strong></span> <span class='ocrx_word' id='word_1_305' title='bbox 435 4043 455 4080; x_wconf 88' lang='lat'><strong>1</strong></span> <span class='ocrx_word' id='word_1_306' title='bbox 483 4026 549 4082; x_wconf 90' lang='lat' dir='ltr'><strong>de</strong></span> <span class='ocrx_word' id='word_1_307' title='bbox 575 4027 759 4082; x_wconf 87' lang='lat' dir='ltr'><strong>Gloria</strong></span> <span class='ocrx_word' id='word_1_308' title='bbox 785 4033 1105 4099; x_wconf 84' lang='lat' dir='ltr'><strong>martyrum</strong></span> <span class='ocrx_word' id='word_1_309' title='bbox 1135 4045 1259 4101; x_wconf 87' lang='lat' dir='ltr'><strong>cap.</strong></span> <span class='ocrx_word' id='word_1_310' title='bbox 1285 4031 1352 4084; x_wconf 91' lang='lat'><strong>86</strong></span> <span class='ocrx_word' id='word_1_311' title='bbox 1379 4029 1654 4100; x_wconf 86' lang='lat' dir='ltr'><strong>loquitur,</strong></span> <span class='ocrx_word' id='word_1_312' title='bbox 1681 4029 1739 4084; x_wconf 89' lang='lat' dir='ltr'><strong>id</strong></span> <span class='ocrx_word' id='word_1_313' title='bbox 1769 4035 1852 4085; x_wconf 89' lang='lat' dir='ltr'><strong>est</strong></span> 
     </span>
    </p>
   </div>
   <div class='ocr_carea' id='block_1_43' title="bbox 208 4121 1852 4194">
    <p class='ocr_par' dir='ltr' id='par_1_43' title="bbox 208 4121 1852 4194">
     <span class='ocr_line' id='line_1_43' title="bbox 208 4121 1852 4194; baseline 0.002 -20"><span class='ocrx_word' id='word_1_314' title='bbox 208 4136 350 4177; x_wconf 81' lang='lat' dir='ltr'><strong>vasa</strong></span> <span class='ocrx_word' id='word_1_315' title='bbox 381 4136 558 4189; x_wconf 89' lang='lat' dir='ltr'><strong>sacra,</strong></span> <span class='ocrx_word' id='word_1_316' title='bbox 577 4121 1055 4193; x_wconf 88' lang='lat' dir='ltr'><strong>quemadmodum</strong></span> <span class='ocrx_word' id='word_1_317' title='bbox 1078 4139 1248 4194; x_wconf 90' lang='lat' dir='ltr'><strong>supra</strong></span> <span class='ocrx_word' id='word_1_318' title='bbox 1265 4123 1649 4194; x_wconf 84' lang='lat' dir='ltr'><strong>exposuimus,</strong></span> <span class='ocrx_word' id='word_1_319' title='bbox 1671 4139 1852 4179; x_wconf 90' lang='lat' dir='ltr'><strong>serva-</strong></span> 
     </span>
    </p>
   </div>
   <div class='ocr_carea' id='block_1_44' title="bbox 205 4215 1850 4274">
    <p class='ocr_par' dir='ltr' id='par_1_44' title="bbox 205 4215 1850 4274">
     <span class='ocr_line' id='line_1_44' title="bbox 205 4215 1850 4274; baseline 0.002 -4"><span class='ocrx_word' id='word_1_320' title='bbox 205 4215 410 4271; x_wconf 84' lang='lat' dir='ltr'><strong>batur.</strong></span> <span class='ocrx_word' id='word_1_321' title='bbox 444 4218 699 4271; x_wconf 85' lang='lat' dir='ltr'><strong>Attamen</strong></span> <span class='ocrx_word' id='word_1_322' title='bbox 738 4219 964 4270; x_wconf 89' lang='lat' dir='ltr'><strong>sanctus</strong></span> <span class='ocrx_word' id='word_1_323' title='bbox 993 4216 1112 4271; x_wconf 91' lang='lat' dir='ltr'><strong>Odo</strong></span> <span class='ocrx_word' id='word_1_324' title='bbox 1156 4216 1326 4272; x_wconf 88' lang='lat' dir='ltr'><strong>abbas</strong></span> <span class='ocrx_word' id='word_1_325' title='bbox 1359 4217 1743 4272; x_wconf 88' lang='lat' dir='ltr'><strong>Cluniacencis</strong></span> <span class='ocrx_word' id='word_1_326' title='bbox 1791 4218 1850 4274; x_wconf 91' lang='lat' dir='ltr'><strong>in</strong></span> 
     </span>
    </p>
   </div>
   <div class='ocr_carea' id='block_1_45' title="bbox 205 4307 1849 4383">
    <p class='ocr_par' dir='ltr' id='par_1_45' title="bbox 205 4307 1849 4383">
     <span class='ocr_line' id='line_1_45' title="bbox 205 4307 1849 4383; baseline 0.002 -19"><span class='ocrx_word' id='word_1_327' title='bbox 205 4309 308 4364; x_wconf 89' lang='lat' dir='ltr'><strong>lib.</strong></span> <span class='ocrx_word' id='word_1_328' title='bbox 345 4323 393 4363; x_wconf 87' lang='grc' dir='ltr'><strong>ιι</strong></span> <span class='ocrx_word' id='word_1_329' title='bbox 413 4307 786 4364; x_wconf 90' lang='lat' dir='ltr'><strong>Collationum</strong></span> <span class='ocrx_word' id='word_1_330' title='bbox 814 4326 935 4381; x_wconf 89' lang='lat' dir='ltr'><strong>cap.</strong></span> <span class='ocrx_word' id='word_1_331' title='bbox 955 4313 1046 4380; x_wconf 90' lang='lat'><strong>32,</strong></span> <span class='ocrx_word' id='word_1_332' title='bbox 1072 4309 1171 4364; x_wconf 89' lang='lat' dir='ltr'><strong>ubi</strong></span> <span class='ocrx_word' id='word_1_333' title='bbox 1198 4311 1351 4365; x_wconf 89' lang='lat' dir='ltr'><strong>hunc</strong></span> <span class='ocrx_word' id='word_1_334' title='bbox 1380 4311 1635 4383; x_wconf 87' lang='lat' dir='ltr'><strong>Gregorii</strong></span> <span class='ocrx_word' id='word_1_335' title='bbox 1664 4312 1849 4367; x_wconf 94' lang='lat' dir='ltr'><strong>locum</strong></span> 
     </span>
    </p>
   </div>
   <div class='ocr_carea' id='block_1_46' title="bbox 205 4403 1849 4476">
    <p class='ocr_par' dir='ltr' id='par_1_46' title="bbox 205 4403 1849 4476">
     <span class='ocr_line' id='line_1_46' title="bbox 205 4403 1849 4476; baseline 0.001 -16"><span class='ocrx_word' id='word_1_336' title='bbox 205 4404 420 4472; x_wconf 84' lang='lat' dir='ltr'><strong>refert,</strong></span> <span class='ocrx_word' id='word_1_337' title='bbox 447 4403 550 4456; x_wconf 88' lang='lat' dir='ltr'><strong>hoc</strong></span> <span class='ocrx_word' id='word_1_338' title='bbox 575 4403 808 4458; x_wconf 90' lang='lat' dir='ltr'><strong>nomine</strong></span> <span class='ocrx_word' id='word_1_339' title='bbox 835 4403 1102 4476; x_wconf 87' lang='lat' dir='ltr'><strong>intelligit</strong></span> <span class='ocrx_word' id='word_1_340' title='bbox 1129 4421 1346 4476; x_wconf 86' lang='lat' dir='ltr'><strong>capsam</strong></span> <span class='ocrx_word' id='word_1_341' title='bbox 1367 4421 1484 4460; x_wconf 91' lang='lat' dir='ltr'><strong>cum</strong></span> <span class='ocrx_word' id='word_1_342' title='bbox 1503 4421 1722 4476; x_wconf 80' lang='lat' dir='ltr'><strong>corpore</strong></span> <span class='ocrx_word' id='word_1_343' title='bbox 1746 4410 1849 4462; x_wconf 90' lang='lat' dir='ltr'><strong>Do-</strong></span> 
     </span>
    </p>
   </div>
   <div class='ocr_carea' id='block_1_47' title="bbox 205 4496 1853 4570">
    <p class='ocr_par' dir='ltr' id='par_1_47' title="bbox 205 4496 1853 4570">
     <span class='ocr_line' id='line_1_47' title="bbox 205 4496 1853 4570; baseline 0.001 -17"><span class='ocrx_word' id='word_1_344' title='bbox 205 4501 380 4554; x_wconf 77' lang='lat' dir='ltr'><strong>mini.</strong></span> <span class='ocrx_word' id='word_1_345' title='bbox 424 4496 530 4552; x_wconf 91' lang='lat' dir='ltr'><strong>Sed</strong></span> <span class='ocrx_word' id='word_1_346' title='bbox 572 4496 726 4552; x_wconf 90' lang='lat' dir='ltr'><strong>haud</strong></span> <span class='ocrx_word' id='word_1_347' title='bbox 775 4497 888 4552; x_wconf 92' lang='lat' dir='ltr'><strong>scio</strong></span> <span class='ocrx_word' id='word_1_348' title='bbox 931 4515 1005 4552; x_wconf 91' lang='lat' dir='ltr'><strong>an</strong></span> <span class='ocrx_word' id='word_1_349' title='bbox 1050 4497 1172 4570; x_wconf 88' lang='lat' dir='ltr'><strong>ejus</strong></span> <span class='ocrx_word' id='word_1_350' title='bbox 1219 4498 1520 4554; x_wconf 86' lang='lat' dir='ltr'><strong>auctoritas</strong></span> <span class='ocrx_word' id='word_1_351' title='bbox 1544 4499 1853 4555; x_wconf 85' lang='lat' dir='ltr'><strong>decretoria</strong></span> 
     </span>
    </p>
   </div>
   <div class='ocr_carea' id='block_1_48' title="bbox 1865 3226 1920 3300">
    <p class='ocr_par' dir='ltr' id='par_1_48' title="bbox 1865 3226 1920 3300">
     <span class='ocr_line' id='line_1_48' title="bbox 1865 3226 1920 3300; baseline 0 0"><span class='ocrx_word' id='word_1_352' title='bbox 1865 3226 1920 3300; x_wconf 87' lang='lat' dir='ltr'><strong>C</strong></span> 
     </span>
    </p>
   </div>
   <div class='ocr_carea' id='block_1_49' title="bbox 1940 519 2931 593">
    <p class='ocr_par' dir='ltr' id='par_1_49' title="bbox 1940 519 2931 593">
     <span class='ocr_line' id='line_1_49' title="bbox 1940 519 2931 593; baseline 0.005 -21"><span class='ocrx_word' id='word_1_353' title='bbox 1940 534 2060 572; x_wconf 91' lang='lat' dir='ltr'><strong>sem</strong></span> <span class='ocrx_word' id='word_1_354' title='bbox 2080 519 2408 591; x_wconf 76' lang='lat' dir='ltr'><strong>episcopum</strong></span> <span class='ocrx_word' id='word_1_355' title='bbox 2434 521 2494 574; x_wconf 92' lang='lat' dir='ltr'><strong>in</strong></span> <span class='ocrx_word' id='word_1_356' title='bbox 2523 525 2743 576; x_wconf 90' lang='lat' dir='ltr'><strong>turrem</strong></span> <span class='ocrx_word' id='word_1_357' title='bbox 2764 522 2888 593; x_wconf 90' lang='lat' dir='ltr'><strong>ejus</strong></span> <span class='ocrx_word' id='word_1_358' title='bbox 2917 540 2931 578; x_wconf 90' lang='lat'><strong>:</strong></span> 
     </span>
    </p>
   </div>
   <div class='ocr_carea' id='block_1_50' title="bbox 2031 610 3508 682">
    <p class='ocr_par' dir='ltr' id='par_1_50' title="bbox 2031 610 3508 682">
     <span class='ocr_line' id='line_1_50' title="bbox 2031 610 3508 682; baseline 0.005 -24"><span class='ocrx_word' id='word_1_359' title='bbox 2031 610 2194 682; x_wconf 71' lang='lat' dir='ltr'><strong>Quam</strong></span> <span class='ocrx_word' id='word_1_360' title='bbox 2222 611 2356 682; x_wconf 72' lang='lat' dir='ltr'><strong>bene</strong></span> <span class='ocrx_word' id='word_1_361' title='bbox 2378 613 2561 682; x_wconf 80' lang='lat' dir='ltr'><strong>juncta</strong></span> <span class='ocrx_word' id='word_1_362' title='bbox 2586 613 2796 674; x_wconf 88' lang='lat' dir='ltr'><strong>decent,</strong></span> <span class='ocrx_word' id='word_1_363' title='bbox 2821 615 3091 682; x_wconf 43' lang='lat' dir='ltr'><strong>sacrati‘ut</strong></span> <span class='ocrx_word' id='word_1_364' title='bbox 3117 616 3354 682; x_wconf 77' lang='lat' dir='ltr'><strong>corporis</strong></span> <span class='ocrx_word' id='word_1_365' title='bbox 3378 616 3508 682; x_wconf 74' lang='grc' dir='ltr'><strong>Δειιί</strong></span> 
     </span>
    </p>
   </div>
   <div class='ocr_carea' id='block_1_51' title="bbox 2095 673 3214 739">
    <p class='ocr_par' dir='ltr' id='par_1_51' title="bbox 2095 673 3214 739">
     <span class='ocr_line' id='line_1_51' title="bbox 2095 673 3214 739; baseline 0.006 -18"><span class='ocrx_word' id='word_1_366' title='bbox 2095 673 2426 735; x_wconf 76' lang='lat' dir='ltr'><strong>Margarituin</strong></span> <span class='ocrx_word' id='word_1_367' title='bbox 2451 675 2637 739; x_wconf 87' lang='lat' dir='ltr'><strong>ingens</strong></span> <span class='ocrx_word' id='word_1_368' title='bbox 2665 690 2824 726; x_wconf 86' lang='lat' dir='ltr'><strong>aurea</strong></span> <span class='ocrx_word' id='word_1_369' title='bbox 2855 676 2994 727; x_wconf 88' lang='lat' dir='ltr'><strong>dona</strong></span> <span class='ocrx_word' id='word_1_370' title='bbox 3018 674 3214 728; x_wconf 68' lang='lat' dir='ltr'><strong>(erant!</strong></span> 
     </span>
    </p>
   </div>
   <div class='ocr_carea' id='block_1_52' title="bbox 1939 755 3580 832">
    <p class='ocr_par' dir='ltr' id='par_1_52' title="bbox 1939 755 3580 832">
     <span class='ocr_line' id='line_1_52' title="bbox 1939 755 3580 832; baseline 0.006 -22"><span class='ocrx_word' id='word_1_371' title='bbox 1939 755 1998 810; x_wconf 91' lang='lat' dir='ltr'><strong>Id</strong></span> <span class='ocrx_word' id='word_1_372' title='bbox 2042 762 2124 812; x_wconf 86' lang='lat' dir='ltr'><strong>est</strong></span> <span class='ocrx_word' id='word_1_373' title='bbox 2165 762 2229 812; x_wconf 91' lang='lat' dir='ltr'><strong>ut</strong></span> <span class='ocrx_word' id='word_1_374' title='bbox 2254 758 2395 812; x_wconf 83' lang='lat' dir='ltr'><strong>calix</strong></span> <span class='ocrx_word' id='word_1_375' title='bbox 2430 764 2486 814; x_wconf 90' lang='lat' dir='ltr'><strong>et</strong></span> <span class='ocrx_word' id='word_1_376' title='bbox 2522 764 2727 830; x_wconf 88' lang='lat' dir='ltr'><strong>patena</strong></span> <span class='ocrx_word' id='word_1_377' title='bbox 2755 777 2825 815; x_wconf 80' lang='lat' dir='ltr'><strong>ex</strong></span> <span class='ocrx_word' id='word_1_378' title='bbox 2853 778 3012 830; x_wconf 90' lang='lat' dir='ltr'><strong>auro,</strong></span> <span class='ocrx_word' id='word_1_379' title='bbox 3054 778 3182 832; x_wconf 68' lang='lat' dir='ltr'><strong>quae</strong></span> <span class='ocrx_word' id='word_1_380' title='bbox 3209 762 3268 817; x_wconf 93' lang='lat' dir='ltr'><strong>in</strong></span> <span class='ocrx_word' id='word_1_381' title='bbox 3295 763 3396 818; x_wconf 88' lang='lat' dir='ltr'><strong>illa</strong></span> <span class='ocrx_word' id='word_1_382' title='bbox 3421 767 3580 820; x_wconf 89' lang='lat' dir='ltr'><strong>turre</strong></span> 
     </span>
    </p>
   </div>
   <div class='ocr_carea' id='block_1_53' title="bbox 1941 851 3584 928">
    <p class='ocr_par' dir='ltr' id='par_1_53' title="bbox 1941 851 3584 928">
     <span class='ocr_line' id='line_1_53' title="bbox 1941 851 3584 928; baseline 0.005 -24"><span class='ocrx_word' id='word_1_383' title='bbox 1941 867 2011 904; x_wconf 85' lang='lat' dir='ltr'><strong>ex</strong></span> <span class='ocrx_word' id='word_1_384' title='bbox 2038 851 2184 906; x_wconf 91' lang='lat' dir='ltr'><strong>dono</strong></span> <span class='ocrx_word' id='word_1_385' title='bbox 2212 851 2410 906; x_wconf 88' lang='lat' dir='ltr'><strong>Felicis</strong></span> <span class='ocrx_word' id='word_1_386' title='bbox 2438 853 2892 922; x_wconf 89' lang='lat' dir='ltr'><strong>continebantur,</strong></span> <span class='ocrx_word' id='word_1_387' title='bbox 2912 854 3175 910; x_wconf 87' lang='lat' dir='ltr'><strong>sacriﬁcii</strong></span> <span class='ocrx_word' id='word_1_388' title='bbox 3189 860 3443 928; x_wconf 88' lang='lat' dir='ltr'><strong>tempore</strong></span> <span class='ocrx_word' id='word_1_389' title='bbox 3460 874 3584 928; x_wconf 91' lang='lat' dir='ltr'><strong>pre-</strong></span> 
     </span>
    </p>
   </div>
   <div class='ocr_carea' id='block_1_54' title="bbox 1940 943 3584 1020">
    <p class='ocr_par' dir='ltr' id='par_1_54' title="bbox 1940 943 3584 1020">
     <span class='ocr_line' id='line_1_54' title="bbox 1940 943 3584 1020; baseline 0.004 -22"><span class='ocrx_word' id='word_1_390' title='bbox 1940 943 2143 998; x_wconf 89' lang='lat' dir='ltr'><strong>tiosam</strong></span> <span class='ocrx_word' id='word_1_391' title='bbox 2187 945 2840 1016; x_wconf 82' lang='lat' dir='ltr'><strong>margaritam,&#39;scilicet</strong></span> <span class='ocrx_word' id='word_1_392' title='bbox 2896 948 3085 1019; x_wconf 89' lang='lat' dir='ltr'><strong>ipsum</strong></span> <span class='ocrx_word' id='word_1_393' title='bbox 3121 965 3324 1020; x_wconf 90' lang='lat' dir='ltr'><strong>corpus</strong></span> <span class='ocrx_word' id='word_1_394' title='bbox 3361 950 3584 1004; x_wconf 91' lang='lat' dir='ltr'><strong>Domini</strong></span> 
     </span>
    </p>
   </div>
   <div class='ocr_carea' id='block_1_55' title="bbox 1941 1039 2642 1109">
    <p class='ocr_par' dir='ltr' id='par_1_55' title="bbox 1941 1039 2642 1109">
     <span class='ocr_line' id='line_1_55' title="bbox 1941 1039 2642 1109; baseline 0.004 -18"><span class='ocrx_word' id='word_1_395' title='bbox 1941 1053 2072 1091; x_wconf 91' lang='lat' dir='ltr'><strong>cum</strong></span> <span class='ocrx_word' id='word_1_396' title='bbox 2102 1039 2403 1109; x_wconf 76' lang='lat' dir='ltr'><strong>sanguine,</strong></span> <span class='ocrx_word' id='word_1_397' title='bbox 2436 1039 2642 1094; x_wconf 90' lang='lat' dir='ltr'><strong>ferant.</strong></span> 
     </span>
    </p>
   </div>
   <div class='ocr_carea' id='block_1_56' title="bbox 2013 1133 3583 1205">
    <p class='ocr_par' dir='ltr' id='par_1_56' title="bbox 2013 1133 3583 1205">
     <span class='ocr_line' id='line_1_56' title="bbox 2013 1133 3583 1205; baseline 0.003 -19"><span class='ocrx_word' id='word_1_398' title='bbox 2013 1134 2102 1186; x_wconf 80' lang='lat'><strong>25.</strong></span> <span class='ocrx_word' id='word_1_399' title='bbox 2127 1133 2254 1186; x_wconf 72' lang='lat' dir='ltr'><strong>Hzec</strong></span> <span class='ocrx_word' id='word_1_400' title='bbox 2288 1149 2537 1204; x_wconf 88' lang='lat' dir='ltr'><strong>namque</strong></span> <span class='ocrx_word' id='word_1_401' title='bbox 2564 1133 2672 1188; x_wconf 91' lang='lat' dir='ltr'><strong>fuit</strong></span> <span class='ocrx_word' id='word_1_402' title='bbox 2719 1149 2944 1205; x_wconf 88' lang='lat' dir='ltr'><strong>semper</strong></span> <span class='ocrx_word' id='word_1_403' title='bbox 2990 1134 3286 1190; x_wconf 68' lang='lat' dir='ltr'><strong>Gallicana:</strong></span> <span class='ocrx_word' id='word_1_404' title='bbox 3327 1135 3583 1191; x_wconf 55' lang='lat' dir='ltr'><strong>Ecclesia</strong></span> 
     </span>
    </p>
   </div>
   <div class='ocr_carea' id='block_1_57' title="bbox 1943 1224 3580 1299">
    <p class='ocr_par' dir='ltr' id='par_1_57' title="bbox 1943 1224 3580 1299">
     <span class='ocr_line' id='line_1_57' title="bbox 1943 1224 3580 1299; baseline 0.003 -20"><span class='ocrx_word' id='word_1_405' title='bbox 1943 1224 2012 1280; x_wconf 92' lang='lat' dir='ltr'><strong>de</strong></span> <span class='ocrx_word' id='word_1_406' title='bbox 2050 1225 2401 1281; x_wconf 86' lang='lat' dir='ltr'><strong>sanctissimo</strong></span> <span class='ocrx_word' id='word_1_407' title='bbox 2449 1227 2812 1282; x_wconf 90' lang='lat' dir='ltr'><strong>Sacramento</strong></span> <span class='ocrx_word' id='word_1_408' title='bbox 2854 1226 3014 1297; x_wconf 87' lang='lat' dir='ltr'><strong>ﬁdes,</strong></span> <span class='ocrx_word' id='word_1_409' title='bbox 3057 1228 3219 1299; x_wconf 86' lang='lat' dir='ltr'><strong>cujus</strong></span> <span class='ocrx_word' id='word_1_410' title='bbox 3261 1245 3375 1283; x_wconf 92' lang='lat' dir='ltr'><strong>non</strong></span> <span class='ocrx_word' id='word_1_411' title='bbox 3403 1229 3580 1284; x_wconf 89' lang='lat' dir='ltr'><strong>alium</strong></span> 
     </span>
    </p>
   </div>
   <div class='ocr_carea' id='block_1_58' title="bbox 1869 1319 3579 1393">
    <p class='ocr_par' dir='ltr' id='par_1_58' title="bbox 1869 1319 3579 1393">
     <span class='ocr_line' id='line_1_58' title="bbox 1869 1319 3579 1393; baseline 0.003 -21"><span class='ocrx_word' id='word_1_412' title='bbox 1869 1377 1878 1388; x_wconf 43' lang='grc' dir='ltr'><strong><em>ο</em></strong></span> <span class='ocrx_word' id='word_1_413' title='bbox 1941 1322 2142 1373; x_wconf 87' lang='lat' dir='ltr'><strong>testem</strong></span> <span class='ocrx_word' id='word_1_414' title='bbox 2163 1319 2345 1391; x_wconf 85' lang='lat' dir='ltr'><strong>magis</strong></span> <span class='ocrx_word' id='word_1_415' title='bbox 2364 1320 2643 1374; x_wconf 86' lang='lat' dir='ltr'><strong>illustrem</strong></span> <span class='ocrx_word' id='word_1_416' title='bbox 2667 1337 2731 1374; x_wconf 90' lang='lat' dir='ltr'><strong>ac</strong></span> <span class='ocrx_word' id='word_1_417' title='bbox 2750 1325 2972 1375; x_wconf 89' lang='lat' dir='ltr'><strong>certum</strong></span> <span class='ocrx_word' id='word_1_418' title='bbox 2999 1319 3208 1377; x_wconf 66' lang='lat' dir='ltr'><strong>aﬂ&#39;erre&#39;</strong></span> <span class='ocrx_word' id='word_1_419' title='bbox 3227 1322 3376 1392; x_wconf 90' lang='lat' dir='ltr'><strong>licet,</strong></span> <span class='ocrx_word' id='word_1_420' title='bbox 3405 1338 3579 1393; x_wconf 90' lang='lat' dir='ltr'><strong>quam</strong></span> 
     </span>
    </p>
   </div>
   <div class='ocr_carea' id='block_1_59' title="bbox 1944 1411 3578 1485">
    <p class='ocr_par' dir='ltr' id='par_1_59' title="bbox 1944 1411 3578 1485">
     <span class='ocr_line' id='line_1_59' title="bbox 1944 1411 3578 1485; baseline 0.004 -21"><span class='ocrx_word' id='word_1_421' title='bbox 1944 1411 2214 1466; x_wconf 84' lang='lat' dir='ltr'><strong>Hilarium</strong></span> <span class='ocrx_word' id='word_1_422' title='bbox 2244 1413 2619 1468; x_wconf 89' lang='lat' dir='ltr'><strong>clarissimum</strong></span> <span class='ocrx_word' id='word_1_423' title='bbox 2646 1415 2960 1483; x_wconf 87' lang='lat' dir='ltr'><strong>Doctorem,</strong></span> <span class='ocrx_word' id='word_1_424' title='bbox 2995 1415 3157 1485; x_wconf 84' lang='lat' dir='ltr'><strong>cujus</strong></span> <span class='ocrx_word' id='word_1_425' title='bbox 3210 1415 3458 1470; x_wconf 89' lang='lat' dir='ltr'><strong>solemne</strong></span> <span class='ocrx_word' id='word_1_426' title='bbox 3495 1417 3578 1470; x_wconf 88' lang='lat' dir='ltr'><strong>ef-</strong></span> 
     </span>
    </p>
   </div>
   <div class='ocr_carea' id='block_1_60' title="bbox 1943 1505 3575 1579">
    <p class='ocr_par' dir='ltr' id='par_1_60' title="bbox 1943 1505 3575 1579">
     <span class='ocr_line' id='line_1_60' title="bbox 1943 1505 3575 1579; baseline 0.002 -21"><span class='ocrx_word' id='word_1_427' title='bbox 1943 1505 2123 1559; x_wconf 82' lang='lat' dir='ltr'><strong>fatum</strong></span> <span class='ocrx_word' id='word_1_428' title='bbox 2153 1510 2236 1560; x_wconf 90' lang='lat' dir='ltr'><strong>est</strong></span> <span class='ocrx_word' id='word_1_429' title='bbox 2265 1525 2278 1561; x_wconf 90' lang='lat'>:</span> <span class='ocrx_word' id='word_1_430' title='bbox 2313 1527 2340 1554; x_wconf 90' lang='grc'><strong>‹‹</strong></span> <span class='ocrx_word' id='word_1_431' title='bbox 2367 1508 2443 1561; x_wconf 92' lang='lat' dir='ltr'><strong>De</strong></span> <span class='ocrx_word' id='word_1_432' title='bbox 2471 1507 2704 1562; x_wconf 80' lang='lat' dir='ltr'><strong>veritate</strong></span> <span class='ocrx_word' id='word_1_433' title='bbox 2732 1507 2918 1562; x_wconf 90' lang='lat' dir='ltr'><strong>carnis</strong></span> <span class='ocrx_word' id='word_1_434' title='bbox 2944 1512 3000 1562; x_wconf 90' lang='lat' dir='ltr'><strong>et</strong></span> <span class='ocrx_word' id='word_1_435' title='bbox 3020 1507 3312 1579; x_wconf 87' lang='lat' dir='ltr'><strong>sanguinis</strong></span> <span class='ocrx_word' id='word_1_436' title='bbox 3339 1524 3456 1562; x_wconf 90' lang='lat' dir='ltr'><strong>non</strong></span> <span class='ocrx_word' id='word_1_437' title='bbox 3483 1525 3575 1564; x_wconf 91' lang='lat' dir='ltr'><strong>re-</strong></span> 
     </span>
    </p>
   </div>
   <div class='ocr_carea' id='block_1_61' title="bbox 1941 1598 3578 1672">
    <p class='ocr_par' dir='ltr' id='par_1_61' title="bbox 1941 1598 3578 1672">
     <span class='ocr_line' id='line_1_61' title="bbox 1941 1598 3578 1672; baseline 0.002 -20"><span class='ocrx_word' id='word_1_438' title='bbox 1941 1598 2107 1653; x_wconf 90' lang='lat' dir='ltr'><strong>lictus</strong></span> <span class='ocrx_word' id='word_1_439' title='bbox 2137 1604 2220 1653; x_wconf 91' lang='lat' dir='ltr'><strong>est</strong></span> <span class='ocrx_word' id='word_1_440' title='bbox 2243 1599 2568 1670; x_wconf 89' lang='lat' dir='ltr'><strong>ambigendi</strong></span> <span class='ocrx_word' id='word_1_441' title='bbox 2593 1601 2771 1669; x_wconf 91' lang='lat' dir='ltr'><strong>locus,</strong></span> <span class='ocrx_word' id='word_1_442' title='bbox 2806 1623 2832 1649; x_wconf 85' lang='lat'>»</span> <span class='ocrx_word' id='word_1_443' title='bbox 2862 1606 2927 1656; x_wconf 91' lang='lat' dir='ltr'><strong>ut</strong></span> <span class='ocrx_word' id='word_1_444' title='bbox 2953 1601 3076 1672; x_wconf 90' lang='lat' dir='ltr'><strong>ipse</strong></span> <span class='ocrx_word' id='word_1_445' title='bbox 3101 1601 3356 1672; x_wconf 91' lang='lat' dir='ltr'><strong>loquitur</strong></span> <span class='ocrx_word' id='word_1_446' title='bbox 3382 1602 3442 1655; x_wconf 93' lang='lat' dir='ltr'><strong>in</strong></span> <span class='ocrx_word' id='word_1_447' title='bbox 3479 1601 3578 1657; x_wconf 92' lang='lat' dir='ltr'><strong>lib.</strong></span> 
     </span>
    </p>
   </div>
   <div class='ocr_carea' id='block_1_62' title="bbox 1942 1691 3582 1764">
    <p class='ocr_par' dir='ltr' id='par_1_62' title="bbox 1942 1691 3582 1764">
     <span class='ocr_line' id='line_1_62' title="bbox 1942 1691 3582 1764; baseline 0.002 -19"><span class='ocrx_word' id='word_1_448' title='bbox 1942 1707 2039 1745; x_wconf 77' lang='lat' dir='ltr'><strong>vin</strong></span> <span class='ocrx_word' id='word_1_449' title='bbox 2065 1691 2134 1746; x_wconf 90' lang='lat' dir='ltr'><strong>de</strong></span> <span class='ocrx_word' id='word_1_450' title='bbox 2164 1691 2456 1747; x_wconf 85' lang='lat' dir='ltr'><strong>Trinitate.</strong></span> <span class='ocrx_word' id='word_1_451' title='bbox 2487 1694 2756 1748; x_wconf 88' lang='lat' dir='ltr'><strong>Eamdem</strong></span> <span class='ocrx_word' id='word_1_452' title='bbox 2789 1694 2962 1749; x_wconf 80' lang='lat' dir='ltr'><strong>ﬁdem</strong></span> <span class='ocrx_word' id='word_1_453' title='bbox 2999 1699 3282 1764; x_wconf 90' lang='lat' dir='ltr'><strong>astruunt,</strong></span> <span class='ocrx_word' id='word_1_454' title='bbox 3328 1699 3394 1750; x_wconf 90' lang='lat' dir='ltr'><strong>ut</strong></span> <span class='ocrx_word' id='word_1_455' title='bbox 3419 1695 3582 1749; x_wconf 92' lang='lat' dir='ltr'><strong>initio</strong></span> 
     </span>
    </p>
   </div>
   <div class='ocr_carea' id='block_1_63' title="bbox 1940 1785 3582 1856">
    <p class='ocr_par' dir='ltr' id='par_1_63' title="bbox 1940 1785 3582 1856">
     <span class='ocr_line' id='line_1_63' title="bbox 1940 1785 3582 1856; baseline 0.002 -17"><span class='ocrx_word' id='word_1_456' title='bbox 1940 1785 2112 1856; x_wconf 90' lang='lat' dir='ltr'><strong>hujus</strong></span> <span class='ocrx_word' id='word_1_457' title='bbox 2125 1785 2254 1839; x_wconf 91' lang='lat' dir='ltr'><strong>libri</strong></span> <span class='ocrx_word' id='word_1_458' title='bbox 2269 1785 2532 1849; x_wconf 89' lang='lat' dir='ltr'><strong>vidimus,</strong></span> <span class='ocrx_word' id='word_1_459' title='bbox 2555 1792 2771 1841; x_wconf 90' lang='lat' dir='ltr'><strong>veteres</strong></span> <span class='ocrx_word' id='word_1_460' title='bbox 2787 1787 2915 1842; x_wconf 87' lang='lat' dir='ltr'><strong>libri</strong></span> <span class='ocrx_word' id='word_1_461' title='bbox 2928 1787 3168 1843; x_wconf 84' lang='lat' dir='ltr'><strong>Missales</strong></span> <span class='ocrx_word' id='word_1_462' title='bbox 3186 1788 3442 1843; x_wconf 67' lang='lat' dir='ltr'><strong>Ecclesiae</strong></span> <span class='ocrx_word' id='word_1_463' title='bbox 3463 1788 3582 1843; x_wconf 88' lang='lat' dir='ltr'><strong>Gal-</strong></span> 
     </span>
    </p>
   </div>
   <div class='ocr_carea' id='block_1_64' title="bbox 1939 1879 3578 1952">
    <p class='ocr_par' dir='ltr' id='par_1_64' title="bbox 1939 1879 3578 1952">
     <span class='ocr_line' id='line_1_64' title="bbox 1939 1879 3578 1952; baseline 0.002 -20"><span class='ocrx_word' id='word_1_464' title='bbox 1939 1879 2155 1948; x_wconf 62' lang='lat' dir='ltr'><strong>licanae,</strong></span> <span class='ocrx_word' id='word_1_465' title='bbox 2185 1879 2244 1932; x_wconf 93' lang='lat' dir='ltr'><strong>in</strong></span> <span class='ocrx_word' id='word_1_466' title='bbox 2265 1879 2472 1950; x_wconf 90' lang='lat' dir='ltr'><strong>quibus</strong></span> <span class='ocrx_word' id='word_1_467' title='bbox 2497 1879 2780 1935; x_wconf 90' lang='lat' dir='ltr'><strong>Christum</strong></span> <span class='ocrx_word' id='word_1_468' title='bbox 2798 1885 3066 1951; x_wconf 89' lang='lat' dir='ltr'><strong>precatur</strong></span> <span class='ocrx_word' id='word_1_469' title='bbox 3078 1881 3354 1952; x_wconf 89' lang='lat' dir='ltr'><strong>sacerdos,</strong></span> <span class='ocrx_word' id='word_1_470' title='bbox 3369 1886 3433 1936; x_wconf 83' lang='lat' dir='ltr'><strong>ut</strong></span> <span class='ocrx_word' id='word_1_471' title='bbox 3453 1897 3578 1952; x_wconf 83' lang='lat' dir='ltr'><strong>ope-</strong></span> 
     </span>
    </p>
   </div>
   <div class='ocr_carea' id='block_1_65' title="bbox 1937 1971 3581 2045">
    <p class='ocr_par' dir='ltr' id='par_1_65' title="bbox 1937 1971 3581 2045">
     <span class='ocr_line' id='line_1_65' title="bbox 1937 1971 3581 2045; baseline 0.002 -19"><span class='ocrx_word' id='word_1_472' title='bbox 1937 1976 2094 2026; x_wconf 83' lang='lat' dir='ltr'><strong>rante</strong></span> <span class='ocrx_word' id='word_1_473' title='bbox 2112 1973 2314 2026; x_wconf 81' lang='lat' dir='ltr'><strong>virtute</strong></span> <span class='ocrx_word' id='word_1_474' title='bbox 2339 1971 2548 2041; x_wconf 87' lang='lat' dir='ltr'><strong>divina,</strong></span> <span class='ocrx_word' id='word_1_475' title='bbox 2576 1989 2770 2042; x_wconf 74' lang='lat' dir='ltr'><strong>panem</strong></span> <span class='ocrx_word' id='word_1_476' title='bbox 2789 1978 3055 2028; x_wconf 84' lang='lat' dir='ltr'><strong>mutatum</strong></span> <span class='ocrx_word' id='word_1_477' title='bbox 3081 1976 3139 2028; x_wconf 85' lang='lat' dir='ltr'><strong>in</strong></span> <span class='ocrx_word' id='word_1_478' title='bbox 3166 1990 3400 2036; x_wconf 75' lang='lat' dir='ltr'><strong>carnem,</strong></span> <span class='ocrx_word' id='word_1_479' title='bbox 3415 1990 3581 2045; x_wconf 84' lang='lat' dir='ltr'><strong>pocu-</strong></span> 
     </span>
    </p>
   </div>
   <div class='ocr_carea' id='block_1_66' title="bbox 1941 2066 3582 2138">
    <p class='ocr_par' dir='ltr' id='par_1_66' title="bbox 1941 2066 3582 2138">
     <span class='ocr_line' id='line_1_66' title="bbox 1941 2066 3582 2138; baseline 0.002 -19"><span class='ocrx_word' id='word_1_480' title='bbox 1941 2066 2053 2119; x_wconf 83' lang='lat' dir='ltr'><strong>lum</strong></span> <span class='ocrx_word' id='word_1_481' title='bbox 2077 2081 2287 2120; x_wconf 74' lang='lat' dir='ltr'><strong>versum</strong></span> <span class='ocrx_word' id='word_1_482' title='bbox 2311 2068 2369 2119; x_wconf 86' lang='lat' dir='ltr'><strong>in</strong></span> <span class='ocrx_word' id='word_1_483' title='bbox 2391 2069 2728 2136; x_wconf 83' lang='lat' dir='ltr'><strong>sanguinem,</strong></span> <span class='ocrx_word' id='word_1_484' title='bbox 2755 2067 2915 2122; x_wconf 84' lang='lat' dir='ltr'><strong>illum</strong></span> <span class='ocrx_word' id='word_1_485' title='bbox 2931 2072 3108 2122; x_wconf 83' lang='lat' dir='ltr'><strong>sumat</strong></span> <span class='ocrx_word' id='word_1_486' title='bbox 3121 2071 3180 2122; x_wconf 85' lang='lat' dir='ltr'><strong>in</strong></span> <span class='ocrx_word' id='word_1_487' title='bbox 3198 2069 3383 2131; x_wconf 86' lang='lat' dir='ltr'><strong>calice,</strong></span> <span class='ocrx_word' id='word_1_488' title='bbox 3405 2070 3504 2138; x_wconf 87' lang='lat' dir='ltr'><strong>qui</strong></span> <span class='ocrx_word' id='word_1_489' title='bbox 3515 2068 3582 2123; x_wconf 85' lang='lat' dir='ltr'><strong>de</strong></span> 
     </span>
    </p>
   </div>
   <div class='ocr_carea' id='block_1_67' title="bbox 1941 2158 3584 2235">
    <p class='ocr_par' dir='ltr' id='par_1_67' title="bbox 1941 2158 3584 2235">
     <span class='ocr_line' id='line_1_67' title="bbox 1941 2158 3584 2235; baseline 0.002 -23"><span class='ocrx_word' id='word_1_490' title='bbox 1941 2158 2063 2229; x_wconf 90' lang='lat' dir='ltr'><strong>ipso</strong></span> <span class='ocrx_word' id='word_1_491' title='bbox 2089 2160 2251 2227; x_wconf 66' lang='lat' dir='ltr'><strong>ﬂuxit</strong></span> <span class='ocrx_word' id='word_1_492' title='bbox 2275 2175 2343 2213; x_wconf 73' lang='lat' dir='ltr'><strong>ea:</strong></span> <span class='ocrx_word' id='word_1_493' title='bbox 2369 2159 2554 2216; x_wconf 79' lang='lat' dir='ltr'><strong>latere.</strong></span> <span class='ocrx_word' id='word_1_494' title='bbox 2584 2160 2649 2213; x_wconf 89' lang='lat' dir='ltr'><strong>Et</strong></span> <span class='ocrx_word' id='word_1_495' title='bbox 2678 2159 2738 2213; x_wconf 92' lang='lat' dir='ltr'><strong>in</strong></span> <span class='ocrx_word' id='word_1_496' title='bbox 2767 2159 2880 2213; x_wconf 89' lang='lat' dir='ltr'><strong>alio</strong></span> <span class='ocrx_word' id='word_1_497' title='bbox 2907 2179 2924 2214; x_wconf 90' lang='lat'><strong><em>:</em></strong></span> <span class='ocrx_word' id='word_1_498' title='bbox 2969 2162 3170 2235; x_wconf 66' lang='lat' dir='ltr'><strong>Corpus</strong></span> <span class='ocrx_word' id='word_1_499' title='bbox 3197 2166 3346 2216; x_wconf 84' lang='lat' dir='ltr'><strong>tuum</strong></span> <span class='ocrx_word' id='word_1_500' title='bbox 3365 2177 3468 2232; x_wconf 81' lang='lat' dir='ltr'><strong>pro</strong></span> <span class='ocrx_word' id='word_1_501' title='bbox 3493 2176 3584 2216; x_wconf 86' lang='lat' dir='ltr'><strong>no-</strong></span> 
     </span>
    </p>
   </div>
   <div class='ocr_carea' id='block_1_68' title="bbox 1944 2252 3582 2326">
    <p class='ocr_par' dir='ltr' id='par_1_68' title="bbox 1944 2252 3582 2326">
     <span class='ocr_line' id='line_1_68' title="bbox 1944 2252 3582 2326; baseline 0.004 -22"><span class='ocrx_word' id='word_1_502' title='bbox 1944 2252 2022 2306; x_wconf 89' lang='lat' dir='ltr'><strong>bis</strong></span> <span class='ocrx_word' id='word_1_503' title='bbox 2047 2254 2356 2320; x_wconf 68' lang='lat' dir='ltr'><strong>cruciﬁmum</strong></span> <span class='ocrx_word' id='word_1_504' title='bbox 2383 2253 2609 2314; x_wconf 77' lang='lat' dir='ltr'><strong>edimus,</strong></span> <span class='ocrx_word' id='word_1_505' title='bbox 2626 2257 2676 2306; x_wconf 82' lang='lat' dir='ltr'><strong>et</strong></span> <span class='ocrx_word' id='word_1_506' title='bbox 2700 2257 3018 2323; x_wconf 85' lang='lat' dir='ltr'><strong>sanguinem</strong></span> <span class='ocrx_word' id='word_1_507' title='bbox 3041 2259 3283 2309; x_wconf 84' lang='lat' dir='ltr'><strong>sanctum</strong></span> <span class='ocrx_word' id='word_1_508' title='bbox 3305 2259 3456 2310; x_wconf 84' lang='lat' dir='ltr'><strong>tuum</strong></span> <span class='ocrx_word' id='word_1_509' title='bbox 3479 2271 3582 2326; x_wconf 80' lang='lat' dir='ltr'><strong>pro</strong></span> 
     </span>
    </p>
   </div>
   <div class='ocr_carea' id='block_1_69' title="bbox 1941 2345 3584 2419">
    <p class='ocr_par' dir='ltr' id='par_1_69' title="bbox 1941 2345 3584 2419">
     <span class='ocr_line' id='line_1_69' title="bbox 1941 2345 3584 2419; baseline 0.002 -21"><span class='ocrx_word' id='word_1_510' title='bbox 1941 2345 2090 2399; x_wconf 86' lang='lat' dir='ltr'><strong>nobis</strong></span> <span class='ocrx_word' id='word_1_511' title='bbox 2105 2345 2328 2414; x_wconf 77' lang='lat' dir='ltr'><strong>effusum</strong></span> <span class='ocrx_word' id='word_1_512' title='bbox 2357 2345 2603 2399; x_wconf 80' lang='lat' dir='ltr'><strong>bibimus.</strong></span> <span class='ocrx_word' id='word_1_513' title='bbox 2635 2347 2762 2399; x_wconf 63' lang='lat' dir='ltr'><strong>Hinc</strong></span> <span class='ocrx_word' id='word_1_514' title='bbox 2784 2351 2998 2416; x_wconf 88' lang='lat' dir='ltr'><strong>nostra,</strong></span> <span class='ocrx_word' id='word_1_515' title='bbox 3021 2346 3144 2400; x_wconf 53' lang='lat' dir='ltr'><strong>haec</strong></span> <span class='ocrx_word' id='word_1_516' title='bbox 3158 2347 3438 2419; x_wconf 89' lang='lat' dir='ltr'><strong>majorum</strong></span> <span class='ocrx_word' id='word_1_517' title='bbox 3459 2364 3584 2402; x_wconf 88' lang='lat' dir='ltr'><strong>nos-</strong></span> 
     </span>
    </p>
   </div>
   <div class='ocr_carea' id='block_1_70' title="bbox 1941 2438 3582 2512">
    <p class='ocr_par' dir='ltr' id='par_1_70' title="bbox 1941 2438 3582 2512">
     <span class='ocr_line' id='line_1_70' title="bbox 1941 2438 3582 2512; baseline 0.003 -20"><span class='ocrx_word' id='word_1_518' title='bbox 1941 2442 2164 2492; x_wconf 90' lang='lat' dir='ltr'><strong>trorum</strong></span> <span class='ocrx_word' id='word_1_519' title='bbox 2192 2438 2346 2506; x_wconf 77' lang='lat' dir='ltr'><strong>fides,</strong></span> <span class='ocrx_word' id='word_1_520' title='bbox 2377 2455 2555 2510; x_wconf 88' lang='lat' dir='ltr'><strong>quam</strong></span> <span class='ocrx_word' id='word_1_521' title='bbox 2583 2438 2804 2493; x_wconf 84' lang='lat' dir='ltr'><strong>utinam</strong></span> <span class='ocrx_word' id='word_1_522' title='bbox 2823 2440 3026 2495; x_wconf 84' lang='lat' dir='ltr'><strong>fratres</strong></span> <span class='ocrx_word' id='word_1_523' title='bbox 3061 2441 3241 2496; x_wconf 87' lang='lat' dir='ltr'><strong>nostri</strong></span> <span class='ocrx_word' id='word_1_524' title='bbox 3269 2441 3446 2496; x_wconf 85' lang='lat' dir='ltr'><strong>aversi</strong></span> <span class='ocrx_word' id='word_1_525' title='bbox 3459 2441 3582 2512; x_wconf 89' lang='lat' dir='ltr'><strong>jam</strong></span> 
     </span>
    </p>
   </div>
   <div class='ocr_carea' id='block_1_71' title="bbox 1943 2531 3585 2605">
    <p class='ocr_par' dir='ltr' id='par_1_71' title="bbox 1943 2531 3585 2605">
     <span class='ocr_line' id='line_1_71' title="bbox 1943 2531 3585 2605; baseline 0.002 -21"><span class='ocrx_word' id='word_1_526' title='bbox 1943 2531 2171 2584; x_wconf 76' lang='lat' dir='ltr'><strong>tandem</strong></span> <span class='ocrx_word' id='word_1_527' title='bbox 2193 2531 2279 2585; x_wconf 85' lang='lat' dir='ltr'><strong>vel</strong></span> <span class='ocrx_word' id='word_1_528' title='bbox 2309 2548 2433 2585; x_wconf 88' lang='lat' dir='ltr'><strong>sero</strong></span> <span class='ocrx_word' id='word_1_529' title='bbox 2458 2535 2800 2601; x_wconf 86' lang='lat' dir='ltr'><strong>agnoscant;</strong></span> <span class='ocrx_word' id='word_1_530' title='bbox 2832 2549 3018 2604; x_wconf 84' lang='lat' dir='ltr'><strong>neque</strong></span> <span class='ocrx_word' id='word_1_531' title='bbox 3047 2549 3149 2587; x_wconf 91' lang='lat' dir='ltr'><strong>nos</strong></span> <span class='ocrx_word' id='word_1_532' title='bbox 3195 2533 3439 2604; x_wconf 90' lang='lat' dir='ltr'><strong>amplius</strong></span> <span class='ocrx_word' id='word_1_533' title='bbox 3458 2551 3585 2605; x_wconf 90' lang='lat' dir='ltr'><strong>pro-</strong></span> 
     </span>
    </p>
   </div>
   <div class='ocr_carea' id='block_1_72' title="bbox 1943 2624 3580 2698">
    <p class='ocr_par' dir='ltr' id='par_1_72' title="bbox 1943 2624 3580 2698">
     <span class='ocr_line' id='line_1_72' title="bbox 1943 2624 3580 2698; baseline 0.003 -21"><span class='ocrx_word' id='word_1_534' title='bbox 1943 2628 2142 2679; x_wconf 86' lang='lat' dir='ltr'><strong>vocent</strong></span> <span class='ocrx_word' id='word_1_535' title='bbox 2169 2624 2239 2678; x_wconf 90' lang='lat' dir='ltr'><strong>ad</strong></span> <span class='ocrx_word' id='word_1_536' title='bbox 2267 2624 2532 2679; x_wconf 78' lang='lat' dir='ltr'><strong>ficticiam</strong></span> <span class='ocrx_word' id='word_1_537' title='bbox 2558 2625 2714 2680; x_wconf 87' lang='lat' dir='ltr'><strong>illam</strong></span> <span class='ocrx_word' id='word_1_538' title='bbox 2731 2625 3111 2696; x_wconf 83' lang='lat' dir='ltr'><strong>novationem,</strong></span> <span class='ocrx_word' id='word_1_539' title='bbox 3141 2643 3315 2698; x_wconf 90' lang='lat' dir='ltr'><strong>quam</strong></span> <span class='ocrx_word' id='word_1_540' title='bbox 3340 2627 3580 2682; x_wconf 89' lang='lat' dir='ltr'><strong>Pascha-</strong></span> 
     </span>
    </p>
   </div>
   <div class='ocr_carea' id='block_1_73' title="bbox 1943 2717 3581 2789">
    <p class='ocr_par' dir='ltr' id='par_1_73' title="bbox 1943 2717 3581 2789">
     <span class='ocr_line' id='line_1_73' title="bbox 1943 2717 3581 2789; baseline 0.002 -19"><span class='ocrx_word' id='word_1_541' title='bbox 1943 2717 2026 2770; x_wconf 93' lang='lat' dir='ltr'><strong>sio</strong></span> <span class='ocrx_word' id='word_1_542' title='bbox 2055 2717 2332 2772; x_wconf 81' lang='lat' dir='ltr'><strong>Radberto</strong></span> <span class='ocrx_word' id='word_1_543' title='bbox 2364 2721 2591 2772; x_wconf 90' lang='lat' dir='ltr'><strong>auctore</strong></span> <span class='ocrx_word' id='word_1_544' title='bbox 2620 2719 2826 2772; x_wconf 72' lang='lat' dir='ltr'><strong>sazculo</strong></span> <span class='ocrx_word' id='word_1_545' title='bbox 2859 2735 2916 2772; x_wconf 79' lang='lat' dir='ltr'><strong>ix</strong></span> <span class='ocrx_word' id='word_1_546' title='bbox 2943 2719 3248 2789; x_wconf 89' lang='lat' dir='ltr'><strong>contigisse</strong></span> <span class='ocrx_word' id='word_1_547' title='bbox 3276 2719 3581 2774; x_wconf 91' lang='lat' dir='ltr'><strong>criminan-</strong></span> 
     </span>
    </p>
   </div>
   <div class='ocr_carea' id='block_1_74' title="bbox 1942 2810 3584 2882">
    <p class='ocr_par' dir='ltr' id='par_1_74' title="bbox 1942 2810 3584 2882">
     <span class='ocr_line' id='line_1_74' title="bbox 1942 2810 3584 2882; baseline 0.002 -18"><span class='ocrx_word' id='word_1_548' title='bbox 1942 2813 2056 2865; x_wconf 88' lang='lat' dir='ltr'><strong>tur.</strong></span> <span class='ocrx_word' id='word_1_549' title='bbox 2082 2811 2158 2864; x_wconf 82' lang='lat' dir='ltr'><strong>Ne</strong></span> <span class='ocrx_word' id='word_1_550' title='bbox 2186 2811 2445 2882; x_wconf 90' lang='lat' dir='ltr'><strong>pluribus</strong></span> <span class='ocrx_word' id='word_1_551' title='bbox 2471 2810 2562 2864; x_wconf 87' lang='lat' dir='ltr'><strong>hic</strong></span> <span class='ocrx_word' id='word_1_552' title='bbox 2591 2827 2800 2881; x_wconf 91' lang='lat' dir='ltr'><strong>morer,</strong></span> <span class='ocrx_word' id='word_1_553' title='bbox 2833 2811 3186 2867; x_wconf 88' lang='lat' dir='ltr'><strong>luculentum</strong></span> <span class='ocrx_word' id='word_1_554' title='bbox 3221 2813 3309 2867; x_wconf 91' lang='lat' dir='ltr'><strong>his</strong></span> <span class='ocrx_word' id='word_1_555' title='bbox 3338 2813 3584 2868; x_wconf 91' lang='lat' dir='ltr'><strong>testimo-</strong></span> 
     </span>
    </p>
   </div>
   <div class='ocr_carea' id='block_1_75' title="bbox 1942 2903 3583 2979">
    <p class='ocr_par' dir='ltr' id='par_1_75' title="bbox 1942 2903 3583 2979">
     <span class='ocr_line' id='line_1_75' title="bbox 1942 2903 3583 2979; baseline 0.002 -21"><span class='ocrx_word' id='word_1_556' title='bbox 1942 2903 2051 2958; x_wconf 91' lang='lat' dir='ltr'><strong>niis</strong></span> <span class='ocrx_word' id='word_1_557' title='bbox 2076 2907 2363 2958; x_wconf 90' lang='lat' dir='ltr'><strong>auctorem</strong></span> <span class='ocrx_word' id='word_1_558' title='bbox 2383 2903 2660 2958; x_wconf 90' lang='lat' dir='ltr'><strong>adducere</strong></span> <span class='ocrx_word' id='word_1_559' title='bbox 2689 2903 2953 2979; x_wconf 78' lang='lat' dir='ltr'><strong>sufticiat,</strong></span> <span class='ocrx_word' id='word_1_560' title='bbox 2983 2905 3261 2960; x_wconf 89' lang='lat' dir='ltr'><strong>nimirum</strong></span> <span class='ocrx_word' id='word_1_561' title='bbox 3279 2905 3583 2961; x_wconf 76' lang='lat' dir='ltr'><strong>Alcuinum</strong></span> 
     </span>
    </p>
   </div>
   <div class='ocr_carea' id='block_1_76' title="bbox 1942 2996 3588 3070">
    <p class='ocr_par' dir='ltr' id='par_1_76' title="bbox 1942 2996 3588 3070">
     <span class='ocr_line' id='line_1_76' title="bbox 1942 2996 3588 3070; baseline 0.001 -18"><span class='ocrx_word' id='word_1_562' title='bbox 1942 2997 2238 3052; x_wconf 86' lang='lat' dir='ltr'><strong>Paschasio</strong></span> <span class='ocrx_word' id='word_1_563' title='bbox 2254 2996 2604 3068; x_wconf 85' lang='lat' dir='ltr'><strong>superiorem</strong></span> <span class='ocrx_word' id='word_1_564' title='bbox 2615 3041 2628 3068; x_wconf 91' lang='lat'><strong>,</strong></span> <span class='ocrx_word' id='word_1_565' title='bbox 2643 2998 2804 3069; x_wconf 88' lang='lat' dir='ltr'><strong>cujus</strong></span> <span class='ocrx_word' id='word_1_566' title='bbox 2818 2997 2988 3070; x_wconf 86' lang='lat' dir='ltr'><strong>unius</strong></span> <span class='ocrx_word' id='word_1_567' title='bbox 3001 2999 3328 3070; x_wconf 88' lang='lat' dir='ltr'><strong>auctoritas,</strong></span> <span class='ocrx_word' id='word_1_568' title='bbox 3345 3003 3463 3054; x_wconf 89' lang='lat' dir='ltr'><strong>tam</strong></span> <span class='ocrx_word' id='word_1_569' title='bbox 3477 2999 3588 3054; x_wconf 90' lang='lat' dir='ltr'><strong>cla-</strong></span> 
     </span>
    </p>
   </div>
   <div class='ocr_carea' id='block_1_77' title="bbox 1943 3069 3584 3158">
    <p class='ocr_par' dir='ltr' id='par_1_77' title="bbox 1943 3069 3584 3158">
     <span class='ocr_line' id='line_1_77' title="bbox 1943 3069 3584 3158; baseline 0.002 -13"><span class='ocrx_word' id='word_1_570' title='bbox 1943 3106 2006 3145; x_wconf 90' lang='lat' dir='ltr'><strong>ra</strong></span> <span class='ocrx_word' id='word_1_571' title='bbox 2018 3095 2074 3145; x_wconf 83' lang='lat' dir='ltr'><strong>et</strong></span> <span class='ocrx_word' id='word_1_572' title='bbox 2085 3089 2399 3158; x_wconf 86' lang='lat' dir='ltr'><strong>manifesta,</strong></span> <span class='ocrx_word' id='word_1_573' title='bbox 2425 3091 2568 3145; x_wconf 86' lang='lat' dir='ltr'><strong>hanc</strong></span> <span class='ocrx_word' id='word_1_574' title='bbox 2583 3069 3020 3146; x_wconf 75' lang='lat' dir='ltr'><strong>controversiam</strong></span> <span class='ocrx_word' id='word_1_575' title='bbox 3035 3091 3303 3148; x_wconf 90' lang='lat' dir='ltr'><strong>dirimere</strong></span> <span class='ocrx_word' id='word_1_576' title='bbox 3332 3092 3584 3149; x_wconf 87' lang='lat' dir='ltr'><strong>deberet.</strong></span> 
     </span>
    </p>
   </div>
   <div class='ocr_carea' id='block_1_78' title="bbox 1945 3183 3589 3259">
    <p class='ocr_par' dir='ltr' id='par_1_78' title="bbox 1945 3183 3589 3259">
     <span class='ocr_line' id='line_1_78' title="bbox 1945 3183 3589 3259; baseline 0.002 -21"><span class='ocrx_word' id='word_1_577' title='bbox 1945 3185 1994 3238; x_wconf 92' lang='lat' dir='ltr'><strong>Is</strong></span> <span class='ocrx_word' id='word_1_578' title='bbox 2004 3183 2194 3256; x_wconf 87' lang='lat' dir='ltr'><strong>itaque</strong></span> <span class='ocrx_word' id='word_1_579' title='bbox 2207 3184 2268 3238; x_wconf 91' lang='lat' dir='ltr'><strong>in</strong></span> <span class='ocrx_word' id='word_1_580' title='bbox 2283 3183 2518 3256; x_wconf 90' lang='lat' dir='ltr'><strong>epistola</strong></span> <span class='ocrx_word' id='word_1_581' title='bbox 2536 3188 2554 3239; x_wconf 83' lang='grc'>1</span> <span class='ocrx_word' id='word_1_582' title='bbox 2573 3188 2632 3240; x_wconf 82' lang='grc'><strong>13</strong></span> <span class='ocrx_word' id='word_1_583' title='bbox 2656 3185 2727 3240; x_wconf 89' lang='lat' dir='ltr'><strong>ad</strong></span> <span class='ocrx_word' id='word_1_584' title='bbox 2741 3185 3044 3240; x_wconf 88' lang='lat' dir='ltr'><strong>Paulinum</strong></span> <span class='ocrx_word' id='word_1_585' title='bbox 3061 3186 3480 3258; x_wconf 88' lang='lat' dir='ltr'><strong>Aquileiensem</strong></span> <span class='ocrx_word' id='word_1_586' title='bbox 3493 3202 3589 3259; x_wconf 87' lang='lat' dir='ltr'><strong>pa-</strong></span> 
     </span>
    </p>
   </div>
   <div class='ocr_carea' id='block_1_79' title="bbox 1943 3277 3591 3352">
    <p class='ocr_par' dir='ltr' id='par_1_79' title="bbox 1943 3277 3591 3352">
     <span class='ocr_line' id='line_1_79' title="bbox 1943 3277 3591 3352; baseline 0.002 -20"><span class='ocrx_word' id='word_1_587' title='bbox 1943 3277 2253 3333; x_wconf 85' lang='lat' dir='ltr'><strong>triarcham</strong></span> <span class='ocrx_word' id='word_1_588' title='bbox 2270 3277 2391 3332; x_wconf 70' lang='lat' dir='ltr'><strong>hazc</strong></span> <span class='ocrx_word' id='word_1_589' title='bbox 2409 3278 2579 3333; x_wconf 86' lang='lat' dir='ltr'><strong>verba</strong></span> <span class='ocrx_word' id='word_1_590' title='bbox 2607 3278 2800 3348; x_wconf 90' lang='lat' dir='ltr'><strong>habet,</strong></span> <span class='ocrx_word' id='word_1_591' title='bbox 2821 3277 2945 3352; x_wconf 83' lang='lat'><strong>96</strong></span> <span class='ocrx_word' id='word_1_592' title='bbox 2975 3279 3179 3334; x_wconf 89' lang='lat' dir='ltr'><strong>litteris</strong></span> <span class='ocrx_word' id='word_1_593' title='bbox 3194 3280 3381 3335; x_wconf 90' lang='lat' dir='ltr'><strong>aureis</strong></span> <span class='ocrx_word' id='word_1_594' title='bbox 3392 3279 3591 3336; x_wconf 83' lang='lat' dir='ltr'><strong>inscri-</strong></span> 
     </span>
    </p>
   </div>
   <div class='ocr_carea' id='block_1_80' title="bbox 1945 3370 3589 3442">
    <p class='ocr_par' dir='ltr' id='par_1_80' title="bbox 1945 3370 3589 3442">
     <span class='ocr_line' id='line_1_80' title="bbox 1945 3370 3589 3442; baseline 0.001 -17"><span class='ocrx_word' id='word_1_595' title='bbox 1945 3370 2166 3426; x_wconf 90' lang='lat' dir='ltr'><strong>benda:</strong></span> <span class='ocrx_word' id='word_1_596' title='bbox 2202 3392 2229 3420; x_wconf 86' lang='lat'><strong>«</strong></span> <span class='ocrx_word' id='word_1_597' title='bbox 2262 3371 2339 3425; x_wconf 76' lang='lat' dir='ltr'><strong>Ne</strong></span> <span class='ocrx_word' id='word_1_598' title='bbox 2367 3387 2560 3442; x_wconf 67' lang='lat' dir='ltr'><strong>quaeso</strong></span> <span class='ocrx_word' id='word_1_599' title='bbox 2590 3371 2934 3426; x_wconf 88' lang='lat' dir='ltr'><strong>obliviscaris</strong></span> <span class='ocrx_word' id='word_1_600' title='bbox 2954 3373 3014 3426; x_wconf 91' lang='lat' dir='ltr'><strong>in</strong></span> <span class='ocrx_word' id='word_1_601' title='bbox 3032 3372 3147 3427; x_wconf 88' lang='lat' dir='ltr'><strong>tuis</strong></span> <span class='ocrx_word' id='word_1_602' title='bbox 3164 3373 3371 3428; x_wconf 87' lang='lat' dir='ltr'><strong>sanctis</strong></span> <span class='ocrx_word' id='word_1_603' title='bbox 3389 3373 3589 3428; x_wconf 90' lang='lat' dir='ltr'><strong>oratio-</strong></span> 
     </span>
    </p>
   </div>
   <div class='ocr_carea' id='block_1_81' title="bbox 1945 3463 3588 3538">
    <p class='ocr_par' dir='ltr' id='par_1_81' title="bbox 1945 3463 3588 3538">
     <span class='ocr_line' id='line_1_81' title="bbox 1945 3463 3588 3538; baseline 0.001 -19"><span class='ocrx_word' id='word_1_604' title='bbox 1945 3465 2116 3519; x_wconf 90' lang='lat' dir='ltr'><strong>nibus</strong></span> <span class='ocrx_word' id='word_1_605' title='bbox 2144 3480 2356 3519; x_wconf 90' lang='lat' dir='ltr'><strong>nomen</strong></span> <span class='ocrx_word' id='word_1_606' title='bbox 2387 3463 2554 3518; x_wconf 86' lang='lat' dir='ltr'><strong>amici</strong></span> <span class='ocrx_word' id='word_1_607' title='bbox 2584 3463 2670 3518; x_wconf 91' lang='lat' dir='ltr'><strong>tui</strong></span> <span class='ocrx_word' id='word_1_608' title='bbox 2695 3465 2919 3533; x_wconf 86' lang='lat' dir='ltr'><strong>Albini;</strong></span> <span class='ocrx_word' id='word_1_609' title='bbox 2944 3465 3041 3520; x_wconf 90' lang='lat' dir='ltr'><strong>sed</strong></span> <span class='ocrx_word' id='word_1_610' title='bbox 3070 3465 3132 3520; x_wconf 91' lang='lat' dir='ltr'><strong>in</strong></span> <span class='ocrx_word' id='word_1_611' title='bbox 3160 3466 3352 3538; x_wconf 90' lang='lat' dir='ltr'><strong>aliquo</strong></span> <span class='ocrx_word' id='word_1_612' title='bbox 3377 3482 3588 3520; x_wconf 91' lang='lat' dir='ltr'><strong>memo-</strong></span> 
     </span>
    </p>
   </div>
   <div class='ocr_carea' id='block_1_82' title="bbox 1946 3557 3587 3630">
    <p class='ocr_par' dir='ltr' id='par_1_82' title="bbox 1946 3557 3587 3630">
     <span class='ocr_line' id='line_1_82' title="bbox 1946 3557 3587 3630; baseline 0.001 -17"><span class='ocrx_word' id='word_1_613' title='bbox 1946 3558 2045 3613; x_wconf 69' lang='lat' dir='ltr'><strong>riae.</strong></span> <span class='ocrx_word' id='word_1_614' title='bbox 2067 3557 2470 3629; x_wconf 86' lang='lat' dir='ltr'><strong>gazophylacio</strong></span> <span class='ocrx_word' id='word_1_615' title='bbox 2494 3558 2734 3612; x_wconf 89' lang='lat' dir='ltr'><strong>reconde</strong></span> <span class='ocrx_word' id='word_1_616' title='bbox 2761 3558 2924 3628; x_wconf 88' lang='lat' dir='ltr'><strong>illud,</strong></span> <span class='ocrx_word' id='word_1_617' title='bbox 2955 3561 3010 3613; x_wconf 88' lang='lat' dir='ltr'><strong>et</strong></span> <span class='ocrx_word' id='word_1_618' title='bbox 3026 3559 3220 3630; x_wconf 89' lang='lat' dir='ltr'><strong>profer</strong></span> <span class='ocrx_word' id='word_1_619' title='bbox 3238 3576 3304 3615; x_wconf 93' lang='lat' dir='ltr'><strong>eo</strong></span> <span class='ocrx_word' id='word_1_620' title='bbox 3330 3563 3587 3630; x_wconf 89' lang='lat' dir='ltr'><strong>tempore</strong></span> 
     </span>
    </p>
   </div>
   <div class='ocr_carea' id='block_1_83' title="bbox 1948 3651 3589 3726">
    <p class='ocr_par' dir='ltr' id='par_1_83' title="bbox 1948 3651 3589 3726">
     <span class='ocr_line' id='line_1_83' title="bbox 1948 3651 3589 3726; baseline 0.002 -21"><span class='ocrx_word' id='word_1_621' title='bbox 1948 3656 2288 3722; x_wconf 91' lang='lat' dir='ltr'><strong>opportuno,</strong></span> <span class='ocrx_word' id='word_1_622' title='bbox 2302 3667 2416 3723; x_wconf 89' lang='lat' dir='ltr'><strong>quo</strong></span> <span class='ocrx_word' id='word_1_623' title='bbox 2427 3667 2632 3722; x_wconf 87' lang='lat' dir='ltr'><strong>panem</strong></span> <span class='ocrx_word' id='word_1_624' title='bbox 2651 3656 2707 3706; x_wconf 91' lang='lat' dir='ltr'><strong>et</strong></span> <span class='ocrx_word' id='word_1_625' title='bbox 2726 3651 2922 3706; x_wconf 89' lang='lat' dir='ltr'><strong>vinum</strong></span> <span class='ocrx_word' id='word_1_626' title='bbox 2935 3652 2994 3706; x_wconf 92' lang='lat' dir='ltr'><strong>in</strong></span> <span class='ocrx_word' id='word_1_627' title='bbox 3011 3653 3380 3708; x_wconf 87' lang='lat' dir='ltr'><strong>substantiam</strong></span> <span class='ocrx_word' id='word_1_628' title='bbox 3397 3670 3589 3726; x_wconf 89' lang='lat' dir='ltr'><strong>corpo-</strong></span> 
     </span>
    </p>
   </div>
   <div class='ocr_carea' id='block_1_84' title="bbox 1948 3744 3591 3820">
    <p class='ocr_par' dir='ltr' id='par_1_84' title="bbox 1948 3744 3591 3820">
     <span class='ocr_line' id='line_1_84' title="bbox 1948 3744 3591 3820; baseline 0.002 -20"><span class='ocrx_word' id='word_1_629' title='bbox 1948 3745 2026 3800; x_wconf 87' lang='lat' dir='ltr'><strong>ris</strong></span> <span class='ocrx_word' id='word_1_630' title='bbox 2055 3750 2110 3800; x_wconf 89' lang='lat' dir='ltr'><strong>et</strong></span> <span class='ocrx_word' id='word_1_631' title='bbox 2138 3744 2430 3816; x_wconf 88' lang='lat' dir='ltr'><strong>sanguinis</strong></span> <span class='ocrx_word' id='word_1_632' title='bbox 2456 3744 2662 3800; x_wconf 82' lang='lat' dir='ltr'><strong>Christi</strong></span> <span class='ocrx_word' id='word_1_633' title='bbox 2690 3745 3128 3802; x_wconf 87' lang='lat' dir='ltr'><strong>consecraveris.</strong></span> <span class='ocrx_word' id='word_1_634' title='bbox 3149 3767 3175 3800; x_wconf 81' lang='grc'><strong>››</strong></span> <span class='ocrx_word' id='word_1_635' title='bbox 3198 3747 3303 3812; x_wconf 87' lang='lat' dir='ltr'><strong>Qui</strong></span> <span class='ocrx_word' id='word_1_636' title='bbox 3321 3753 3437 3803; x_wconf 86' lang='lat' dir='ltr'><strong>tam</strong></span> <span class='ocrx_word' id='word_1_637' title='bbox 3465 3763 3591 3820; x_wconf 86' lang='lat' dir='ltr'><strong>per-</strong></span> 
     </span>
    </p>
   </div>
   <div class='ocr_carea' id='block_1_85' title="bbox 1949 3839 3590 3910">
    <p class='ocr_par' dir='ltr' id='par_1_85' title="bbox 1949 3839 3590 3910">
     <span class='ocr_line' id='line_1_85' title="bbox 1949 3839 3590 3910; baseline 0.002 -18"><span class='ocrx_word' id='word_1_638' title='bbox 1949 3839 2156 3910; x_wconf 80' lang='lat' dir='ltr'><strong>spicuis</strong></span> <span class='ocrx_word' id='word_1_639' title='bbox 2185 3839 2367 3894; x_wconf 89' lang='lat' dir='ltr'><strong>verbis</strong></span> <span class='ocrx_word' id='word_1_640' title='bbox 2409 3839 2660 3895; x_wconf 87' lang='lat' dir='ltr'><strong>detrahit</strong></span> <span class='ocrx_word' id='word_1_641' title='bbox 2688 3840 2876 3908; x_wconf 80' lang='lat' dir='ltr'><strong>fidem,</strong></span> <span class='ocrx_word' id='word_1_642' title='bbox 2928 3839 2975 3894; x_wconf 91' lang='lat' dir='ltr'><strong>is</strong></span> <span class='ocrx_word' id='word_1_643' title='bbox 3028 3857 3142 3895; x_wconf 92' lang='lat' dir='ltr'><strong>non</strong></span> <span class='ocrx_word' id='word_1_644' title='bbox 3188 3841 3463 3909; x_wconf 87' lang='lat' dir='ltr'><strong>veritatis,</strong></span> <span class='ocrx_word' id='word_1_645' title='bbox 3492 3841 3590 3896; x_wconf 90' lang='lat' dir='ltr'><strong>sed</strong></span> 
     </span>
    </p>
   </div>
   <div class='ocr_carea' id='block_1_86' title="bbox 1949 3933 3588 4002">
    <p class='ocr_par' dir='ltr' id='par_1_86' title="bbox 1949 3933 3588 4002">
     <span class='ocr_line' id='line_1_86' title="bbox 1949 3933 3588 4002; baseline 0.002 -14"><span class='ocrx_word' id='word_1_646' title='bbox 1949 3933 2346 4002; x_wconf 88' lang='lat' dir='ltr'><strong>contentionis,</strong></span> <span class='ocrx_word' id='word_1_647' title='bbox 2379 3935 2472 3990; x_wconf 91' lang='lat' dir='ltr'><strong>sed</strong></span> <span class='ocrx_word' id='word_1_648' title='bbox 2503 3934 2730 4002; x_wconf 87' lang='lat' dir='ltr'><strong>erroris,</strong></span> <span class='ocrx_word' id='word_1_649' title='bbox 2763 3935 2864 3989; x_wconf 91' lang='lat' dir='ltr'><strong>scd</strong></span> <span class='ocrx_word' id='word_1_650' title='bbox 2893 3933 3212 3990; x_wconf 85' lang='lat' dir='ltr'><strong>schismatis</strong></span> <span class='ocrx_word' id='word_1_651' title='bbox 3237 3940 3460 3990; x_wconf 88' lang='lat' dir='ltr'><strong>amator</strong></span> <span class='ocrx_word' id='word_1_652' title='bbox 3484 3940 3588 3991; x_wconf 88' lang='lat' dir='ltr'><strong>est.</strong></span> 
     </span>
    </p>
   </div>
   <div class='ocr_carea' id='block_1_87' title="bbox 2021 4027 3591 4084">
    <p class='ocr_par' dir='ltr' id='par_1_87' title="bbox 2021 4027 3591 4084">
     <span class='ocr_line' id='line_1_87' title="bbox 2021 4027 3591 4084; baseline 0.001 -2"><span class='ocrx_word' id='word_1_653' title='bbox 2021 4030 2108 4082; x_wconf 88' lang='lat'><strong>26.</strong></span> <span class='ocrx_word' id='word_1_654' title='bbox 2139 4027 2416 4082; x_wconf 61' lang='lat' dir='ltr'><strong>Craterum</strong></span> <span class='ocrx_word' id='word_1_655' title='bbox 2444 4046 2514 4084; x_wconf 81' lang='lat' dir='ltr'><strong>ex</strong></span> <span class='ocrx_word' id='word_1_656' title='bbox 2541 4032 2818 4084; x_wconf 84' lang='lat' dir='ltr'><strong>asservata</strong></span> <span class='ocrx_word' id='word_1_657' title='bbox 2847 4029 3201 4084; x_wconf 85' lang='lat' dir='ltr'><strong>Eucharistia</strong></span> <span class='ocrx_word' id='word_1_658' title='bbox 3221 4029 3322 4084; x_wconf 80' lang='lat' dir='ltr'><strong>soli</strong></span> <span class='ocrx_word' id='word_1_659' title='bbox 3340 4045 3591 4084; x_wconf 89' lang='lat' dir='ltr'><strong>commu-</strong></span> 
     </span>
    </p>
   </div>
   <div class='ocr_carea' id='block_1_88' title="bbox 1951 4120 3592 4194">
    <p class='ocr_par' dir='ltr' id='par_1_88' title="bbox 1951 4120 3592 4194">
     <span class='ocr_line' id='line_1_88' title="bbox 1951 4120 3592 4194; baseline 0.002 -20"><span class='ocrx_word' id='word_1_660' title='bbox 1951 4120 2212 4176; x_wconf 89' lang='lat' dir='ltr'><strong>nicabant</strong></span> <span class='ocrx_word' id='word_1_661' title='bbox 2239 4121 2472 4190; x_wconf 76' lang='lat' dir='ltr'><strong>infirmi,</strong></span> <span class='ocrx_word' id='word_1_662' title='bbox 2501 4139 2614 4177; x_wconf 92' lang='lat' dir='ltr'><strong>non</strong></span> <span class='ocrx_word' id='word_1_663' title='bbox 2643 4121 2785 4190; x_wconf 87' lang='lat' dir='ltr'><strong>sani,</strong></span> <span class='ocrx_word' id='word_1_664' title='bbox 2814 4122 3019 4194; x_wconf 88' lang='lat' dir='ltr'><strong>quibus</strong></span> <span class='ocrx_word' id='word_1_665' title='bbox 3045 4122 3133 4177; x_wconf 85' lang='lat' dir='ltr'><strong>vix</strong></span> <span class='ocrx_word' id='word_1_666' title='bbox 3157 4140 3412 4194; x_wconf 88' lang='lat' dir='ltr'><strong>unquam</strong></span> <span class='ocrx_word' id='word_1_667' title='bbox 3431 4128 3592 4178; x_wconf 79' lang='lat' dir='ltr'><strong>extra</strong></span> 
     </span>
    </p>
   </div>
   <div class='ocr_carea' id='block_1_89' title="bbox 1950 4213 3592 4291">
    <p class='ocr_par' dir='ltr' id='par_1_89' title="bbox 1950 4213 3592 4291">
     <span class='ocr_line' id='line_1_89' title="bbox 1950 4213 3592 4291; baseline 0.002 -24"><span class='ocrx_word' id='word_1_668' title='bbox 1950 4213 2182 4269; x_wconf 89' lang='lat' dir='ltr'><strong>missam</strong></span> <span class='ocrx_word' id='word_1_669' title='bbox 2208 4215 2532 4270; x_wconf 90' lang='lat' dir='ltr'><strong>communio</strong></span> <span class='ocrx_word' id='word_1_670' title='bbox 2561 4233 2593 4270; x_wconf 89' lang='lat' dir='ltr'><strong>a</strong></span> <span class='ocrx_word' id='word_1_671' title='bbox 2616 4215 2901 4270; x_wconf 88' lang='lat' dir='ltr'><strong>sacerdote</strong></span> <span class='ocrx_word' id='word_1_672' title='bbox 2923 4216 3342 4291; x_wconf 78' lang='lat' dir='ltr'><strong>porrigebatur.</strong></span> <span class='ocrx_word' id='word_1_673' title='bbox 3364 4217 3592 4270; x_wconf 89' lang='lat' dir='ltr'><strong>Contra-</strong></span> 
     </span>
    </p>
   </div>
   <div class='ocr_carea' id='block_1_90' title="bbox 1952 4308 3592 4380">
    <p class='ocr_par' dir='ltr' id='par_1_90' title="bbox 1952 4308 3592 4380">
     <span class='ocr_line' id='line_1_90' title="bbox 1952 4308 3592 4380; baseline 0.001 -18"><span class='ocrx_word' id='word_1_674' title='bbox 1952 4308 2068 4364; x_wconf 88' lang='lat' dir='ltr'><strong>rius</strong></span> <span class='ocrx_word' id='word_1_675' title='bbox 2098 4325 2220 4363; x_wconf 90' lang='lat' dir='ltr'><strong>mos</strong></span> <span class='ocrx_word' id='word_1_676' title='bbox 2244 4308 2304 4364; x_wconf 92' lang='lat' dir='ltr'><strong>in</strong></span> <span class='ocrx_word' id='word_1_677' title='bbox 2331 4309 2559 4364; x_wconf 86' lang='lat' dir='ltr'><strong>ecclesia</strong></span> <span class='ocrx_word' id='word_1_678' title='bbox 2585 4308 3051 4380; x_wconf 84' lang='lat' dir='ltr'><strong>Jerosolymitana</strong></span> <span class='ocrx_word' id='word_1_679' title='bbox 3079 4309 3332 4380; x_wconf 86' lang='lat' dir='ltr'><strong>primum</strong></span> <span class='ocrx_word' id='word_1_680' title='bbox 3361 4308 3592 4380; x_wconf 75' lang='lat' dir='ltr'><strong>coepisse</strong></span> 
     </span>
    </p>
   </div>
   <div class='ocr_carea' id='block_1_91' title="bbox 1950 4401 3593 4473">
    <p class='ocr_par' dir='ltr' id='par_1_91' title="bbox 1950 4401 3593 4473">
     <span class='ocr_line' id='line_1_91' title="bbox 1950 4401 3593 4473; baseline 0.001 -17"><span class='ocrx_word' id='word_1_681' title='bbox 1950 4402 2170 4458; x_wconf 90' lang='lat' dir='ltr'><strong>videtur</strong></span> <span class='ocrx_word' id='word_1_682' title='bbox 2195 4419 2263 4458; x_wconf 78' lang='lat' dir='ltr'><strong>ex</strong></span> <span class='ocrx_word' id='word_1_683' title='bbox 2292 4402 2602 4458; x_wconf 81' lang='lat' dir='ltr'><strong>llumberto</strong></span> <span class='ocrx_word' id='word_1_684' title='bbox 2629 4402 2912 4458; x_wconf 85' lang='lat' dir='ltr'><strong>cardinale</strong></span> <span class='ocrx_word' id='word_1_685' title='bbox 2934 4401 2993 4456; x_wconf 90' lang='lat' dir='ltr'><strong>in</strong></span> <span class='ocrx_word' id='word_1_686' title='bbox 3014 4402 3379 4473; x_wconf 88' lang='lat' dir='ltr'><strong>responsione</strong></span> <span class='ocrx_word' id='word_1_687' title='bbox 3397 4406 3593 4458; x_wconf 91' lang='lat' dir='ltr'><strong>contra</strong></span> 
     </span>
    </p>
   </div>
   <div class='ocr_carea' id='block_1_92' title="bbox 1953 4494 3588 4568">
    <p class='ocr_par' dir='ltr' id='par_1_92' title="bbox 1953 4494 3588 4568">
     <span class='ocr_line' id='line_1_92' title="bbox 1953 4494 3588 4568; baseline 0.001 -18"><span class='ocrx_word' id='word_1_688' title='bbox 1953 4496 2257 4551; x_wconf 88' lang='lat' dir='ltr'><strong>Grecorum</strong></span> <span class='ocrx_word' id='word_1_689' title='bbox 2275 4495 2606 4566; x_wconf 87' lang='lat' dir='ltr'><strong>calumnias,</strong></span> <span class='ocrx_word' id='word_1_690' title='bbox 2630 4495 2689 4550; x_wconf 92' lang='lat' dir='ltr'><strong>in</strong></span> <span class='ocrx_word' id='word_1_691' title='bbox 2710 4495 2832 4549; x_wconf 60' lang='lat' dir='ltr'><strong>haec</strong></span> <span class='ocrx_word' id='word_1_692' title='bbox 2855 4494 3056 4550; x_wconf 86' lang='lat' dir='ltr'><strong>verba:</strong></span> <span class='ocrx_word' id='word_1_693' title='bbox 3084 4516 3112 4544; x_wconf 85' lang='lat'><strong>«</strong></span> <span class='ocrx_word' id='word_1_694' title='bbox 3138 4496 3220 4550; x_wconf 85' lang='lat' dir='ltr'><strong>Ad</strong></span> <span class='ocrx_word' id='word_1_695' title='bbox 3242 4495 3363 4550; x_wconf 61' lang='lat' dir='ltr'><strong>hanc</strong></span> <span class='ocrx_word' id='word_1_696' title='bbox 3384 4496 3430 4551; x_wconf 92' lang='lat' dir='ltr'><strong>si</strong></span> <span class='ocrx_word' id='word_1_697' title='bbox 3450 4496 3588 4568; x_wconf 92' lang='lat' dir='ltr'><strong>quid</strong></span> 
     </span>
    </p>
   </div>
   <div class='ocr_carea' id='block_1_93' title="bbox 204 4587 3591 4678">
    <p class='ocr_par' dir='ltr' id='par_1_93' title="bbox 204 4587 3591 4678">
     <span class='ocr_line' id='line_1_93' title="bbox 204 4587 3591 4678; baseline -0.001 -31"><span class='ocrx_word' id='word_1_698' title='bbox 204 4590 506 4647; x_wconf 82' lang='lat' dir='ltr'><strong>censenda</strong></span> <span class='ocrx_word' id='word_1_699' title='bbox 531 4590 600 4645; x_wconf 92' lang='lat' dir='ltr'><strong>sit</strong></span> <span class='ocrx_word' id='word_1_700' title='bbox 625 4591 683 4645; x_wconf 92' lang='lat' dir='ltr'><strong>in</strong></span> <span class='ocrx_word' id='word_1_701' title='bbox 714 4607 777 4646; x_wconf 91' lang='lat' dir='ltr'><strong>re</strong></span> <span class='ocrx_word' id='word_1_702' title='bbox 802 4596 920 4646; x_wconf 90' lang='lat' dir='ltr'><strong>tam</strong></span> <span class='ocrx_word' id='word_1_703' title='bbox 939 4592 1195 4664; x_wconf 87' lang='lat' dir='ltr'><strong>antiqua,</strong></span> <span class='ocrx_word' id='word_1_704' title='bbox 1223 4609 1351 4665; x_wconf 75' lang='lat' dir='ltr'><strong>quze</strong></span> <span class='ocrx_word' id='word_1_705' title='bbox 1370 4592 1490 4664; x_wconf 90' lang='lat' dir='ltr'><strong>ejus</strong></span> <span class='ocrx_word' id='word_1_706' title='bbox 1505 4596 1731 4648; x_wconf 65' lang='lat' dir='ltr'><strong>aetatem</strong></span> <span class='ocrx_word' id='word_1_707' title='bbox 1745 4598 1852 4650; x_wconf 87' lang='lat' dir='ltr'><strong>tre-</strong></span> <span class='ocrx_word' id='word_1_708' title='bbox 1869 4606 1930 4678; x_wconf 85' lang='lat' dir='ltr'><strong>D</strong></span> <span class='ocrx_word' id='word_1_709' title='bbox 1951 4605 2020 4644; x_wconf 86' lang='lat' dir='ltr'><strong>ex</strong></span> <span class='ocrx_word' id='word_1_710' title='bbox 2048 4593 2235 4644; x_wconf 90' lang='lat' dir='ltr'><strong>sancta</strong></span> <span class='ocrx_word' id='word_1_711' title='bbox 2261 4595 2317 4644; x_wconf 89' lang='lat' dir='ltr'><strong>et</strong></span> <span class='ocrx_word' id='word_1_712' title='bbox 2339 4588 2644 4644; x_wconf 90' lang='lat' dir='ltr'><strong>venerabili</strong></span> <span class='ocrx_word' id='word_1_713' title='bbox 2664 4587 3013 4643; x_wconf 88' lang='lat' dir='ltr'><strong>Eucharistia</strong></span> <span class='ocrx_word' id='word_1_714' title='bbox 3030 4588 3091 4643; x_wconf 90' lang='lat' dir='ltr'><strong>in</strong></span> <span class='ocrx_word' id='word_1_715' title='bbox 3109 4589 3591 4661; x_wconf 83' lang='lat' dir='ltr'><strong>Jerosolymitanis</strong></span> 
     </span>
    </p>
   </div>
   <div class='ocr_carea' id='block_1_94' title="bbox 204 4685 1264 4757">
    <p class='ocr_par' dir='ltr' id='par_1_94' title="bbox 204 4685 1264 4757">
     <span class='ocr_line' id='line_1_94' title="bbox 204 4685 1264 4757; baseline -0.001 -15"><span class='ocrx_word' id='word_1_716' title='bbox 204 4685 402 4742; x_wconf 83' lang='lat' dir='ltr'><strong>centis</strong></span> <span class='ocrx_word' id='word_1_717' title='bbox 429 4685 673 4757; x_wconf 89' lang='lat' dir='ltr'><strong>amplius</strong></span> <span class='ocrx_word' id='word_1_718' title='bbox 697 4685 861 4740; x_wconf 90' lang='lat' dir='ltr'><strong>annis</strong></span> <span class='ocrx_word' id='word_1_719' title='bbox 885 4691 1264 4757; x_wconf 63' lang='lat' dir='ltr'><strong>praecesserat.</strong></span> 
     </span>
    </p>
   </div>
   <div class='ocr_carea' id='block_1_95' title="bbox 275 4779 1850 4838">
    <p class='ocr_par' dir='ltr' id='par_1_95' title="bbox 275 4779 1850 4838">
     <span class='ocr_line' id='line_1_95' title="bbox 275 4779 1850 4838; baseline 0.001 -2"><span class='ocrx_word' id='word_1_720' title='bbox 275 4780 384 4836; x_wconf 73' lang='grc'><strong>24.</strong></span> <span class='ocrx_word' id='word_1_721' title='bbox 407 4779 559 4834; x_wconf 81' lang='lat' dir='ltr'><strong>Hanc</strong></span> <span class='ocrx_word' id='word_1_722' title='bbox 587 4779 953 4834; x_wconf 69' lang='lat' dir='ltr'><strong>Eucharistia:</strong></span> <span class='ocrx_word' id='word_1_723' title='bbox 991 4797 1123 4836; x_wconf 90' lang='lat' dir='ltr'><strong>cum</strong></span> <span class='ocrx_word' id='word_1_724' title='bbox 1166 4797 1324 4836; x_wconf 90' lang='lat' dir='ltr'><strong>sacra</strong></span> <span class='ocrx_word' id='word_1_725' title='bbox 1370 4797 1536 4836; x_wconf 91' lang='lat' dir='ltr'><strong>cruce</strong></span> <span class='ocrx_word' id='word_1_726' title='bbox 1583 4783 1644 4836; x_wconf 92' lang='lat' dir='ltr'><strong>in</strong></span> <span class='ocrx_word' id='word_1_727' title='bbox 1688 4782 1850 4838; x_wconf 88' lang='lat' dir='ltr'><strong>altari</strong></span> 
     </span>
    </p>
   </div>
   <div class='ocr_carea' id='block_1_96' title="bbox 204 4876 1850 4953">
    <p class='ocr_par' dir='ltr' id='par_1_96' title="bbox 204 4876 1850 4953">
     <span class='ocr_line' id='line_1_96' title="bbox 204 4876 1850 4953; baseline 0.002 -19"><span class='ocrx_word' id='word_1_728' title='bbox 204 4876 684 4949; x_wconf 85' lang='lat' dir='ltr'><strong>compositionem</strong></span> <span class='ocrx_word' id='word_1_729' title='bbox 729 4878 977 4934; x_wconf 89' lang='lat' dir='ltr'><strong>illustrat</strong></span> <span class='ocrx_word' id='word_1_730' title='bbox 1007 4880 1232 4936; x_wconf 90' lang='lat' dir='ltr'><strong>Paulini</strong></span> <span class='ocrx_word' id='word_1_731' title='bbox 1279 4880 1527 4953; x_wconf 90' lang='lat' dir='ltr'><strong>episcopi</strong></span> <span class='ocrx_word' id='word_1_732' title='bbox 1553 4881 1850 4953; x_wconf 89' lang='lat' dir='ltr'><strong>egregium</strong></span> 
     </span>
    </p>
   </div>
   <div class='ocr_carea' id='block_1_97' title="bbox 206 4971 868 5028">
    <p class='ocr_par' dir='ltr' id='par_1_97' title="bbox 206 4971 868 5028">
     <span class='ocr_line' id='line_1_97' title="bbox 206 4971 868 5028; baseline 0.002 -2"><span class='ocrx_word' id='word_1_733' title='bbox 206 4987 452 5028; x_wconf 82' lang='lat' dir='ltr'><strong>carmen</strong></span> <span class='ocrx_word' id='word_1_734' title='bbox 481 4971 552 5026; x_wconf 87' lang='lat' dir='ltr'><strong>ad</strong></span> <span class='ocrx_word' id='word_1_735' title='bbox 581 4972 868 5028; x_wconf 89' lang='lat' dir='ltr'><strong>Severum.</strong></span> 
     </span>
    </p>
   </div>
   <div class='ocr_carea' id='block_1_98' title="bbox 363 5063 1594 5130">
    <p class='ocr_par' dir='ltr' id='par_1_98' title="bbox 363 5063 1594 5130">
     <span class='ocr_line' id='line_1_98' title="bbox 363 5063 1594 5130; baseline 0.003 -17"><span class='ocrx_word' id='word_1_736' title='bbox 363 5083 372 5089; x_wconf 89' lang='grc'><strong>·</strong></span> <span class='ocrx_word' id='word_1_737' title='bbox 407 5063 649 5130; x_wconf 72' lang='lat' dir='ltr'><strong>Divinum</strong></span> <span class='ocrx_word' id='word_1_738' title='bbox 674 5064 974 5130; x_wconf 77' lang='lat' dir='ltr'><strong>veneranda</strong></span> <span class='ocrx_word' id='word_1_739' title='bbox 997 5069 1182 5130; x_wconf 85' lang='lat' dir='ltr'><strong>tegunt</strong></span> <span class='ocrx_word' id='word_1_740' title='bbox 1204 5065 1383 5118; x_wconf 84' lang='lat' dir='ltr'><strong>altaria</strong></span> <span class='ocrx_word' id='word_1_741' title='bbox 1407 5067 1594 5130; x_wconf 69' lang='lat' dir='ltr'><strong>taedas,</strong></span> 
     </span>
    </p>
   </div>
   <div class='ocr_carea' id='block_1_99' title="bbox 471 5127 1734 5204">
    <p class='ocr_par' dir='ltr' id='par_1_99' title="bbox 471 5127 1734 5204">
     <span class='ocr_line' id='line_1_99' title="bbox 471 5127 1734 5204; baseline 0.004 -29"><span class='ocrx_word' id='word_1_742' title='bbox 471 5127 881 5204; x_wconf 65' lang='lat' dir='ltr'><strong>Compositisque</strong></span> <span class='ocrx_word' id='word_1_743' title='bbox 905 5127 1734 5204; x_wconf 47' lang='lat' dir='ltr'><strong>sacra&#39;cumcrucenpiartyribus.</strong></span> 
     </span>
    </p>
   </div>
   <div class='ocr_carea' id='block_1_100' title="bbox 407 5189 1592 5256">
    <p class='ocr_par' dir='ltr' id='par_1_100' title="bbox 407 5189 1592 5256">
     <span class='ocr_line' id='line_1_100' title="bbox 407 5189 1592 5256; baseline 0.002 -16"><span class='ocrx_word' id='word_1_744' title='bbox 407 5189 616 5256; x_wconf 32' lang='lat' dir='ltr'><strong>Cngcta‘</strong></span> <span class='ocrx_word' id='word_1_745' title='bbox 629 5189 880 5240; x_wconf 80' lang='lat' dir='ltr'><strong>salutiferi</strong></span> <span class='ocrx_word' id='word_1_746' title='bbox 906 5195 1097 5256; x_wconf 84' lang='lat' dir='ltr'><strong>coeunt</strong></span> <span class='ocrx_word' id='word_1_747' title='bbox 1119 5191 1342 5256; x_wconf 77' lang='lat' dir='ltr'><strong>insignia</strong></span> <span class='ocrx_word' id='word_1_748' title='bbox 1365 5189 1557 5256; x_wconf 82' lang='lat' dir='ltr'><strong>Christi</strong></span> <span class='ocrx_word' id='word_1_749' title='bbox 1579 5207 1592 5242; x_wconf 92' lang='lat'><strong>:</strong></span> 
     </span>
    </p>
   </div>
   <div class='ocr_carea' id='block_1_101' title="bbox 472 5252 1693 5319">
    <p class='ocr_par' dir='ltr' id='par_1_101' title="bbox 472 5252 1693 5319">
     <span class='ocr_line' id='line_1_101' title="bbox 472 5252 1693 5319; baseline 0.001 -16"><span class='ocrx_word' id='word_1_750' title='bbox 472 5252 626 5314; x_wconf 81' lang='lat' dir='ltr'><strong>Crux,</strong></span> <span class='ocrx_word' id='word_1_751' title='bbox 654 5265 862 5317; x_wconf 89' lang='lat' dir='ltr'><strong>corpus,</strong></span> <span class='ocrx_word' id='word_1_752' title='bbox 887 5253 1094 5317; x_wconf 85' lang='lat' dir='ltr'><strong>sanguis</strong></span> <span class='ocrx_word' id='word_1_753' title='bbox 1119 5252 1378 5319; x_wconf 76' lang='lat' dir='ltr'><strong>martyris,</strong></span> <span class='ocrx_word' id='word_1_754' title='bbox 1403 5255 1514 5319; x_wconf 89' lang='lat' dir='ltr'><strong>ipse</strong></span> <span class='ocrx_word' id='word_1_755' title='bbox 1539 5256 1693 5305; x_wconf 90' lang='lat' dir='ltr'><strong>Deus.</strong></span> 
     </span>
    </p>
   </div>
   <div class='ocr_carea' id='block_1_102' title="bbox 281 5317 1853 5412">
    <p class='ocr_par' dir='ltr' id='par_1_102' title="bbox 281 5317 1853 5412">
     <span class='ocr_line' id='line_1_102' title="bbox 281 5317 1853 5412; baseline 0.001 -20"><span class='ocrx_word' id='word_1_756' title='bbox 281 5337 347 5392; x_wconf 88' lang='lat' dir='ltr'><strong>ld</strong></span> <span class='ocrx_word' id='word_1_757' title='bbox 387 5317 494 5406; x_wconf 72' lang='lat' dir='ltr'><strong>est,</strong></span> <span class='ocrx_word' id='word_1_758' title='bbox 533 5337 582 5391; x_wconf 93' lang='lat' dir='ltr'><strong>si</strong></span> <span class='ocrx_word' id='word_1_759' title='bbox 621 5337 767 5393; x_wconf 90' lang='lat' dir='ltr'><strong>bene</strong></span> <span class='ocrx_word' id='word_1_760' title='bbox 810 5339 964 5394; x_wconf 90' lang='lat' dir='ltr'><strong>hunc</strong></span> <span class='ocrx_word' id='word_1_761' title='bbox 992 5339 1181 5394; x_wconf 92' lang='lat' dir='ltr'><strong>locum</strong></span> <span class='ocrx_word' id='word_1_762' title='bbox 1226 5339 1592 5412; x_wconf 88' lang='lat' dir='ltr'><strong>interpretor,</strong></span> <span class='ocrx_word' id='word_1_763' title='bbox 1623 5355 1763 5394; x_wconf 80' lang='lat' dir='ltr'><strong>crux</strong></span> <span class='ocrx_word' id='word_1_764' title='bbox 1793 5338 1853 5394; x_wconf 91' lang='lat' dir='ltr'><strong>in</strong></span> 
     </span>
    </p>
   </div>
   <div class='ocr_carea' id='block_1_103' title="bbox 209 5433 1855 5506">
    <p class='ocr_par' dir='ltr' id='par_1_103' title="bbox 209 5433 1855 5506">
     <span class='ocr_line' id='line_1_103' title="bbox 209 5433 1855 5506; baseline -0.001 -18"><span class='ocrx_word' id='word_1_765' title='bbox 209 5449 444 5499; x_wconf 82' lang='lat' dir='ltr'><strong>sumno,</strong></span> <span class='ocrx_word' id='word_1_766' title='bbox 479 5448 684 5503; x_wconf 88' lang='lat' dir='ltr'><strong>corpus</strong></span> <span class='ocrx_word' id='word_1_767' title='bbox 703 5436 761 5486; x_wconf 88' lang='lat' dir='ltr'><strong>et</strong></span> <span class='ocrx_word' id='word_1_768' title='bbox 788 5433 1044 5504; x_wconf 88' lang='lat' dir='ltr'><strong>sanguis,</strong></span> <span class='ocrx_word' id='word_1_769' title='bbox 1075 5433 1133 5488; x_wconf 90' lang='lat' dir='ltr'><strong>id</strong></span> <span class='ocrx_word' id='word_1_770' title='bbox 1159 5438 1244 5488; x_wconf 89' lang='lat' dir='ltr'><strong>est</strong></span> <span class='ocrx_word' id='word_1_771' title='bbox 1281 5433 1560 5506; x_wconf 77' lang='lat' dir='ltr'><strong>reliquiae,</strong></span> <span class='ocrx_word' id='word_1_772' title='bbox 1590 5434 1855 5504; x_wconf 74' lang='lat' dir='ltr'><strong>martyris</strong></span> 
     </span>
    </p>
   </div>
   <div class='ocr_carea' id='block_1_104' title="bbox 211 5525 1854 5598">
    <p class='ocr_par' dir='ltr' id='par_1_104' title="bbox 211 5525 1854 5598">
     <span class='ocr_line' id='line_1_104' title="bbox 211 5525 1854 5598; baseline -0.001 -16"><span class='ocrx_word' id='word_1_773' title='bbox 211 5525 270 5582; x_wconf 86' lang='lat' dir='ltr'><strong>in</strong></span> <span class='ocrx_word' id='word_1_774' title='bbox 291 5527 436 5596; x_wconf 93' lang='lat' dir='ltr'><strong>imo,</strong></span> <span class='ocrx_word' id='word_1_775' title='bbox 453 5525 668 5580; x_wconf 89' lang='lat' dir='ltr'><strong>scilicet</strong></span> <span class='ocrx_word' id='word_1_776' title='bbox 687 5525 885 5581; x_wconf 89' lang='lat' dir='ltr'><strong>subtus</strong></span> <span class='ocrx_word' id='word_1_777' title='bbox 898 5527 1105 5596; x_wconf 85' lang='lat' dir='ltr'><strong>altare;</strong></span> <span class='ocrx_word' id='word_1_778' title='bbox 1134 5529 1246 5598; x_wconf 86' lang='lat' dir='ltr'><strong>ipse</strong></span> <span class='ocrx_word' id='word_1_779' title='bbox 1258 5531 1414 5598; x_wconf 82' lang='lat' dir='ltr'><strong>Deus,</strong></span> <span class='ocrx_word' id='word_1_780' title='bbox 1431 5528 1537 5582; x_wconf 93' lang='lat' dir='ltr'><strong>hoc</strong></span> <span class='ocrx_word' id='word_1_781' title='bbox 1557 5531 1640 5583; x_wconf 89' lang='lat' dir='ltr'><strong>est</strong></span> <span class='ocrx_word' id='word_1_782' title='bbox 1664 5527 1854 5598; x_wconf 92' lang='lat' dir='ltr'><strong>ipsum</strong></span> 
     </span>
    </p>
   </div>
   <div class='ocr_carea' id='block_1_105' title="bbox 211 5618 1855 5695">
    <p class='ocr_par' dir='ltr' id='par_1_105' title="bbox 211 5618 1855 5695">
     <span class='ocr_line' id='line_1_105' title="bbox 211 5618 1855 5695; baseline -0.001 -19"><span class='ocrx_word' id='word_1_783' title='bbox 211 5618 446 5676; x_wconf 88' lang='lat' dir='ltr'><strong>Domini</strong></span> <span class='ocrx_word' id='word_1_784' title='bbox 476 5636 684 5692; x_wconf 87' lang='lat' dir='ltr'><strong>corpus</strong></span> <span class='ocrx_word' id='word_1_785' title='bbox 710 5619 771 5676; x_wconf 93' lang='lat' dir='ltr'><strong>in</strong></span> <span class='ocrx_word' id='word_1_786' title='bbox 798 5621 1056 5677; x_wconf 89' lang='lat' dir='ltr'><strong>columba</strong></span> <span class='ocrx_word' id='word_1_787' title='bbox 1086 5635 1407 5695; x_wconf 88' lang='lat' dir='ltr'><strong>appensum</strong></span> <span class='ocrx_word' id='word_1_788' title='bbox 1432 5621 1491 5676; x_wconf 92' lang='lat' dir='ltr'><strong>in</strong></span> <span class='ocrx_word' id='word_1_789' title='bbox 1519 5621 1730 5676; x_wconf 90' lang='lat' dir='ltr'><strong>medio.</strong></span> <span class='ocrx_word' id='word_1_790' title='bbox 1761 5621 1855 5675; x_wconf 82' lang='lat' dir='ltr'><strong>llic</strong></span> 
     </span>
    </p>
   </div>
   <div class='ocr_carea' id='block_1_106' title="bbox 215 5713 1858 5789">
    <p class='ocr_par' dir='ltr' id='par_1_106' title="bbox 215 5713 1858 5789">
     <span class='ocr_line' id='line_1_106' title="bbox 215 5713 1858 5789; baseline 0.001 -21"><span class='ocrx_word' id='word_1_791' title='bbox 215 5729 348 5770; x_wconf 82' lang='lat' dir='ltr'><strong>vero</strong></span> <span class='ocrx_word' id='word_1_792' title='bbox 375 5714 654 5789; x_wconf 88' lang='lat' dir='ltr'><strong>loquendi</strong></span> <span class='ocrx_word' id='word_1_793' title='bbox 699 5713 823 5789; x_wconf 85' lang='lat'><strong>95</strong></span> <span class='ocrx_word' id='word_1_794' title='bbox 874 5717 1094 5788; x_wconf 91' lang='lat' dir='ltr'><strong>modus,</strong></span> <span class='ocrx_word' id='word_1_795' title='bbox 1122 5719 1238 5788; x_wconf 84' lang='lat' dir='ltr'><strong>ipse</strong></span> <span class='ocrx_word' id='word_1_796' title='bbox 1284 5721 1442 5781; x_wconf 85' lang='lat' dir='ltr'><strong>Deus,</strong></span> <span class='ocrx_word' id='word_1_797' title='bbox 1469 5713 1858 5772; x_wconf 87' lang='lat' dir='ltr'><strong>indubitanter</strong></span> 
     </span>
    </p>
   </div>
   <div class='ocr_carea' id='block_1_107' title="bbox 219 5809 1854 5876">
    <p class='ocr_par' dir='ltr' id='par_1_107' title="bbox 219 5809 1854 5876">
     <span class='ocr_line' id='line_1_107' title="bbox 219 5809 1854 5876; baseline 0.001 -12"><span class='ocrx_word' id='word_1_798' title='bbox 219 5811 418 5865; x_wconf 81' lang='lat' dir='ltr'><strong>asserit</strong></span> <span class='ocrx_word' id='word_1_799' title='bbox 442 5826 663 5876; x_wconf 85' lang='lat' dir='ltr'><strong>veram,</strong></span> <span class='ocrx_word' id='word_1_800' title='bbox 691 5826 808 5865; x_wconf 89' lang='lat' dir='ltr'><strong>non</strong></span> <span class='ocrx_word' id='word_1_801' title='bbox 834 5811 1208 5866; x_wconf 89' lang='lat' dir='ltr'><strong>umbraticam</strong></span> <span class='ocrx_word' id='word_1_802' title='bbox 1232 5810 1440 5867; x_wconf 89' lang='lat' dir='ltr'><strong>Christi</strong></span> <span class='ocrx_word' id='word_1_803' title='bbox 1465 5810 1525 5866; x_wconf 90' lang='lat' dir='ltr'><strong>in</strong></span> <span class='ocrx_word' id='word_1_804' title='bbox 1553 5809 1854 5866; x_wconf 86' lang='lat' dir='ltr'><strong>Eucharis-</strong></span> 
     </span>
    </p>
   </div>
   <div class='ocr_carea' id='block_1_108' title="bbox 220 5902 1859 5982">
    <p class='ocr_par' dir='ltr' id='par_1_108' title="bbox 220 5902 1859 5982">
     <span class='ocr_line' id='line_1_108' title="bbox 220 5902 1859 5982; baseline -0.001 -21"><span class='ocrx_word' id='word_1_805' title='bbox 220 5904 302 5961; x_wconf 82' lang='lat' dir='ltr'><strong>tia</strong></span> <span class='ocrx_word' id='word_1_806' title='bbox 315 5903 699 5980; x_wconf 71' lang='lat' dir='ltr'><strong>praesentiam,</strong></span> <span class='ocrx_word' id='word_1_807' title='bbox 713 5920 890 5980; x_wconf 88' lang='lat' dir='ltr'><strong>quam</strong></span> <span class='ocrx_word' id='word_1_808' title='bbox 909 5903 1107 5962; x_wconf 88' lang='lat' dir='ltr'><strong>eodem</strong></span> <span class='ocrx_word' id='word_1_809' title='bbox 1120 5905 1239 5964; x_wconf 87' lang='lat' dir='ltr'><strong>fere</strong></span> <span class='ocrx_word' id='word_1_810' title='bbox 1252 5905 1420 5963; x_wconf 90' lang='lat' dir='ltr'><strong>modo</strong></span> <span class='ocrx_word' id='word_1_811' title='bbox 1433 5902 1704 5982; x_wconf 83' lang='lat' dir='ltr'><strong>exprimit</strong></span> <span class='ocrx_word' id='word_1_812' title='bbox 1729 5903 1859 5962; x_wconf 84' lang='lat' dir='ltr'><strong>For-</strong></span> 
     </span>
    </p>
   </div>
   <div class='ocr_carea' id='block_1_109' title="bbox 1951 4683 3594 4754">
    <p class='ocr_par' dir='ltr' id='par_1_109' title="bbox 1951 4683 3594 4754">
     <span class='ocr_line' id='line_1_109' title="bbox 1951 4683 3594 4754; baseline 0.001 -16"><span class='ocrx_word' id='word_1_813' title='bbox 1951 4683 2192 4738; x_wconf 91' lang='lat' dir='ltr'><strong>ecclesiis</strong></span> <span class='ocrx_word' id='word_1_814' title='bbox 2219 4683 2579 4754; x_wconf 89' lang='lat' dir='ltr'><strong>superfuerit,</strong></span> <span class='ocrx_word' id='word_1_815' title='bbox 2610 4700 2715 4738; x_wconf 91' lang='lat' dir='ltr'><strong>nec</strong></span> <span class='ocrx_word' id='word_1_816' title='bbox 2753 4683 3087 4754; x_wconf 91' lang='lat' dir='ltr'><strong>incendunt,</strong></span> <span class='ocrx_word' id='word_1_817' title='bbox 3133 4700 3239 4739; x_wconf 90' lang='lat' dir='ltr'><strong>nec</strong></span> <span class='ocrx_word' id='word_1_818' title='bbox 3272 4683 3332 4738; x_wconf 90' lang='lat' dir='ltr'><strong>in</strong></span> <span class='ocrx_word' id='word_1_819' title='bbox 3373 4684 3594 4740; x_wconf 86' lang='lat' dir='ltr'><strong>foveam</strong></span> 
     </span>
    </p>
   </div>
   <div class='ocr_carea' id='block_1_110' title="bbox 1951 4776 3594 4848">
    <p class='ocr_par' dir='ltr' id='par_1_110' title="bbox 1951 4776 3594 4848">
     <span class='ocr_line' id='line_1_110' title="bbox 1951 4776 3594 4848; baseline 0.002 -18"><span class='ocrx_word' id='word_1_820' title='bbox 1951 4777 2214 4846; x_wconf 88' lang='lat' dir='ltr'><strong>mittunt;</strong></span> <span class='ocrx_word' id='word_1_821' title='bbox 2236 4776 2332 4832; x_wconf 91' lang='lat' dir='ltr'><strong>sed</strong></span> <span class='ocrx_word' id='word_1_822' title='bbox 2345 4776 2403 4831; x_wconf 90' lang='lat' dir='ltr'><strong>in</strong></span> <span class='ocrx_word' id='word_1_823' title='bbox 2425 4777 2691 4848; x_wconf 79' lang='lat' dir='ltr'><strong>pyxidem</strong></span> <span class='ocrx_word' id='word_1_824' title='bbox 2712 4776 2990 4832; x_wconf 89' lang='lat' dir='ltr'><strong>mundam</strong></span> <span class='ocrx_word' id='word_1_825' title='bbox 3010 4776 3358 4848; x_wconf 84' lang='lat' dir='ltr'><strong>recondunt;</strong></span> <span class='ocrx_word' id='word_1_826' title='bbox 3385 4799 3412 4828; x_wconf 86' lang='lat'><strong>»</strong></span> <span class='ocrx_word' id='word_1_827' title='bbox 3437 4782 3494 4834; x_wconf 89' lang='lat' dir='ltr'><strong>et</strong></span> <span class='ocrx_word' id='word_1_828' title='bbox 3511 4795 3594 4834; x_wconf 88' lang='lat' dir='ltr'><strong>se-</strong></span> 
     </span>
    </p>
   </div>
   <div class='ocr_carea' id='block_1_111' title="bbox 1949 4870 3596 4944">
    <p class='ocr_par' dir='ltr' id='par_1_111' title="bbox 1949 4870 3596 4944">
     <span class='ocr_line' id='line_1_111' title="bbox 1949 4870 3596 4944; baseline 0.001 -19"><span class='ocrx_word' id='word_1_829' title='bbox 1949 4871 2146 4941; x_wconf 89' lang='lat' dir='ltr'><strong>quenti</strong></span> <span class='ocrx_word' id='word_1_830' title='bbox 2175 4870 2264 4926; x_wconf 90' lang='lat' dir='ltr'><strong>die</strong></span> <span class='ocrx_word' id='word_1_831' title='bbox 2293 4871 2715 4926; x_wconf 89' lang='lat' dir='ltr'><strong>communicant</strong></span> <span class='ocrx_word' id='word_1_832' title='bbox 2739 4888 2806 4927; x_wconf 86' lang='lat' dir='ltr'><strong>ex</strong></span> <span class='ocrx_word' id='word_1_833' title='bbox 2839 4888 2902 4926; x_wconf 87' lang='lat' dir='ltr'><strong>ea</strong></span> <span class='ocrx_word' id='word_1_834' title='bbox 2928 4871 3224 4943; x_wconf 88' lang='lat' dir='ltr'><strong>populum,</strong></span> <span class='ocrx_word' id='word_1_835' title='bbox 3258 4871 3394 4944; x_wconf 91' lang='lat' dir='ltr'><strong>quia</strong></span> <span class='ocrx_word' id='word_1_836' title='bbox 3413 4871 3596 4944; x_wconf 74' lang='lat' dir='ltr'><strong>quoti-</strong></span> 
     </span>
    </p>
   </div>
   <div class='ocr_carea' id='block_1_112' title="bbox 1951 4963 3594 5037">
    <p class='ocr_par' dir='ltr' id='par_1_112' title="bbox 1951 4963 3594 5037">
     <span class='ocr_line' id='line_1_112' title="bbox 1951 4963 3594 5037; baseline 0.002 -19"><span class='ocrx_word' id='word_1_837' title='bbox 1951 4963 2042 5019; x_wconf 92' lang='lat' dir='ltr'><strong>die</strong></span> <span class='ocrx_word' id='word_1_838' title='bbox 2066 4965 2486 5020; x_wconf 89' lang='lat' dir='ltr'><strong>communicant</strong></span> <span class='ocrx_word' id='word_1_839' title='bbox 2522 4964 2600 5020; x_wconf 90' lang='lat' dir='ltr'><strong>ibi</strong></span> <span class='ocrx_word' id='word_1_840' title='bbox 2629 4982 2642 5020; x_wconf 91' lang='lat'><strong>:</strong></span> <span class='ocrx_word' id='word_1_841' title='bbox 2673 4982 2737 5020; x_wconf 94' lang='lat' dir='ltr'><strong>eo</strong></span> <span class='ocrx_word' id='word_1_842' title='bbox 2775 4965 2927 5037; x_wconf 90' lang='lat' dir='ltr'><strong>quod</strong></span> <span class='ocrx_word' id='word_1_843' title='bbox 2968 4965 3313 5021; x_wconf 83' lang='lat' dir='ltr'><strong>conveniunt</strong></span> <span class='ocrx_word' id='word_1_844' title='bbox 3348 4965 3483 5020; x_wconf 90' lang='lat' dir='ltr'><strong>illuc</strong></span> <span class='ocrx_word' id='word_1_845' title='bbox 3523 4981 3594 5022; x_wconf 79' lang='lat' dir='ltr'><strong>ex</strong></span> 
     </span>
    </p>
   </div>
   <div class='ocr_carea' id='block_1_113' title="bbox 1952 5057 3597 5132">
    <p class='ocr_par' dir='ltr' id='par_1_113' title="bbox 1952 5057 3597 5132">
     <span class='ocr_line' id='line_1_113' title="bbox 1952 5057 3597 5132; baseline 0.002 -18"><span class='ocrx_word' id='word_1_846' title='bbox 1952 5058 2186 5114; x_wconf 86' lang='lat' dir='ltr'><strong>diversis</strong></span> <span class='ocrx_word' id='word_1_847' title='bbox 2214 5057 2517 5130; x_wconf 89' lang='lat' dir='ltr'><strong>provinciis</strong></span> <span class='ocrx_word' id='word_1_848' title='bbox 2548 5059 2870 5129; x_wconf 90' lang='lat' dir='ltr'><strong>Christiani,</strong></span> <span class='ocrx_word' id='word_1_849' title='bbox 2919 5059 3018 5132; x_wconf 91' lang='lat' dir='ltr'><strong>qui</strong></span> <span class='ocrx_word' id='word_1_850' title='bbox 3054 5063 3289 5131; x_wconf 89' lang='lat' dir='ltr'><strong>propter</strong></span> <span class='ocrx_word' id='word_1_851' title='bbox 3330 5058 3502 5115; x_wconf 88' lang='lat' dir='ltr'><strong>ﬁdem</strong></span> <span class='ocrx_word' id='word_1_852' title='bbox 3540 5065 3597 5117; x_wconf 90' lang='lat' dir='ltr'><strong>et</strong></span> 
     </span>
    </p>
   </div>
   <div class='ocr_carea' id='block_1_114' title="bbox 1953 5151 3600 5210">
    <p class='ocr_par' dir='ltr' id='par_1_114' title="bbox 1953 5151 3600 5210">
     <span class='ocr_line' id='line_1_114' title="bbox 1953 5151 3600 5210; baseline 0.002 -4"><span class='ocrx_word' id='word_1_853' title='bbox 1953 5151 2266 5207; x_wconf 82' lang='lat' dir='ltr'><strong>maximum</strong></span> <span class='ocrx_word' id='word_1_854' title='bbox 2292 5169 2544 5208; x_wconf 91' lang='lat' dir='ltr'><strong>amorem</strong></span> <span class='ocrx_word' id='word_1_855' title='bbox 2575 5153 2703 5208; x_wconf 83' lang='lat' dir='ltr'><strong>Filii</strong></span> <span class='ocrx_word' id='word_1_856' title='bbox 2731 5152 2826 5207; x_wconf 93' lang='lat' dir='ltr'><strong>Dei</strong></span> <span class='ocrx_word' id='word_1_857' title='bbox 2842 5152 3264 5208; x_wconf 89' lang='lat' dir='ltr'><strong>communicare</strong></span> <span class='ocrx_word' id='word_1_858' title='bbox 3291 5153 3367 5208; x_wconf 92' lang='lat' dir='ltr'><strong>ibi</strong></span> <span class='ocrx_word' id='word_1_859' title='bbox 3387 5153 3600 5210; x_wconf 87' lang='lat' dir='ltr'><strong>deside-</strong></span> 
     </span>
    </p>
   </div>
   <div class='ocr_carea' id='block_1_115' title="bbox 1952 5246 3595 5320">
    <p class='ocr_par' dir='ltr' id='par_1_115' title="bbox 1952 5246 3595 5320">
     <span class='ocr_line' id='line_1_115' title="bbox 1952 5246 3595 5320; baseline 0.002 -20"><span class='ocrx_word' id='word_1_860' title='bbox 1952 5249 2098 5301; x_wconf 86' lang='lat' dir='ltr'><strong>rant.</strong></span> <span class='ocrx_word' id='word_1_861' title='bbox 2133 5268 2158 5294; x_wconf 84' lang='grc'><strong>››</strong></span> <span class='ocrx_word' id='word_1_862' title='bbox 2190 5247 2316 5301; x_wconf 74' lang='lat' dir='ltr'><strong>Haec</strong></span> <span class='ocrx_word' id='word_1_863' title='bbox 2341 5246 2510 5318; x_wconf 86' lang='lat' dir='ltr'><strong>longe</strong></span> <span class='ocrx_word' id='word_1_864' title='bbox 2549 5247 2898 5318; x_wconf 90' lang='lat' dir='ltr'><strong>probabilior</strong></span> <span class='ocrx_word' id='word_1_865' title='bbox 2941 5250 3028 5302; x_wconf 89' lang='lat' dir='ltr'><strong>est</strong></span> <span class='ocrx_word' id='word_1_866' title='bbox 3071 5246 3236 5318; x_wconf 90' lang='lat' dir='ltr'><strong>ratio,</strong></span> <span class='ocrx_word' id='word_1_867' title='bbox 3283 5265 3456 5320; x_wconf 90' lang='lat' dir='ltr'><strong>quam</strong></span> <span class='ocrx_word' id='word_1_868' title='bbox 3501 5266 3595 5305; x_wconf 86' lang='lat' dir='ltr'><strong>eo-</strong></span> 
     </span>
    </p>
   </div>
   <div class='ocr_carea' id='block_1_116' title="bbox 1951 5340 3596 5412">
    <p class='ocr_par' dir='ltr' id='par_1_116' title="bbox 1951 5340 3596 5412">
     <span class='ocr_line' id='line_1_116' title="bbox 1951 5340 3596 5412; baseline 0.004 -19"><span class='ocrx_word' id='word_1_869' title='bbox 1951 5356 2083 5394; x_wconf 91' lang='lat' dir='ltr'><strong>rum</strong></span> <span class='ocrx_word' id='word_1_870' title='bbox 2110 5340 2209 5412; x_wconf 89' lang='lat' dir='ltr'><strong>qui</strong></span> <span class='ocrx_word' id='word_1_871' title='bbox 2237 5340 2446 5412; x_wconf 86' lang='lat' dir='ltr'><strong>passim</strong></span> <span class='ocrx_word' id='word_1_872' title='bbox 2476 5340 2533 5394; x_wconf 92' lang='lat' dir='ltr'><strong>id</strong></span> <span class='ocrx_word' id='word_1_873' title='bbox 2559 5341 2791 5395; x_wconf 89' lang='lat' dir='ltr'><strong>actitant</strong></span> <span class='ocrx_word' id='word_1_874' title='bbox 2819 5341 2939 5396; x_wconf 92' lang='lat' dir='ltr'><strong>sine</strong></span> <span class='ocrx_word' id='word_1_875' title='bbox 2969 5340 3191 5396; x_wconf 87' lang='lat' dir='ltr'><strong>delectu</strong></span> <span class='ocrx_word' id='word_1_876' title='bbox 3221 5347 3418 5398; x_wconf 89' lang='lat' dir='ltr'><strong>contra</strong></span> <span class='ocrx_word' id='word_1_877' title='bbox 3443 5348 3596 5399; x_wconf 76' lang='lat' dir='ltr'><strong>vete—</strong></span> 
     </span>
    </p>
   </div>
   <div class='ocr_carea' id='block_1_117' title="bbox 1953 5434 3602 5508">
    <p class='ocr_par' dir='ltr' id='par_1_117' title="bbox 1953 5434 3602 5508">
     <span class='ocr_line' id='line_1_117' title="bbox 1953 5434 3602 5508; baseline -0.001 -19"><span class='ocrx_word' id='word_1_878' title='bbox 1953 5449 2074 5489; x_wconf 89' lang='lat' dir='ltr'><strong>rem</strong></span> <span class='ocrx_word' id='word_1_879' title='bbox 2103 5434 2359 5489; x_wconf 78' lang='lat' dir='ltr'><strong>Ecclesiae</strong></span> <span class='ocrx_word' id='word_1_880' title='bbox 2391 5449 2631 5488; x_wconf 92' lang='lat' dir='ltr'><strong>morem.</strong></span> <span class='ocrx_word' id='word_1_881' title='bbox 2662 5435 2784 5498; x_wconf 92' lang='lat' dir='ltr'><strong>Quo</strong></span> <span class='ocrx_word' id='word_1_882' title='bbox 2814 5438 3077 5507; x_wconf 90' lang='lat' dir='ltr'><strong>tempore</strong></span> <span class='ocrx_word' id='word_1_883' title='bbox 3102 5434 3161 5490; x_wconf 90' lang='lat' dir='ltr'><strong>id</strong></span> <span class='ocrx_word' id='word_1_884' title='bbox 3204 5436 3330 5492; x_wconf 88' lang='lat' dir='ltr'><strong>ﬁeri</strong></span> <span class='ocrx_word' id='word_1_885' title='bbox 3369 5435 3602 5508; x_wconf 68' lang='lat' dir='ltr'><strong>cmperit</strong></span> 
     </span>
    </p>
   </div>
   <div class='ocr_carea' id='block_1_118' title="bbox 1952 5527 3596 5602">
    <p class='ocr_par' dir='ltr' id='par_1_118' title="bbox 1952 5527 3596 5602">
     <span class='ocr_line' id='line_1_118' title="bbox 1952 5527 3596 5602; baseline -0.001 -19"><span class='ocrx_word' id='word_1_886' title='bbox 1952 5529 2012 5584; x_wconf 92' lang='lat' dir='ltr'><strong>in</strong></span> <span class='ocrx_word' id='word_1_887' title='bbox 2041 5528 2268 5584; x_wconf 91' lang='lat' dir='ltr'><strong>ecclesia</strong></span> <span class='ocrx_word' id='word_1_888' title='bbox 2291 5527 2774 5598; x_wconf 86' lang='lat' dir='ltr'><strong>Jerosolymitana,</strong></span> <span class='ocrx_word' id='word_1_889' title='bbox 2797 5544 2912 5584; x_wconf 92' lang='lat' dir='ltr'><strong>non</strong></span> <span class='ocrx_word' id='word_1_890' title='bbox 2939 5533 3023 5585; x_wconf 86' lang='lat' dir='ltr'><strong>est</strong></span> <span class='ocrx_word' id='word_1_891' title='bbox 3043 5529 3424 5602; x_wconf 83' lang='lat' dir='ltr'><strong>exploratum.</strong></span> <span class='ocrx_word' id='word_1_892' title='bbox 3453 5529 3596 5584; x_wconf 89' lang='lat' dir='ltr'><strong>Sane</strong></span> 
     </span>
    </p>
   </div>
   <div class='ocr_carea' id='block_1_119' title="bbox 1953 5620 3597 5696">
    <p class='ocr_par' dir='ltr' id='par_1_119' title="bbox 1953 5620 3597 5696">
     <span class='ocr_line' id='line_1_119' title="bbox 1953 5620 3597 5696; baseline -0.001 -18"><span class='ocrx_word' id='word_1_893' title='bbox 1953 5620 2410 5694; x_wconf 85' lang='lat' dir='ltr'><strong>antiquissimum</strong></span> <span class='ocrx_word' id='word_1_894' title='bbox 2449 5637 2571 5676; x_wconf 91' lang='lat' dir='ltr'><strong>esse</strong></span> <span class='ocrx_word' id='word_1_895' title='bbox 2603 5623 2956 5678; x_wconf 62' lang='lat' dir='ltr'><strong>asservandus</strong></span> <span class='ocrx_word' id='word_1_896' title='bbox 2986 5623 3098 5681; x_wconf 91' lang='lat' dir='ltr'><strong>illis</strong></span> <span class='ocrx_word' id='word_1_897' title='bbox 3126 5623 3185 5679; x_wconf 92' lang='lat' dir='ltr'><strong>in</strong></span> <span class='ocrx_word' id='word_1_898' title='bbox 3209 5622 3464 5696; x_wconf 86' lang='lat' dir='ltr'><strong>partibus</strong></span> <span class='ocrx_word' id='word_1_899' title='bbox 3490 5622 3597 5676; x_wconf 80' lang='lat' dir='ltr'><strong>Eu-</strong></span> 
     </span>
    </p>
   </div>
   <div class='ocr_carea' id='block_1_120' title="bbox 1955 5713 3596 5791">
    <p class='ocr_par' dir='ltr' id='par_1_120' title="bbox 1955 5713 3596 5791">
     <span class='ocr_line' id='line_1_120' title="bbox 1955 5713 3596 5791; baseline -0.001 -19"><span class='ocrx_word' id='word_1_900' title='bbox 1955 5715 2237 5773; x_wconf 69' lang='lat' dir='ltr'><strong>charistise</strong></span> <span class='ocrx_word' id='word_1_901' title='bbox 2267 5732 2487 5772; x_wconf 91' lang='lat' dir='ltr'><strong>morem</strong></span> <span class='ocrx_word' id='word_1_902' title='bbox 2517 5715 2836 5790; x_wconf 88' lang='lat' dir='ltr'><strong>colligimus</strong></span> <span class='ocrx_word' id='word_1_903' title='bbox 2863 5734 2931 5773; x_wconf 82' lang='lat' dir='ltr'><strong>ex</strong></span> <span class='ocrx_word' id='word_1_904' title='bbox 2960 5718 3167 5791; x_wconf 88' lang='lat' dir='ltr'><strong>Cyrillo</strong></span> <span class='ocrx_word' id='word_1_905' title='bbox 3189 5717 3448 5788; x_wconf 86' lang='lat' dir='ltr'><strong>episcopo</strong></span> <span class='ocrx_word' id='word_1_906' title='bbox 3471 5713 3596 5770; x_wconf 80' lang='lat' dir='ltr'><strong>Ale-</strong></span> 
     </span>
    </p>
   </div>
   <div class='ocr_carea' id='block_1_121' title="bbox 1955 5807 3588 5886">
    <p class='ocr_par' dir='ltr' id='par_1_121' title="bbox 1955 5807 3588 5886">
     <span class='ocr_line' id='line_1_121' title="bbox 1955 5807 3588 5886; baseline -0.004 -17"><span class='ocrx_word' id='word_1_907' title='bbox 1955 5810 2252 5881; x_wconf 83' lang='lat' dir='ltr'><strong>xandrino,</strong></span> <span class='ocrx_word' id='word_1_908' title='bbox 2283 5811 2382 5884; x_wconf 91' lang='lat' dir='ltr'><strong>qui</strong></span> <span class='ocrx_word' id='word_1_909' title='bbox 2411 5811 2468 5868; x_wconf 88' lang='lat' dir='ltr'><strong>in</strong></span> <span class='ocrx_word' id='word_1_910' title='bbox 2490 5811 2724 5886; x_wconf 87' lang='lat' dir='ltr'><strong>epistola</strong></span> <span class='ocrx_word' id='word_1_911' title='bbox 2752 5811 2823 5866; x_wconf 90' lang='lat' dir='ltr'><strong>ad</strong></span> <span class='ocrx_word' id='word_1_912' title='bbox 2862 5809 3207 5882; x_wconf 84' lang='lat' dir='ltr'><strong>Calosyrium</strong></span> <span class='ocrx_word' id='word_1_913' title='bbox 3248 5807 3436 5879; x_wconf 86' lang='lat' dir='ltr'><strong>arguit</strong></span> <span class='ocrx_word' id='word_1_914' title='bbox 3478 5823 3588 5878; x_wconf 87' lang='lat' dir='ltr'><strong>eos,</strong></span> 
     </span>
    </p>
   </div>
   <div class='ocr_carea' id='block_1_122' title="bbox 1956 5896 3588 5979">
    <p class='ocr_par' dir='ltr' id='par_1_122' title="bbox 1956 5896 3588 5979">
     <span class='ocr_line' id='line_1_122' title="bbox 1956 5896 3588 5979; baseline -0.001 -21"><span class='ocrx_word' id='word_1_915' title='bbox 1956 5902 2058 5979; x_wconf 87' lang='lat' dir='ltr'><strong>qui</strong></span> <span class='ocrx_word' id='word_1_916' title='bbox 2083 5899 2383 5978; x_wconf 82' lang='lat' dir='ltr'><strong>mysticam</strong></span> <span class='ocrx_word' id='word_1_917' title='bbox 2415 5900 2867 5962; x_wconf 84' lang='lat' dir='ltr'><strong>benedictionem</strong></span> <span class='ocrx_word' id='word_1_918' title='bbox 2903 5898 3048 5955; x_wconf 89' lang='lat' dir='ltr'><strong>nihil</strong></span> <span class='ocrx_word' id='word_1_919' title='bbox 3084 5897 3154 5955; x_wconf 85' lang='lat' dir='ltr'><strong>ad</strong></span> <span class='ocrx_word' id='word_1_920' title='bbox 3194 5896 3588 5957; x_wconf 80' lang='lat' dir='ltr'><strong>sanctiﬁcatio-</strong></span> 
     </span>
    </p>
   </div>
  </div>
