4044 6196
470 297 570 352 l6‘l
1257 293 1588 351 APPENDIX
1625 293 1713 350 AD
1750 291 1972 350 opum
2009 290 2243 352 SANCTI
2280 272 2582 352 canum
2620 291 3046 354 PARISIENSIS.
3732 295 3835 352 468

467 442 600 481 nem
627 426 827 496 juvare
867 422 1146 491 dicebant,
1201 422 1246 477 si
1295 421 1432 494 quid
1463 438 1532 478 ex
1574 439 1641 477 ea
1681 421 1844 478 ﬁeret
1889 423 2094 496 reliqui
2120 424 2571 510 Aviviticantem
2597 426 2858 498 gratiam,
2889 427 3220 497 perpetuam
3257 423 3319 478 in
3347 423 3470 495 ipso
3508 422 3769 479 existere.
3800 447 3828 474 »

465 519 526 574 in
572 519 748 574 alium
791 519 964 574 diem.
1011 519 1158 582 Quos
1199 515 1445 570 insanire
1487 515 1566 570 ait
1604 515 1862 587 Cyrillus.
1909 517 2100 589 Neque
2199 515 2305 570 Sed
2345 515 2568 588 longius
2605 519 2764 570 extra
2805 517 2984 570 metas
3027 512 3334 585 digredior,
3377 512 3448 568 ad
3487 513 3833 570 Gallicanum

467 613 621 669 enim
645 611 869 668 alterari
895 610 1200 677 Christum,
1231 625 1416 682 neque
1441 613 1700 665 sanctum
1729 610 1851 682 ejus
1895 627 2101 682 corpus
2199 608 2612 664 Lectionarium
2636 608 2817 664 venio.

468 706 757 762 immutari
787 722 801 759 :
831 704 926 759 sed
962 702 1372 758 benedictionis
1407 704 1522 758 vim
1560 721 1621 757 ac
1657 703 2002 773 facultatem,
2047 708 2102 758 et

859 1075 1113 1220 DE
1247 1071 2202 1253 LITUBGIA
2325 1068 3432 1220 GALLICANA

1525 1313 1944 1416 LIBER
2035 1312 2774 1418 SECUNDUS.

537 1659 659 1734 97
696 1664 746 1715 t.
778 1657 1056 1714 Absolutis
1085 1657 1153 1712 iis
1181 1671 1311 1728 qua
1337 1655 1408 1710 ad
1434 1655 1829 1711 illustrandam
1865 1659 2114 1710 veterem
2155 1655 2469 1728 Liturgiam
2507 1654 2846 1710 Gallicanam
2887 1656 3200 1711 necessario
3238 1656 3632 1727 pramittenda
3669 1657 3828 1713 vide-

463 1750 691 1816 bantur,
710 1749 832 1819 jam
861 1747 1090 1802 tandem
1115 1744 1484 1818 aggredimur
1509 1744 1808 1816 antiquum
1835 1745 2129 1800 Gallicana
2158 1744 2417 1800 Ecclesia
2445 1744 2878 1814 Lectionarium,
2911 1745 3072 1818 cujus
3097 1761 3335 1800 examen
3351 1746 3413 1800 in
3439 1747 3592 1802 hunc
3635 1746 3831 1802 locum

461 1838 801 1893 remisimus.
841 1837 1150 1906 Repertum
1187 1852 1220 1888 a
1245 1834 1408 1890 nobis
1435 1839 1520 1889 est
1547 1834 1604 1888 in
1633 1834 1945 1905 percelebri
1973 1835 2318 1889 monasterio
2344 1834 2698 1905 Luxoviensi,
2726 1835 2929 1891 litteris
2959 1835 3387 1912 Francogallicis
3411 1852 3510 1890 seu
3547 1836 3830 1891 Merovin-

463 1927 602 1998 gicis
629 1931 756 1980 ante
781 1941 960 1980 annos
984 1925 1141 1980 mille
1167 1923 1462 1996 scriptum,
1489 1928 1555 1979 ut
1581 1924 1705 1995 ipsa
1733 1925 2123 1979 charactcrum
2148 1925 2336 1978 forma
2355 1923 2725 1979 demonstrat.
2758 1924 3020 1980 Continet
3046 1941 3179 1980 vero
3203 1924 3469 1980 lectiones
3495 1925 3830 1996 prophetia-

459 2033 610 2083 rum,
639 2015 1034 2086 Epistolarum,
1065 2019 1122 2069 et
1145 2014 1576 2085 Evangeliorum
1602 2030 1704 2085 per
1735 2018 1917 2069 totum
1945 2030 2160 2068 annum
2200 2014 2260 2068 in
2287 2013 2459 2068 missa
2493 2017 2550 2068 et
2588 2014 2649 2068 in
2682 2013 2805 2068 aliis
2845 2013 3126 2086 majorum
3165 2013 3584 2070 solemnitatum
3627 2013 3834 2069 ofﬁciis

460 2105 794 2161 recitandas.
828 2103 967 2158 [llud
993 2103 1362 2173 Gallicanum,
1395 2104 1618 2159 tametsi
1642 2103 1848 2158 avulsis
1872 2103 2089 2175 aliquot
2111 2103 2312 2174 primis
2356 2103 2505 2157 foliis
2541 2103 2708 2158 titulo
2741 2103 3084 2171 destituitur,
3129 2103 3413 2176 appellare
3449 2120 3564 2158 non
3599 2103 3829 2158 dubita-

459 2211 608 2265 mus,
628 2211 744 2249 non
773 2194 955 2249 solum
983 2193 1134 2264 quod
1161 2193 1223 2248 in
1247 2193 1419 2248 Gallia
1443 2193 1717 2265 scriptum
1743 2199 1828 2248 est
1856 2197 1988 2248 ante
2015 2197 2308 2265 receptum
2333 2193 2594 2248 ordinem
2619 2193 3059 2265 Gregorianum,-
3083 2193 3180 2248 sed
3204 2193 3337 2266 quia
3360 2193 3626 2248 lectiones
3655 2192 3835 2248 habet

459 2284 644 2356 prisco
672 2300 826 2338 more
853 2281 1132 2337 Gallicano
1161 2282 1480 2354 dispositas,
1511 2299 1716 2354 nempe
1743 2283 1883 2338 duas
1909 2299 2012 2354 pro
2039 2282 2278 2353 singulis
2302 2283 2420 2338 fere
2460 2283 2666 2349 missis,
2712 2287 2923 2354 prater
2957 2282 3346 2354 Evangelium.
3383 2284 3657 2337 Praterea
3694 2298 3833 2337 cum

457 2373 650 2446 paucis
679 2373 794 2428 ima
817 2377 1138 2428 sanctorum
1163 2373 1306 2428 festa
1329 2373 1610 2428 contineat
1633 2373 1739 2428 iste
1765 2373 1928 2442 liber,
1958 2389 2139 2427 unum
2161 2389 2230 2426 ex
2252 2371 2359 2426 illis
2385 2373 2636 2444 assignat
2660 2377 2865 2427 sancta
2888 2373 3200 2440 Genovefa,
3246 2371 3408 2444 cujus
3445 2371 3629 2426 cultus
3672 2370 3834 2443 apud

461 2467 680 2518 exteros
709 2460 834 2536 98
862 2462 921 2517 in
947 2479 1012 2516 ea
1034 2462 1305 2517 festorum
1337 2463 1563 2518 raritate
1594 2463 1736 2518 tanti
1765 2479 1881 2517 non
1907 2463 2124 2518 fuisset.
2154 2463 2271 2517 Alia
2297 2463 2437 2517 ritus
2461 2462 2729 2527 Gallicani
2754 2467 3090 2534 argumenta
3119 2461 3234 2517 suis
3259 2461 3393 2516 locis
3407 2459 3829 2516 aduotabimus.

529 2584 583 2636 2.
625 2581 956 2636 Lectionarii
981 2581 1168 2636 Codex
1193 2581 1640 2652 antiquissimus,
1671 2582 1768 2637 sed
1799 2581 1960 2637 initio
1987 2581 2244 2648 mutilus,
2275 2581 2475 2653 incipit
2499 2582 2569 2636 ab
2595 2581 2685 2636 his
2715 2582 2866 2636 Isaia
2894 2581 3100 2650 verbis,
3123 2584 3304 2651 Neque
3318 2579 3634 2652 pradicens,
3657 2594 3836 2648 neque

457 2673 683 2726 audiens
701 2687 961 2726 sermones
990 2678 1208 2735 vestros,
1239 2677 1368 2741 etc.,
1399 2689 1579 2744 usque
1608 2674 1824 2728 laudem
1853 2673 1964 2742 ejus
1992 2675 2050 2726 in
2074 2673 2264 2727 insulis
2294 2673 2646 2735 nuntiabunt,
2678 2689 2806 2745 qua
2847 2678 2980 2728 sunt
3017 2672 3079 2726 in
3122 2671 3276 2726 Isaia
3310 2687 3433 2742 cap.
3472 2685 3558 2724 xu
3593 2684 3627 2721 a
3657 2683 3833 2722 versu

455 2766 524 2819 26
549 2763 621 2817 ad
644 2779 869 2816 versum
903 2765 966 2817 l2
993 2762 1192 2833 capitis
1220 2763 1528 2833 sequentis.
1561 2763 1820 2818 Succedit
1858 2763 1970 2816 alia
2005 2763 2170 2818 lectio
2210 2779 2342 2817 cum
2377 2768 2510 2818 nota
2549 2764 2840 2818 numerica
2889 2767 2921 2819 8
2965 2763 3036 2817 ad
3075 2763 3394 2832 marginem
3428 2760 3685 2831 ascripta.
3729 2759 3832 2812 lllc

454 2867 727 2906 numerus
752 2849 1000 2905 decurrit
1024 2851 1095 2905 ad
1126 2854 1209 2914 l2,
1239 2867 1340 2922 pro
1365 2867 1607 2906 numero
1634 2852 1867 2906 totidem
1896 2851 2223 2906 lectionum.
2253 2852 2464 2906 Deinde
2493 2853 2554 2907 in
2579 2852 2669 2907 die
2695 2853 2875 2907 Natali
2903 2852 3126 2906 Domini
3164 2868 3310 2906 nova
3343 2849 3567 2906 numeri
3601 2848 3828 2918 margi-

453 2940 593 2993 nalis
619 2939 790 2993 series
815 2939 1279 3008 deprehenditur,
1307 2956 1421 2994 non
1447 2957 1550 3011 pro
1575 2940 1811 3012 singulis
1837 2941 2190 3008 lectionibus,
2220 2940 2315 2995 sed
2345 2958 2448 3012 pro
2489 2941 2728 3013 singulis
2767 2941 2925 2996 festis
2967 2958 2980 2994 :
3026 2941 3144 2996 dies
3185 2958 3316 2996 vero
3353 2939 3557 2994 Natalis
3595 2935 3832 2991 Domini

452 3044 692 3083 numero
721 3030 752 3082 8
780 3027 1052 3098 praeditus
1078 3032 1180 3083 est.
1206 3029 1360 3083 Und’e
1389 3029 1448 3082 in
1473 3029 1567 3084 illo
1609 3031 1958 3085 Lcctionario
1995 3031 2201 3102 duplex
2240 3031 2566 3086 numericus
2601 3030 2738 3086 ordo
2779 3031 3052 3102 distingui
3087 3030 3270 3100 debet,
3309 3034 3514 3102 prater
3553 3041 3829 3082 numeros

451 3116 888 3192 quaternionum
922 3116 1172 3190 margini
1208 3117 1458 3173 inferiori
1498 3119 1781 3191 appositos
1811 3137 1824 3174 :
1855 3136 2023 3190 unus,
2071 3119 2172 3191 qui
2198 3120 2354 3174 festis
2380 3119 2628 3175 seriatim
2653 3120 3009 3175 recensendis
3033 3119 3334 3175 adhibetur
3358 3135 3371 3170 :
3393 3118 3553 3187 alter,
3576 3116 3678 3188 qui
3710 3114 3827 3168 ali-

451 3207 676 3280 quando
703 3206 1056 3276 lectionibus,
1084 3205 1183 3261 ubi
1207 3208 1397 3278 plures
1424 3213 1574 3278 sunt,
1605 3209 2026 3276 enumerandis,
2055 3209 2206 3280 quod
2235 3209 2294 3264 in
2321 3209 2544 3264 Sabbati
2585 3208 2762 3264 sancti
2801 3209 3137 3264 lectionibus
3179 3208 3526 3276 observatur,
3554 3205 3652 3260 ubi
3695 3201 3830 3259 toti-

451 3298 580 3353 dem
603 3297 848 3367 numeri,
882 3297 940 3352 id
965 3301 1049 3352 est
1068 3296 1386 3367 duodecim,
1414 3314 1518 3369 pro
1544 3299 1779 3354 totidem
1807 3299 2140 3354 lectionibus
2164 3299 2530 3370 adhibentur,
2558 3299 2643 3354 uti
2667 3301 2726 3354 et
2749 3299 2808 3354 in
2835 3299 3028 3372 vigilia
3053 3298 3260 3364 Natalis
3288 3297 3529 3352 Domini.

521 3420 574 3472 3.
615 3416 754 3472 Hinc
777 3416 1114 3489 colligimus,
1142 3416 1201 3470 in
1227 3417 1324 3471 illo
1351 3417 1701 3472 Lectionario
1726 3423 1963 3491 septem,
1993 3436 2121 3490 qua
2146 3419 2311 3474 initio
2336 3423 2467 3474 ante
2495 3419 2685 3473 Natale
2728 3418 2954 3474 Domini
2992 3418 3215 3488 desunt,
3247 3415 3567 3472 numericas
3602 3412 3824 3469 ofﬁcio-

446 3524 578 3564 rum
618 3524 718 3562 seu
755 3508 1030 3563 festorum
1073 3507 1298 3562 dierum
1337 3511 1498 3562 notas
1537 3508 1886 3579 pracessisse
1928 3508 1990 3564 in
2029 3509 2178 3564 foliis
2211 3509 2436 3580 avulsis,
2478 3525 2608 3564 cum
2645 3508 2762 3564 dies
2799 3507 3008 3564 Natalis
3041 3506 3265 3562 Domini
3305 3512 3530 3562 octavus
3569 3505 3661 3560 sit.
3710 3505 3825 3560 Sed

447 3614 710 3670 quanam
736 3596 834 3650 illa
853 3597 1078 3652 ofticia?
1108 3597 1296 3653 Unum
1323 3601 1409 3652 est
1434 3597 1504 3653 de
1529 3597 1725 3669 vigilia
1753 3599 2068 3654 Nativitatis
2097 3617 2111 3654 :
2145 3599 2215 3654 de
2241 3599 2368 3654 aliis
2397 3615 2511 3654 non
2541 3599 2621 3654 ita
2643 3597 2824 3652 facilis
2853 3613 2986 3653 sane
3014 3597 3359 3668 conjectura.
3387 3595 3599 3652 Missale
3636 3594 3820 3649 Μυκε-

447 3686 670 3756 rabum,
699 3686 790 3740 cui
815 3686 1164 3740 Gallicanum
1193 3687 1456 3742 accedere
1476 3687 1736 3758 superius
1766 3687 2034 3758 diximus,
2062 3688 2261 3760 incipit
2285 3706 2317 3743 a
2343 3705 2441 3744 sex
2467 3687 2769 3744 Dominicis
2795 3688 3080 3742 Adventus
3102 3693 3230 3742 ante
3261 3685 3450 3741 Natale
3496 3683 3724 3752 Christi,
3765 3688 3827 3739 et

445 3765 550 3847 pro
577 3775 657 3829 eis
681 3774 918 3829 totidem
945 3775 1194 3847 assignat
1219 3776 1420 3831 ofﬁcia.
1453 3776 1662 3831 Deinde
1687 3777 1747 3831 in
1776 3779 1976 3833 eodem
2000 3778 2264 3849 quadam
2289 3777 2430 3832 festa
2449 3782 2770 3832 sanctorum
2792 3777 3192 3848 subjiciuntur,
3217 3775 3475 3845 Andrea,
3499 3772 3821 3842 Saturnini,

446 3863 696 3932 Eulalia,
730 3864 985 3933 Thoma,
1013 3865 1492 3921 Annuntiationis.
1518 3869 1660 3922 Ante
1685 3883 1862 3922 annos
1889 3867 2044 3923 mille
2071 3869 2362 3924 Adventus
2391 3884 2599 3924 nomen
2626 3867 3004 3922 rariusculum
3030 3871 3171 3936 erat,
3200 3865 3421 3921 tametsi
3444 3880 3534 3920 res
3553 3863 3674 3936 ipsa
3694 3867 3827 3918 erat

445 3951 508 4007 in
533 3969 662 4023 usu,
693 3952 906 4008 scilicet
924 3955 1260 4026 praeparatio
1281 3955 1544 4026 quadam
1565 3955 1624 4010 in
1648 3957 1889 4013 Ecclesia
1908 3958 2173 4014 solemnis
2191 3958 2261 4013 ad
2282 3957 2534 4014 Natalem
2563 3955 2688 4031 99
2720 3957 2946 4012 Domini
2967 3957 3074 4013 rite
3096 3954 3581 4029 praveniendum.
3601 3953 3822 4008 Verum

444 4058 559 4097 non
589 4041 668 4096 ita
696 4046 849 4097 ratus
876 4042 1089 4115 ubique
1115 4060 1178 4098 ac
1208 4044 1492 4115 deﬁnitus,
1523 4051 1589 4131 ut
1612 4063 1788 4114 nunc,
1822 4047 2241 4103 Dominicarum
2276 4064 2570 4106 numerus.

517 4163 566 4214 1.
607 4161 670 4214 In
695 4158 921 4215 Ordinis
945 4160 1223 4216 Gelasiani
1252 4162 1397 4217 libro
1425 4179 1465 4217 ιι
1486 4179 1520 4217 a
1542 4180 1784 4219 numero
1813 4168 1880 4221 80
1905 4167 2266 4239 assignantur
2296 4166 2492 4222 missa
2508 4167 2764 4240 quinque
2792 4166 2861 4222 de
2886 4166 3146 4221 Adventu
3173 4161 3432 4232 Domini;
3476 4157 3537 4216 in
3569 4157 3820 4216 Ambro-

441 4247 599 4304 siano
624 4265 744 4320 sex,
775 4254 839 4304 ut
863 4249 923 4304 in
952 4251 1290 4306 Mozarabico
1320 4271 1334 4308 :
1363 4257 1421 4308 at
1443 4253 1504 4308 in
1529 4254 1760 4308 Gothico
1785 4271 1884 4309 seu
1913 4255 2215 4328 Gallicano,
2245 4256 2398 4329 quod
2424 4257 2518 4311 hic
2553 4274 2624 4313 ex
2661 4255 2964 4311 Thomasio
3003 4254 3361 4322 exhibemus,
3402 4255 3623 4306 tantum
3656 4248 3819 4320 dua,

439 4356 581 4411 quas
605 4340 862 4412 sequitur
887 4341 1227 4412 praparatio
1251 4342 1322 4396 ad
1348 4359 1640 4415 vesperam
1669 4343 1879 4398 Natalis
1906 4345 2148 4416 Domini,
2179 4346 2272 4401 cui
2299 4347 2601 4418 respondet
2629 4347 2872 4402 Ordinis’
2892 4343 3246 4400 Ambrosiani
3285 4341 3452 4396 missa
3487 4339 3557 4394 de
3579 4339 3816 4410 Exspe-

439 4434 608 4499 ctato,
636 4447 765 4501 qua
794 4431 862 4486 de
887 4432 1190 4504 Exceptato
1215 4432 1275 4488 in
1301 4433 1474 4488 Editis
1500 4434 1837 4506 appellatur.
1866 4435 2094 4491 Eadem
2118 4442 2252 4492 sunt
2275 4437 2334 4492 in
2361 4437 2641 4492 Gallicano
2669 4437 2796 4492 dua
2826 4436 3028 4508 prima
3079 4434 3358 4490 orationes
3393 4447 3496 4504 pro
3535 4427 3824 4484 ambabus

438 4519 644 4588 missis,
675 4523 844 4590 atque
868 4519 926 4574 in
952 4521 1243 4578 Gelasiano
1267 4541 1370 4595 pro
1397 4523 1614 4579 duabus
1642 4525 1842 4596 primis
1878 4544 1891 4581 :
1922 4525 2109 4597 prima
2133 4527 2366 4599 quidem
2396 4528 2573 4584 oratio
2601 4545 2715 4582 non
2745 4527 2994 4582 multum
3035 4525 3086 4580 ei
3127 4522 3430 4592 dissimilis,
3469 4537 3595 4594 qua
3634 4518 3819 4573 modo

439 4605 500 4660 in
526 4606 812 4661 Dominica
838 4609 1021 4679 prima
1048 4611 1334 4668 Adventus
1368 4613 1594 4670 recitari
1621 4616 1782 4686 solet,
1815 4615 2060 4671 secunda
2084 4617 2318 4673 omnino
2347 4619 2542 4673 eadem
2574 4634 2706 4673 cum
2733 4621 2926 4672 nostra
2951 4614 3255 4671 Dominica
3285 4611 3566 4668 secunda.

512 4727 566 4779 5.
595 4724 658 4778 In
686 4723 936 4779 homiliis
961 4726 1208 4798 Casarii,
1238 4731 1474 4802 aliisque
1499 4739 1629 4789 ante
1653 4735 1924 4790 saeculum
1953 4752 2026 4790 vn
2053 4736 2238 4807 editis,
2269 4737 2421 4792 nulla
2451 4737 2520 4792 de
2547 4737 2802 4792 Adventu
2829 4735 3072 4802 Domini,
3109 4739 3382 4805 tanquam
3420 4731 3489 4786 dc
3523 4723 3820 4800 singulari

436 4813 681 4886 quadam
705 4814 964 4870 instituta
988 4815 1336 4887 celebritate,
1367 4821 1604 4876 homilia
1643 4824 1894 4896 legitur:
1929 4827 2028 4881 sed
2067 4827 2112 4881 si
2153 4843 2264 4899 qua
2305 4827 2568 4898 occurrit,
2613 4827 2933 4883 exhortatio
2966 4831 3050 4881 est
3091 4825 3161 4879 ad
3201 4821 3405 4878 Christi
3443 4817 3820 4874 Nativitatem

437 4920 567 4958 cum
596 4904 801 4976 pietate
828 4905 1306 4976 praveniendam.
1351 4909 1409 4963 In
1450 4911 1777 4970 Homiliario
1817 4916 2262 4989 Sanctigallensi,
2315 4917 2518 4972 litteris
2552 4917 2877 4990 majusculis
2914 4916 2985 4970 ab
3024 4915 3186 4970 annis
3226 4912 3382 4968 mille
3419 4909 3648 4980 scripto,
3685 4906 3821 4961 duo

435 5009 724 5049 sermones
749 4994 1031 5050 habentur
1059 5013 1161 5068 pro
1187 4997 1277 5053 die
1307 4998 1595 5054 Dominica
1639 5009 1769 5058 ante
1808 5006 1997 5062 Natale
2039 5007 2278 5074 Domini,
2323 5008 2419 5062 sed
2456 5007 2715 5080 inscripti
2742 5005 3046 5062 hoc’modo
3078 5022 3091 5060 :
3134 5002 3424 5061 Dicendum
3463 5015 3562 5054 seu
3587 4998 3824 5054 Dictum

435 5085 562 5136 ante
589 5084 788 5140 Natale
811 5088 1044 5156 Domini,
1075 5086 1197 5141 sine
1223 5088 1338 5142 ulla
1363 5090 1648 5145 mentione
1676 5093 1950 5150 adventus
1977 5113 2081 5168 per
2109 5102 2292 5152 totum
2322 5097 2464 5152 illud
2490 5114 2694 5169 corpus
2723 5097 3106 5166 homiliarum,
3138 5109 3268 5166 qua
3293 5107 3396 5164 per
3419 5103 3634 5144 annum
3661 5091 3823 5141 tunc

432 5169 786 5244 legebantur,
817 5175 1105 5248 pleraque
1131 5192 1200 5232 ex
1221 5178 1464 5234 Casario
1491 5180 1753 5252 episcopo
1779 5184 2112 5242 Arelatensi.
2139 5188 2301 5244 Certe
2331 5204 2515 5260 neque
2546 5187 2800 5254 concilia,
2831 5203 3018 5259 neque
3060 5183 3274 5256 regula
3313 5181 3541 5235 illorum
3572 5182 3822 5246 tempo-

433 5275 588 5326 rum,
613 5262 858 5330 Casarii,
891 5267 1198 5340 Aureliani,
1229 5269 1495 5338 Ferreoli,
1523 5271 1830 5343 Benedicti,
1859 5274 2034 5330 ullam
2064 5277 2132 5331 de
2161 5278 2446 5333 Adventus
2473 5278 2692 5332 Domini
2731 5277 2998 5332 vocabulo
3047 5275 3112 5346 (si
3154 5273 3300 5329 bene
3333 5266 3588 5338 memini)
3629 5281 3820 5321 men-

430 5349 642 5406 tionem
677 5352 908 5410 faciunt.
948 5357 1240 5414 Ambrosio
1281 5364 1472 5417 tamen
1513 5362 1764 5435 hymnus
1806 5363 1875 5418 de
1913 5365 2170 5422 Adventu
2205 5369 2428 5424 Domini
2469 5368 2744 5426 tribuitur
2787 5368 2846 5423 in
2881 5364 3187 5440 Hymnario
3225 5364 3420 5419 Roma
3465 5372 3650 5429 nuper
3683 5353 3820 5410 im-

430 5462 646 5519 presso.

501 5572 554 5626 6.
589 5571 650 5625 In
675 5569 920 5642 quadam
947 5572 1202 5644 epistola,
1230 5591 1360 5646 qua
1389 5578 1494 5633 sub
1520 5580 1827 5651 Augustini
1853 5580 2086 5636 nomine
2112 5583 2184 5637 ad
2213 5583 2511 5640 Bibianum
2535 5586 2943 5642 Santonensem
2971 5582 3302 5654 episcopum
3331 5578 3391 5632 in
3432 5573 3633 5630 Codice
3665 5572 3828 5628 Car.

423 5659 677 5716 nutensis
710 5657 760 5733 1
779 5656 910 5733 οο
935 5662 1112 5718 sancti
1144 5663 1294 5718 Petri
1339 5669 1690 5738 monasterii,
1735 5675 1864 5726 ante
1894 5687 2071 5727 annos
2111 5673 2468 5746 octingentos
2511 5680 2758 5742 exarato,
2801 5678 2926 5746 post
2959 5669 3284 5741 Hieronymi
3321 5665 3582 5740 quadam
3622 5679 3827 5734 opem

425 5749 709 5822 reperitur
729 5767 746 5820 ;
778 5751 1054 5807 nonnulla
1077 5751 1148 5808 de
1171 5753 1431 5810 Adventu
1462 5757 1679 5812 Domini
1698 5758 1990 5831 leguntur,
2011 5762 2102 5818 hic
2124 5763 2317 5836 paucis
2337 5764 2653 5820 delibanda.
2671 5768 2882 5820 Auctor
2902 5763 2980 5817 ait
3005 5760 3226 5816 Bibiani
3247 5763 3447 5830 rogatu
3469 5771 3527 5810 se
3547 5752 3827 5825 dirigere

430 5858 457 5888 α
489 5837 760 5898 Ordinem
787 5840 1330 5918 Hipponaregiensis
1355 5846 1623 5919 ecclesia,
1654 5849 1898 5923 qualiter
1922 5851 2112 5910 divina
2148 5854 2330 5910 ofﬁcia
2375 5855 2496 5928 (per
2533 5871 2748 5911 annum
2783 5853 2845 5910 in
2879 5869 2945 5910 ea
2983 5851 3217 5909 ecclesia
3255 5847 3523 5922 disposita
3562 5847 3827 5918 essent,)
