  <div class='ocr_page' id='page_1' title='image "/cluster/home/n/w/nwhite01/storage/ocr_20150623/72/hvd.32044054758768/090.png"; bbox 0 0 4044 6196; ppageno 0'>
   <div class='ocr_carea' id='block_1_1' title="bbox 235 279 3598 362">
    <p class='ocr_par' dir='ltr' id='par_1_1' title="bbox 235 279 3598 362">
     <span class='ocr_line' id='line_1_1' title="bbox 235 279 3598 362; baseline 0 -21"><span class='ocrx_word' id='word_1_1' title='bbox 235 282 342 342; x_wconf 79' lang='grc'>169</span> <span class='ocrx_word' id='word_1_2' title='bbox 1332 281 1418 339; x_wconf 89' lang='lat' dir='ltr'><strong>DE</strong></span> <span class='ocrx_word' id='word_1_3' title='bbox 1455 281 1767 338; x_wconf 82' lang='lat' dir='ltr'>LITUBGIA</span> <span class='ocrx_word' id='word_1_4' title='bbox 1803 280 2174 337; x_wconf 82' lang='lat' dir='ltr'>GALLICANA</span> <span class='ocrx_word' id='word_1_5' title='bbox 2211 279 2410 336; x_wconf 83' lang='lat' dir='ltr'>LIBER</span> <span class='ocrx_word' id='word_1_6' title='bbox 2447 279 2511 335; x_wconf 89' lang='lat' dir='ltr'>II.</span> <span class='ocrx_word' id='word_1_7' title='bbox 2698 298 2712 312; x_wconf 85' lang='lat'><strong>&#39;</strong></span> <span class='ocrx_word' id='word_1_8' title='bbox 3200 345 3218 362; x_wconf 49' lang='lat'>.</span> <span class='ocrx_word' id='word_1_9' title='bbox 3499 288 3598 342; x_wconf 80' lang='grc'>170</span> 
     </span>
    </p>
   </div>
   <div class='ocr_carea' id='block_1_2' title="bbox 229 411 3598 489">
    <p class='ocr_par' dir='ltr' id='par_1_2' title="bbox 229 411 3598 489">
     <span class='ocr_line' id='line_1_2' title="bbox 229 411 3598 489; baseline 0 -17"><span class='ocrx_word' id='word_1_10' title='bbox 229 418 406 472; x_wconf 82' lang='lat' dir='ltr'>totius</span> <span class='ocrx_word' id='word_1_11' title='bbox 430 418 565 472; x_wconf 89' lang='lat' dir='ltr'>anni</span> <span class='ocrx_word' id='word_1_12' title='bbox 591 416 882 489; x_wconf 98' lang='lat' dir='ltr'>opiﬁcium</span> <span class='ocrx_word' id='word_1_13' title='bbox 909 415 969 471; x_wconf 91' lang='lat' dir='ltr'>in</span> <span class='ocrx_word' id='word_1_14' title='bbox 995 415 1328 472; x_wconf 87' lang='lat' dir='ltr'>lectionibus</span> <span class='ocrx_word' id='word_1_15' title='bbox 1353 415 1559 471; x_wconf 85' lang='lat' dir='ltr'>divinis</span> <span class='ocrx_word' id='word_1_16' title='bbox 1586 413 2080 486; x_wconf 87' lang='lat' dir='ltr'>(perstringendo,)</span> <span class='ocrx_word' id='word_1_17' title='bbox 2109 413 2442 484; x_wconf 79' lang='lat' dir='ltr'>incipientes</span> <span class='ocrx_word' id='word_1_18' title='bbox 2470 411 2691 484; x_wconf 87' lang='lat' dir='ltr'>(inquit)</span> <span class='ocrx_word' id='word_1_19' title='bbox 2723 411 2983 468; x_wconf 89' lang='lat' dir='ltr'>ordinem</span> <span class='ocrx_word' id='word_1_20' title='bbox 3007 413 3292 469; x_wconf 83' lang='lat' dir='ltr'>Adventus</span> <span class='ocrx_word' id='word_1_21' title='bbox 3319 415 3598 473; x_wconf 89' lang='lat' dir='ltr'>Dominici</span> 
     </span>
    </p>
   </div>
   <div class='ocr_carea' id='block_1_3' title="bbox 228 502 3601 578">
    <p class='ocr_par' dir='ltr' id='par_1_3' title="bbox 228 502 3601 578">
     <span class='ocr_line' id='line_1_3' title="bbox 228 502 3601 578; baseline 0.001 -18"><span class='ocrx_word' id='word_1_22' title='bbox 228 523 264 560; x_wconf 90' lang='lat' dir='ltr'>a</span> <span class='ocrx_word' id='word_1_23' title='bbox 290 524 388 561; x_wconf 85' lang='lat' dir='ltr'>vm</span> <span class='ocrx_word' id='word_1_24' title='bbox 419 508 693 562; x_wconf 83' lang='lat' dir='ltr'>Kalendas</span> <span class='ocrx_word' id='word_1_25' title='bbox 718 507 990 574; x_wconf 80' lang='lat' dir='ltr'>Octobris,</span> <span class='ocrx_word' id='word_1_26' title='bbox 1030 506 1106 576; x_wconf 88' lang='lat' dir='ltr'>(id</span> <span class='ocrx_word' id='word_1_27' title='bbox 1137 507 1235 577; x_wconf 89' lang='lat' dir='ltr'>est)</span> <span class='ocrx_word' id='word_1_28' title='bbox 1269 505 1608 578; x_wconf 57' lang='lat' dir='ltr'>aequinoctio</span> <span class='ocrx_word' id='word_1_29' title='bbox 1641 504 1957 559; x_wconf 80' lang='lat' dir='ltr'>autumnali</span> <span class='ocrx_word' id='word_1_30' title='bbox 1987 521 2000 558; x_wconf 89' lang='lat'><strong>:</strong></span> <span class='ocrx_word' id='word_1_31' title='bbox 2032 521 2137 574; x_wconf 90' lang='lat' dir='ltr'>pro</span> <span class='ocrx_word' id='word_1_32' title='bbox 2166 520 2232 558; x_wconf 93' lang='lat' dir='ltr'>eo</span> <span class='ocrx_word' id='word_1_33' title='bbox 2260 503 2411 574; x_wconf 91' lang='lat' dir='ltr'>quod</span> <span class='ocrx_word' id='word_1_34' title='bbox 2437 503 2633 558; x_wconf 89' lang='lat' dir='ltr'>eadem</span> <span class='ocrx_word' id='word_1_35' title='bbox 2656 502 2746 556; x_wconf 90' lang='lat' dir='ltr'>die</span> <span class='ocrx_word' id='word_1_36' title='bbox 2775 503 3010 557; x_wconf 82' lang='lat' dir='ltr'>Joannes</span> <span class='ocrx_word' id='word_1_37' title='bbox 3036 520 3350 574; x_wconf 74' lang='lat' dir='ltr'>praecursor</span> <span class='ocrx_word' id='word_1_38' title='bbox 3377 507 3601 562; x_wconf 81' lang='lat' dir='ltr'>Domini</span> 
     </span>
    </p>
   </div>
   <div class='ocr_carea' id='block_1_4' title="bbox 227 592 3600 669">
    <p class='ocr_par' dir='ltr' id='par_1_4' title="bbox 227 592 3600 669">
     <span class='ocr_line' id='line_1_4' title="bbox 227 592 3600 669; baseline 0.001 -21"><span class='ocrx_word' id='word_1_39' title='bbox 227 612 260 648; x_wconf 88' lang='lat' dir='ltr'>a</span> <span class='ocrx_word' id='word_1_40' title='bbox 305 596 620 667; x_wconf 82' lang='lat' dir='ltr'>majoribus</span> <span class='ocrx_word' id='word_1_41' title='bbox 660 597 864 651; x_wconf 84' lang='lat' dir='ltr'>nostris</span> <span class='ocrx_word' id='word_1_42' title='bbox 904 595 1149 650; x_wconf 84' lang='lat' dir='ltr'>traditur</span> <span class='ocrx_word' id='word_1_43' title='bbox 1191 600 1247 650; x_wconf 94' lang='lat' dir='ltr'>et</span> <span class='ocrx_word' id='word_1_44' title='bbox 1286 597 1491 667; x_wconf 82' lang='lat' dir='ltr'>angelo</span> <span class='ocrx_word' id='word_1_45' title='bbox 1518 595 1816 649; x_wconf 86' lang='lat' dir='ltr'>nuntiante</span> <span class='ocrx_word' id='word_1_46' title='bbox 1844 598 2165 664; x_wconf 87' lang='lat' dir='ltr'>conceptus,</span> <span class='ocrx_word' id='word_1_47' title='bbox 2200 599 2257 648; x_wconf 92' lang='lat' dir='ltr'>et</span> <span class='ocrx_word' id='word_1_48' title='bbox 2285 593 2514 647; x_wconf 86' lang='lat' dir='ltr'>Herodis</span> <span class='ocrx_word' id='word_1_49' title='bbox 2539 592 2750 647; x_wconf 88' lang='lat' dir='ltr'>funesti</span> <span class='ocrx_word' id='word_1_50' title='bbox 2772 593 2959 663; x_wconf 83' lang='lat' dir='ltr'>gladio</span> <span class='ocrx_word' id='word_1_51' title='bbox 2985 593 3317 649; x_wconf 89' lang='lat' dir='ltr'>trucidatus.</span> <span class='ocrx_word' id='word_1_52' title='bbox 3350 597 3600 669; x_wconf 88' lang='lat' dir='ltr'>Dignum</span> 
     </span>
    </p>
   </div>
   <div class='ocr_carea' id='block_1_5' title="bbox 226 682 3596 756">
    <p class='ocr_par' dir='ltr' id='par_1_5' title="bbox 226 682 3596 756">
     <span class='ocr_line' id='line_1_5' title="bbox 226 682 3596 756; baseline 0.001 -18"><span class='ocrx_word' id='word_1_53' title='bbox 226 701 482 756; x_wconf 87' lang='lat' dir='ltr'>namque</span> <span class='ocrx_word' id='word_1_54' title='bbox 503 691 585 740; x_wconf 90' lang='lat' dir='ltr'>est</span> <span class='ocrx_word' id='word_1_55' title='bbox 611 686 821 755; x_wconf 86' lang='lat' dir='ltr'>(subdit</span> <span class='ocrx_word' id='word_1_56' title='bbox 849 685 960 754; x_wconf 90' lang='lat' dir='ltr'>ille)</span> <span class='ocrx_word' id='word_1_57' title='bbox 991 689 1055 738; x_wconf 90' lang='lat' dir='ltr'>ut</span> <span class='ocrx_word' id='word_1_58' title='bbox 1085 685 1155 738; x_wconf 89' lang='lat' dir='ltr'>ab</span> <span class='ocrx_word' id='word_1_59' title='bbox 1186 685 1383 739; x_wconf 88' lang='lat' dir='ltr'>eadem</span> <span class='ocrx_word' id='word_1_60' title='bbox 1405 685 1493 739; x_wconf 90' lang='lat' dir='ltr'>die</span> <span class='ocrx_word' id='word_1_61' title='bbox 1518 701 1700 755; x_wconf 91' lang='lat' dir='ltr'>usque</span> <span class='ocrx_word' id='word_1_62' title='bbox 1728 684 1801 738; x_wconf 90' lang='lat' dir='ltr'>ad</span> <span class='ocrx_word' id='word_1_63' title='bbox 1846 683 2202 738; x_wconf 85' lang='lat' dir='ltr'>Nativitatem</span> <span class='ocrx_word' id='word_1_64' title='bbox 2227 682 2454 748; x_wconf 81' lang='lat' dir='ltr'>Christi,</span> <span class='ocrx_word' id='word_1_65' title='bbox 2483 682 2890 752; x_wconf 86' lang='lat' dir='ltr'>prophetarum</span> <span class='ocrx_word' id='word_1_66' title='bbox 2919 699 3131 753; x_wconf 87' lang='lat' dir='ltr'>organa</span> <span class='ocrx_word' id='word_1_67' title='bbox 3160 686 3596 756; x_wconf 86' lang='lat' dir='ltr'>tympanizando</span> 
     </span>
    </p>
   </div>
   <div class='ocr_carea' id='block_1_6' title="bbox 225 771 3597 845">
    <p class='ocr_par' dir='ltr' id='par_1_6' title="bbox 225 771 3597 845">
     <span class='ocr_line' id='line_1_6' title="bbox 225 771 3597 845; baseline 0.001 -17"><span class='ocrx_word' id='word_1_68' title='bbox 225 774 471 829; x_wconf 88' lang='lat' dir='ltr'>resultet</span> <span class='ocrx_word' id='word_1_69' title='bbox 491 776 752 829; x_wconf 86' lang='lat' dir='ltr'>Ecclesia.</span> <span class='ocrx_word' id='word_1_70' title='bbox 781 775 888 829; x_wconf 93' lang='lat' dir='ltr'>Sed</span> <span class='ocrx_word' id='word_1_71' title='bbox 914 773 1048 845; x_wconf 84' lang='lat' dir='ltr'>quia</span> <span class='ocrx_word' id='word_1_72' title='bbox 1075 778 1208 828; x_wconf 91' lang='lat' dir='ltr'>sunt</span> <span class='ocrx_word' id='word_1_73' title='bbox 1231 774 1493 829; x_wconf 91' lang='lat' dir='ltr'>nonnulli</span> <span class='ocrx_word' id='word_1_74' title='bbox 1517 773 1615 845; x_wconf 87' lang='lat' dir='ltr'>qui</span> <span class='ocrx_word' id='word_1_75' title='bbox 1641 774 1958 828; x_wconf 78' lang='lat' dir='ltr'>Adventum</span> <span class='ocrx_word' id='word_1_76' title='bbox 1987 773 2211 826; x_wconf 88' lang='lat' dir='ltr'>Domini</span> <span class='ocrx_word' id='word_1_77' title='bbox 2238 789 2271 825; x_wconf 91' lang='lat' dir='ltr'>a</span> <span class='ocrx_word' id='word_1_78' title='bbox 2300 771 2596 825; x_wconf 83' lang='lat' dir='ltr'>festivitate</span> <span class='ocrx_word' id='word_1_79' title='bbox 2622 771 2772 825; x_wconf 84' lang='lat' dir='ltr'>beati</span> <span class='ocrx_word' id='word_1_80' title='bbox 2800 772 3018 825; x_wconf 86' lang='lat' dir='ltr'>Martini</span> <span class='ocrx_word' id='word_1_81' title='bbox 3057 773 3399 829; x_wconf 89' lang='lat' dir='ltr'>Turonensis</span> <span class='ocrx_word' id='word_1_82' title='bbox 3439 777 3597 832; x_wconf 86' lang='lat' dir='ltr'>urbis</span> 
     </span>
    </p>
   </div>
   <div class='ocr_carea' id='block_1_7' title="bbox 225 861 3598 934">
    <p class='ocr_par' dir='ltr' id='par_1_7' title="bbox 225 861 3598 934">
     <span class='ocr_line' id='line_1_7' title="bbox 225 861 3598 934; baseline 0.001 -17"><span class='ocrx_word' id='word_1_83' title='bbox 225 863 484 934; x_wconf 81' lang='lat' dir='ltr'>episcopi</span> <span class='ocrx_word' id='word_1_84' title='bbox 511 864 772 919; x_wconf 87' lang='lat' dir='ltr'>videntur</span> <span class='ocrx_word' id='word_1_85' title='bbox 796 863 1129 934; x_wconf 85' lang='lat' dir='ltr'>insipienter</span> <span class='ocrx_word' id='word_1_86' title='bbox 1154 865 1428 930; x_wconf 84' lang='lat' dir='ltr'>excolere,</span> <span class='ocrx_word' id='word_1_87' title='bbox 1462 881 1567 919; x_wconf 91' lang='lat' dir='ltr'>nos</span> <span class='ocrx_word' id='word_1_88' title='bbox 1587 881 1681 918; x_wconf 92' lang='lat' dir='ltr'>eos</span> <span class='ocrx_word' id='word_1_89' title='bbox 1709 880 1824 918; x_wconf 90' lang='lat' dir='ltr'>non</span> <span class='ocrx_word' id='word_1_90' title='bbox 1856 863 2360 934; x_wconf 85' lang='lat' dir='ltr'>reprehendamus,</span> <span class='ocrx_word' id='word_1_91' title='bbox 2385 861 2516 932; x_wconf 89' lang='lat' dir='ltr'>quia</span> <span class='ocrx_word' id='word_1_92' title='bbox 2542 877 2656 914; x_wconf 89' lang='lat' dir='ltr'>non</span> <span class='ocrx_word' id='word_1_93' title='bbox 2682 877 2876 915; x_wconf 89' lang='lat' dir='ltr'>omnes</span> <span class='ocrx_word' id='word_1_94' title='bbox 2900 862 3090 916; x_wconf 86' lang='lat' dir='ltr'>omnia</span> <span class='ocrx_word' id='word_1_95' title='bbox 3118 868 3373 933; x_wconf 89' lang='lat' dir='ltr'>possunt,</span> <span class='ocrx_word' id='word_1_96' title='bbox 3403 870 3459 920; x_wconf 91' lang='lat' dir='ltr'>et</span> <span class='ocrx_word' id='word_1_97' title='bbox 3476 883 3598 920; x_wconf 90' lang='lat' dir='ltr'>ma-</span> 
     </span>
    </p>
   </div>
   <div class='ocr_carea' id='block_1_8' title="bbox 222 950 3597 1024">
    <p class='ocr_par' dir='ltr' id='par_1_8' title="bbox 222 950 3597 1024">
     <span class='ocr_line' id='line_1_8' title="bbox 222 950 3597 1024; baseline 0.001 -18"><span class='ocrx_word' id='word_1_98' title='bbox 222 953 389 1007; x_wconf 86' lang='lat' dir='ltr'>xime</span> <span class='ocrx_word' id='word_1_99' title='bbox 426 969 556 1007; x_wconf 92' lang='lat' dir='ltr'>cum</span> <span class='ocrx_word' id='word_1_100' title='bbox 591 954 887 1024; x_wconf 86' lang='lat' dir='ltr'>Apostolus</span> <span class='ocrx_word' id='word_1_101' title='bbox 924 952 1075 1008; x_wconf 88' lang='lat' dir='ltr'>dicat</span> <span class='ocrx_word' id='word_1_102' title='bbox 1102 970 1114 1006; x_wconf 89' lang='lat'>:</span> <span class='ocrx_word' id='word_1_103' title='bbox 1150 953 1462 1024; x_wconf 88' lang='lat' dir='ltr'>Unicuique</span> <span class='ocrx_word' id='word_1_104' title='bbox 1484 954 1627 1008; x_wconf 89' lang='lat' dir='ltr'>sicut</span> <span class='ocrx_word' id='word_1_105' title='bbox 1655 955 1798 1008; x_wconf 89' lang='lat' dir='ltr'>Deus</span> <span class='ocrx_word' id='word_1_106' title='bbox 1826 953 2015 1007; x_wconf 85' lang='lat' dir='ltr'>divisit</span> <span class='ocrx_word' id='word_1_107' title='bbox 2042 968 2367 1006; x_wconf 85' lang='lat' dir='ltr'>mensuram</span> <span class='ocrx_word' id='word_1_108' title='bbox 2398 950 2547 1006; x_wconf 81' lang='lat' dir='ltr'>fidei.</span> <span class='ocrx_word' id='word_1_109' title='bbox 2579 951 2685 1005; x_wconf 92' lang='lat' dir='ltr'>Sed</span> <span class='ocrx_word' id='word_1_110' title='bbox 2711 950 2878 1020; x_wconf 89' lang='lat' dir='ltr'>longe</span> <span class='ocrx_word' id='word_1_111' title='bbox 2905 952 3066 1006; x_wconf 88' lang='lat' dir='ltr'>aliter</span> <span class='ocrx_word' id='word_1_112' title='bbox 3085 957 3168 1006; x_wconf 91' lang='lat' dir='ltr'>est</span> <span class='ocrx_word' id='word_1_113' title='bbox 3182 953 3475 1024; x_wconf 89' lang='lat' dir='ltr'>plenitudo</span> <span class='ocrx_word' id='word_1_114' title='bbox 3503 972 3597 1010; x_wconf 89' lang='lat' dir='ltr'>or-</span> 
     </span>
    </p>
   </div>
   <div class='ocr_carea' id='block_1_9' title="bbox 223 1040 3599 1114">
    <p class='ocr_par' dir='ltr' id='par_1_9' title="bbox 223 1040 3599 1114">
     <span class='ocr_line' id='line_1_9' title="bbox 223 1040 3599 1114; baseline 0.001 -18"><span class='ocrx_word' id='word_1_115' title='bbox 223 1041 386 1096; x_wconf 91' lang='lat' dir='ltr'>dinis</span> <span class='ocrx_word' id='word_1_116' title='bbox 433 1047 488 1097; x_wconf 91' lang='lat' dir='ltr'>et</span> <span class='ocrx_word' id='word_1_117' title='bbox 532 1043 826 1114; x_wconf 85' lang='lat' dir='ltr'>religionis</span> <span class='ocrx_word' id='word_1_118' title='bbox 871 1047 1098 1098; x_wconf 66' lang='lat' dir='ltr'>nostrae.</span> <span class='ocrx_word' id='word_1_119' title='bbox 1143 1044 1414 1098; x_wconf 84' lang='lat' dir='ltr'>Martinus</span> <span class='ocrx_word' id='word_1_120' title='bbox 1441 1043 1655 1098; x_wconf 89' lang='lat' dir='ltr'>etenim</span> <span class='ocrx_word' id='word_1_121' title='bbox 1684 1048 1906 1097; x_wconf 89' lang='lat' dir='ltr'>sanctus</span> <span class='ocrx_word' id='word_1_122' title='bbox 1932 1043 2103 1112; x_wconf 87' lang='lat' dir='ltr'>longe</span> <span class='ocrx_word' id='word_1_123' title='bbox 2133 1047 2258 1112; x_wconf 89' lang='lat' dir='ltr'>post</span> <span class='ocrx_word' id='word_1_124' title='bbox 2286 1042 2681 1096; x_wconf 88' lang='lat' dir='ltr'>Ascensionem</span> <span class='ocrx_word' id='word_1_125' title='bbox 2706 1040 2949 1108; x_wconf 89' lang='lat' dir='ltr'>Domini,</span> <span class='ocrx_word' id='word_1_126' title='bbox 2976 1040 3063 1094; x_wconf 90' lang='lat' dir='ltr'>vel</span> <span class='ocrx_word' id='word_1_127' title='bbox 3092 1047 3219 1112; x_wconf 89' lang='lat' dir='ltr'>post</span> <span class='ocrx_word' id='word_1_128' title='bbox 3245 1043 3599 1100; x_wconf 78' lang='lat' dir='ltr'>nativitatem</span> 
     </span>
    </p>
   </div>
   <div class='ocr_carea' id='block_1_10' title="bbox 219 1130 3601 1204">
    <p class='ocr_par' dir='ltr' id='par_1_10' title="bbox 219 1130 3601 1204">
     <span class='ocr_line' id='line_1_10' title="bbox 219 1130 3601 1204; baseline 0.001 -19"><span class='ocrx_word' id='word_1_129' title='bbox 219 1132 470 1202; x_wconf 88' lang='lat' dir='ltr'>prodiit,</span> <span class='ocrx_word' id='word_1_130' title='bbox 497 1133 586 1187; x_wconf 93' lang='lat' dir='ltr'>vel</span> <span class='ocrx_word' id='word_1_131' title='bbox 616 1137 744 1204; x_wconf 88' lang='lat' dir='ltr'>post</span> <span class='ocrx_word' id='word_1_132' title='bbox 767 1137 1008 1187; x_wconf 86' lang='lat' dir='ltr'>mortem</span> <span class='ocrx_word' id='word_1_133' title='bbox 1035 1132 1304 1202; x_wconf 80' lang='lat' dir='ltr'>discessit,</span> <span class='ocrx_word' id='word_1_134' title='bbox 1338 1133 1548 1204; x_wconf 85' lang='lat' dir='ltr'>quippe</span> <span class='ocrx_word' id='word_1_135' title='bbox 1577 1132 1674 1204; x_wconf 91' lang='lat' dir='ltr'>qui</span> <span class='ocrx_word' id='word_1_136' title='bbox 1704 1133 1911 1186; x_wconf 88' lang='lat' dir='ltr'>nostris</span> <span class='ocrx_word' id='word_1_137' title='bbox 1936 1132 2286 1203; x_wconf 89' lang='lat' dir='ltr'>temporibus</span> <span class='ocrx_word' id='word_1_138' title='bbox 2298 1148 2474 1203; x_wconf 89' lang='lat' dir='ltr'>prope</span> <span class='ocrx_word' id='word_1_139' title='bbox 2490 1131 2890 1201; x_wconf 86' lang='lat' dir='ltr'>fuit,quamvis</span> <span class='ocrx_word' id='word_1_140' title='bbox 2921 1130 2976 1183; x_wconf 91' lang='lat' dir='ltr'>in</span> <span class='ocrx_word' id='word_1_141' title='bbox 2997 1130 3152 1185; x_wconf 85' lang='lat' dir='ltr'>brevi</span> <span class='ocrx_word' id='word_1_142' title='bbox 3172 1136 3426 1204; x_wconf 91' lang='lat' dir='ltr'>tempore</span> <span class='ocrx_word' id='word_1_143' title='bbox 3445 1135 3601 1190; x_wconf 88' lang='lat' dir='ltr'>fama</span> 
     </span>
    </p>
   </div>
   <div class='ocr_carea' id='block_1_11' title="bbox 221 1219 3597 1294">
    <p class='ocr_par' dir='ltr' id='par_1_11' title="bbox 221 1219 3597 1294">
     <span class='ocr_line' id='line_1_11' title="bbox 221 1219 3597 1294; baseline 0.001 -19"><span class='ocrx_word' id='word_1_144' title='bbox 221 1221 544 1276; x_wconf 86' lang='lat' dir='ltr'>sanctitatis</span> <span class='ocrx_word' id='word_1_145' title='bbox 577 1227 632 1276; x_wconf 88' lang='lat' dir='ltr'>et</span> <span class='ocrx_word' id='word_1_146' title='bbox 660 1222 884 1276; x_wconf 86' lang='lat' dir='ltr'>virtutis</span> <span class='ocrx_word' id='word_1_147' title='bbox 911 1223 1062 1276; x_wconf 93' lang='lat' dir='ltr'>illius</span> <span class='ocrx_word' id='word_1_148' title='bbox 1091 1227 1274 1276; x_wconf 88' lang='lat' dir='ltr'>totum</span> <span class='ocrx_word' id='word_1_149' title='bbox 1301 1223 1580 1278; x_wconf 91' lang='lat' dir='ltr'>mundum</span> <span class='ocrx_word' id='word_1_150' title='bbox 1610 1222 1864 1293; x_wconf 86' lang='lat' dir='ltr'>replevit.</span> <span class='ocrx_word' id='word_1_151' title='bbox 1893 1222 2056 1294; x_wconf 84' lang='lat' dir='ltr'>Apud</span> <span class='ocrx_word' id='word_1_152' title='bbox 2078 1239 2178 1277; x_wconf 92' lang='lat' dir='ltr'>nos</span> <span class='ocrx_word' id='word_1_153' title='bbox 2209 1222 2397 1293; x_wconf 86' lang='lat' dir='ltr'>itaque</span> <span class='ocrx_word' id='word_1_154' title='bbox 2424 1238 2490 1276; x_wconf 86' lang='lat' dir='ltr'>ex</span> <span class='ocrx_word' id='word_1_155' title='bbox 2514 1221 2636 1290; x_wconf 89' lang='lat' dir='ltr'>ejus</span> <span class='ocrx_word' id='word_1_156' title='bbox 2663 1219 3020 1275; x_wconf 88' lang='lat' dir='ltr'>solemnitate</span> <span class='ocrx_word' id='word_1_157' title='bbox 3043 1220 3377 1276; x_wconf 87' lang='lat' dir='ltr'>abstinentia</span> <span class='ocrx_word' id='word_1_158' title='bbox 3401 1239 3435 1277; x_wconf 90' lang='lat' dir='ltr'>a</span> <span class='ocrx_word' id='word_1_159' title='bbox 3471 1241 3597 1278; x_wconf 89' lang='lat' dir='ltr'>car-</span> 
     </span>
    </p>
   </div>
   <div class='ocr_carea' id='block_1_12' title="bbox 220 1309 3604 1382">
    <p class='ocr_par' dir='ltr' id='par_1_12' title="bbox 220 1309 3604 1382">
     <span class='ocr_line' id='line_1_12' title="bbox 220 1309 3604 1382; baseline 0.001 -16"><span class='ocrx_word' id='word_1_160' title='bbox 220 1311 428 1376; x_wconf 88' lang='lat' dir='ltr'>nibus,</span> <span class='ocrx_word' id='word_1_161' title='bbox 455 1311 540 1365; x_wconf 86' lang='lat' dir='ltr'>vel</span> <span class='ocrx_word' id='word_1_162' title='bbox 575 1312 857 1382; x_wconf 87' lang='lat' dir='ltr'>conjugali</span> <span class='ocrx_word' id='word_1_163' title='bbox 896 1312 1094 1382; x_wconf 89' lang='lat' dir='ltr'>copula</span> <span class='ocrx_word' id='word_1_164' title='bbox 1135 1311 1266 1365; x_wconf 90' lang='lat' dir='ltr'>ﬁliis</span> <span class='ocrx_word' id='word_1_165' title='bbox 1292 1313 1550 1367; x_wconf 69' lang='lat' dir='ltr'>Ecclesiae</span> <span class='ocrx_word' id='word_1_166' title='bbox 1581 1311 1869 1381; x_wconf 87' lang='lat' dir='ltr'>indicitur,</span> <span class='ocrx_word' id='word_1_167' title='bbox 1897 1317 1964 1367; x_wconf 93' lang='lat' dir='ltr'>ut</span> <span class='ocrx_word' id='word_1_168' title='bbox 1987 1313 2057 1366; x_wconf 90' lang='lat' dir='ltr'>ad</span> <span class='ocrx_word' id='word_1_169' title='bbox 2086 1311 2446 1366; x_wconf 85' lang='lat' dir='ltr'>Nativitatem</span> <span class='ocrx_word' id='word_1_170' title='bbox 2461 1309 2685 1364; x_wconf 92' lang='lat' dir='ltr'>Domini</span> <span class='ocrx_word' id='word_1_171' title='bbox 2713 1309 2964 1364; x_wconf 89' lang='lat' dir='ltr'>securius</span> <span class='ocrx_word' id='word_1_172' title='bbox 2991 1311 3430 1368; x_wconf 90' lang='lat' dir='ltr'>communicent.</span> <span class='ocrx_word' id='word_1_173' title='bbox 3464 1335 3490 1362; x_wconf 82' lang='grc'><strong>››</strong></span> <span class='ocrx_word' id='word_1_174' title='bbox 3521 1315 3604 1368; x_wconf 83' lang='lat' dir='ltr'>Ex</span> 
     </span>
    </p>
   </div>
   <div class='ocr_carea' id='block_1_13' title="bbox 220 1399 3602 1472">
    <p class='ocr_par' dir='ltr' id='par_1_13' title="bbox 220 1399 3602 1472">
     <span class='ocr_line' id='line_1_13' title="bbox 220 1399 3602 1472; baseline 0.001 -18"><span class='ocrx_word' id='word_1_175' title='bbox 220 1401 338 1454; x_wconf 87' lang='lat' dir='ltr'>hac</span> <span class='ocrx_word' id='word_1_176' title='bbox 391 1400 640 1471; x_wconf 89' lang='lat' dir='ltr'>epistola,</span> <span class='ocrx_word' id='word_1_177' title='bbox 671 1400 1028 1471; x_wconf 88' lang='lat' dir='ltr'>supposititia</span> <span class='ocrx_word' id='word_1_178' title='bbox 1063 1400 1315 1472; x_wconf 88' lang='lat' dir='ltr'>quidem,</span> <span class='ocrx_word' id='word_1_179' title='bbox 1345 1403 1442 1456; x_wconf 92' lang='lat' dir='ltr'>sed</span> <span class='ocrx_word' id='word_1_180' title='bbox 1477 1407 1668 1456; x_wconf 81' lang='lat' dir='ltr'>tamen</span> <span class='ocrx_word' id='word_1_181' title='bbox 1698 1401 2108 1472; x_wconf 90' lang='lat' dir='ltr'>antiquissima,</span> <span class='ocrx_word' id='word_1_182' title='bbox 2140 1401 2533 1472; x_wconf 83' lang='lat' dir='ltr'>intelligimus,</span> <span class='ocrx_word' id='word_1_183' title='bbox 2562 1404 2691 1454; x_wconf 87' lang='lat' dir='ltr'>ante</span> <span class='ocrx_word' id='word_1_184' title='bbox 2734 1404 3026 1470; x_wconf 91' lang='lat' dir='ltr'>receptum</span> <span class='ocrx_word' id='word_1_185' title='bbox 3056 1399 3114 1453; x_wconf 92' lang='lat' dir='ltr'>in</span> <span class='ocrx_word' id='word_1_186' title='bbox 3140 1400 3312 1455; x_wconf 90' lang='lat' dir='ltr'>Gallia</span> <span class='ocrx_word' id='word_1_187' title='bbox 3335 1401 3602 1458; x_wconf 90' lang='lat' dir='ltr'>Ordinem</span> 
     </span>
    </p>
   </div>
   <div class='ocr_carea' id='block_1_14' title="bbox 219 1489 3601 1563">
    <p class='ocr_par' dir='ltr' id='par_1_14' title="bbox 219 1489 3601 1563">
     <span class='ocr_line' id='line_1_14' title="bbox 219 1489 3601 1563; baseline 0.001 -20"><span class='ocrx_word' id='word_1_188' title='bbox 219 1489 644 1560; x_wconf 80' lang='lat' dir='ltr'>Gregorianum</span> <span class='ocrx_word' id='word_1_189' title='bbox 670 1506 785 1544; x_wconf 91' lang='lat' dir='ltr'>non</span> <span class='ocrx_word' id='word_1_190' title='bbox 811 1490 887 1544; x_wconf 89' lang='lat' dir='ltr'>ita</span> <span class='ocrx_word' id='word_1_191' title='bbox 915 1491 1086 1544; x_wconf 90' lang='lat' dir='ltr'>ﬁxam</span> <span class='ocrx_word' id='word_1_192' title='bbox 1114 1507 1177 1545; x_wconf 90' lang='lat' dir='ltr'>ac</span> <span class='ocrx_word' id='word_1_193' title='bbox 1207 1497 1388 1546; x_wconf 89' lang='lat' dir='ltr'>ratam</span> <span class='ocrx_word' id='word_1_194' title='bbox 1432 1491 1602 1546; x_wconf 90' lang='lat' dir='ltr'>fuisse</span> <span class='ocrx_word' id='word_1_195' title='bbox 1648 1491 1924 1545; x_wconf 89' lang='lat' dir='ltr'>Dominici</span> <span class='ocrx_word' id='word_1_196' title='bbox 1949 1490 2232 1545; x_wconf 90' lang='lat' dir='ltr'>Adventus</span> <span class='ocrx_word' id='word_1_197' title='bbox 2258 1489 2580 1544; x_wconf 85' lang='lat' dir='ltr'>celebrandi</span> <span class='ocrx_word' id='word_1_198' title='bbox 2609 1489 2886 1543; x_wconf 89' lang='lat' dir='ltr'>rationem</span> <span class='ocrx_word' id='word_1_199' title='bbox 2916 1505 2928 1542; x_wconf 92' lang='lat'><strong>:</strong></span> <span class='ocrx_word' id='word_1_200' title='bbox 2962 1505 3133 1560; x_wconf 90' lang='lat' dir='ltr'>quam</span> <span class='ocrx_word' id='word_1_201' title='bbox 3158 1505 3288 1544; x_wconf 88' lang='lat' dir='ltr'>cum</span> <span class='ocrx_word' id='word_1_202' title='bbox 3315 1491 3601 1563; x_wconf 57' lang='lat' dir='ltr'>plerasque</span> 
     </span>
    </p>
   </div>
   <div class='ocr_carea' id='block_1_15' title="bbox 218 1579 3603 1652">
    <p class='ocr_par' dir='ltr' id='par_1_15' title="bbox 218 1579 3603 1652">
     <span class='ocr_line' id='line_1_15' title="bbox 218 1579 3603 1652; baseline 0.001 -20"><span class='ocrx_word' id='word_1_203' title='bbox 218 1579 536 1633; x_wconf 77' lang='lat' dir='ltr'>Gallicanze</span> <span class='ocrx_word' id='word_1_204' title='bbox 572 1579 850 1646; x_wconf 63' lang='lat' dir='ltr'>Ecclesite,</span> <span class='ocrx_word' id='word_1_205' title='bbox 878 1581 1066 1635; x_wconf 88' lang='lat' dir='ltr'>forsan</span> <span class='ocrx_word' id='word_1_206' title='bbox 1106 1583 1367 1652; x_wconf 85' lang='lat' dir='ltr'>exemplo</span> <span class='ocrx_word' id='word_1_207' title='bbox 1392 1583 1754 1652; x_wconf 85' lang='lat' dir='ltr'>Turonensis,</span> <span class='ocrx_word' id='word_1_208' title='bbox 1785 1599 1816 1635; x_wconf 86' lang='lat' dir='ltr'>a</span> <span class='ocrx_word' id='word_1_209' title='bbox 1844 1582 1986 1636; x_wconf 88' lang='lat' dir='ltr'>festo</span> <span class='ocrx_word' id='word_1_210' title='bbox 2022 1581 2202 1635; x_wconf 87' lang='lat' dir='ltr'>sancti</span> <span class='ocrx_word' id='word_1_211' title='bbox 2226 1580 2448 1634; x_wconf 80' lang='lat' dir='ltr'>Martini</span> <span class='ocrx_word' id='word_1_212' title='bbox 2475 1579 2828 1650; x_wconf 87' lang='lat' dir='ltr'>inciperent;</span> <span class='ocrx_word' id='word_1_213' title='bbox 2863 1579 3147 1649; x_wconf 59' lang='lat' dir='ltr'>praedictae</span> <span class='ocrx_word' id='word_1_214' title='bbox 3175 1580 3425 1651; x_wconf 66' lang='lat' dir='ltr'>epistolas</span> <span class='ocrx_word' id='word_1_215' title='bbox 3471 1581 3603 1638; x_wconf 85' lang='lat' dir='ltr'>scri-</span> 
     </span>
    </p>
   </div>
   <div class='ocr_carea' id='block_1_16' title="bbox 218 1667 3600 1742">
    <p class='ocr_par' dir='ltr' id='par_1_16' title="bbox 218 1667 3600 1742">
     <span class='ocr_line' id='line_1_16' title="bbox 218 1667 3600 1742; baseline 0.001 -21"><span class='ocrx_word' id='word_1_216' title='bbox 218 1673 392 1739; x_wconf 85' lang='lat' dir='ltr'>ptor,</span> <span class='ocrx_word' id='word_1_217' title='bbox 422 1669 674 1739; x_wconf 87' lang='lat' dir='ltr'>quisquis</span> <span class='ocrx_word' id='word_1_218' title='bbox 702 1668 796 1723; x_wconf 91' lang='lat' dir='ltr'>ille</span> <span class='ocrx_word' id='word_1_219' title='bbox 819 1669 946 1738; x_wconf 87' lang='lat' dir='ltr'>fuit,</span> <span class='ocrx_word' id='word_1_220' title='bbox 977 1671 1145 1724; x_wconf 90' lang='lat' dir='ltr'>altius</span> <span class='ocrx_word' id='word_1_221' title='bbox 1171 1672 1538 1742; x_wconf 82' lang='lat' dir='ltr'>repetendam</span> <span class='ocrx_word' id='word_1_222' title='bbox 1567 1672 1762 1741; x_wconf 89' lang='lat' dir='ltr'>voluit,</span> <span class='ocrx_word' id='word_1_223' title='bbox 1794 1688 2000 1742; x_wconf 90' lang='lat' dir='ltr'>nempe</span> <span class='ocrx_word' id='word_1_224' title='bbox 2028 1687 2061 1724; x_wconf 88' lang='lat' dir='ltr'>a</span> <span class='ocrx_word' id='word_1_225' title='bbox 2091 1687 2184 1725; x_wconf 82' lang='lat' dir='ltr'>VIII</span> <span class='ocrx_word' id='word_1_226' title='bbox 2214 1670 2334 1724; x_wconf 82' lang='lat' dir='ltr'>Kal.</span> <span class='ocrx_word' id='word_1_227' title='bbox 2368 1669 2624 1725; x_wconf 90' lang='lat' dir='ltr'>Octobris</span> <span class='ocrx_word' id='word_1_228' title='bbox 2649 1686 2661 1723; x_wconf 92' lang='lat'><strong>:</strong></span> <span class='ocrx_word' id='word_1_229' title='bbox 2693 1685 2804 1740; x_wconf 93' lang='lat' dir='ltr'>quo</span> <span class='ocrx_word' id='word_1_230' title='bbox 2831 1685 2897 1723; x_wconf 90' lang='lat' dir='ltr'>ex</span> <span class='ocrx_word' id='word_1_231' title='bbox 2924 1674 3182 1740; x_wconf 89' lang='lat' dir='ltr'>tempore</span> <span class='ocrx_word' id='word_1_232' title='bbox 3219 1667 3402 1742; x_wconf 92' lang='lat'>101</span> <span class='ocrx_word' id='word_1_233' title='bbox 3465 1672 3600 1725; x_wconf 88' lang='lat' dir='ltr'>Pro-</span> 
     </span>
    </p>
   </div>
   <div class='ocr_carea' id='block_1_17' title="bbox 218 1758 3602 1831">
    <p class='ocr_par' dir='ltr' id='par_1_17' title="bbox 218 1758 3602 1831">
     <span class='ocr_line' id='line_1_17' title="bbox 218 1758 3602 1831; baseline 0.001 -19"><span class='ocrx_word' id='word_1_234' title='bbox 218 1759 540 1830; x_wconf 84' lang='lat' dir='ltr'>phetarum</span> <span class='ocrx_word' id='word_1_235' title='bbox 566 1758 633 1811; x_wconf 92' lang='lat' dir='ltr'>de</span> <span class='ocrx_word' id='word_1_236' title='bbox 661 1759 879 1813; x_wconf 87' lang='lat' dir='ltr'>Christo</span> <span class='ocrx_word' id='word_1_237' title='bbox 903 1760 1170 1814; x_wconf 88' lang='lat' dir='ltr'>vaticinia</span> <span class='ocrx_word' id='word_1_238' title='bbox 1195 1761 1254 1814; x_wconf 90' lang='lat' dir='ltr'>in</span> <span class='ocrx_word' id='word_1_239' title='bbox 1283 1761 1485 1815; x_wconf 88' lang='lat' dir='ltr'>divinis</span> <span class='ocrx_word' id='word_1_240' title='bbox 1513 1761 1713 1816; x_wconf 90' lang='lat' dir='ltr'>ofﬁciis</span> <span class='ocrx_word' id='word_1_241' title='bbox 1742 1760 1966 1815; x_wconf 86' lang='lat' dir='ltr'>recitari</span> <span class='ocrx_word' id='word_1_242' title='bbox 1995 1760 2286 1815; x_wconf 89' lang='lat' dir='ltr'>deberent.</span> <span class='ocrx_word' id='word_1_243' title='bbox 2315 1763 2496 1831; x_wconf 86' lang='lat' dir='ltr'>Atque</span> <span class='ocrx_word' id='word_1_244' title='bbox 2523 1764 2588 1813; x_wconf 92' lang='lat' dir='ltr'>ut</span> <span class='ocrx_word' id='word_1_245' title='bbox 2631 1759 2968 1813; x_wconf 90' lang='lat' dir='ltr'>sententiam</span> <span class='ocrx_word' id='word_1_246' title='bbox 3016 1776 3178 1813; x_wconf 90' lang='lat' dir='ltr'>suam</span> <span class='ocrx_word' id='word_1_247' title='bbox 3226 1759 3348 1813; x_wconf 92' lang='lat' dir='ltr'>aliis</span> <span class='ocrx_word' id='word_1_248' title='bbox 3385 1760 3602 1815; x_wconf 87' lang='lat' dir='ltr'>facilius</span> 
     </span>
    </p>
   </div>
   <div class='ocr_carea' id='block_1_18' title="bbox 219 1847 3601 1922">
    <p class='ocr_par' dir='ltr' id='par_1_18' title="bbox 219 1847 3601 1922">
     <span class='ocr_line' id='line_1_18' title="bbox 219 1847 3601 1922; baseline 0.002 -22"><span class='ocrx_word' id='word_1_249' title='bbox 219 1847 594 1919; x_wconf 82' lang='lat' dir='ltr'>approbaret,</span> <span class='ocrx_word' id='word_1_250' title='bbox 622 1849 724 1902; x_wconf 90' lang='lat' dir='ltr'>sub</span> <span class='ocrx_word' id='word_1_251' title='bbox 745 1849 994 1919; x_wconf 89' lang='lat' dir='ltr'>specioso</span> <span class='ocrx_word' id='word_1_252' title='bbox 1019 1850 1199 1904; x_wconf 89' lang='lat' dir='ltr'>sancti</span> <span class='ocrx_word' id='word_1_253' title='bbox 1226 1851 1526 1921; x_wconf 89' lang='lat' dir='ltr'>Augustini</span> <span class='ocrx_word' id='word_1_254' title='bbox 1551 1851 1781 1905; x_wconf 90' lang='lat' dir='ltr'>nomine</span> <span class='ocrx_word' id='word_1_255' title='bbox 1811 1849 2084 1904; x_wconf 78' lang='lat' dir='ltr'>confinxit</span> <span class='ocrx_word' id='word_1_256' title='bbox 2113 1848 2801 1921; x_wconf 84' lang='lat' dir='ltr'>epistolam,vulgavitque</span> <span class='ocrx_word' id='word_1_257' title='bbox 2825 1864 2838 1902; x_wconf 73' lang='grc' dir='ltr'>ε</span> <span class='ocrx_word' id='word_1_258' title='bbox 2871 1849 3344 1919; x_wconf 88' lang='lat' dir='ltr'>quamadcalcem</span> <span class='ocrx_word' id='word_1_259' title='bbox 3368 1851 3601 1922; x_wconf 86' lang='lat' dir='ltr'>hujusce</span> 
     </span>
    </p>
   </div>
   <div class='ocr_carea' id='block_1_19' title="bbox 219 1937 3597 2011">
    <p class='ocr_par' dir='ltr' id='par_1_19' title="bbox 219 1937 3597 2011">
     <span class='ocr_line' id='line_1_19' title="bbox 219 1937 3597 2011; baseline 0.001 -21"><span class='ocrx_word' id='word_1_260' title='bbox 219 1937 543 1991; x_wconf 81' lang='lat' dir='ltr'>voluminis</span> <span class='ocrx_word' id='word_1_261' title='bbox 585 1937 866 2009; x_wconf 87' lang='lat' dir='ltr'>integram</span> <span class='ocrx_word' id='word_1_262' title='bbox 909 1940 1240 1994; x_wconf 87' lang='lat' dir='ltr'>referemus.</span> <span class='ocrx_word' id='word_1_263' title='bbox 1279 1941 1560 1994; x_wconf 84' lang='lat' dir='ltr'>Caeterum</span> <span class='ocrx_word' id='word_1_264' title='bbox 1599 1940 1900 2011; x_wconf 87' lang='lat' dir='ltr'>Gregorius</span> <span class='ocrx_word' id='word_1_265' title='bbox 1930 1940 2272 1994; x_wconf 90' lang='lat' dir='ltr'>Turonensis</span> <span class='ocrx_word' id='word_1_266' title='bbox 2310 1940 2543 1994; x_wconf 86' lang='lat' dir='ltr'>antistes</span> <span class='ocrx_word' id='word_1_267' title='bbox 2589 1937 2925 2009; x_wconf 88' lang='lat' dir='ltr'>religionem</span> <span class='ocrx_word' id='word_1_268' title='bbox 2974 1939 3222 2010; x_wconf 91' lang='lat' dir='ltr'>dierum,</span> <span class='ocrx_word' id='word_1_269' title='bbox 3255 1939 3352 2010; x_wconf 91' lang='lat' dir='ltr'>qui</span> <span class='ocrx_word' id='word_1_270' title='bbox 3394 1957 3426 1993; x_wconf 89' lang='lat' dir='ltr'>a</span> <span class='ocrx_word' id='word_1_271' title='bbox 3457 1941 3597 1996; x_wconf 88' lang='lat' dir='ltr'>festo</span> 
     </span>
    </p>
   </div>
   <div class='ocr_carea' id='block_1_20' title="bbox 220 2029 3596 2102">
    <p class='ocr_par' dir='ltr' id='par_1_20' title="bbox 220 2029 3596 2102">
     <span class='ocr_line' id='line_1_20' title="bbox 220 2029 3596 2102; baseline 0.001 -21"><span class='ocrx_word' id='word_1_272' title='bbox 220 2029 418 2082; x_wconf 82' lang='lat' dir='ltr'>sancti</span> <span class='ocrx_word' id='word_1_273' title='bbox 448 2029 666 2083; x_wconf 82' lang='lat' dir='ltr'>Martini</span> <span class='ocrx_word' id='word_1_274' title='bbox 693 2029 761 2083; x_wconf 91' lang='lat' dir='ltr'>ad</span> <span class='ocrx_word' id='word_1_275' title='bbox 785 2030 991 2084; x_wconf 89' lang='lat' dir='ltr'>Christi</span> <span class='ocrx_word' id='word_1_276' title='bbox 1018 2031 1210 2084; x_wconf 82' lang='lat' dir='ltr'>Natale</span> <span class='ocrx_word' id='word_1_277' title='bbox 1235 2030 1588 2101; x_wconf 84' lang='lat' dir='ltr'>interjacent,</span> <span class='ocrx_word' id='word_1_278' title='bbox 1621 2031 1781 2085; x_wconf 91' lang='lat' dir='ltr'>nobis</span> <span class='ocrx_word' id='word_1_279' title='bbox 1806 2031 2064 2102; x_wconf 86' lang='lat' dir='ltr'>suggerit</span> <span class='ocrx_word' id='word_1_280' title='bbox 2091 2031 2154 2084; x_wconf 92' lang='lat' dir='ltr'>in</span> <span class='ocrx_word' id='word_1_281' title='bbox 2179 2030 2277 2084; x_wconf 90' lang='lat' dir='ltr'>lib.</span> <span class='ocrx_word' id='word_1_282' title='bbox 2298 2031 2367 2085; x_wconf 92' lang='lat' dir='ltr'>de</span> <span class='ocrx_word' id='word_1_283' title='bbox 2394 2030 2530 2084; x_wconf 86' lang='lat' dir='ltr'>Vitis</span> <span class='ocrx_word' id='word_1_284' title='bbox 2557 2031 2790 2083; x_wconf 89' lang='lat' dir='ltr'>Patrum</span> <span class='ocrx_word' id='word_1_285' title='bbox 2819 2047 2941 2100; x_wconf 90' lang='lat' dir='ltr'>cap.</span> <span class='ocrx_word' id='word_1_286' title='bbox 2976 2032 3061 2097; x_wconf 79' lang='grc'>15,</span> <span class='ocrx_word' id='word_1_287' title='bbox 3091 2029 3190 2083; x_wconf 91' lang='lat' dir='ltr'>ubi</span> <span class='ocrx_word' id='word_1_288' title='bbox 3211 2029 3290 2084; x_wconf 89' lang='lat' dir='ltr'>ait</span> <span class='ocrx_word' id='word_1_289' title='bbox 3315 2032 3596 2085; x_wconf 89' lang='lat' dir='ltr'>Senocum</span> 
     </span>
    </p>
   </div>
   <div class='ocr_carea' id='block_1_21' title="bbox 222 2118 3600 2191">
    <p class='ocr_par' dir='ltr' id='par_1_21' title="bbox 222 2118 3600 2191">
     <span class='ocr_line' id='line_1_21' title="bbox 222 2118 3600 2191; baseline 0.001 -19"><span class='ocrx_word' id='word_1_290' title='bbox 222 2118 524 2172; x_wconf 89' lang='lat' dir='ltr'>reclusum</span> <span class='ocrx_word' id='word_1_291' title='bbox 548 2118 617 2172; x_wconf 91' lang='lat' dir='ltr'>ad</span> <span class='ocrx_word' id='word_1_292' title='bbox 640 2134 697 2172; x_wconf 91' lang='lat' dir='ltr'>se</span> <span class='ocrx_word' id='word_1_293' title='bbox 736 2119 972 2188; x_wconf 90' lang='lat' dir='ltr'>venisse,</span> <span class='ocrx_word' id='word_1_294' title='bbox 1002 2120 1094 2174; x_wconf 91' lang='lat' dir='ltr'>cui</span> <span class='ocrx_word' id='word_1_295' title='bbox 1132 2119 1429 2174; x_wconf 90' lang='lat' dir='ltr'>consilium</span> <span class='ocrx_word' id='word_1_296' title='bbox 1473 2120 1710 2190; x_wconf 88' lang='lat' dir='ltr'>dederit,</span> <span class='ocrx_word' id='word_1_297' title='bbox 1742 2125 1808 2175; x_wconf 87' lang='lat' dir='ltr'>ut</span> <span class='ocrx_word' id='word_1_298' title='bbox 1853 2137 1924 2175; x_wconf 89' lang='lat' dir='ltr'>ne</span> <span class='ocrx_word' id='word_1_299' title='bbox 1963 2125 2238 2191; x_wconf 90' lang='lat' dir='ltr'>perpetua</span> <span class='ocrx_word' id='word_1_300' title='bbox 2283 2137 2340 2174; x_wconf 91' lang='lat' dir='ltr'>se</span> <span class='ocrx_word' id='word_1_301' title='bbox 2376 2119 2692 2174; x_wconf 90' lang='lat' dir='ltr'>reclusione</span> <span class='ocrx_word' id='word_1_302' title='bbox 2734 2118 3093 2190; x_wconf 77' lang='lat' dir='ltr'>astringeret,</span> <span class='ocrx_word' id='word_1_303' title='bbox 3126 2119 3223 2174; x_wconf 89' lang='lat' dir='ltr'>sed</span> <span class='ocrx_word' id='word_1_304' title='bbox 3266 2125 3488 2174; x_wconf 82' lang='lat' dir='ltr'>tantum</span> <span class='ocrx_word' id='word_1_305' title='bbox 3538 2121 3600 2174; x_wconf 91' lang='lat' dir='ltr'>in</span> 
     </span>
    </p>
   </div>
   <div class='ocr_carea' id='block_1_22' title="bbox 219 2207 3598 2282">
    <p class='ocr_par' dir='ltr' id='par_1_22' title="bbox 219 2207 3598 2282">
     <span class='ocr_line' id='line_1_22' title="bbox 219 2207 3598 2282; baseline 0.001 -22"><span class='ocrx_word' id='word_1_306' title='bbox 219 2207 697 2278; x_wconf 83' lang='lat' dir='ltr'>Quadragesima,</span> <span class='ocrx_word' id='word_1_307' title='bbox 726 2213 781 2264; x_wconf 91' lang='lat' dir='ltr'>et</span> <span class='ocrx_word' id='word_1_308' title='bbox 805 2209 865 2262; x_wconf 91' lang='lat' dir='ltr'>in</span> <span class='ocrx_word' id='word_1_309' title='bbox 892 2209 1001 2263; x_wconf 90' lang='lat' dir='ltr'>illis</span> <span class='ocrx_word' id='word_1_310' title='bbox 1030 2209 1250 2280; x_wconf 87' lang='lat' dir='ltr'>diebus,</span> <span class='ocrx_word' id='word_1_311' title='bbox 1284 2232 1311 2258; x_wconf 85' lang='lat'><strong>«</strong></span> <span class='ocrx_word' id='word_1_312' title='bbox 1342 2210 1440 2282; x_wconf 90' lang='lat' dir='ltr'>qui</span> <span class='ocrx_word' id='word_1_313' title='bbox 1467 2211 1617 2266; x_wconf 88' lang='lat' dir='ltr'>inter</span> <span class='ocrx_word' id='word_1_314' title='bbox 1641 2210 2053 2282; x_wconf 89' lang='lat' dir='ltr'>depositionem</span> <span class='ocrx_word' id='word_1_315' title='bbox 2082 2209 2256 2266; x_wconf 88' lang='lat' dir='ltr'>sancti</span> <span class='ocrx_word' id='word_1_316' title='bbox 2280 2210 2502 2265; x_wconf 87' lang='lat' dir='ltr'>Martini</span> <span class='ocrx_word' id='word_1_317' title='bbox 2529 2226 2592 2263; x_wconf 93' lang='lat' dir='ltr'>ac</span> <span class='ocrx_word' id='word_1_318' title='bbox 2619 2209 2888 2264; x_wconf 90' lang='lat' dir='ltr'>dominici</span> <span class='ocrx_word' id='word_1_319' title='bbox 2924 2208 3130 2263; x_wconf 77' lang='lat' dir='ltr'>Natalis</span> <span class='ocrx_word' id='word_1_320' title='bbox 3174 2209 3598 2265; x_wconf 89' lang='lat' dir='ltr'>solemnitatem</span> 
     </span>
    </p>
   </div>
   <div class='ocr_carea' id='block_1_23' title="bbox 222 2296 603 2351">
    <p class='ocr_par' dir='ltr' id='par_1_23' title="bbox 222 2296 603 2351">
     <span class='ocr_line' id='line_1_23' title="bbox 222 2296 603 2351; baseline -0.008 0"><span class='ocrx_word' id='word_1_321' title='bbox 222 2296 546 2351; x_wconf 79' lang='lat' dir='ltr'>habentur.</span> <span class='ocrx_word' id='word_1_322' title='bbox 578 2317 603 2347; x_wconf 73' lang='grc' dir='ltr'>ι)</span> 
     </span>
    </p>
   </div>
   <div class='ocr_carea' id='block_1_24' title="bbox 299 2454 3597 2532">
    <p class='ocr_par' dir='ltr' id='par_1_24' title="bbox 299 2454 3597 2532">
     <span class='ocr_line' id='line_1_24' title="bbox 299 2454 3597 2532; baseline 0.003 -24"><span class='ocrx_word' id='word_1_323' title='bbox 299 2458 364 2508; x_wconf 83' lang='lat'>&#39;7.</span> <span class='ocrx_word' id='word_1_324' title='bbox 394 2455 479 2509; x_wconf 88' lang='lat' dir='ltr'>Ex</span> <span class='ocrx_word' id='word_1_325' title='bbox 503 2455 586 2509; x_wconf 88' lang='lat' dir='ltr'>his</span> <span class='ocrx_word' id='word_1_326' title='bbox 613 2454 880 2511; x_wconf 90' lang='lat' dir='ltr'>omnibus</span> <span class='ocrx_word' id='word_1_327' title='bbox 907 2455 1148 2528; x_wconf 91' lang='lat' dir='ltr'>conjicio</span> <span class='ocrx_word' id='word_1_328' title='bbox 1174 2474 1272 2513; x_wconf 88' lang='lat' dir='ltr'>sex</span> <span class='ocrx_word' id='word_1_329' title='bbox 1300 2457 1424 2514; x_wconf 89' lang='lat' dir='ltr'>illas</span> <span class='ocrx_word' id='word_1_330' title='bbox 1448 2458 1770 2515; x_wconf 90' lang='lat' dir='ltr'>numericas</span> <span class='ocrx_word' id='word_1_331' title='bbox 1794 2465 1954 2515; x_wconf 89' lang='lat' dir='ltr'>notas</span> <span class='ocrx_word' id='word_1_332' title='bbox 1980 2477 2083 2532; x_wconf 89' lang='lat' dir='ltr'>pro</span> <span class='ocrx_word' id='word_1_333' title='bbox 2103 2459 2339 2516; x_wconf 89' lang='lat' dir='ltr'>totidem</span> <span class='ocrx_word' id='word_1_334' title='bbox 2369 2459 2583 2526; x_wconf 88' lang='lat' dir='ltr'>ofﬁciis,</span> <span class='ocrx_word' id='word_1_335' title='bbox 2615 2475 2740 2530; x_wconf 64' lang='lat' dir='ltr'>quae</span> <span class='ocrx_word' id='word_1_336' title='bbox 2770 2457 2831 2512; x_wconf 92' lang='lat' dir='ltr'>in</span> <span class='ocrx_word' id='word_1_337' title='bbox 2861 2457 3210 2515; x_wconf 87' lang='lat' dir='ltr'>Lectionario</span> <span class='ocrx_word' id='word_1_338' title='bbox 3259 2465 3454 2517; x_wconf 90' lang='lat' dir='ltr'>nostro</span> <span class='ocrx_word' id='word_1_339' title='bbox 3503 2463 3597 2518; x_wconf 84' lang='lat' dir='ltr'>de-</span> 
     </span>
    </p>
   </div>
   <div class='ocr_carea' id='block_1_25' title="bbox 225 2542 3598 2623">
    <p class='ocr_par' dir='ltr' id='par_1_25' title="bbox 225 2542 3598 2623">
     <span class='ocr_line' id='line_1_25' title="bbox 225 2542 3598 2623; baseline 0.003 -26"><span class='ocrx_word' id='word_1_340' title='bbox 225 2542 477 2598; x_wconf 84' lang='lat' dir='ltr'>siderari</span> <span class='ocrx_word' id='word_1_341' title='bbox 501 2545 762 2615; x_wconf 78' lang='lat' dir='ltr'>diximus,</span> <span class='ocrx_word' id='word_1_342' title='bbox 791 2547 1126 2618; x_wconf 88' lang='lat' dir='ltr'>repetendas</span> <span class='ocrx_word' id='word_1_343' title='bbox 1146 2565 1264 2603; x_wconf 87' lang='lat' dir='ltr'>esse</span> <span class='ocrx_word' id='word_1_344' title='bbox 1303 2566 1335 2602; x_wconf 91' lang='lat' dir='ltr'>a</span> <span class='ocrx_word' id='word_1_345' title='bbox 1365 2550 1502 2605; x_wconf 89' lang='lat' dir='ltr'>festo</span> <span class='ocrx_word' id='word_1_346' title='bbox 1546 2549 1722 2604; x_wconf 90' lang='lat' dir='ltr'>sancti</span> <span class='ocrx_word' id='word_1_347' title='bbox 1758 2550 1983 2604; x_wconf 84' lang='lat' dir='ltr'>Martini</span> <span class='ocrx_word' id='word_1_348' title='bbox 2011 2567 2023 2605; x_wconf 94' lang='lat'><strong>:</strong></span> <span class='ocrx_word' id='word_1_349' title='bbox 2054 2568 2165 2622; x_wconf 91' lang='lat' dir='ltr'>quo</span> <span class='ocrx_word' id='word_1_350' title='bbox 2196 2567 2264 2605; x_wconf 86' lang='lat' dir='ltr'>ex</span> <span class='ocrx_word' id='word_1_351' title='bbox 2289 2555 2544 2621; x_wconf 91' lang='lat' dir='ltr'>tempore</span> <span class='ocrx_word' id='word_1_352' title='bbox 2570 2549 2723 2620; x_wconf 91' lang='lat' dir='ltr'>apud</span> <span class='ocrx_word' id='word_1_353' title='bbox 2750 2548 2934 2603; x_wconf 89' lang='lat' dir='ltr'>Gallos</span> <span class='ocrx_word' id='word_1_354' title='bbox 2972 2549 3171 2620; x_wconf 84' lang='lat' dir='ltr'>religio</span> <span class='ocrx_word' id='word_1_355' title='bbox 3206 2551 3510 2623; x_wconf 89' lang='lat' dir='ltr'>Adventus,</span> <span class='ocrx_word' id='word_1_356' title='bbox 3540 2554 3598 2609; x_wconf 89' lang='lat' dir='ltr'>id</span> 
     </span>
    </p>
   </div>
   <div class='ocr_carea' id='block_1_26' title="bbox 227 2636 3598 2712">
    <p class='ocr_par' dir='ltr' id='par_1_26' title="bbox 227 2636 3598 2712">
     <span class='ocr_line' id='line_1_26' title="bbox 227 2636 3598 2712; baseline 0.003 -25"><span class='ocrx_word' id='word_1_357' title='bbox 227 2639 319 2688; x_wconf 83' lang='lat' dir='ltr'>est</span> <span class='ocrx_word' id='word_1_358' title='bbox 343 2637 681 2706; x_wconf 74' lang='lat' dir='ltr'>praeparatio</span> <span class='ocrx_word' id='word_1_359' title='bbox 710 2636 780 2690; x_wconf 89' lang='lat' dir='ltr'>ad</span> <span class='ocrx_word' id='word_1_360' title='bbox 805 2637 994 2691; x_wconf 83' lang='lat' dir='ltr'>Natale</span> <span class='ocrx_word' id='word_1_361' title='bbox 1019 2637 1264 2705; x_wconf 89' lang='lat' dir='ltr'>Domini,</span> <span class='ocrx_word' id='word_1_362' title='bbox 1296 2637 1522 2694; x_wconf 90' lang='lat' dir='ltr'>initium</span> <span class='ocrx_word' id='word_1_363' title='bbox 1550 2637 1806 2694; x_wconf 89' lang='lat' dir='ltr'>ducebat.</span> <span class='ocrx_word' id='word_1_364' title='bbox 1837 2639 1996 2694; x_wconf 88' lang='lat' dir='ltr'>Certe</span> <span class='ocrx_word' id='word_1_365' title='bbox 2023 2639 2236 2694; x_wconf 86' lang='lat' dir='ltr'>Missale</span> <span class='ocrx_word' id='word_1_366' title='bbox 2258 2639 2713 2707; x_wconf 87' lang='lat' dir='ltr'>Ambrosianum,</span> <span class='ocrx_word' id='word_1_367' title='bbox 2743 2655 2894 2692; x_wconf 89' lang='lat' dir='ltr'>anno</span> <span class='ocrx_word' id='word_1_368' title='bbox 2922 2641 3057 2693; x_wconf 72' lang='lat'>1560</span> <span class='ocrx_word' id='word_1_369' title='bbox 3084 2640 3317 2710; x_wconf 90' lang='lat' dir='ltr'>editum,</span> <span class='ocrx_word' id='word_1_370' title='bbox 3343 2642 3541 2712; x_wconf 89' lang='lat' dir='ltr'>incipit</span> <span class='ocrx_word' id='word_1_371' title='bbox 3565 2661 3598 2697; x_wconf 90' lang='lat' dir='ltr'>a</span> 
     </span>
    </p>
   </div>
   <div class='ocr_carea' id='block_1_27' title="bbox 226 2721 3598 2800">
    <p class='ocr_par' dir='ltr' id='par_1_27' title="bbox 226 2721 3598 2800">
     <span class='ocr_line' id='line_1_27' title="bbox 226 2721 3598 2800; baseline 0.003 -23"><span class='ocrx_word' id='word_1_372' title='bbox 226 2724 428 2796; x_wconf 81' lang='lat' dir='ltr'>vigilia</span> <span class='ocrx_word' id='word_1_373' title='bbox 459 2721 629 2779; x_wconf 88' lang='lat' dir='ltr'>sancti</span> <span class='ocrx_word' id='word_1_374' title='bbox 657 2726 902 2794; x_wconf 82' lang='lat' dir='ltr'>Martini;</span> <span class='ocrx_word' id='word_1_375' title='bbox 936 2744 999 2781; x_wconf 90' lang='lat' dir='ltr'>ac</span> <span class='ocrx_word' id='word_1_376' title='bbox 1037 2728 1316 2782; x_wconf 90' lang='lat' dir='ltr'>recentius</span> <span class='ocrx_word' id='word_1_377' title='bbox 1355 2729 1489 2783; x_wconf 90' lang='lat' dir='ltr'>anni</span> <span class='ocrx_word' id='word_1_378' title='bbox 1521 2732 1651 2783; x_wconf 83' lang='lat' dir='ltr'>l669</span> <span class='ocrx_word' id='word_1_379' title='bbox 1678 2728 1746 2782; x_wconf 92' lang='lat' dir='ltr'>ab</span> <span class='ocrx_word' id='word_1_380' title='bbox 1773 2728 2047 2784; x_wconf 86' lang='lat' dir='ltr'>Adventu.</span> <span class='ocrx_word' id='word_1_381' title='bbox 2079 2731 2268 2800; x_wconf 85' lang='lat' dir='ltr'>Itaque</span> <span class='ocrx_word' id='word_1_382' title='bbox 2297 2728 2765 2782; x_wconf 87' lang='lat' dir='ltr'>verisimillimum</span> <span class='ocrx_word' id='word_1_383' title='bbox 2792 2732 2876 2781; x_wconf 88' lang='lat' dir='ltr'>est</span> <span class='ocrx_word' id='word_1_384' title='bbox 2900 2727 3313 2784; x_wconf 89' lang='lat' dir='ltr'>Lectionarium</span> <span class='ocrx_word' id='word_1_385' title='bbox 3339 2737 3598 2789; x_wconf 88' lang='lat' dir='ltr'>nostrum</span> 
     </span>
    </p>
   </div>
   <div class='ocr_carea' id='block_1_28' title="bbox 227 2812 3598 2890">
    <p class='ocr_par' dir='ltr' id='par_1_28' title="bbox 227 2812 3598 2890">
     <span class='ocr_line' id='line_1_28' title="bbox 227 2812 3598 2890; baseline 0.003 -23"><span class='ocrx_word' id='word_1_386' title='bbox 227 2812 429 2868; x_wconf 84' lang='lat' dir='ltr'>itidem</span> <span class='ocrx_word' id='word_1_387' title='bbox 457 2812 747 2886; x_wconf 60' lang='lat' dir='ltr'>increpisse</span> <span class='ocrx_word' id='word_1_388' title='bbox 775 2833 807 2869; x_wconf 89' lang='lat' dir='ltr'>a</span> <span class='ocrx_word' id='word_1_389' title='bbox 833 2815 972 2871; x_wconf 88' lang='lat' dir='ltr'>festo</span> <span class='ocrx_word' id='word_1_390' title='bbox 1003 2818 1181 2872; x_wconf 88' lang='lat' dir='ltr'>sancti</span> <span class='ocrx_word' id='word_1_391' title='bbox 1209 2819 1449 2886; x_wconf 82' lang='lat' dir='ltr'>Martini,</span> <span class='ocrx_word' id='word_1_392' title='bbox 1483 2819 1541 2873; x_wconf 91' lang='lat' dir='ltr'>in</span> <span class='ocrx_word' id='word_1_393' title='bbox 1572 2835 1742 2890; x_wconf 89' lang='lat' dir='ltr'>quem</span> <span class='ocrx_word' id='word_1_394' title='bbox 1771 2820 1952 2890; x_wconf 85' lang='lat' dir='ltr'>major</span> <span class='ocrx_word' id='word_1_395' title='bbox 1978 2823 2097 2873; x_wconf 89' lang='lat' dir='ltr'>erat</span> <span class='ocrx_word' id='word_1_396' title='bbox 2115 2819 2426 2886; x_wconf 91' lang='lat' dir='ltr'>Gallorum,</span> <span class='ocrx_word' id='word_1_397' title='bbox 2458 2835 2628 2890; x_wconf 91' lang='lat' dir='ltr'>quam</span> <span class='ocrx_word' id='word_1_398' title='bbox 2656 2822 2980 2873; x_wconf 89' lang='lat' dir='ltr'>exterorum</span> <span class='ocrx_word' id='word_1_399' title='bbox 2997 2817 3234 2874; x_wconf 90' lang='lat' dir='ltr'>devotio.</span> <span class='ocrx_word' id='word_1_400' title='bbox 3255 2820 3464 2875; x_wconf 86' lang='lat' dir='ltr'>Deinde</span> <span class='ocrx_word' id='word_1_401' title='bbox 3478 2822 3598 2876; x_wconf 84' lang='lat' dir='ltr'>for-</span> 
     </span>
    </p>
   </div>
   <div class='ocr_carea' id='block_1_29' title="bbox 227 2903 3602 2980">
    <p class='ocr_par' dir='ltr' id='par_1_29' title="bbox 227 2903 3602 2980">
     <span class='ocr_line' id='line_1_29' title="bbox 227 2903 3602 2980; baseline 0.003 -23"><span class='ocrx_word' id='word_1_402' title='bbox 227 2921 329 2958; x_wconf 86' lang='lat' dir='ltr'>san</span> <span class='ocrx_word' id='word_1_403' title='bbox 350 2903 699 2974; x_wconf 84' lang='lat' dir='ltr'>sequebatur</span> <span class='ocrx_word' id='word_1_404' title='bbox 725 2905 975 2961; x_wconf 72' lang='lat' dir='ltr'>officium</span> <span class='ocrx_word' id='word_1_405' title='bbox 1003 2907 1071 2962; x_wconf 92' lang='lat' dir='ltr'>de</span> <span class='ocrx_word' id='word_1_406' title='bbox 1099 2914 1291 2964; x_wconf 89' lang='lat' dir='ltr'>sancto</span> <span class='ocrx_word' id='word_1_407' title='bbox 1310 2909 1562 2978; x_wconf 83' lang='lat' dir='ltr'>Andrea;</span> <span class='ocrx_word' id='word_1_408' title='bbox 1596 2913 1790 2980; x_wconf 90' lang='lat' dir='ltr'>postea</span> <span class='ocrx_word' id='word_1_409' title='bbox 1818 2909 2082 2980; x_wconf 60' lang='lat' dir='ltr'>quaidam</span> <span class='ocrx_word' id='word_1_410' title='bbox 2109 2908 2290 2963; x_wconf 83' lang='lat' dir='ltr'>ofﬁcia</span> <span class='ocrx_word' id='word_1_411' title='bbox 2314 2925 2416 2979; x_wconf 87' lang='lat' dir='ltr'>pro</span> <span class='ocrx_word' id='word_1_412' title='bbox 2437 2908 2714 2977; x_wconf 88' lang='lat' dir='ltr'>Adventu,</span> <span class='ocrx_word' id='word_1_413' title='bbox 2734 2908 2802 2962; x_wconf 93' lang='lat' dir='ltr'>de</span> <span class='ocrx_word' id='word_1_414' title='bbox 2833 2924 2945 2979; x_wconf 91' lang='lat' dir='ltr'>quo</span> <span class='ocrx_word' id='word_1_415' title='bbox 2966 2908 3093 2962; x_wconf 68' lang='lat' dir='ltr'>dua:</span> <span class='ocrx_word' id='word_1_416' title='bbox 3115 2910 3299 2963; x_wconf 65' lang='lat' dir='ltr'>missae</span> <span class='ocrx_word' id='word_1_417' title='bbox 3318 2909 3602 2966; x_wconf 89' lang='lat' dir='ltr'>habentur</span> 
     </span>
    </p>
   </div>
   <div class='ocr_carea' id='block_1_30' title="bbox 230 2993 3598 3070">
    <p class='ocr_par' dir='ltr' id='par_1_30' title="bbox 230 2993 3598 3070">
     <span class='ocr_line' id='line_1_30' title="bbox 230 2993 3598 3070; baseline 0.002 -23"><span class='ocrx_word' id='word_1_418' title='bbox 230 2995 292 3047; x_wconf 89' lang='lat' dir='ltr'>in</span> <span class='ocrx_word' id='word_1_419' title='bbox 315 2993 524 3048; x_wconf 78' lang='lat' dir='ltr'>Missali</span> <span class='ocrx_word' id='word_1_420' title='bbox 550 2994 1086 3066; x_wconf 87' lang='lat' dir='ltr'>Gothicogallicano,</span> <span class='ocrx_word' id='word_1_421' title='bbox 1113 2998 1346 3053; x_wconf 81' lang='lat' dir='ltr'>fortasse</span> <span class='ocrx_word' id='word_1_422' title='bbox 1375 2999 1719 3069; x_wconf 71' lang='lat' dir='ltr'>repetendm,</span> <span class='ocrx_word' id='word_1_423' title='bbox 1752 2999 1977 3070; x_wconf 87' lang='lat' dir='ltr'>quando</span> <span class='ocrx_word' id='word_1_424' title='bbox 2004 3015 2094 3053; x_wconf 88' lang='lat' dir='ltr'>res</span> <span class='ocrx_word' id='word_1_425' title='bbox 2122 2997 2402 3070; x_wconf 83' lang='lat' dir='ltr'>exigebat.</span> <span class='ocrx_word' id='word_1_426' title='bbox 2433 2999 2572 3052; x_wconf 87' lang='lat' dir='ltr'>Nam</span> <span class='ocrx_word' id='word_1_427' title='bbox 2599 3003 2655 3052; x_wconf 89' lang='lat' dir='ltr'>et</span> <span class='ocrx_word' id='word_1_428' title='bbox 2682 2997 2869 3052; x_wconf 66' lang='lat' dir='ltr'>missae</span> <span class='ocrx_word' id='word_1_429' title='bbox 2895 2997 3262 3054; x_wconf 90' lang='lat' dir='ltr'>dominicales</span> <span class='ocrx_word' id='word_1_430' title='bbox 3298 3005 3424 3070; x_wconf 88' lang='lat' dir='ltr'>post</span> <span class='ocrx_word' id='word_1_431' title='bbox 3454 3003 3598 3056; x_wconf 90' lang='lat' dir='ltr'>Pen-</span> 
     </span>
    </p>
   </div>
   <div class='ocr_carea' id='block_1_31' title="bbox 227 3084 3600 3159">
    <p class='ocr_par' dir='ltr' id='par_1_31' title="bbox 227 3084 3600 3159">
     <span class='ocr_line' id='line_1_31' title="bbox 227 3084 3600 3159; baseline 0.002 -21"><span class='ocrx_word' id='word_1_432' title='bbox 227 3088 484 3138; x_wconf 82' lang='lat' dir='ltr'>tecosten</span> <span class='ocrx_word' id='word_1_433' title='bbox 509 3084 612 3138; x_wconf 91' lang='lat' dir='ltr'>hoc</span> <span class='ocrx_word' id='word_1_434' title='bbox 639 3085 807 3139; x_wconf 90' lang='lat' dir='ltr'>modo</span> <span class='ocrx_word' id='word_1_435' title='bbox 836 3088 1154 3157; x_wconf 75' lang='lat' dir='ltr'>repetendze</span> <span class='ocrx_word' id='word_1_436' title='bbox 1195 3093 1376 3155; x_wconf 91' lang='lat' dir='ltr'>erant,</span> <span class='ocrx_word' id='word_1_437' title='bbox 1411 3089 1691 3159; x_wconf 89' lang='lat' dir='ltr'>siquidem</span> <span class='ocrx_word' id='word_1_438' title='bbox 1720 3089 1886 3143; x_wconf 90' lang='lat' dir='ltr'>unica</span> <span class='ocrx_word' id='word_1_439' title='bbox 1924 3089 1983 3143; x_wconf 90' lang='lat' dir='ltr'>in</span> <span class='ocrx_word' id='word_1_440' title='bbox 2010 3087 2360 3144; x_wconf 87' lang='lat' dir='ltr'>Lectionario</span> <span class='ocrx_word' id='word_1_441' title='bbox 2389 3093 2598 3156; x_wconf 86' lang='lat' dir='ltr'>nostro,</span> <span class='ocrx_word' id='word_1_442' title='bbox 2623 3103 2719 3141; x_wconf 88' lang='lat' dir='ltr'>sex</span> <span class='ocrx_word' id='word_1_443' title='bbox 2749 3086 2806 3140; x_wconf 91' lang='lat' dir='ltr'>in</span> <span class='ocrx_word' id='word_1_444' title='bbox 2831 3086 3033 3141; x_wconf 85' lang='lat' dir='ltr'>Missali</span> <span class='ocrx_word' id='word_1_445' title='bbox 3055 3087 3304 3157; x_wconf 89' lang='lat' dir='ltr'>Gothico,</span> <span class='ocrx_word' id='word_1_446' title='bbox 3339 3095 3395 3144; x_wconf 89' lang='lat' dir='ltr'>et</span> <span class='ocrx_word' id='word_1_447' title='bbox 3419 3107 3517 3145; x_wconf 85' lang='lat' dir='ltr'>sex</span> <span class='ocrx_word' id='word_1_448' title='bbox 3543 3091 3600 3146; x_wconf 91' lang='lat' dir='ltr'>in</span> 
     </span>
    </p>
   </div>
   <div class='ocr_carea' id='block_1_32' title="bbox 226 3173 3600 3249">
    <p class='ocr_par' dir='ltr' id='par_1_32' title="bbox 226 3173 3600 3249">
     <span class='ocr_line' id='line_1_32' title="bbox 226 3173 3600 3249; baseline 0.003 -23"><span class='ocrx_word' id='word_1_449' title='bbox 226 3173 574 3227; x_wconf 74' lang='lat' dir='ltr'>Mozarabico</span> <span class='ocrx_word' id='word_1_450' title='bbox 611 3179 833 3229; x_wconf 90' lang='lat' dir='ltr'>tantum</span> <span class='ocrx_word' id='word_1_451' title='bbox 865 3176 1244 3247; x_wconf 82' lang='lat' dir='ltr'>assignantur.</span> <span class='ocrx_word' id='word_1_452' title='bbox 1286 3179 1504 3243; x_wconf 85' lang='lat' dir='ltr'>Quanta</span> <span class='ocrx_word' id='word_1_453' title='bbox 1533 3178 1736 3248; x_wconf 88' lang='lat' dir='ltr'>pietate</span> <span class='ocrx_word' id='word_1_454' title='bbox 1766 3179 1954 3233; x_wconf 84' lang='lat' dir='ltr'>Natale</span> <span class='ocrx_word' id='word_1_455' title='bbox 2001 3178 2222 3233; x_wconf 88' lang='lat' dir='ltr'>Domini</span> <span class='ocrx_word' id='word_1_456' title='bbox 2259 3177 2638 3249; x_wconf 65' lang='lat' dir='ltr'>praevenirent</span> <span class='ocrx_word' id='word_1_457' title='bbox 2667 3177 2907 3247; x_wconf 87' lang='lat' dir='ltr'>majores</span> <span class='ocrx_word' id='word_1_458' title='bbox 2935 3177 3131 3246; x_wconf 87' lang='lat' dir='ltr'>nostri,</span> <span class='ocrx_word' id='word_1_459' title='bbox 3159 3178 3321 3234; x_wconf 91' lang='lat' dir='ltr'>docet</span> <span class='ocrx_word' id='word_1_460' title='bbox 3358 3196 3539 3234; x_wconf 91' lang='lat' dir='ltr'>canon</span> <span class='ocrx_word' id='word_1_461' title='bbox 3569 3184 3600 3235; x_wconf 88' lang='lat'><strong>9</strong></span> 
     </span>
    </p>
   </div>
   <div class='ocr_carea' id='block_1_33' title="bbox 228 3263 3598 3338">
    <p class='ocr_par' dir='ltr' id='par_1_33' title="bbox 228 3263 3598 3338">
     <span class='ocr_line' id='line_1_33' title="bbox 228 3263 3598 3338; baseline 0.002 -22"><span class='ocrx_word' id='word_1_462' title='bbox 228 3263 461 3316; x_wconf 82' lang='lat' dir='ltr'>concilii</span> <span class='ocrx_word' id='word_1_463' title='bbox 484 3264 897 3319; x_wconf 84' lang='lat' dir='ltr'>Matisconensis</span> <span class='ocrx_word' id='word_1_464' title='bbox 924 3266 1114 3337; x_wconf 89' lang='lat' dir='ltr'>primi,</span> <span class='ocrx_word' id='word_1_465' title='bbox 1144 3267 1441 3321; x_wconf 87' lang='lat' dir='ltr'>statuentis</span> <span class='ocrx_word' id='word_1_466' title='bbox 1475 3284 1486 3321; x_wconf 90' lang='lat'>:</span> <span class='ocrx_word' id='word_1_467' title='bbox 1525 3271 1590 3323; x_wconf 94' lang='lat' dir='ltr'>Ut</span> <span class='ocrx_word' id='word_1_468' title='bbox 1615 3285 1650 3322; x_wconf 85' lang='grc' dir='ltr'><em>α</em></span> <span class='ocrx_word' id='word_1_469' title='bbox 1677 3270 1825 3334; x_wconf 80' lang='lat' dir='ltr'>feria</span> <span class='ocrx_word' id='word_1_470' title='bbox 1849 3270 2026 3322; x_wconf 74' lang='lat' dir='ltr'>sancti</span> <span class='ocrx_word' id='word_1_471' title='bbox 2046 3270 2277 3324; x_wconf 73' lang='lat' dir='ltr'>Martini</span> <span class='ocrx_word' id='word_1_472' title='bbox 2304 3283 2468 3337; x_wconf 80' lang='lat' dir='ltr'>usque</span> <span class='ocrx_word' id='word_1_473' title='bbox 2494 3267 2568 3321; x_wconf 85' lang='lat' dir='ltr'>ad</span> <span class='ocrx_word' id='word_1_474' title='bbox 2594 3268 2793 3323; x_wconf 82' lang='lat' dir='ltr'>Natale</span> <span class='ocrx_word' id='word_1_475' title='bbox 2829 3268 3061 3327; x_wconf 76' lang='lat' dir='ltr'>Domini,</span> <span class='ocrx_word' id='word_1_476' title='bbox 3089 3268 3346 3331; x_wconf 84' lang='lat' dir='ltr'>secunda,</span> <span class='ocrx_word' id='word_1_477' title='bbox 3375 3274 3598 3338; x_wconf 81' lang='lat' dir='ltr'>quarta,</span> 
     </span>
    </p>
   </div>
   <div class='ocr_carea' id='block_1_34' title="bbox 229 3354 3597 3430">
    <p class='ocr_par' dir='ltr' id='par_1_34' title="bbox 229 3354 3597 3430">
     <span class='ocr_line' id='line_1_34' title="bbox 229 3354 3597 3430; baseline 0.002 -24"><span class='ocrx_word' id='word_1_478' title='bbox 229 3359 278 3406; x_wconf 83' lang='lat' dir='ltr'>et</span> <span class='ocrx_word' id='word_1_479' title='bbox 305 3357 464 3406; x_wconf 71' lang='lat' dir='ltr'>sea-ta</span> <span class='ocrx_word' id='word_1_480' title='bbox 497 3354 744 3417; x_wconf 79' lang='lat' dir='ltr'>Sabbati,</span> <span class='ocrx_word' id='word_1_481' title='bbox 773 3354 830 3408; x_wconf 89' lang='lat' dir='ltr'>id</span> <span class='ocrx_word' id='word_1_482' title='bbox 865 3360 950 3409; x_wconf 90' lang='lat' dir='ltr'>est</span> <span class='ocrx_word' id='word_1_483' title='bbox 983 3355 1365 3425; x_wconf 75' lang='lat' dir='ltr'>hebdomadas,</span> <span class='ocrx_word' id='word_1_484' title='bbox 1401 3355 1597 3430; x_wconf 86' lang='grc'>102</span> <span class='ocrx_word' id='word_1_485' title='bbox 1627 3357 1920 3426; x_wconf 84' lang='lat' dir='ltr'>jejunetur,</span> <span class='ocrx_word' id='word_1_486' title='bbox 1962 3362 2013 3412; x_wconf 84' lang='lat' dir='ltr'>et</span> <span class='ocrx_word' id='word_1_487' title='bbox 2040 3359 2307 3426; x_wconf 74' lang='lat' dir='ltr'>sacriﬁcia</span> <span class='ocrx_word' id='word_1_488' title='bbox 2353 3356 2818 3426; x_wconf 79' lang='lat' dir='ltr'>quadragesimali</span> <span class='ocrx_word' id='word_1_489' title='bbox 2845 3356 3074 3409; x_wconf 83' lang='lat' dir='ltr'>debeant</span> <span class='ocrx_word' id='word_1_490' title='bbox 3100 3357 3287 3411; x_wconf 75' lang='lat' dir='ltr'>ordino</span> <span class='ocrx_word' id='word_1_491' title='bbox 3317 3359 3597 3415; x_wconf 82' lang='lat' dir='ltr'>celebra-ri.</span> 
     </span>
    </p>
   </div>
   <div class='ocr_carea' id='block_1_35' title="bbox 231 3441 3602 3518">
    <p class='ocr_par' dir='ltr' id='par_1_35' title="bbox 231 3441 3602 3518">
     <span class='ocr_line' id='line_1_35' title="bbox 231 3441 3602 3518; baseline 0.002 -22"><span class='ocrx_word' id='word_1_492' title='bbox 231 3444 419 3512; x_wconf 79' lang='lat' dir='ltr'>Atque</span> <span class='ocrx_word' id='word_1_493' title='bbox 442 3441 510 3494; x_wconf 93' lang='lat' dir='ltr'>ob</span> <span class='ocrx_word' id='word_1_494' title='bbox 533 3442 678 3497; x_wconf 87' lang='lat' dir='ltr'>hanc</span> <span class='ocrx_word' id='word_1_495' title='bbox 698 3460 923 3498; x_wconf 89' lang='lat' dir='ltr'>causam</span> <span class='ocrx_word' id='word_1_496' title='bbox 934 3445 1009 3515; x_wconf 90' lang='lat' dir='ltr'>jej</span> <span class='ocrx_word' id='word_1_497' title='bbox 1020 3445 1218 3500; x_wconf 90' lang='lat' dir='ltr'>unium</span> <span class='ocrx_word' id='word_1_498' title='bbox 1240 3451 1481 3518; x_wconf 87' lang='lat' dir='ltr'>quatuor</span> <span class='ocrx_word' id='word_1_499' title='bbox 1500 3452 1825 3518; x_wconf 87' lang='lat' dir='ltr'>temporum</span> <span class='ocrx_word' id='word_1_500' title='bbox 1843 3447 1901 3500; x_wconf 91' lang='lat' dir='ltr'>in</span> <span class='ocrx_word' id='word_1_501' title='bbox 1921 3463 2114 3501; x_wconf 91' lang='lat' dir='ltr'>mense</span> <span class='ocrx_word' id='word_1_502' title='bbox 2140 3447 2359 3500; x_wconf 86' lang='lat' dir='ltr'>decimo.</span> <span class='ocrx_word' id='word_1_503' title='bbox 2385 3445 2709 3500; x_wconf 89' lang='lat' dir='ltr'>institutum</span> <span class='ocrx_word' id='word_1_504' title='bbox 2740 3444 2911 3498; x_wconf 90' lang='lat' dir='ltr'>tradit</span> <span class='ocrx_word' id='word_1_505' title='bbox 2926 3444 3204 3515; x_wconf 87' lang='lat' dir='ltr'>Egbertus</span> <span class='ocrx_word' id='word_1_506' title='bbox 3238 3446 3602 3503; x_wconf 83' lang='lat' dir='ltr'>Eboracensis</span> 
     </span>
    </p>
   </div>
   <div class='ocr_carea' id='block_1_36' title="bbox 228 3534 3602 3609">
    <p class='ocr_par' dir='ltr' id='par_1_36' title="bbox 228 3534 3602 3609">
     <span class='ocr_line' id='line_1_36' title="bbox 228 3534 3602 3609; baseline 0.002 -23"><span class='ocrx_word' id='word_1_507' title='bbox 228 3534 466 3588; x_wconf 87' lang='lat' dir='ltr'>antistes</span> <span class='ocrx_word' id='word_1_508' title='bbox 488 3535 551 3587; x_wconf 89' lang='lat' dir='ltr'>in</span> <span class='ocrx_word' id='word_1_509' title='bbox 579 3535 832 3607; x_wconf 87' lang='lat' dir='ltr'>Dialogo,</span> <span class='ocrx_word' id='word_1_510' title='bbox 864 3559 889 3586; x_wconf 89' lang='grc'><em>‹‹</em></span> <span class='ocrx_word' id='word_1_511' title='bbox 912 3553 1118 3608; x_wconf 88' lang='lat' dir='ltr'>nempe</span> <span class='ocrx_word' id='word_1_512' title='bbox 1141 3543 1370 3609; x_wconf 88' lang='lat' dir='ltr'>propter</span> <span class='ocrx_word' id='word_1_513' title='bbox 1393 3538 1788 3593; x_wconf 87' lang='lat' dir='ltr'>advenientem</span> <span class='ocrx_word' id='word_1_514' title='bbox 1815 3537 2195 3593; x_wconf 89' lang='lat' dir='ltr'>venerabilem</span> <span class='ocrx_word' id='word_1_515' title='bbox 2223 3536 2638 3591; x_wconf 88' lang='lat' dir='ltr'>solemnitatem</span> <span class='ocrx_word' id='word_1_516' title='bbox 2661 3534 2880 3590; x_wconf 90' lang='lat' dir='ltr'>Domini</span> <span class='ocrx_word' id='word_1_517' title='bbox 2919 3535 3094 3589; x_wconf 91' lang='lat' dir='ltr'>nostri</span> <span class='ocrx_word' id='word_1_518' title='bbox 3128 3535 3260 3590; x_wconf 90' lang='lat' dir='ltr'>Jesu</span> <span class='ocrx_word' id='word_1_519' title='bbox 3296 3537 3506 3593; x_wconf 87' lang='lat' dir='ltr'>Christi</span> <span class='ocrx_word' id='word_1_520' title='bbox 3536 3544 3602 3609; x_wconf 82' lang='lat' dir='ltr'>ut</span> 
     </span>
    </p>
   </div>
   <div class='ocr_carea' id='block_1_37' title="bbox 227 3624 3597 3699">
    <p class='ocr_par' dir='ltr' id='par_1_37' title="bbox 227 3624 3597 3699">
     <span class='ocr_line' id='line_1_37' title="bbox 227 3624 3597 3699; baseline 0.003 -21"><span class='ocrx_word' id='word_1_521' title='bbox 227 3624 631 3696; x_wconf 86' lang='lat' dir='ltr'>unusquisque</span> <span class='ocrx_word' id='word_1_522' title='bbox 662 3624 838 3680; x_wconf 85' lang='lat' dir='ltr'>ﬁdelis</span> <span class='ocrx_word' id='word_1_523' title='bbox 863 3631 1142 3698; x_wconf 67' lang='lat' dir='ltr'>praeparet</span> <span class='ocrx_word' id='word_1_524' title='bbox 1170 3644 1228 3682; x_wconf 92' lang='lat' dir='ltr'>se</span> <span class='ocrx_word' id='word_1_525' title='bbox 1253 3628 1323 3682; x_wconf 88' lang='lat' dir='ltr'>ad</span> <span class='ocrx_word' id='word_1_526' title='bbox 1351 3628 1813 3683; x_wconf 88' lang='lat' dir='ltr'>communionem</span> <span class='ocrx_word' id='word_1_527' title='bbox 1838 3627 2089 3699; x_wconf 85' lang='lat' dir='ltr'>corporis</span> <span class='ocrx_word' id='word_1_528' title='bbox 2115 3631 2171 3682; x_wconf 89' lang='lat' dir='ltr'>et</span> <span class='ocrx_word' id='word_1_529' title='bbox 2197 3626 2490 3699; x_wconf 81' lang='lat' dir='ltr'>sanguinis</span> <span class='ocrx_word' id='word_1_530' title='bbox 2518 3625 2722 3681; x_wconf 89' lang='lat' dir='ltr'>Christi</span> <span class='ocrx_word' id='word_1_531' title='bbox 2762 3642 2893 3680; x_wconf 92' lang='lat' dir='ltr'>cum</span> <span class='ocrx_word' id='word_1_532' title='bbox 2920 3625 3212 3681; x_wconf 90' lang='lat' dir='ltr'>devotione</span> <span class='ocrx_word' id='word_1_533' title='bbox 3239 3629 3597 3687; x_wconf 85' lang='lat' dir='ltr'>sumendam.</span> 
     </span>
    </p>
   </div>
   <div class='ocr_carea' id='block_1_38' title="bbox 229 3713 3600 3792">
    <p class='ocr_par' dir='ltr' id='par_1_38' title="bbox 229 3713 3600 3792">
     <span class='ocr_line' id='line_1_38' title="bbox 229 3713 3600 3792; baseline 0.003 -25"><span class='ocrx_word' id='word_1_534' title='bbox 229 3713 392 3778; x_wconf 88' lang='lat' dir='ltr'>Quod</span> <span class='ocrx_word' id='word_1_535' title='bbox 412 3718 468 3768; x_wconf 91' lang='lat' dir='ltr'>et</span> <span class='ocrx_word' id='word_1_536' title='bbox 489 3731 629 3785; x_wconf 90' lang='lat' dir='ltr'>gens</span> <span class='ocrx_word' id='word_1_537' title='bbox 658 3716 991 3786; x_wconf 88' lang='lat' dir='ltr'>Anglorum,</span> <span class='ocrx_word' id='word_1_538' title='bbox 1023 3717 1229 3788; x_wconf 86' lang='lat' dir='ltr'>inquit,</span> <span class='ocrx_word' id='word_1_539' title='bbox 1260 3734 1486 3790; x_wconf 90' lang='lat' dir='ltr'>semper</span> <span class='ocrx_word' id='word_1_540' title='bbox 1518 3718 1578 3773; x_wconf 87' lang='lat' dir='ltr'>in</span> <span class='ocrx_word' id='word_1_541' title='bbox 1608 3719 1776 3790; x_wconf 88' lang='lat' dir='ltr'>plena</span> <span class='ocrx_word' id='word_1_542' title='bbox 1801 3718 2154 3773; x_wconf 90' lang='lat' dir='ltr'>hebdomada</span> <span class='ocrx_word' id='word_1_543' title='bbox 2183 3723 2314 3772; x_wconf 89' lang='lat' dir='ltr'>ante</span> <span class='ocrx_word' id='word_1_544' title='bbox 2341 3717 2534 3771; x_wconf 86' lang='lat' dir='ltr'>Natale</span> <span class='ocrx_word' id='word_1_545' title='bbox 2561 3715 2786 3770; x_wconf 91' lang='lat' dir='ltr'>Domini</span> <span class='ocrx_word' id='word_1_546' title='bbox 2811 3715 3118 3784; x_wconf 89' lang='lat' dir='ltr'>consuevit,</span> <span class='ocrx_word' id='word_1_547' title='bbox 3151 3737 3178 3764; x_wconf 84' lang='lat'><strong><em>»</em></strong></span> <span class='ocrx_word' id='word_1_548' title='bbox 3218 3717 3426 3774; x_wconf 89' lang='lat' dir='ltr'>scilicet</span> <span class='ocrx_word' id='word_1_549' title='bbox 3442 3720 3600 3792; x_wconf 84' lang='lat' dir='ltr'>jeju-</span> 
     </span>
    </p>
   </div>
   <div class='ocr_carea' id='block_1_39' title="bbox 232 3804 3603 3878">
    <p class='ocr_par' dir='ltr' id='par_1_39' title="bbox 232 3804 3603 3878">
     <span class='ocr_line' id='line_1_39' title="bbox 232 3804 3603 3878; baseline 0.003 -21"><span class='ocrx_word' id='word_1_550' title='bbox 232 3804 366 3873; x_wconf 87' lang='lat' dir='ltr'>niis,</span> <span class='ocrx_word' id='word_1_551' title='bbox 398 3804 711 3871; x_wconf 89' lang='lat' dir='ltr'>solitudini,</span> <span class='ocrx_word' id='word_1_552' title='bbox 740 3811 795 3860; x_wconf 86' lang='lat' dir='ltr'>et</span> <span class='ocrx_word' id='word_1_553' title='bbox 820 3807 939 3860; x_wconf 89' lang='lat' dir='ltr'>aliis</span> <span class='ocrx_word' id='word_1_554' title='bbox 959 3806 1067 3877; x_wconf 90' lang='lat' dir='ltr'>piis</span> <span class='ocrx_word' id='word_1_555' title='bbox 1097 3807 1360 3877; x_wconf 90' lang='lat' dir='ltr'>operibus</span> <span class='ocrx_word' id='word_1_556' title='bbox 1385 3809 1652 3863; x_wconf 90' lang='lat' dir='ltr'>vacando.</span> <span class='ocrx_word' id='word_1_557' title='bbox 1682 3810 1808 3863; x_wconf 71' lang='lat' dir='ltr'>Haec</span> <span class='ocrx_word' id='word_1_558' title='bbox 1834 3810 1903 3864; x_wconf 91' lang='lat' dir='ltr'>de</span> <span class='ocrx_word' id='word_1_559' title='bbox 1930 3809 2188 3864; x_wconf 83' lang='lat' dir='ltr'>Adventu</span> <span class='ocrx_word' id='word_1_560' title='bbox 2215 3807 2436 3862; x_wconf 89' lang='lat' dir='ltr'>Domini</span> <span class='ocrx_word' id='word_1_561' title='bbox 2456 3807 2803 3878; x_wconf 82' lang='lat' dir='ltr'>praemittere</span> <span class='ocrx_word' id='word_1_562' title='bbox 2832 3821 3017 3877; x_wconf 66' lang='lat' dir='ltr'>opera:</span> <span class='ocrx_word' id='word_1_563' title='bbox 3045 3807 3295 3878; x_wconf 89' lang='lat' dir='ltr'>pretium</span> <span class='ocrx_word' id='word_1_564' title='bbox 3335 3809 3603 3867; x_wconf 89' lang='lat' dir='ltr'>duximus</span> 
     </span>
    </p>
   </div>
   <div class='ocr_carea' id='block_1_40' title="bbox 232 3893 3600 3972">
    <p class='ocr_par' dir='ltr' id='par_1_40' title="bbox 232 3893 3600 3972">
     <span class='ocr_line' id='line_1_40' title="bbox 232 3893 3600 3972; baseline 0.004 -25"><span class='ocrx_word' id='word_1_565' title='bbox 232 3895 307 3948; x_wconf 88' lang='lat' dir='ltr'>ad</span> <span class='ocrx_word' id='word_1_566' title='bbox 353 3893 734 3965; x_wconf 90' lang='lat' dir='ltr'>supplendum</span> <span class='ocrx_word' id='word_1_567' title='bbox 777 3911 842 3950; x_wconf 89' lang='lat' dir='ltr'>ea</span> <span class='ocrx_word' id='word_1_568' title='bbox 881 3913 1006 3967; x_wconf 77' lang='lat' dir='ltr'>quae</span> <span class='ocrx_word' id='word_1_569' title='bbox 1043 3912 1112 3950; x_wconf 85' lang='lat' dir='ltr'>ex</span> <span class='ocrx_word' id='word_1_570' title='bbox 1151 3897 1356 3951; x_wconf 86' lang='lat' dir='ltr'>avulsis</span> <span class='ocrx_word' id='word_1_571' title='bbox 1387 3897 1532 3952; x_wconf 85' lang='lat' dir='ltr'>foliis</span> <span class='ocrx_word' id='word_1_572' title='bbox 1561 3899 1619 3952; x_wconf 90' lang='lat' dir='ltr'>in</span> <span class='ocrx_word' id='word_1_573' title='bbox 1648 3899 1996 3954; x_wconf 88' lang='lat' dir='ltr'>Lectionario</span> <span class='ocrx_word' id='word_1_574' title='bbox 2021 3902 2213 3954; x_wconf 90' lang='lat' dir='ltr'>nostro</span> <span class='ocrx_word' id='word_1_575' title='bbox 2241 3897 2462 3966; x_wconf 89' lang='lat' dir='ltr'>desunt,</span> <span class='ocrx_word' id='word_1_576' title='bbox 2494 3896 2553 3951; x_wconf 88' lang='lat' dir='ltr'>id</span> <span class='ocrx_word' id='word_1_577' title='bbox 2573 3901 2656 3952; x_wconf 91' lang='lat' dir='ltr'>est</span> <span class='ocrx_word' id='word_1_578' title='bbox 2679 3894 3330 3968; x_wconf 88' lang='lat' dir='ltr'>quaterniones_omniuo</span> <span class='ocrx_word' id='word_1_579' title='bbox 3349 3906 3600 3972; x_wconf 89' lang='lat' dir='ltr'>septem:</span> 
     </span>
    </p>
   </div>
   <div class='ocr_carea' id='block_1_41' title="bbox 235 3983 1698 4058">
    <p class='ocr_par' dir='ltr' id='par_1_41' title="bbox 235 3983 1698 4058">
     <span class='ocr_line' id='line_1_41' title="bbox 235 3983 1698 4058; baseline 0.005 -21"><span class='ocrx_word' id='word_1_580' title='bbox 235 3983 525 4055; x_wconf 85' lang='lat' dir='ltr'>siquidem</span> <span class='ocrx_word' id='word_1_581' title='bbox 565 3985 784 4056; x_wconf 89' lang='lat' dir='ltr'>primus</span> <span class='ocrx_word' id='word_1_582' title='bbox 813 4002 843 4040; x_wconf 93' lang='lat' dir='ltr'>e</span> <span class='ocrx_word' id='word_1_583' title='bbox 871 3985 1099 4058; x_wconf 88' lang='lat' dir='ltr'>reliquis</span> <span class='ocrx_word' id='word_1_584' title='bbox 1125 4003 1365 4042; x_wconf 90' lang='lat' dir='ltr'>numero</span> <span class='ocrx_word' id='word_1_585' title='bbox 1390 3990 1424 4043; x_wconf 90' lang='lat'>8</span> <span class='ocrx_word' id='word_1_586' title='bbox 1449 3991 1698 4045; x_wconf 87' lang='lat' dir='ltr'>notatur.</span> 
     </span>
    </p>
   </div>
   <div class='ocr_carea' id='block_1_42' title="bbox 311 4147 3601 4224">
    <p class='ocr_par' dir='ltr' id='par_1_42' title="bbox 311 4147 3601 4224">
     <span class='ocr_line' id='line_1_42' title="bbox 311 4147 3601 4224; baseline 0.004 -24"><span class='ocrx_word' id='word_1_587' title='bbox 311 4149 362 4201; x_wconf 91' lang='lat'>7.</span> <span class='ocrx_word' id='word_1_588' title='bbox 405 4147 564 4210; x_wconf 89' lang='lat' dir='ltr'>Quod</span> <span class='ocrx_word' id='word_1_589' title='bbox 595 4148 795 4204; x_wconf 86' lang='lat' dir='ltr'>attinet</span> <span class='ocrx_word' id='word_1_590' title='bbox 822 4150 892 4204; x_wconf 88' lang='lat' dir='ltr'>ad</span> <span class='ocrx_word' id='word_1_591' title='bbox 928 4150 1310 4207; x_wconf 88' lang='lat' dir='ltr'>solemnitates</span> <span class='ocrx_word' id='word_1_592' title='bbox 1339 4156 1394 4208; x_wconf 90' lang='lat' dir='ltr'>et</span> <span class='ocrx_word' id='word_1_593' title='bbox 1422 4158 1743 4209; x_wconf 85' lang='lat' dir='ltr'>sanctorum</span> <span class='ocrx_word' id='word_1_594' title='bbox 1775 4153 2101 4209; x_wconf 87' lang='lat' dir='ltr'>festivitates</span> <span class='ocrx_word' id='word_1_595' title='bbox 2139 4168 2266 4224; x_wconf 72' lang='lat' dir='ltr'>quae</span> <span class='ocrx_word' id='word_1_596' title='bbox 2293 4150 2353 4206; x_wconf 91' lang='lat' dir='ltr'>in</span> <span class='ocrx_word' id='word_1_597' title='bbox 2394 4149 2567 4207; x_wconf 90' lang='lat' dir='ltr'>Gallia</span> <span class='ocrx_word' id='word_1_598' title='bbox 2605 4150 2892 4222; x_wconf 90' lang='lat' dir='ltr'>quondam</span> <span class='ocrx_word' id='word_1_599' title='bbox 2935 4150 3382 4222; x_wconf 88' lang='lat' dir='ltr'>celebrabantur,</span> <span class='ocrx_word' id='word_1_600' title='bbox 3415 4159 3601 4211; x_wconf 85' lang='lat' dir='ltr'>certus</span> 
     </span>
    </p>
   </div>
   <div class='ocr_carea' id='block_1_43' title="bbox 233 4240 3598 4314">
    <p class='ocr_par' dir='ltr' id='par_1_43' title="bbox 233 4240 3598 4314">
     <span class='ocr_line' id='line_1_43' title="bbox 233 4240 3598 4314; baseline 0.003 -25"><span class='ocrx_word' id='word_1_601' title='bbox 233 4252 441 4290; x_wconf 87' lang='lat' dir='ltr'>earum</span> <span class='ocrx_word' id='word_1_602' title='bbox 465 4253 742 4292; x_wconf 89' lang='lat' dir='ltr'>numerus</span> <span class='ocrx_word' id='word_1_603' title='bbox 768 4255 834 4292; x_wconf 84' lang='lat' dir='ltr'>ex</span> <span class='ocrx_word' id='word_1_604' title='bbox 862 4240 1208 4295; x_wconf 90' lang='lat' dir='ltr'>Lectionario</span> <span class='ocrx_word' id='word_1_605' title='bbox 1234 4245 1428 4298; x_wconf 87' lang='lat' dir='ltr'>nostro</span> <span class='ocrx_word' id='word_1_606' title='bbox 1457 4244 1526 4298; x_wconf 92' lang='lat' dir='ltr'>ad</span> <span class='ocrx_word' id='word_1_607' title='bbox 1556 4244 1828 4299; x_wconf 88' lang='lat' dir='ltr'>amussim</span> <span class='ocrx_word' id='word_1_608' title='bbox 1852 4244 1984 4298; x_wconf 89' lang='lat' dir='ltr'>iniri</span> <span class='ocrx_word' id='word_1_609' title='bbox 2002 4259 2116 4298; x_wconf 92' lang='lat' dir='ltr'>non</span> <span class='ocrx_word' id='word_1_610' title='bbox 2141 4247 2342 4314; x_wconf 91' lang='lat' dir='ltr'>potest,</span> <span class='ocrx_word' id='word_1_611' title='bbox 2373 4246 2498 4296; x_wconf 90' lang='lat' dir='ltr'>tum</span> <span class='ocrx_word' id='word_1_612' title='bbox 2527 4240 2659 4312; x_wconf 87' lang='lat' dir='ltr'>quia</span> <span class='ocrx_word' id='word_1_613' title='bbox 2685 4258 2788 4312; x_wconf 91' lang='lat' dir='ltr'>pro</span> <span class='ocrx_word' id='word_1_614' title='bbox 2813 4240 2947 4295; x_wconf 91' lang='lat' dir='ltr'>locis</span> <span class='ocrx_word' id='word_1_615' title='bbox 2974 4240 3066 4295; x_wconf 92' lang='lat' dir='ltr'>hic</span> <span class='ocrx_word' id='word_1_616' title='bbox 3103 4257 3377 4296; x_wconf 89' lang='lat' dir='ltr'>numerus</span> <span class='ocrx_word' id='word_1_617' title='bbox 3415 4246 3598 4300; x_wconf 88' lang='lat' dir='ltr'>varia-</span> 
     </span>
    </p>
   </div>
   <div class='ocr_carea' id='block_1_44' title="bbox 230 4324 3604 4404">
    <p class='ocr_par' dir='ltr' id='par_1_44' title="bbox 230 4324 3604 4404">
     <span class='ocr_line' id='line_1_44' title="bbox 230 4324 3604 4404; baseline 0.004 -25"><span class='ocrx_word' id='word_1_618' title='bbox 230 4324 352 4393; x_wconf 86' lang='lat' dir='ltr'>bat,</span> <span class='ocrx_word' id='word_1_619' title='bbox 387 4331 511 4380; x_wconf 90' lang='lat' dir='ltr'>tum</span> <span class='ocrx_word' id='word_1_620' title='bbox 540 4327 670 4397; x_wconf 88' lang='lat' dir='ltr'>quia</span> <span class='ocrx_word' id='word_1_621' title='bbox 697 4329 1109 4385; x_wconf 88' lang='lat' dir='ltr'>Lectionarium</span> <span class='ocrx_word' id='word_1_622' title='bbox 1137 4331 1427 4404; x_wconf 89' lang='lat' dir='ltr'>integrum</span> <span class='ocrx_word' id='word_1_623' title='bbox 1448 4351 1561 4388; x_wconf 92' lang='lat' dir='ltr'>non</span> <span class='ocrx_word' id='word_1_624' title='bbox 1592 4335 1888 4390; x_wconf 89' lang='lat' dir='ltr'>habemus.</span> <span class='ocrx_word' id='word_1_625' title='bbox 1917 4333 2160 4388; x_wconf 92' lang='lat' dir='ltr'>Omnino</span> <span class='ocrx_word' id='word_1_626' title='bbox 2187 4333 2274 4387; x_wconf 64' lang='lat' dir='ltr'>ha:</span> <span class='ocrx_word' id='word_1_627' title='bbox 2300 4337 2432 4386; x_wconf 91' lang='lat' dir='ltr'>sunt</span> <span class='ocrx_word' id='word_1_628' title='bbox 2456 4348 2583 4404; x_wconf 75' lang='lat' dir='ltr'>quae</span> <span class='ocrx_word' id='word_1_629' title='bbox 2610 4332 2670 4385; x_wconf 91' lang='lat' dir='ltr'>in</span> <span class='ocrx_word' id='word_1_630' title='bbox 2697 4348 2762 4387; x_wconf 92' lang='lat' dir='ltr'>eo</span> <span class='ocrx_word' id='word_1_631' title='bbox 2790 4331 3152 4403; x_wconf 84' lang='lat' dir='ltr'>assignantur</span> <span class='ocrx_word' id='word_1_632' title='bbox 3179 4349 3191 4386; x_wconf 87' lang='lat'><strong>:</strong></span> <span class='ocrx_word' id='word_1_633' title='bbox 3216 4333 3483 4389; x_wconf 83' lang='lat' dir='ltr'>Nativitas</span> <span class='ocrx_word' id='word_1_634' title='bbox 3503 4337 3604 4391; x_wconf 85' lang='lat' dir='ltr'>Do-</span> 
     </span>
    </p>
   </div>
   <div class='ocr_carea' id='block_1_45' title="bbox 232 4415 3603 4495">
    <p class='ocr_par' dir='ltr' id='par_1_45' title="bbox 232 4415 3603 4495">
     <span class='ocr_line' id='line_1_45' title="bbox 232 4415 3603 4495; baseline 0.003 -24"><span class='ocrx_word' id='word_1_635' title='bbox 232 4415 407 4482; x_wconf 88' lang='lat' dir='ltr'>mini,</span> <span class='ocrx_word' id='word_1_636' title='bbox 441 4421 497 4469; x_wconf 91' lang='lat' dir='ltr'>et</span> <span class='ocrx_word' id='word_1_637' title='bbox 530 4415 665 4471; x_wconf 84' lang='lat' dir='ltr'>festa</span> <span class='ocrx_word' id='word_1_638' title='bbox 693 4419 868 4472; x_wconf 87' lang='lat' dir='ltr'>sancti</span> <span class='ocrx_word' id='word_1_639' title='bbox 907 4419 1195 4491; x_wconf 88' lang='lat' dir='ltr'>Stephani,</span> <span class='ocrx_word' id='word_1_640' title='bbox 1227 4422 1403 4479; x_wconf 88' lang='lat' dir='ltr'>sancti</span> <span class='ocrx_word' id='word_1_641' title='bbox 1435 4424 1666 4478; x_wconf 83' lang='lat' dir='ltr'>Joannis</span> <span class='ocrx_word' id='word_1_642' title='bbox 1694 4422 2082 4495; x_wconf 72' lang='lat' dir='ltr'>Evangelistze,</span> <span class='ocrx_word' id='word_1_643' title='bbox 2113 4427 2280 4494; x_wconf 89' lang='lat' dir='ltr'>atque</span> <span class='ocrx_word' id='word_1_644' title='bbox 2311 4421 2720 4488; x_wconf 89' lang='lat' dir='ltr'>Innocentium,</span> <span class='ocrx_word' id='word_1_645' title='bbox 2752 4420 3135 4492; x_wconf 89' lang='lat' dir='ltr'>Circumcisio,</span> <span class='ocrx_word' id='word_1_646' title='bbox 3163 4421 3371 4478; x_wconf 90' lang='lat' dir='ltr'>festum</span> <span class='ocrx_word' id='word_1_647' title='bbox 3397 4429 3603 4482; x_wconf 72' lang='lat' dir='ltr'>sanctae</span> 
     </span>
    </p>
   </div>
   <div class='ocr_carea' id='block_1_46' title="bbox 235 4505 3601 4583">
    <p class='ocr_par' dir='ltr' id='par_1_46' title="bbox 235 4505 3601 4583">
     <span class='ocr_line' id='line_1_46' title="bbox 235 4505 3601 4583; baseline 0.004 -22"><span class='ocrx_word' id='word_1_648' title='bbox 235 4505 562 4573; x_wconf 72' lang='lat' dir='ltr'>Genovefae,</span> <span class='ocrx_word' id='word_1_649' title='bbox 597 4506 926 4578; x_wconf 83' lang='lat' dir='ltr'>Epiphania,</span> <span class='ocrx_word' id='word_1_650' title='bbox 970 4509 1238 4566; x_wconf 89' lang='lat' dir='ltr'>festivitas</span> <span class='ocrx_word' id='word_1_651' title='bbox 1273 4518 1480 4568; x_wconf 66' lang='lat' dir='ltr'>sancta:</span> <span class='ocrx_word' id='word_1_652' title='bbox 1509 4514 1712 4583; x_wconf 69' lang='lat' dir='ltr'>Marite,</span> <span class='ocrx_word' id='word_1_653' title='bbox 1745 4515 2020 4570; x_wconf 90' lang='lat' dir='ltr'>Cathedra</span> <span class='ocrx_word' id='word_1_654' title='bbox 2047 4512 2223 4566; x_wconf 90' lang='lat' dir='ltr'>sancti</span> <span class='ocrx_word' id='word_1_655' title='bbox 2248 4511 2417 4577; x_wconf 89' lang='lat' dir='ltr'>Petri,</span> <span class='ocrx_word' id='word_1_656' title='bbox 2451 4511 2680 4576; x_wconf 90' lang='lat' dir='ltr'>Pascha,</span> <span class='ocrx_word' id='word_1_657' title='bbox 2722 4509 3002 4579; x_wconf 87' lang='lat' dir='ltr'>Ascensio,</span> <span class='ocrx_word' id='word_1_658' title='bbox 3030 4512 3401 4583; x_wconf 86' lang='lat' dir='ltr'>Pentecostes,</span> <span class='ocrx_word' id='word_1_659' title='bbox 3443 4517 3601 4575; x_wconf 90' lang='lat' dir='ltr'>festi-</span> 
     </span>
    </p>
   </div>
   <div class='ocr_carea' id='block_1_47' title="bbox 233 4595 3597 4675">
    <p class='ocr_par' dir='ltr' id='par_1_47' title="bbox 233 4595 3597 4675">
     <span class='ocr_line' id='line_1_47' title="bbox 233 4595 3597 4675; baseline 0.005 -26"><span class='ocrx_word' id='word_1_660' title='bbox 233 4595 388 4649; x_wconf 76' lang='lat' dir='ltr'>vitas</span> <span class='ocrx_word' id='word_1_661' title='bbox 429 4595 607 4649; x_wconf 88' lang='lat' dir='ltr'>sancti</span> <span class='ocrx_word' id='word_1_662' title='bbox 642 4597 869 4652; x_wconf 84' lang='lat' dir='ltr'>Joannis</span> <span class='ocrx_word' id='word_1_663' title='bbox 910 4600 1190 4671; x_wconf 62' lang='lat' dir='ltr'>Baptistae,</span> <span class='ocrx_word' id='word_1_664' title='bbox 1234 4602 1439 4658; x_wconf 85' lang='lat' dir='ltr'>festum</span> <span class='ocrx_word' id='word_1_665' title='bbox 1476 4604 1860 4675; x_wconf 87' lang='lat' dir='ltr'>apostolorum</span> <span class='ocrx_word' id='word_1_666' title='bbox 1895 4601 2044 4658; x_wconf 90' lang='lat' dir='ltr'>Petri</span> <span class='ocrx_word' id='word_1_667' title='bbox 2086 4606 2142 4656; x_wconf 91' lang='lat' dir='ltr'>et</span> <span class='ocrx_word' id='word_1_668' title='bbox 2184 4600 2362 4668; x_wconf 89' lang='lat' dir='ltr'>Pauli,</span> <span class='ocrx_word' id='word_1_669' title='bbox 2395 4599 2580 4653; x_wconf 87' lang='lat' dir='ltr'>Passio</span> <span class='ocrx_word' id='word_1_670' title='bbox 2606 4598 2780 4653; x_wconf 88' lang='lat' dir='ltr'>sancti</span> <span class='ocrx_word' id='word_1_671' title='bbox 2818 4599 3046 4654; x_wconf 85' lang='lat' dir='ltr'>Joannis</span> <span class='ocrx_word' id='word_1_672' title='bbox 3079 4601 3361 4672; x_wconf 82' lang='lat' dir='ltr'>Baptistae,</span> <span class='ocrx_word' id='word_1_673' title='bbox 3394 4605 3597 4666; x_wconf 90' lang='lat' dir='ltr'>deinde</span> 
     </span>
    </p>
   </div>
   <div class='ocr_carea' id='block_1_48' title="bbox 235 4688 3598 4768">
    <p class='ocr_par' dir='ltr' id='par_1_48' title="bbox 235 4688 3598 4768">
     <span class='ocr_line' id='line_1_48' title="bbox 235 4688 3598 4768; baseline 0.005 -31"><span class='ocrx_word' id='word_1_674' title='bbox 235 4701 550 4739; x_wconf 86' lang='lat' dir='ltr'>commune</span> <span class='ocrx_word' id='word_1_675' title='bbox 579 4691 895 4757; x_wconf 79' lang='lat' dir='ltr'>martyrum</span> <span class='ocrx_word' id='word_1_676' title='bbox 923 4694 978 4744; x_wconf 89' lang='lat' dir='ltr'>et</span> <span class='ocrx_word' id='word_1_677' title='bbox 997 4691 1400 4748; x_wconf 85' lang='lat' dir='ltr'>confessorum.</span> <span class='ocrx_word' id='word_1_678' title='bbox 1432 4696 1640 4749; x_wconf 68' lang='lat' dir='ltr'>Praeter</span> <span class='ocrx_word' id='word_1_679' title='bbox 1666 4695 1786 4748; x_wconf 66' lang='lat' dir='ltr'>haec</span> <span class='ocrx_word' id='word_1_680' title='bbox 1822 4693 2182 4764; x_wconf 87' lang='lat' dir='ltr'>assignantur</span> <span class='ocrx_word' id='word_1_681' title='bbox 2207 4689 2391 4746; x_wconf 84' lang='lat' dir='ltr'>ofﬁcia</span> <span class='ocrx_word' id='word_1_682' title='bbox 2416 4707 2519 4761; x_wconf 90' lang='lat' dir='ltr'>pro</span> <span class='ocrx_word' id='word_1_683' title='bbox 2557 4688 2860 4744; x_wconf 88' lang='lat' dir='ltr'>Dominicis</span> <span class='ocrx_word' id='word_1_684' title='bbox 2890 4694 3006 4744; x_wconf 88' lang='lat' dir='ltr'>tam</span> <span class='ocrx_word' id='word_1_685' title='bbox 3046 4696 3171 4761; x_wconf 92' lang='lat' dir='ltr'>post</span> <span class='ocrx_word' id='word_1_686' title='bbox 3207 4693 3598 4768; x_wconf 86' lang='lat' dir='ltr'>Epiphaniam,</span> 
     </span>
    </p>
   </div>
   <div class='ocr_carea' id='block_1_49' title="bbox 236 4776 3604 4856">
    <p class='ocr_par' dir='ltr' id='par_1_49' title="bbox 236 4776 3604 4856">
     <span class='ocr_line' id='line_1_49' title="bbox 236 4776 3604 4856; baseline 0.005 -28"><span class='ocrx_word' id='word_1_687' title='bbox 236 4790 420 4845; x_wconf 89' lang='lat' dir='ltr'>quam</span> <span class='ocrx_word' id='word_1_688' title='bbox 449 4781 574 4845; x_wconf 88' lang='lat' dir='ltr'>post</span> <span class='ocrx_word' id='word_1_689' title='bbox 599 4776 937 4833; x_wconf 88' lang='lat' dir='ltr'>Cathedram</span> <span class='ocrx_word' id='word_1_690' title='bbox 966 4782 1146 4835; x_wconf 89' lang='lat' dir='ltr'>sancti</span> <span class='ocrx_word' id='word_1_691' title='bbox 1170 4783 1350 4852; x_wconf 90' lang='lat' dir='ltr'>Petri;</span> <span class='ocrx_word' id='word_1_692' title='bbox 1381 4784 1582 4838; x_wconf 90' lang='lat' dir='ltr'>deinde</span> <span class='ocrx_word' id='word_1_693' title='bbox 1609 4801 1712 4856; x_wconf 90' lang='lat' dir='ltr'>pro</span> <span class='ocrx_word' id='word_1_694' title='bbox 1754 4782 2212 4854; x_wconf 85' lang='lat' dir='ltr'>Quadragesima,</span> <span class='ocrx_word' id='word_1_695' title='bbox 2244 4786 2300 4836; x_wconf 89' lang='lat' dir='ltr'>et</span> <span class='ocrx_word' id='word_1_696' title='bbox 2340 4797 2443 4852; x_wconf 91' lang='lat' dir='ltr'>pro</span> <span class='ocrx_word' id='word_1_697' title='bbox 2484 4779 2784 4834; x_wconf 90' lang='lat' dir='ltr'>Dominicis</span> <span class='ocrx_word' id='word_1_698' title='bbox 2821 4785 2948 4852; x_wconf 90' lang='lat' dir='ltr'>post</span> <span class='ocrx_word' id='word_1_699' title='bbox 2986 4781 3232 4851; x_wconf 86' lang='lat' dir='ltr'>Pascha;</span> <span class='ocrx_word' id='word_1_700' title='bbox 3277 4801 3382 4854; x_wconf 90' lang='lat' dir='ltr'>pro</span> <span class='ocrx_word' id='word_1_701' title='bbox 3414 4785 3604 4844; x_wconf 90' lang='lat' dir='ltr'>triduo</span> 
     </span>
    </p>
   </div>
   <div class='ocr_carea' id='block_1_50' title="bbox 235 4865 3601 4944">
    <p class='ocr_par' dir='ltr' id='par_1_50' title="bbox 235 4865 3601 4944">
     <span class='ocr_line' id='line_1_50' title="bbox 235 4865 3601 4944; baseline 0.004 -27"><span class='ocrx_word' id='word_1_702' title='bbox 235 4865 648 4936; x_wconf 82' lang='lat' dir='ltr'>Rogationum,</span> <span class='ocrx_word' id='word_1_703' title='bbox 678 4871 734 4920; x_wconf 92' lang='lat' dir='ltr'>et</span> <span class='ocrx_word' id='word_1_704' title='bbox 757 4884 859 4938; x_wconf 90' lang='lat' dir='ltr'>pro</span> <span class='ocrx_word' id='word_1_705' title='bbox 888 4870 1177 4926; x_wconf 90' lang='lat' dir='ltr'>Dominica</span> <span class='ocrx_word' id='word_1_706' title='bbox 1201 4877 1328 4943; x_wconf 91' lang='lat' dir='ltr'>post</span> <span class='ocrx_word' id='word_1_707' title='bbox 1356 4875 1736 4929; x_wconf 88' lang='lat' dir='ltr'>Pentecostem</span> <span class='ocrx_word' id='word_1_708' title='bbox 1760 4892 1775 4942; x_wconf 93' lang='lat'>;</span> <span class='ocrx_word' id='word_1_709' title='bbox 1806 4873 2049 4944; x_wconf 88' lang='lat' dir='ltr'>denique</span> <span class='ocrx_word' id='word_1_710' title='bbox 2087 4873 2273 4926; x_wconf 81' lang='lat' dir='ltr'>missae</span> <span class='ocrx_word' id='word_1_711' title='bbox 2303 4871 2565 4942; x_wconf 78' lang='lat' dir='ltr'>quaedam</span> <span class='ocrx_word' id='word_1_712' title='bbox 2591 4871 2660 4925; x_wconf 91' lang='lat' dir='ltr'>de</span> <span class='ocrx_word' id='word_1_713' title='bbox 2683 4869 2940 4924; x_wconf 70' lang='lat' dir='ltr'>Ecclesiaa</span> <span class='ocrx_word' id='word_1_714' title='bbox 2975 4870 3343 4940; x_wconf 90' lang='lat' dir='ltr'>dedicatione,</span> <span class='ocrx_word' id='word_1_715' title='bbox 3373 4876 3601 4932; x_wconf 88' lang='lat' dir='ltr'>ordina-</span> 
     </span>
    </p>
   </div>
   <div class='ocr_carea' id='block_1_51' title="bbox 234 4953 3602 5036">
    <p class='ocr_par' dir='ltr' id='par_1_51' title="bbox 234 4953 3602 5036">
     <span class='ocr_line' id='line_1_51' title="bbox 234 4953 3602 5036; baseline 0.002 -31"><span class='ocrx_word' id='word_1_716' title='bbox 234 4953 494 5008; x_wconf 89' lang='lat' dir='ltr'>tionibus</span> <span class='ocrx_word' id='word_1_717' title='bbox 522 4955 912 5012; x_wconf 88' lang='lat' dir='ltr'>ministrorum</span> <span class='ocrx_word' id='word_1_718' title='bbox 938 4977 1246 5030; x_wconf 89' lang='lat' dir='ltr'>sacrorum,</span> <span class='ocrx_word' id='word_1_719' title='bbox 1275 4979 1378 5034; x_wconf 90' lang='lat' dir='ltr'>pro</span> <span class='ocrx_word' id='word_1_720' title='bbox 1414 4964 1671 5031; x_wconf 88' lang='lat' dir='ltr'>mortuis,</span> <span class='ocrx_word' id='word_1_721' title='bbox 1704 4981 1809 5036; x_wconf 91' lang='lat' dir='ltr'>pro</span> <span class='ocrx_word' id='word_1_722' title='bbox 1835 4963 2251 5030; x_wconf 87' lang='lat' dir='ltr'>itine-rantibus,</span> <span class='ocrx_word' id='word_1_723' title='bbox 2283 4960 2474 5034; x_wconf 83' lang='lat'><strong>103</strong></span> <span class='ocrx_word' id='word_1_724' title='bbox 2512 4960 2764 5028; x_wconf 90' lang='lat' dir='ltr'>decimis,</span> <span class='ocrx_word' id='word_1_725' title='bbox 2793 4964 2851 5014; x_wconf 90' lang='lat' dir='ltr'>et</span> <span class='ocrx_word' id='word_1_726' title='bbox 2889 4959 3164 5014; x_wconf 88' lang='lat' dir='ltr'>fructibus</span> <span class='ocrx_word' id='word_1_727' title='bbox 3193 4961 3368 5018; x_wconf 89' lang='lat' dir='ltr'>novis.</span> <span class='ocrx_word' id='word_1_728' title='bbox 3403 4965 3602 5024; x_wconf 84' lang='lat' dir='ltr'>Videa.</span> 
     </span>
    </p>
   </div>
   <div class='ocr_carea' id='block_1_52' title="bbox 234 5045 2551 5124">
    <p class='ocr_par' dir='ltr' id='par_1_52' title="bbox 234 5045 2551 5124">
     <span class='ocr_line' id='line_1_52' title="bbox 234 5045 2551 5124; baseline 0.004 -27"><span class='ocrx_word' id='word_1_729' title='bbox 234 5058 376 5098; x_wconf 91' lang='lat' dir='ltr'>mus</span> <span class='ocrx_word' id='word_1_730' title='bbox 404 5060 476 5098; x_wconf 89' lang='lat' dir='ltr'>an</span> <span class='ocrx_word' id='word_1_731' title='bbox 503 5045 563 5099; x_wconf 91' lang='lat' dir='ltr'>in</span> <span class='ocrx_word' id='word_1_732' title='bbox 589 5046 764 5101; x_wconf 89' lang='lat' dir='ltr'>Gallia</span> <span class='ocrx_word' id='word_1_733' title='bbox 783 5064 884 5118; x_wconf 86' lang='lat' dir='ltr'>per</span> <span class='ocrx_word' id='word_1_734' title='bbox 908 5048 966 5103; x_wconf 90' lang='lat' dir='ltr'>id</span> <span class='ocrx_word' id='word_1_735' title='bbox 991 5051 1262 5122; x_wconf 87' lang='lat' dir='ltr'>temporis</span> <span class='ocrx_word' id='word_1_736' title='bbox 1287 5053 1406 5108; x_wconf 70' lang='lat' dir='ltr'>haec</span> <span class='ocrx_word' id='word_1_737' title='bbox 1434 5053 1607 5111; x_wconf 88' lang='lat' dir='ltr'>fuerit</span> <span class='ocrx_word' id='word_1_738' title='bbox 1630 5054 1906 5109; x_wconf 88' lang='lat' dir='ltr'>festorum</span> <span class='ocrx_word' id='word_1_739' title='bbox 1932 5053 2133 5109; x_wconf 88' lang='lat' dir='ltr'>raritas</span> <span class='ocrx_word' id='word_1_740' title='bbox 2157 5057 2213 5108; x_wconf 92' lang='lat' dir='ltr'>et</span> <span class='ocrx_word' id='word_1_741' title='bbox 2237 5051 2551 5124; x_wconf 90' lang='lat' dir='ltr'>dispositio.</span> 
     </span>
    </p>
   </div>
   <div class='ocr_carea' id='block_1_53' title="bbox 313 5206 3603 5286">
    <p class='ocr_par' dir='ltr' id='par_1_53' title="bbox 313 5206 3603 5286">
     <span class='ocr_line' id='line_1_53' title="bbox 313 5206 3603 5286; baseline 0.005 -26"><span class='ocrx_word' id='word_1_742' title='bbox 313 5208 372 5261; x_wconf 88' lang='lat'>8.</span> <span class='ocrx_word' id='word_1_743' title='bbox 401 5206 636 5278; x_wconf 77' lang='lat' dir='ltr'>Majores</span> <span class='ocrx_word' id='word_1_744' title='bbox 662 5207 1040 5266; x_wconf 89' lang='lat' dir='ltr'>solemnitates</span> <span class='ocrx_word' id='word_1_745' title='bbox 1063 5211 1276 5284; x_wconf 89' lang='lat' dir='ltr'>ubique</span> <span class='ocrx_word' id='word_1_746' title='bbox 1307 5215 1577 5271; x_wconf 89' lang='lat' dir='ltr'>uniformi</span> <span class='ocrx_word' id='word_1_747' title='bbox 1611 5216 1724 5270; x_wconf 89' lang='lat' dir='ltr'>ritu</span> <span class='ocrx_word' id='word_1_748' title='bbox 1761 5215 2221 5286; x_wconf 89' lang='lat' dir='ltr'>observabantur,</span> <span class='ocrx_word' id='word_1_749' title='bbox 2249 5230 2456 5286; x_wconf 88' lang='lat' dir='ltr'>nempe</span> <span class='ocrx_word' id='word_1_750' title='bbox 2488 5213 2754 5268; x_wconf 86' lang='lat' dir='ltr'>Nativitas</span> <span class='ocrx_word' id='word_1_751' title='bbox 2785 5212 3025 5280; x_wconf 91' lang='lat' dir='ltr'>Domini,</span> <span class='ocrx_word' id='word_1_752' title='bbox 3059 5211 3287 5284; x_wconf 88' lang='lat' dir='ltr'>Pascha,</span> <span class='ocrx_word' id='word_1_753' title='bbox 3317 5219 3373 5271; x_wconf 89' lang='lat' dir='ltr'>et</span> <span class='ocrx_word' id='word_1_754' title='bbox 3400 5218 3603 5277; x_wconf 78' lang='lat' dir='ltr'>Pente—</span> 
     </span>
    </p>
   </div>
   <div class='ocr_carea' id='block_1_54' title="bbox 237 5299 3607 5378">
    <p class='ocr_par' dir='ltr' id='par_1_54' title="bbox 237 5299 3607 5378">
     <span class='ocr_line' id='line_1_54' title="bbox 237 5299 3607 5378; baseline 0.005 -29"><span class='ocrx_word' id='word_1_755' title='bbox 237 5301 460 5366; x_wconf 84' lang='lat' dir='ltr'>costes;</span> <span class='ocrx_word' id='word_1_756' title='bbox 504 5303 562 5352; x_wconf 92' lang='lat' dir='ltr'>et</span> <span class='ocrx_word' id='word_1_757' title='bbox 585 5303 701 5353; x_wconf 90' lang='lat' dir='ltr'>tres</span> <span class='ocrx_word' id='word_1_758' title='bbox 728 5299 853 5354; x_wconf 75' lang='lat' dir='ltr'>aliae</span> <span class='ocrx_word' id='word_1_759' title='bbox 879 5301 1068 5357; x_wconf 90' lang='lat' dir='ltr'>minus</span> <span class='ocrx_word' id='word_1_760' title='bbox 1095 5305 1400 5376; x_wconf 75' lang='lat' dir='ltr'>precipuze,</span> <span class='ocrx_word' id='word_1_761' title='bbox 1429 5307 1765 5378; x_wconf 85' lang='lat' dir='ltr'>Epiphania,</span> <span class='ocrx_word' id='word_1_762' title='bbox 1797 5306 2082 5373; x_wconf 87' lang='lat' dir='ltr'>Ascensio,</span> <span class='ocrx_word' id='word_1_763' title='bbox 2115 5312 2170 5361; x_wconf 91' lang='lat' dir='ltr'>et</span> <span class='ocrx_word' id='word_1_764' title='bbox 2204 5306 2412 5360; x_wconf 85' lang='lat' dir='ltr'>Natalis</span> <span class='ocrx_word' id='word_1_765' title='bbox 2438 5304 2614 5360; x_wconf 90' lang='lat' dir='ltr'>sancti</span> <span class='ocrx_word' id='word_1_766' title='bbox 2649 5304 2877 5359; x_wconf 87' lang='lat' dir='ltr'>Joannis</span> <span class='ocrx_word' id='word_1_767' title='bbox 2907 5302 3170 5374; x_wconf 69' lang='lat' dir='ltr'>Baptistae</span> <span class='ocrx_word' id='word_1_768' title='bbox 3199 5320 3213 5358; x_wconf 89' lang='lat'><strong>:</strong></span> <span class='ocrx_word' id='word_1_769' title='bbox 3243 5321 3385 5377; x_wconf 90' lang='lat' dir='ltr'>quas</span> <span class='ocrx_word' id='word_1_770' title='bbox 3411 5325 3607 5367; x_wconf 85' lang='lat' dir='ltr'>omnes</span> 
     </span>
    </p>
   </div>
   <div class='ocr_carea' id='block_1_55' title="bbox 239 5388 3606 5472">
    <p class='ocr_par' dir='ltr' id='par_1_55' title="bbox 239 5388 3606 5472">
     <span class='ocr_line' id='line_1_55' title="bbox 239 5388 3606 5472; baseline 0.005 -33"><span class='ocrx_word' id='word_1_771' title='bbox 239 5392 546 5441; x_wconf 87' lang='lat' dir='ltr'>enumerat</span> <span class='ocrx_word' id='word_1_772' title='bbox 571 5388 871 5444; x_wconf 86' lang='lat' dir='ltr'>concilium</span> <span class='ocrx_word' id='word_1_773' title='bbox 899 5392 1218 5463; x_wconf 85' lang='lat' dir='ltr'>Agathense</span> <span class='ocrx_word' id='word_1_774' title='bbox 1255 5396 1485 5451; x_wconf 89' lang='lat' dir='ltr'>ineunte</span> <span class='ocrx_word' id='word_1_775' title='bbox 1513 5395 1718 5451; x_wconf 78' lang='lat' dir='ltr'>saeculo</span> <span class='ocrx_word' id='word_1_776' title='bbox 1746 5412 1797 5450; x_wconf 75' lang='lat' dir='ltr'>v1</span> <span class='ocrx_word' id='word_1_777' title='bbox 1819 5396 2184 5452; x_wconf 88' lang='lat' dir='ltr'>celebratum.</span> <span class='ocrx_word' id='word_1_778' title='bbox 2203 5395 2515 5452; x_wconf 90' lang='lat' dir='ltr'>Concilium</span> <span class='ocrx_word' id='word_1_779' title='bbox 2553 5410 2685 5448; x_wconf 88' lang='lat' dir='ltr'>vero</span> <span class='ocrx_word' id='word_1_780' title='bbox 2722 5394 3120 5449; x_wconf 88' lang='lat' dir='ltr'>Aurelianense</span> <span class='ocrx_word' id='word_1_781' title='bbox 3146 5394 3401 5466; x_wconf 89' lang='lat' dir='ltr'>primum</span> <span class='ocrx_word' id='word_1_782' title='bbox 3437 5401 3606 5472; x_wconf 88' lang='lat' dir='ltr'>paulo</span> 
     </span>
    </p>
   </div>
   <div class='ocr_carea' id='block_1_56' title="bbox 237 5475 3604 5558">
    <p class='ocr_par' dir='ltr' id='par_1_56' title="bbox 237 5475 3604 5558">
     <span class='ocr_line' id='line_1_56' title="bbox 237 5475 3604 5558; baseline 0.005 -30"><span class='ocrx_word' id='word_1_783' title='bbox 237 5480 375 5547; x_wconf 88' lang='lat' dir='ltr'>post</span> <span class='ocrx_word' id='word_1_784' title='bbox 407 5475 614 5532; x_wconf 90' lang='lat' dir='ltr'>iisdem</span> <span class='ocrx_word' id='word_1_785' title='bbox 651 5478 810 5534; x_wconf 82' lang='lat' dir='ltr'>festis</span> <span class='ocrx_word' id='word_1_786' title='bbox 842 5480 996 5537; x_wconf 87' lang='lat' dir='ltr'>addit</span> <span class='ocrx_word' id='word_1_787' title='bbox 1023 5483 1278 5540; x_wconf 89' lang='lat' dir='ltr'>triduum</span> <span class='ocrx_word' id='word_1_788' title='bbox 1305 5486 1704 5558; x_wconf 79' lang='lat' dir='ltr'>Hogationum,</span> <span class='ocrx_word' id='word_1_789' title='bbox 1747 5487 1846 5558; x_wconf 89' lang='lat' dir='ltr'>qui</span> <span class='ocrx_word' id='word_1_790' title='bbox 1879 5487 1996 5543; x_wconf 89' lang='lat' dir='ltr'>dies</span> <span class='ocrx_word' id='word_1_791' title='bbox 2024 5504 2139 5542; x_wconf 91' lang='lat' dir='ltr'>non</span> <span class='ocrx_word' id='word_1_792' title='bbox 2176 5493 2293 5542; x_wconf 88' lang='lat' dir='ltr'>tam</span> <span class='ocrx_word' id='word_1_793' title='bbox 2319 5485 2466 5555; x_wconf 90' lang='lat' dir='ltr'>festi,</span> <span class='ocrx_word' id='word_1_794' title='bbox 2505 5501 2678 5558; x_wconf 89' lang='lat' dir='ltr'>quam</span> <span class='ocrx_word' id='word_1_795' title='bbox 2715 5484 3125 5556; x_wconf 70' lang='lat' dir='ltr'>ptenitentiales</span> <span class='ocrx_word' id='word_1_796' title='bbox 3151 5487 3417 5542; x_wconf 90' lang='lat' dir='ltr'>censendi</span> <span class='ocrx_word' id='word_1_797' title='bbox 3452 5495 3604 5545; x_wconf 82' lang='lat' dir='ltr'>sunt.</span> 
     </span>
    </p>
   </div>
   <div class='ocr_carea' id='block_1_57' title="bbox 238 5564 3608 5647">
    <p class='ocr_par' dir='ltr' id='par_1_57' title="bbox 238 5564 3608 5647">
     <span class='ocr_line' id='line_1_57' title="bbox 238 5564 3608 5647; baseline 0.004 -28"><span class='ocrx_word' id='word_1_798' title='bbox 238 5564 584 5620; x_wconf 87' lang='lat' dir='ltr'>Cathedram</span> <span class='ocrx_word' id='word_1_799' title='bbox 614 5569 790 5624; x_wconf 90' lang='lat' dir='ltr'>sancti</span> <span class='ocrx_word' id='word_1_800' title='bbox 817 5571 966 5625; x_wconf 91' lang='lat' dir='ltr'>Petri</span> <span class='ocrx_word' id='word_1_801' title='bbox 993 5573 1248 5644; x_wconf 87' lang='lat' dir='ltr'>agnoscit</span> <span class='ocrx_word' id='word_1_802' title='bbox 1272 5577 1471 5631; x_wconf 90' lang='lat' dir='ltr'>eodem</span> <span class='ocrx_word' id='word_1_803' title='bbox 1498 5578 1700 5632; x_wconf 68' lang='lat' dir='ltr'>saeculo</span> <span class='ocrx_word' id='word_1_804' title='bbox 1728 5579 2030 5634; x_wconf 90' lang='lat' dir='ltr'>concilium</span> <span class='ocrx_word' id='word_1_805' title='bbox 2057 5580 2380 5633; x_wconf 91' lang='lat' dir='ltr'>Turonense</span> <span class='ocrx_word' id='word_1_806' title='bbox 2407 5593 2465 5632; x_wconf 75' lang='grc' dir='ltr'>ιγ.</span> <span class='ocrx_word' id='word_1_807' title='bbox 2493 5579 2564 5632; x_wconf 85' lang='lat' dir='ltr'>At</span> <span class='ocrx_word' id='word_1_808' title='bbox 2589 5577 2775 5647; x_wconf 87' lang='lat' dir='ltr'>plures</span> <span class='ocrx_word' id='word_1_809' title='bbox 2800 5575 3124 5631; x_wconf 88' lang='lat' dir='ltr'>festivitates</span> <span class='ocrx_word' id='word_1_810' title='bbox 3151 5581 3448 5631; x_wconf 88' lang='lat' dir='ltr'>enumerat</span> <span class='ocrx_word' id='word_1_811' title='bbox 3471 5578 3608 5632; x_wconf 88' lang='lat' dir='ltr'>Per-</span> 
     </span>
    </p>
   </div>
   <div class='ocr_carea' id='block_1_58' title="bbox 239 5657 3610 5742">
    <p class='ocr_par' dir='ltr' id='par_1_58' title="bbox 239 5657 3610 5742">
     <span class='ocr_line' id='line_1_58' title="bbox 239 5657 3610 5742; baseline 0.004 -33"><span class='ocrx_word' id='word_1_812' title='bbox 239 5659 451 5726; x_wconf 82' lang='lat' dir='ltr'>petuus</span> <span class='ocrx_word' id='word_1_813' title='bbox 479 5657 740 5727; x_wconf 89' lang='lat' dir='ltr'>ejusdem</span> <span class='ocrx_word' id='word_1_814' title='bbox 770 5659 924 5714; x_wconf 87' lang='lat' dir='ltr'>urbis</span> <span class='ocrx_word' id='word_1_815' title='bbox 951 5664 1156 5718; x_wconf 70' lang='lat' dir='ltr'>saeculo</span> <span class='ocrx_word' id='word_1_816' title='bbox 1184 5681 1215 5718; x_wconf 86' lang='lat' dir='ltr'>v</span> <span class='ocrx_word' id='word_1_817' title='bbox 1244 5666 1535 5739; x_wconf 89' lang='lat' dir='ltr'>episc0pus</span> <span class='ocrx_word' id='word_1_818' title='bbox 1561 5669 1710 5739; x_wconf 88' lang='lat' dir='ltr'>apud</span> <span class='ocrx_word' id='word_1_819' title='bbox 1737 5669 2071 5742; x_wconf 87' lang='lat' dir='ltr'>Gregorium</span> <span class='ocrx_word' id='word_1_820' title='bbox 2100 5668 2203 5722; x_wconf 87' lang='lat' dir='ltr'>sub</span> <span class='ocrx_word' id='word_1_821' title='bbox 2230 5668 2402 5723; x_wconf 88' lang='lat' dir='ltr'>ﬁnem</span> <span class='ocrx_word' id='word_1_822' title='bbox 2427 5667 2557 5722; x_wconf 90' lang='lat' dir='ltr'>libri</span> <span class='ocrx_word' id='word_1_823' title='bbox 2585 5682 2639 5734; x_wconf 87' lang='lat' dir='ltr'>x,</span> <span class='ocrx_word' id='word_1_824' title='bbox 2669 5666 2768 5720; x_wconf 89' lang='lat' dir='ltr'>ubi</span> <span class='ocrx_word' id='word_1_825' title='bbox 2794 5666 3013 5738; x_wconf 85' lang='lat' dir='ltr'>vigilias</span> <span class='ocrx_word' id='word_1_826' title='bbox 3039 5665 3282 5721; x_wconf 89' lang='lat' dir='ltr'>instituit</span> <span class='ocrx_word' id='word_1_827' title='bbox 3304 5662 3610 5733; x_wconf 87' lang='lat' dir='ltr'>aliquando</span> 
     </span>
    </p>
   </div>
   <div class='ocr_carea' id='block_1_59' title="bbox 241 5744 3618 5832">
    <p class='ocr_par' dir='ltr' id='par_1_59' title="bbox 241 5744 3618 5832">
     <span class='ocr_line' id='line_1_59' title="bbox 241 5744 3618 5832; baseline 0.005 -33"><span class='ocrx_word' id='word_1_828' title='bbox 241 5744 306 5799; x_wconf 89' lang='lat' dir='ltr'>in</span> <span class='ocrx_word' id='word_1_829' title='bbox 338 5746 570 5802; x_wconf 89' lang='lat' dir='ltr'>ecclesia</span> <span class='ocrx_word' id='word_1_830' title='bbox 592 5746 690 5818; x_wconf 91' lang='lat' dir='ltr'>(sic</span> <span class='ocrx_word' id='word_1_831' title='bbox 719 5748 974 5807; x_wconf 90' lang='lat' dir='ltr'>absolute</span> <span class='ocrx_word' id='word_1_832' title='bbox 1001 5755 1243 5828; x_wconf 86' lang='lat' dir='ltr'>majores</span> <span class='ocrx_word' id='word_1_833' title='bbox 1269 5774 1368 5814; x_wconf 91' lang='lat' dir='ltr'>seu</span> <span class='ocrx_word' id='word_1_834' title='bbox 1398 5759 1739 5832; x_wconf 89' lang='lat' dir='ltr'>episcopales</span> <span class='ocrx_word' id='word_1_835' title='bbox 1765 5761 2008 5818; x_wconf 67' lang='lat' dir='ltr'>ecclesiae</span> <span class='ocrx_word' id='word_1_836' title='bbox 2042 5759 2414 5831; x_wconf 88' lang='lat' dir='ltr'>dicebantur),</span> <span class='ocrx_word' id='word_1_837' title='bbox 2444 5757 2746 5830; x_wconf 81' lang='lat' dir='ltr'>aliquando</span> <span class='ocrx_word' id='word_1_838' title='bbox 2773 5757 2833 5813; x_wconf 92' lang='lat' dir='ltr'>in</span> <span class='ocrx_word' id='word_1_839' title='bbox 2857 5755 3119 5813; x_wconf 88' lang='lat' dir='ltr'>basilicis.</span> <span class='ocrx_word' id='word_1_840' title='bbox 3149 5756 3276 5811; x_wconf 58' lang='lat' dir='ltr'>Haec</span> <span class='ocrx_word' id='word_1_841' title='bbox 3306 5767 3439 5807; x_wconf 87' lang='lat' dir='ltr'>vero</span> <span class='ocrx_word' id='word_1_842' title='bbox 3474 5755 3618 5817; x_wconf 88' lang='lat' dir='ltr'>festa</span> 
     </span>
    </p>
   </div>
   <div class='ocr_carea' id='block_1_60' title="bbox 247 5837 3613 5926">
    <p class='ocr_par' dir='ltr' id='par_1_60' title="bbox 247 5837 3613 5926">
     <span class='ocr_line' id='line_1_60' title="bbox 247 5837 3613 5926; baseline 0.004 -37"><span class='ocrx_word' id='word_1_843' title='bbox 247 5841 422 5891; x_wconf 79' lang='lat' dir='ltr'>sunt:</span> <span class='ocrx_word' id='word_1_844' title='bbox 470 5837 683 5926; x_wconf 71' lang='lat' dir='ltr'>Natalis</span> <span class='ocrx_word' id='word_1_845' title='bbox 720 5839 960 5908; x_wconf 79' lang='lat' dir='ltr'>Domini,</span> <span class='ocrx_word' id='word_1_846' title='bbox 1003 5845 1336 5920; x_wconf 83' lang='lat' dir='ltr'>Epiphania,</span> <span class='ocrx_word' id='word_1_847' title='bbox 1368 5850 1745 5923; x_wconf 82' lang='lat' dir='ltr'>Resurrectio,</span> <span class='ocrx_word' id='word_1_848' title='bbox 1778 5870 1809 5908; x_wconf 88' lang='lat' dir='ltr'>v</span> <span class='ocrx_word' id='word_1_849' title='bbox 1836 5851 1952 5908; x_wconf 85' lang='lat' dir='ltr'>Kal.</span> <span class='ocrx_word' id='word_1_850' title='bbox 1992 5850 2220 5924; x_wconf 81' lang='lat' dir='ltr'>Aprilis,</span> <span class='ocrx_word' id='word_1_851' title='bbox 2253 5857 2309 5907; x_wconf 88' lang='lat' dir='ltr'>et</span> <span class='ocrx_word' id='word_1_852' title='bbox 2345 5855 2550 5924; x_wconf 84' lang='lat' dir='ltr'>praeter</span> <span class='ocrx_word' id='word_1_853' title='bbox 2591 5862 2716 5902; x_wconf 87' lang='lat' dir='ltr'>eam</span> <span class='ocrx_word' id='word_1_854' title='bbox 2753 5847 2980 5914; x_wconf 82' lang='lat' dir='ltr'>Pascha,</span> <span class='ocrx_word' id='word_1_855' title='bbox 3014 5844 3165 5914; x_wconf 76' lang='lat' dir='ltr'>quod</span> <span class='ocrx_word' id='word_1_856' title='bbox 3212 5841 3422 5903; x_wconf 89' lang='lat' dir='ltr'>mobile</span> <span class='ocrx_word' id='word_1_857' title='bbox 3461 5854 3613 5926; x_wconf 71' lang='lat' dir='ltr'>erat;</span> 
     </span>
    </p>
   </div>
   <div class='ocr_carea' id='block_1_61' title="bbox 583 5925 3297 6002">
    <p class='ocr_par' dir='ltr' id='par_1_61' title="bbox 583 5925 3297 6002">
     <span class='ocr_line' id='line_1_61' title="bbox 583 5925 3297 6002; baseline 0.003 -11"><span class='ocrx_word' id='word_1_858' title='bbox 583 5925 864 5995; x_wconf 68' lang='lat' dir='ltr'>Punon.</span> <span class='ocrx_word' id='word_1_859' title='bbox 912 5930 1123 6002; x_wconf 76' lang='lat' dir='ltr'>LXXII</span> <span class='ocrx_word' id='word_1_860' title='bbox 1133 5987 1146 6002; x_wconf 89' lang='lat'>.</span> <span class='ocrx_word' id='word_1_861' title='bbox 3259 5940 3297 5998; x_wconf 84' lang='lat'><strong>6</strong></span> 
     </span>
    </p>
   </div>
  </div>
