4044 6196
474 282 569 348 l7l
1254 275 1584 338 APPENDIX
1618 279 1707 334 AD
1743 276 1967 335 OPERA
2003 279 2071 335 SA

2273 278 2572 337 GERMANI
2610 278 3038 342 PARISIENSIS.
3735 278 3839 343 l7!

470 424 591 479 dies
614 417 985 489 Ascensionis,
1011 414 1130 474 dies
1152 412 1690 486 Quinquagesimus,
1720 429 1819 467 seu
1854 415 2227 481 Pentecostes,
2251 430 2378 485 quae
2405 415 2602 470 itidem
2634 416 2695 471 in
2733 416 2973 472 concilio
3009 415 3405 473 Aurelianensi
3441 406 3628 490 primo
3659 419 3837 484 Quin-

470 498 799 584 quagesima
838 512 1102 576 vocatur;
1131 504 1338 560 Natalis
1373 503 1551 556 sancti
1587 502 1836 572 Joannis,
1867 503 1939 558 ad
1979 503 2099 557 haec
2129 503 2311 557 Passio
2340 504 2596 574 ejusdem
2625 521 2638 559 :
2671 505 2878 560 Natalis
2914 509 3235 561 sanctorum
3264 509 3663 579 Apostolorum
3688 510 3841 566 Petri

470 606 529 657 et
551 598 729 665 Pauli,
756 597 964 653 Natalis
1000 594 1179 651 sancti
1219 591 1637 664 Symphoriani,
1677 592 1885 647 Natalis
1913 593 2091 648 sancti
2138 592 2364 663 Lidorii,
2396 594 2606 648 Natalis
2644 594 2817 648 sancti
2859 594 3102 661 Martini,
3131 601 3255 650 tum
3301 597 3477 652 sancti
3522 599 3737 666 Briccii,
3784 603 3843 655 et

392 708 401 723 ι
470 689 683 746 Natalis
706 687 881 743 sancti
910 684 1125 740 Hilarii.
1157 684 1239 738 Ex
1266 683 1355 737 his
1382 682 1645 737 omnibus
1670 687 1919 754 quatuor
1942 687 2263 754 postremas,
2294 688 2530 755 excepto
2556 684 2647 739 die
2666 684 2843 739 sancti
2870 685 3113 754 Martini,
3143 702 3263 742 non
3292 687 3504 759 ubique
3529 688 3843 743 Galliarum

470 778 930 835 observabuntur.
962 778 1023 831 In
1045 775 1310 844 Augusto,
1340 775 1471 843 quia
1497 774 1738 843 quotidie
1766 776 1944 829 missa:
1966 776 2285 831 Sanctorum
2312 778 2468 828 erant
2494 778 2749 846 tempore
2796 774 3018 829 concilii
3056 792 3095 828 ιι
3137 776 3497 845 Turonensis,
3538 780 3842 849 prandium

469 869 739 926 habebant
761 866 1027 927 monachi,
1058 880 1127 919 ex
1154 880 1367 919 canone
1398 867 1483 931 t7,
1513 863 1791 918 nimirum
1817 864 1887 919 ob
1912 864 2081 919 ferias
2099 863 2384 918 messivas.
2413 864 2497 919 Ad
2523 864 2645 919 haec
2671 865 2957 936 quoddam
2981 865 3110 920 festi
3138 883 3320 937 genus
3333 868 3685 935 censebatur,
3705 885 3841 924 cum

468 959 655 1013 missae
683 955 909 1011 indicta:
936 958 1116 1010 erant.
1145 954 1302 1008 Unde
1328 953 1652 1025 Gregorius,
1680 952 1741 1007 in
1767 953 1870 1008 lib.
1901 970 1919 1007 ι
1939 954 2008 1009 de
2036 953 2221 1008 Gloria
2240 957 2556 1025 martyrum
2583 972 2709 1027 cap.
2740 957 2825 1024 13,
2845 958 3133 1010 missarum
3155 958 3299 1023 festa
3324 958 3566 1028 appellat
3583 958 3837 1014 celebra-

464 1048 680 1103 tionem
722 1045 930 1114 missze,
972 1042 1163 1117 104
1208 1060 1381 1115 quam
1424 1042 1721 1115 episc0pus
1751 1042 2080 1113 Vasatensis,
2119 1043 2261 1097 urbe
2297 1059 2398 1097 sua
2420 1043 2491 1097 ab
2520 1043 2696 1098 Hunis
2724 1043 2966 1114 obsessa,
2995 1043 3200 1100 indixit
3228 1062 3331 1116 pro
3366 1046 3700 1102 liberatione
3728 1065 3835 1119 po-

466 1135 588 1210 puli
610 1134 717 1191 sui.
746 1136 921 1189 Porro
947 1133 1186 1204 singulae
1211 1133 1461 1188 civitates
1488 1137 1544 1187 et
1571 1132 1818 1188 ecclesiae
1844 1149 1974 1187 suos
2001 1132 2313 1204 peculiares
2334 1138 2609 1205 patronos;
2627 1133 2902 1204 singulari
2931 1135 3088 1189 cultu
3106 1136 3541 1190 venerabantur.
3563 1136 3842 1209 Insignio-

464 1242 555 1281 res
591 1242 622 1280 e
655 1224 951 1279 Gallicanis
976 1228 1232 1278 recenset
1261 1222 1510 1278 Nicetius
1541 1221 1887 1277 Trevirensis
1912 1222 2164 1294 pontifex
2192 1223 2251 1277 in
2278 1223 2509 1293 epistola
2533 1223 2605 1278 ad
2630 1222 3063 1278 Chlodosindam
3098 1223 3376 1295 reginam,
3407 1241 3611 1296 nempe
3638 1227 3836 1281 Marti-

462 1332 625 1384 num,
655 1315 1017 1383 Germanum,
1041 1313 1337 1382 Hilarium,
1366 1313 1609 1384 Lupum,
1634 1311 1979 1384 Remigium,
2003 1317 2059 1367 et
2082 1313 2429 1379 Medardnm,
2457 1329 2600 1385 quos
2624 1313 2913 1368 miraculis
2937 1313 2996 1367 in
3013 1315 3131 1369 dies
3141 1314 3442 1369 clarescere
3462 1314 3726 1371 afﬁrmat.
3752 1317 3838 1372 Ex

461 1404 554 1461 his
577 1406 786 1460 festum
810 1402 985 1458 sancti
1013 1402 1233 1458 Martini
1254 1419 1359 1474 per
1382 1418 1579 1457 omnes
1603 1402 1909 1457 Galliarum
1934 1401 2194 1457 ecclesias
2212 1402 2432 1458 celebre
2459 1408 2600 1473 erat,
2627 1407 2695 1457 ut
2720 1419 2789 1458 ex
2814 1403 3036 1458 concilii
3073 1403 3573 1459 Autissiodurensis
3613 1420 3836 1462 canone

462 1499 516 1565 ὅ,
547 1510 617 1549 ex
651 1493 920 1565 Gregorio
945 1492 1276 1563 Turonensi,
1309 1497 1366 1547 et
1394 1508 1463 1547 ex
1492 1491 1613 1547 Vita
1631 1492 1808 1547 sancti
1838 1491 2005 1563 Eligii
2034 1491 2392 1563 intelligitur.
2428 1494 2620 1565 Itaque
2644 1509 2760 1548 non
2787 1492 3043 1549 dubitem
3061 1493 3200 1565 quin
3218 1492 3373 1548 idem
3386 1493 3595 1550 festum
3613 1494 3831 1550 inLec-

460 1583 700 1640 tionario
725 1588 917 1638 nostro
942 1583 1130 1637 locum
1157 1581 1423 1637 habuerit
1450 1581 1508 1636 in
1540 1581 1650 1637 illis
1675 1582 1823 1637 foliis
1850 1598 1980 1653 quae
1999 1582 2413 1638 desiderantur.

533 1713 586 1764 9.
616 1708 831 1765 Saeculo
858 1724 931 1761 vn
957 1724 1071 1762 non
1100 1722 1448 1780 magnopere
1473 1706 1715 1761 accrevit
1739 1707 2013 1762 festorum
2040 1706 2100 1761 in
2126 1706 2301 1761 Gallia
2324 1723 2619 1762 numerus.
2648 1707 2769 1764 Scio
2793 1707 2975 1763 multo
3002 1708 3165 1780 plura
3189 1710 3480 1765 numerari
3497 1710 3557 1765 in
3580 1711 3831 1783 quodam

462 1798 699 1855 concilio
713 1796 1042 1864 Rhemensi,
1059 1798 1209 1869 quod
1238 1814 1306 1852 ex
1334 1796 1535 1852 Codice
1563 1814 1669 1852 ms.
1688 1797 1909 1868 Majoris
1937 1797 2264 1852 monasterii
2295 1796 2488 1851 Binius
2517 1797 2685 1853 eruit.
2714 1799 2923 1853 Verum
2950 1798 3413 1855 conciliumistud
3433 1800 3599 1873 longe
3625 1818 3827 1858 recen-

457 1891 567 1946 tius
595 1906 715 1945 esse
741 1893 977 1944 constat.
1004 1888 1226 1960 Majoris
1255 1892 1338 1943 est
1367 1887 1739 1955 auctoritatis,
1769 1892 1825 1942 et
1849 1888 2084 1959 quidem
2109 1894 2297 1958 certae,
2328 1889 2731 1943 Kalendarium
2756 1889 3202 1944 vetustissimum
3231 1890 3301 1945 ab
3329 1889 3494 1944 annis
3525 1891 3642 1945 fere
3668 1891 3829 1948 mille

456 1980 749 2051 scriptum,
776 1977 927 2051 quod
947 1977 1223 2032 habemus
1251 1994 1320 2032 ex
1345 1976 1684 2032 bibliotheca
1709 1976 2051 2045 Corbeiensi,
2081 1977 2140 2031 in
2161 1994 2274 2049 quo
2299 1983 2534 2034 notatur
2559 1994 2627 2032 xv
2651 1979 2771 2033 Kal.
2806 1978 3096 2033 Februarii
3114 1978 3393 2050 Depositio
3409 1987 3615 2035 sanctae
3635 1981 3826 2037 Maria

454 2068 712 2141 virginis.
736 2068 947 2123 Deinde
966 2072 1093 2140 post
1116 2068 1324 2139 aliqua,
1356 2084 1450 2121 V’lll
1478 2067 1598 2121 Kal.
1626 2067 1830 2137 Martii,
1863 2068 2143 2122 Cathedra
2166 2068 2343 2123 sancti
2371 2068 2519 2124 Petri
2546 2069 2808 2139 apostoli,
2843 2085 2931 2122 vm
2960 2069 3079 2123 Kal.
3111 2069 3337 2142 Aprilis,
3385 2070 3569 2124 Passio
3598 2071 3828 2125 Domini

454 2158 631 2214 nostri
658 2160 787 2213 Jesu
817 2157 1051 2226 Christi;
1084 2157 1346 2212 Kalendis
1382 2156 1531 2226 Maii,
1561 2157 1764 2211 Natalis
1794 2157 2043 2229 Philippi
2077 2157 2345 2230 apostoli;
2374 2175 2407 2213 x
2428 2159 2550 2213 Kal.
2577 2157 2727 2226 Julii,
2760 2158 2965 2213 Natalis
2992 2159 3169 2214 sancti
3193 2159 3381 2214 Jacobi
3406 2160 3660 2231 apostoli,
3690 2177 3825 2232 quae

453 2248 564 2304 duo
610 2248 843 2303 fortasse
893 2251 1083 2302 notata
1124 2250 1287 2301 erant
1335 2245 1406 2301 ad
1450 2246 1804 2315 memoriam,
1836 2262 1953 2301 non
1992 2246 2064 2301 ad
2104 2248 2423 2303 festivatem
2459 2248 2845 2315 indicendam;
2893 2264 2989 2302 vm
3030 2248 3152 2304 Kal.
3192 2247 3355 2319 Julii,
3395 2249 3602 2304 Natalis
3643 2252 3826 2306 sancti

450 2339 679 2393 Joannis
718 2337 1014 2409 Baptistae;
1042 2340 1098 2391 et
1127 2353 1183 2390 ιιι
1216 2335 1361 2405 Kal.,
1384 2336 1568 2391 Passio
1589 2342 1912 2392 sanctorum
1936 2337 2321 2408 apostolorum
2348 2338 2498 2392 Petri
2527 2343 2583 2392 et
2604 2338 2783 2393 Pauli.
2808 2338 2920 2392 Hoc
2949 2337 3349 2393 Kalendarium
3377 2339 3645 2394 mutilum
3668 2339 3822 2394 desi-

450 2426 537 2483 nit
560 2427 618 2482 in
649 2426 738 2481 die
764 2430 797 2481 2
817 2426 1077 2499 Augusti.
1107 2425 1357 2497 Denique
1382 2426 1667 2496 praedictis
1709 2427 1885 2493 festis,
1914 2443 2047 2498 quae
2077 2444 2145 2482 ex
2171 2428 2421 2482 conciliis
2446 2428 2705 2499 superius
2729 2428 3049 2496 retulimus,
3080 2432 3305 2483 sanctus
3349 2429 3666 2484 Bonifacius
3712 2430 3825 2485 Mo-

451 2515 724 2589 guntinus
753 2515 985 2570 antistes
1013 2515 1168 2570 addit
1187 2515 1642 2586 Assumptionem
1663 2522 1868 2571 sancta:
1896 2516 2101 2586 Mariae,
2126 2534 2254 2572 xvm
2278 2510 2395 2572 Kal.
2423 2517 2796 2589 Septembris;
2829 2517 3185 2573 Nativitatem
3219 2517 3268 2591 1
3289 2516 3412 2591 05
3453 2517 3731 2590 ejusdem,
3765 2535 3822 2572 vi

451 2605 578 2661 ldus
596 2605 848 2676 ejusdem
870 2606 1112 2674 mensis;
1143 2610 1199 2659 et
1224 2605 1547 2675 passionem
1573 2607 1750 2661 sancti
1775 2606 2035 2676 Andreae,
2066 2606 2246 2677 pridie
2284 2607 2399 2661 Kal.
2430 2607 2772 2677 Decembris,
2803 2607 2958 2661 nulla
2984 2608 3160 2662 sancti
3204 2607 3411 2676 Jacobi,
3458 2624 3562 2662 nec
3609 2607 3819 2662 Cathe-

449 2693 566 2750 drae
592 2695 767 2749 sancti
791 2696 941 2750 Petri
967 2694 1254 2750 mentione
1274 2695 1439 2762 facta,
1463 2712 1532 2750 ex
1563 2695 1849 2768 Spicilegii
1896 2702 2047 2751 tomo
2091 2697 2173 2751 lX.
2202 2700 2433 2752 Certum
2464 2703 2547 2752 est
2570 2703 2760 2752 tamen
2799 2714 2867 2752 ex
2894 2696 3164 2769 Gregorio
3192 2698 3453 2768 episcopo
3480 2696 3817 2768 Turonensi,

447 2784 861 2857 Assumptionis
886 2785 1141 2857 Deiparae
1161 2782 1369 2839 festum
1388 2784 1678 2856 antiquius
1706 2802 1847 2852 esse,
1878 2790 1942 2839 ut
1967 2802 2068 2839 suo
2098 2785 2220 2841 loco
2252 2786 2488 2841 inferius
2518 2788 2898 2842 ostendemus.
2939 2786 3252 2841 Concilium
3288 2786 3647 2842 Narbonense
3677 2786 3819 2842 anni

450 2876 551 2930 589
572 2874 767 2943 sancit,
790 2880 851 2928 ut
875 2876 1068 2944 quinta
1091 2876 1256 2942 feria,
1298 2876 1410 2929 nisi
1435 2876 1627 2945 aliqua
1656 2876 1929 2941 festivitas
1952 2877 2010 2929 in
2053 2891 2171 2930 eam
2195 2877 2424 2940 incidat,
2452 2878 2653 2945 feriari
2677 2882 2728 2932 et
2754 2892 2957 2933 cessare
2979 2892 3085 2932 non
3115 2878 3293 2941 liceat,
3326 2876 3396 2931 ob
3425 2877 3816 2949 quorumdam

444 2962 895 3043 Christianorum
920 2963 1342 3033 superstitiones
1368 2963 1467 3034 qui
1494 2980 1560 3017 ea
1590 2963 1679 3019 die
1703 2964 1774 3017 ab
1801 2981 1970 3036 Opere
1998 2966 2314 3035 cessabant.

520 3088 608 3142 10.
640 3087 767 3142 llaec
793 3091 926 3141 sunt
960 3102 1089 3157 quae
1128 3086 1197 3140 de
1237 3086 1585 3141 Lectionario
1632 3087 1913 3143 Gallicano
1959 3088 2187 3160 prmfari
2229 3089 2513 3160 duximus,
2540 3089 2783 3146 fusiores
2821 3088 3235 3146 observationes
3275 3090 3391 3146 suis
3442 3090 3578 3147 locis
3624 3108 3814 3149 reser-

444 3181 660 3231 vantes.
687 3175 924 3230 Animus
948 3180 1069 3229 erat
1086 3175 1295 3246 primo,
1325 3174 1741 3231 Lectionarium
1762 3178 2051 3250 integrum
2079 3179 2290 3235 referre
2318 3180 2389 3234 ob
2411 3180 2703 3251 antiquam
2744 3181 3049 3253 Scriptura:
3094 3180 3439 3250 versionem;
3481 3182 3578 3236 sed
3617 3187 3815 3253 postea

446 3266 702 3322 sufﬁcere
727 3266 911 3321 visum
936 3269 1019 3320 est
1047 3264 1493 3338 uniuscujusque
1542 3266 1797 3323 lectionis
1821 3268 2048 3324 initium
2073 3286 2136 3325 ac
2165 3271 2338 3326 tinem
2362 3270 2631 3342 indicare,
2674 3271 2924 3341 exceptis
2974 3254 3290 3341 nonnullis,
3335 3287 3463 3342 qum
3507 3270 3814 3343 aliquando

442 3354 666 3429 integra
703 3356 775 3411 ob
812 3356 1123 3427 singulares
1159 3372 1351 3413 causas
1389 3357 1755 3414 adducemus.
1798 3358 1989 3415 Versio
2022 3360 2146 3416 haec
2187 3360 2249 3416 in
2274 3361 2559 3435 plerisque
2585 3378 2717 3417 cum
2741 3362 2978 3434 Vulgata
3002 3367 3193 3418 nostra
3219 3361 3500 3429 convenit,
3531 3361 3722 3417 ditfert
3748 3361 3814 3418 in

444 3445 756 3514 nonnullis,
784 3446 853 3502 de
881 3446 1087 3519 quibus
1119 3446 1276 3502 alias.

1744 3754 2515 3848 ANTIQUISSIMUM

736 3924 2142 4052 LECTIONARIUM
2265 3937 2333 4052 ε

1899 3932 2142 4052 ΠΜ
2265 3929 3496 4055 αΑιιειαΑΝυΜ

1286 4143 1470 4224 CUM
1549 4144 1822 4226 NOTIS
1896 4149 2016 4225 ET
2087 4145 2961 4233 OBSERVATIONIBUS.

822 4431 897 4507 [IN
934 4450 1150 4490 vlumus
1187 4449 1410 4490 minus
1446 4433 1679 4509 9031131,]
2091 4429 2150 4501 Α
2170 4432 2336 4488 usque
2360 4418 2568 4473 Domus
2592 4416 2862 4473 orationis
2896 4415 3186 4471 vocabitur
3212 4410 3428 4509 cunctis
3451 4405 3695 4482 populis,
3721 4404 3808 4461 ait

874 4539 919 4584 8.
950 4537 1123 4587 Lectio
1158 4536 1317 4587 Esaia:
1342 4538 1629 4602 prOphetat.
1664 4507 1678 4509 -
2168 4510 2461 4567 Dominus»

1671 4507 1678 4509 “
2168 4510 2461 4567 Dominus.
2493 4512 2617 4584 (Isa.
2650 4528 2756 4582 LIV,
2790 4516 2838 4582 t,
2867 4526 3031 4582 usque
3061 4526 3165 4578 va,
3192 4507 3268 4579 7.)

513 4623 705 4701 106
748 4627 1014 4693 Laudato,
1057 4629 1200 4697 caeli,
1245 4630 1515 4702 quoniam
1579 4630 2063 4708 [misericordiam]

1808 4632 2063 4708 :0rdiam]
2567 4631 2644 4677 tl.
2672 4627 2845 4677 Lectio
2872 4625 3092 4677 Μαιαοὶιί
3120 4624 3405 4690 prophetas.

437 4722 572 4778 fecit
611 4720 921 4774 Dominus:
945 4721 1182 4791 jubilate
1228 4729 1481 4778 extrema
1521 4730 1710 4796 terrte,
1744 4731 1877 4795 ctc.,
1907 4743 2072 4799 usque
2240 4722 2368 4777 Ηωο
2414 4721 2547 4777 diCit
2586 4722 2897 4776 Dominus:
2934 4722 3068 4775 Ecce
3112 4736 3218 4791 080
3262 4718 3485 4773 mittam
3527 4712 3807 4786 θηεοιιιω

439 4817 508 4873 Et
533 4815 685 4870 salus
711 4830 839 4869 mea
858 4830 971 4868 non
992 4814 1327 4884 morabitur,
1356 4817 1433 4871 ait
1460 4819 1729 4875 Dominus
1762 4821 1923 4877 Deus.
1940 4823 2066 4893 (Isa.
2171 4831 2386 4882 meum,
2416 4817 2511 4888 qui
2538 4816 3043 4888 pl'tnpal‘abih'iam
3067 4819 3194 4869 ante
3213 4813 3413 4867 faeicm
3432 4824 3642 4870 meam.
3665 4813 3803 4874 εἰει,

440 4928 584 4981 XLIV,
618 4912 707 4980 23,
736 4925 902 4980 usque
925 4909 1000 4964 ad
1024 4911 1179 4979 ﬁnem
1207 4924 1329 4980 cap.
1362 4912 1527 4981 XLVI.)
2169 4925 2335 4980 usque
2360 4910 2677 4965 Percutiam
2716 4913 2929 4965 terram
2968 4909 3350 4974 anathemate,
3397 4903 3476 4959 ait
3524 4900 3806 4957 Dominus

435 5002 486 5078 ξ).
513 5029 693 5077 Sermo
715 5024 1278 5100 sanc‘tiacnbeatissimi
1299 5026 1586 5100 ῥᾳθυμίῃ).
1608 5027 1840 5100 episcOpi
1866 5029 1930 5080 de
1973 5032 2071 5081 Na-
2169 5004 2331 5059 Deus-
2363 5004 2619 5075 (ma’aCh-
2649 5020 2709 5073 Π)
2739 5008 2792 5074 7,
2821 5020 2987 5074 usque
3010 5020 3084 5069 ιν)
3116 5002 3191 5073 6ι)

744 5091 939 5140 “Vitam
966 5089 1173 5139 Domini
1197 5089 1362 5139 nostri
1383 5090 1505 5139 J83“
1532 5089 1738 5141 Chrisu'
1789 5089 1803 5093 '
2323 5117 2499 5167 Lectio
2522 5117 2687 5167 sancti
2708 5116 2977 5180 Evangelii
3000 5113 3288 5165 secundum
3310 5111 3625 5162 Jobannem.

435 5254 443 5261 ,
510 5190 705 5259 Hodie,
735 5188 936 5242 fratres
959 5183 1253 5254 carissimi,
1282 5183 1406 5240 caeli
1435 5184 1678 5257 desuper
1696 5192 2063 5244 roraverunt:
2240 5217 2303 5271 ιη
2338 5214 2620 5287 principio
2662 5218 2784 5269 erat
2811 5215 3080 5281 verbum,
3109 5218 3164 5268 et
3201 5210 3448 5267 verbum
3490 5212 3617 5264 erat
3642 5207 3803 5280 apud

434 5285 607 5345 hodie
643 5284 836 5377 aperta
876 5283 959 5379 est
990 5283 1164 5379 terra,
1201 5283 1256 5333 et
1290 5279 1488 5379 genuit
1518 5279 1884 5379 Salvatorem.
1914 5281 2068 5379 Felix
2166 5279 2364 5379 Deum”,
2402 5308 2459 5365 et
2495 5279 2640 5363 D’eus
2676 5312 2797 5364 erat
2828 5279 3074 5363 vel.me
3099 5350 3113 5377 ’
3163 5309 3304 5375 etc”
3344 5318 3511 5375 usque
3555 5279 3802 5358 plenum

436 5380 533 5438 ma
562 5383 875 5477 terraique
891 5372 1011 5427 Sine
1028 5372 1243 5477 seinine
1264 5372 1545 5477 eam???
1562 5374 1767 5477 stimulo
1784 5378 1840 5428 et
1854 5374 2067 5431 mundo
2168 5372 2363 5477 gratiae
2388 5407 2447 5459 et
2470 5402 2738 5459 veritatis.
2766 5402 2941 5472 (Joan.
2970 5417 3009 5472 ι,
3044 5372 3220 5471 145.)

431 5468 1023 5551 genuit'Salvatorem,
1052 5468 1183 5533 etc.,
1211 5482 1376 5537 usque
1400 5467 1737 5540 Redimique
1762 5485 1878 5525 non
1903 5472 2064 5542 pote-

427 5572 515 5627 rit
534 5563 806 5633 mundus,
837 5560 945 5615 nisi
969 5559 1142 5614 fuerit
1166 5559 1419 5616 Christus
1448 5562 1681 5620 occisus.

434 5720 445 5727 _
686 5670 691 5721 ζ
916 5661 1092 5714 Lectio
1114 5660 1277 5712 Esaias
1298 5654 1582 5727 praphetaa.
2236 5654 2285 5729 1
2301 5653 2422 5729 07
2452 5657 2550 5711 Hae
2579 5654 2877 5712 duodecim
2897 5655 3164 5710 lectiones
3191 5648 3423 5707 indubie
3450 5647 3803 5720 legebantur

439 5812 442 5815 .
508 5759 636 5815 Haec
661 5752 797 5811 dicit
821 5748 1090 5807 Dominus
1120 5767 1134 5804 :
1164 5747 1351 5804 Lauda
1380 5749 1583 5804 sterilis
1607 5767 1735 5823 quae
1755 5768 1871 5807 non
1886 5751 2060 5825 paris;
2163 5751 2236 5806 ad
2261 5750 2481 5824 vigilias
2508 5748 2818 5807 Nativitatis
2852 5748 3093 5819 Domini,
3128 5764 3271 5821 quas
3299 5744 3467 5801 modo
3494 5742 3803 5800 Matutinus

430 5846 931 5918 decantalaudem
973 5847 1031 5920 et
1057 5841 1237 5917 hinni
1274 5858 1410 5916 quae
1450 5860 1566 5902 non
1610 5844 1887 5923 pariebas,
1928 5849 2060 5919 etc.,
2165 5845 2535 5919 appellamus.
2554 5844 2808 5903 Totidem
2822 5844 3090 5902 lectiones
3108 5840 3427 5917 praescribit
3454 5837 3803 5896 Aurelianus

2552 5542 2732 5588 NOTAE
2760 5541 2838 5587 ΕΤ
2865 5537 3392 5587 OBSERVATIONES.
3474 5540 3477 5541 ⁷
