4044 6196
181 383 286 443 173

1282 377 1370 441 ne
1408 383 1724 442 LITURGIA
1761 383 2136 442 GALLICANA
2175 383 2374 440 LIBER
2414 383 2480 440 ιι.
2532 367 2542 374 ’

3454 365 3554 439 hi

164 484 1220 566 ArelatensisepiscOpusinregulasua.
1239 515 1267 544 «
1281 495 1342 548 In
1355 494 1546 548 Natale
1564 493 1807 560 Domini,
1832 491 2104 580 Ascribit
2146 492 2210 546 in
2259 490 2515 547 Sabbatis
2559 492 2810 556 Quatuor
2856 474 3218 562 Temporum.
3250 471 3442 547 .Aliter
3483 491 3546 547 in

171 587 378 659 inquit,
389 586 518 641 etin
527 585 845 658 Epiphania
855 588 1018 643 tertia
1038 587 1176 642 hora
1187 588 1423 660 surgite.
1445 587 1618 642 Dicite
1632 603 1812 642 unum

171 681 552 749 Nocturnum,
583 685 641 735 et
668 680 836 736 facite
862 697 961 736 sex
989 682 1190 736 missas
1218 681 1295 752 (id
1322 685 1405 736 est
1422 681 1710 752 lectiones)
1745 681 1814 736 de

175 774 314 828 lsaia
336 773 640 844 propheta.
673 774 884 830 lterum
909 774 1077 830 dicite
1103 774 1417 830 secundum
1453 779 1819 843 nocturnum,

177 873 234 923 et
255 867 528 940 legantur
548 867 672 921 aliae
698 883 794 923 sex
820 867 890 924 dc
917 869 1246 941 Evangelio.
1276 891 1305 919 »
1339 869 1438 923 Hic
1459 869 1571 923 duo
1596 873 1822 924 tantum

173 961 465 1016 nocturni.
498 962 557 1015 In
584 961 692 1015 hoc
720 961 1065 1017 Lectionario
1093 962 1256 1018 lectio
1284 979 1435 1017 nona
1475 968 1560 1017 est
1594 979 1664 1017 ex
1702 979 1821 1016 ser-

177 1071 354 1110 mone
404 1054 583 1110 sancti
636 1055 958 1128 Augustini,
1017 1056 1352 1112 duodecima
1401 1072 1470 1111 ex
1521 1053 1822 1128 Evangelio

176 1149 434 1204 Joannis.
463 1148 545 1203 Ad
575 1164 709 1204 eum
734 1149 851 1204 fere
879 1150 1116 1206 modum
1146 1156 1369 1206 sanctus
1393 1149 1728 1205 Benedictus
1763 1148 1822 1203 in

181 1241 425 1314 Vigiliis,
455 1246 666 1313 praeter
699 1241 969 1298 lectiones
997 1259 1068 1298 ex
1108 1242 1413 1314 Scripturis
1450 1247 1571 1297 tam
1611 1241 1823 1296 Veteris

179 1351 362 1408 quam
401 1335 541 1391 Novi
576 1335 941 1405 Testamenti,
983 1336 1234 1408 assignat
1277 1358 1304 1387 α
1331 1336 1710 1409 expositiones
1733 1351 1826 1391 ea-

179 1427 477 1502 rum'quai
505 1445 539 1484 a
567 1429 1031 1485 nominatissimis
1057 1431 1380 1486 doctoribus
1407 1429 1732 1486 orthodoxis
1767 1434 1824 1485 et

180 1522 477 1578 catholicis
500 1523 760 1578 Patribus
788 1524 950 1579 factae
979 1529 1135 1594 sunt,
1163 1545 1191 1574 ››
1221 1525 1284 1579 in
1307 1525 1520 1596 regulae
1547 1539 1670 1596 cap.
1694 1525 1746 1593 9,
1767 1527 1824 1579 et

180 1617 240 1672 in
270 1632 401 1688 cap.
427 1620 485 1672 lt
517 1617 590 1673 ad
615 1617 852 1672 tertium
879 1623 1228 1674 nocturnum
1254 1639 1282 1667 «
1300 1623 1544 1690 quatuor
1559 1615 1824 1673 lectiones

179 1710 248 1766 de
273 1711 438 1766 Novo
465 1712 846 1768 Testamento.
880 1733 908 1761 ››
937 1713 1110 1767 Porro
1137 1728 1336 1768 omnes
1363 1711 1695 1766 Lectionarii
1725 1726 1826 1765 no—

181 1803 284 1859 stri
307 1803 606 1873 lectiones,
635 1809 698 1859 ut
716 1805 838 1875 jam
865 1804 1131 1874 diximus,
1160 1821 1290 1860 cum
1314 1805 1551 1878 Vulgata
1569 1804 1822 1860 versione

1921 584 2271 641 Lectionario
2313 590 2505 640 nostro
2553 585 2796 642 habetur
2832 585 2893 640 in
2929 585 3166 641 Sabbato
3204 589 3416 641 sancto.
3466 586 3550 641 Ex

1922 679 2014 734 his
2038 677 2428 750 intelligimus,
2453 679 2752 735 lectionem
2777 695 2844 734 ex
2871 679 3130 750 Apostolo
3150 695 3268 734 non
3285 679 3554 736 continuo

1922 777 2049 844 post
2075 773 2438 844 PrOphetiam
2464 773 2669 828 lectam
2693 773 2862 828 fuisse
2896 773 2955 827 in
3005 772 3213 828 Ordine
3253 773 3551 842 Gallicana,

1923 867 2075 938 quod
2093 866 2264 921 fiebat
2289 866 2494 922 saeculo
2523 882 2579 921 χι
2604 865 2664 920 in
2680 866 2974 923 Nativitate
2999 866 3223 922 Domini
3248 881 3318 922 ex
3351 868 3548 924 Micro-

1923 959 2039 1032 logi
2063 977 2188 1032 cap.
2219 963 2308 1016 52.

1993 1055 2273 1110 Praeterea
2297 1054 2356 1109 in
2383 1054 2490 1110 hoc
2531 1055 2740 1111 Ordine
2775 1054 3056 1110 Gallicano
3089 1055 3254 1110 unica
3286 1054 3456 1111 missa
3491 1055 3553 1111 in

1922 1147 2216 1203 Nativitate
2246 1149 2470 1204 Domini
2495 1149 2839 1220 assignatur,
2873 1148 3182 1220 itidemque
3220 1149 3280 1204 in
3319 1150 3556 1205 Mazara-

1921 1241 2046 1296 bico
2067 1242 2205 1297 etin
2235 1242 2624 1313 Ambrosiam,
2651 1243 2804 1314 apud
2828 1241 3168 1311 Pamelium;
3198 1258 3355 1298 secus
3369 1243 3428 1298 in
3447 1243 3558 1299 Ge-

1921 1336 2156 1406 lasiano,
2187 1337 2550 1408 Gregoriano,
2586 1337 2716 1392 etin
2738 1352 2882 1392 novo
2912 1335 3300 1403 Ambrosiano,
3337 1337 3396 1391 in
3434 1336 3557 1408 qui-

1921 1421 2026 1485 bus
2051 1433 2165 1485 tres
2188 1431 2376 1484 missae
2401 1430 2472 1486 ad
2499 1431 2685 1503 ipsum
2711 1431 2862 1485 diem
2904 1430 3206 1485 habentur.
3249 1429 3553 1502 Gregorius

1922 1524 2220 1596 episcopus
2247 1525 2590 1580 Turonensis
2609 1525 2779 1579 unius
2807 1525 2994 1579 missae
3019 1522 3280 1578 meminit
3300 1523 3358 1577 in
3379 1539 3502 1594 cap.
3524 1524 3560 1578 8

1922 1619 1992 1673 de
2032 1617 2168 1672 Vitis
2213 1619 2464 1687 Patrum,
2527 1618 2629 1673 sub
2669 1619 2843 1674 linem
2887 1618 3016 1673 vitae
3071 1616 3268 1672 Nicetii
3315 1613 3563 1688 episcopi

1920 1711 2333 1782 Lugdunensis,
2366 1711 2462 1766 ubi
2489 1716 2787 1784 postquam
2815 1711 2934 1784 egit
2971 1713 3042 1768 de
3075 1711 3316 1784 peractis
3353 1708 3558 1782 vigiliis

1923 1804 2189 1860 dominici
2209 1805 2413 1860 Natalis
2445 1824 2460 1860 :
2497 1827 2524 1854 «
2555 1807 2719 1861 Facta
2737 1822 2962 1877 quoque
2977 1807 3120 1860 hora
3143 1803 3328 1874 tertia,
3352 1788 3556 1875 inquit,

179 1899 240 1952 in
263 1897 474 1952 multis
495 1899 860 1968 conveniunt,
889 1899 1208 1971 discrepant
1231 1899 1302 1954 ab
1331 1916 1400 1953 ea
1425 1899 1483 1954 in
1509 1898 1722 1970 paucis.
1761 1899 1823 1952 ln
1843 1883 1900 1960 B
1924 1916 2054 1954 cum
2070 1899 2312 1972 populus
2331 1899 2400 1954 ad
2423 1899 2721 1954 missarum
2737 1899 3011 1954 solemnia
3031 1898 3376 1968 conveniret,
3397 1898 3505 1953 etc.
3529 1917 3558 1947 ι)

181 1991 530 2048 llozarabico
557 1992 727 2064 longe
751 1992 965 2048 diversa
989 1993 1193 2048 versio.
1221 1993 1419 2050 Sermo
1441 1992 1543 2064 qui
1582 1992 1674 2046 hic
1705 1994 1832 2051 Au-.

185 2085 426 2158 gustino
454 2084 743 2155 tribuitur,
773 2086 896 2158 ejus
921 2103 1038 2142 esse
1067 2103 1184 2141 non
1211 2086 1455 2157 videtur,
1493 2101 1598 2141 nec
1639 2085 1826 2141 locum

184 2179 367 2236 habet
389 2178 452 2236 in
487 2195 630 2236 nova
665 2179 934 2250 editione,
978 2178 1064 2236 uti
1098 2197 1207 2237 nec
1247 2195 1488 2252 sequens
1529 2179 1598 2235 de
1638 2183 1827 2236 sancto

186 2274 500 2346 Stephano.

189 2368 329 2422 Vill.
371 2383 616 2423 LEGENDA
651 2381 711 2422 ιη
747 2383 837 2422 ora
859 2383 1216 2424 εΑΝετιεειιε
1252 2383 1584 2424 mum-ms
1610 2383 1824 2438 boum,

847 2455 918 2494 AD
956 2455 1171 2495 HISSAH.

663 2527 844 2578 Lectio
867 2527 1030 2578 Esaixe
1053 2526 1344 2592 praphetm.

256 2612 542 2681 Tempore
575 2608 671 2664 illo
715 2609 936 2664 locutus
979 2614 1064 2664 est
1103 2610 1372 2666 Dominus
1409 2609 1480 2666 ad
1519 2609 1700 2666 Achaz
1742 2608 1828 2664 di-

193 2720 355 2772 cens,
384 2709 514 2770 etc.,
545 2717 710 2774 usque
738 2703 806 2756 Et
825 2703 1045 2774 elegere
1070 2702 1305 2759 bonum.
1335 2703 1556 2767 Deinde,
1585 2704 1652 2758 Et
1689 2701 1834 2758 dixit

193 2797 473 2854 Dominus
498 2797 568 2851 ad
595 2813 708 2867 me,
735 2796 879 2850 Voca
913 2813 1124 2852 nomen
1167 2797 1309 2869 ejus,
1347 2798 1617 2852 Adcelera
1656 2797 1834 2872 spolia

194 2891 516 2959 detrahere,
537 2895 640 2945 etc.
652 2931 666 2958 ,
683 2905 849 2961 usque
859 2890 1059 2946 Coram
1071 2907 1203 2962 rege
1218 2891 1598 2962 Assyriorum.
1619 2895 1830 2955 Postea,

194 2983 875 3057 Congregaminipopuli,
904 2986 963 3039 et.
995 2983 1304 3052 vincimini,
1342 2988 1474 3056 etc.,
1513 3001 1679 3056 usque
1719 2986 1831 3040 No-

195 3078 420 3134 biscum
466 3078 628 3132 Deus.
685 3080 839 3140 Tum,
894 3079 1166 3132 Parvulus
1201 3077 1354 3132 enim
1397 3083 1565 3134 natus
1605 3084 1690 3134 est
1727 3096 1830 3135 no-

195 3171 301 3242 bis,
329 3176 469 3242 etc.,
496 3186 660 3242 usque
682 3171 845 3226 Zelus
871 3171 1096 3225 Domini
1125 3171 1477 3226 exercituum
1502 3172 1667 3228 faciet
1703 3173 1830 3229 hoc.

201 3265 326 3334 (Isa.
355 3281 459 3332 vn,
489 3267 574 3334 l0,
601 3281 768 3336 usque
797 3281 870 3334 Ix,
898 3267 950 3334 8,
979 3265 1303 3336 quibusdam
1325 3266 1738 3340 praeteimissis.)

267 3360 505 3417 Danihel
528 3375 645 3414 cum
668 3359 1046 3415 benedictione.

505 3451 737 3516 Epistola
762 3451 903 3501 Pauli
926 3451 1149 3516 apostoli
1173 3451 1238 3502 ad
1265 3452 1528 3504 Hebraeos.

267 3533 566 3593 Hultiiarie
591 3533 902 3606 multisque
927 3534 1130 3603 modis,
1157 3539 1264 3590 etc.
1296 3551 1461 3606 usque
1487 3535 1554 3591 Et
1578 3533 1712 3591 anni
1751 3536 1835 3592 tui

200 3647 316 3686 non
339 3628 582 3686 deﬁcent
609 3627 790 3699 (Hebr.
822 3643 861 3697 ι,
895 3629 1071 3699 1-13.)

423 3721 598 3773 Lectio
624 3720 790 3771 sancti
816 3719 1083 3784 Evangelii
1111 3720 1399 3771 secundum
1426 3723 1633 3772 Lucam.

269 3801 466 3878 108
493 3803 724 3856 Factum
753 3807 838 3856 est
865 3806 1056 3857 autem
1087 3801 1144 3856 in
1170 3800 1368 3857 diebus
1393 3801 1525 3872 illis,
1553 3801 1692 3858 exiit
1715 3803 1842 3868 edi-_

201 3900 355 3952 ctum
379 3913 415 3951 a
443 3897 660 3952 Cmsare
685 3899 960 3967 Augusto,
998 3899 1065 3950 ut
1107 3895 1517 3974 describeretur
1545 3895 1838 3953 universus

204 3990 372 4060 orbis,
409 3995 543 4059 etc.,
571 4005 738 4060 usque
770 3989 926 4045 Sicut
949 3989 1163 4045 dictum
1191 3995 1276 4044 est
1301 3989 1372 4046 ad
1399 3989 1544 4046 illos.
1589 3991 1732 4061 (Luc.
1774 4006 1834 4060 ιι,

240 4088 294 4139 οΙ
346 4126 359 4138 .

207 4086 227 4141 1
307 4084 382 4155 9)
578 4172 761 4218 NOTE
803 4171 880 4216 ET
921 4172 1454 4218 OBSERVATIONES.

271 4242 376 4299 Hic
415 4248 544 4316 post
582 4242 949 4315 PrOphctiam
981 4248 1214 4299 notatur
1257 4245 1490 4300 Danihel
1527 4260 1648 4300 cum
1695 4240 1846 4302 bene;

201 4337 458 4393 dictione.
486 4337 604 4392 Huc
630 4341 846 4408 spectat
871 4353 1054 4392 canon
1085 4340 1148 4392 t3
1183 4337 1408 4393 concilii
1459 4355 1515 4393 ιν
1564 4339 1838 4408 Toletani,

199 4429 552 4488 instituentis
577 4450 592 4486 :
629 4432 696 4488 Ut
719 4447 816 4502 per
827 4447 1012 4487 omnes
1030 4433 1311 4518 Hispan
1331 4432 1596 4488 Ecclesias
1614 4433 1699 4487 vel
1717 4431 1844 4488 Gal-

205 4521 312 4590 lic,
347 4519 476 4576 aliis
506 4520 652 4576 male
680 4521 943 4590 Galliciz,
975 4520 1034 4576 in
1063 4523 1300 4577 omnium
1336 4523 1626 4577 missarum
1659 4523 1845 4578 solem-

1856 3258 1911 3334 C

1924 1994 2127 2049 Confer
2150 1993 2327 2048 alium
2353 1992 2610 2064 ejusdem
2653 1993 2898 2049 auctoris
2935 1993 3123 2048 locum
3165 2008 3235 2047 ex
3271 1990 3372 2046 lib.
3414 2006 3453 2046 ιι
3490 1989 3561 2046 de

1925 2087 2204 2144 Miraculis
2229 2087 2403 2142 sancti
2432 2087 2654 2142 Martini
2680 2104 2804 2160 cap.
2844 2091 2934 2143 25.
2965 2087 3026 2142 In
3055 2085 3244 2141 libello
3271 2081 3560 2140 Eldel‘onsi

1928 2180 2210 2254 Hispanici
2235 2179 2502 2252 episcopi,
2530 2181 2630 2252 qui
2655 2197 2804 2236 anno
2829 2184 2930 2236 835
2962 2179 3204 2252 scripsit,
3238 2182 3352 2234 tres
3373 2177 3560 2233 missa

1928 2254 2250 2330 iudicantur
2290 2275 2351 2329 in
2394 2275 2574 2330 Natali
2616 2274 2860 2343 Domini,
2890 2274 3182 2344 Pa‘schate,
3210 2273 3554 2342 Pentecoste,

1931 2373 1986 2424 et
2008 2368 2220 2424 Transii
2228 2368 2546 2441 guratione.

1998 2463 2157 2527 Quod
2183 2461 2382 2518 attinet
2397 2462 2468 2518 ad
2511 2467 2626 2518 tres
2661 2461 2880 2532 missas,
2927 2462 2990 2517 in
3028 2459 3236 2518 Ordine
3276 2459 3566 2517 Gelasiano

1931 2559 1988 2612 et
2012 2556 2354 2628 Gregoriano
2379 2556 2450 2610 ad
2476 2556 2668 2611 Natale
2695 2555 2916 2621 Domini
2935 2555 3314 2627 praescriptas,
3341 2555 3434 2610 hae
3459 2569 3563 2626 pro

1931 2666 2170 2705 numero
2183 2650 2512 2721 stationum,
2531 2667 2659 2722 quae
2671 2650 2866 2706 Romae
2882 2649 2952 2704 ab
2967 2648 3016 2722 1
3032 2647 3158 2722 ο9
3169 2648 3417 2720 antiquis
3430 2652 3567 2704 tem-

1891 2805 1897 2810 ,
1931 2743 2164 2816 poribus
2192 2743 2315 2815 ipsa
2339 2744 2428 2799 die
2453 2762 2486 2798 a
2511 2760 2738 2799 summo
2767 2743 3030 2816 pontiﬁce
3059 2742 3194 2798 olim
3221 2741 3450 2812 fiebant,
3475 2741 3560 2796 in-

1933 2837 2144 2894 stituta:
2172 2840 2325 2906 sunt,
2353 2853 2468 2892 non
2494 2837 2554 2892 in
2575 2837 2777 2892 eadem
2801 2835 3052 2899 ecclesia,
3083 2835 3181 2891 sed
3211 2835 3270 2890 in
3299 2834 3562 2903 diversis;

1932 2946 2116 3003 neque
2141 2947 2174 2984 a
2199 2929 2440 3002 singulis
2480 2929 2882 2998 sacerdotibus,
2923 2929 3019 2983 sed
3059 2945 3094 2983 a
3126 2927 3384 3000 pluribus
3419 2927 3564 2982 cele-

1931 3024 2186 3094 brandae,
2214 3029 2281 3080 ut
2305 3023 2590 3096 colligitur
2617 3040 2683 3079 ex
2713 3023 2921 3079 Ordine
2948 3023 3226 3092 Romano,
3255 3021 3418 3093 cujus
3443 3021 3571 3077 haec

1933 3117 2102 3172 verba
2130 3123 2263 3174 sunt
2291 3135 2305 3172 :
2336 3120 2524 3173 Prima
2550 3118 2638 3173 die
2674 3117 2878 3186 vigilite
2919 3117 3140 3174 Natalis
3179 3116 3399 3171 Domini
3435 3115 3570 3170 hora

1932 3228 2074 3268 nona
2102 3219 2303 3269 canunt
2329 3215 2548 3268 missam
2577 3212 2652 3267 ad
2675 3215 2919 3266 sanctam
2938 3211 3193 3266 Mariam.
3225 3210 3343 3276 Qua
3359 3208 3574 3279 expleta

1935 3312 2137 3362 canunt
2157 3307 2567 3379 vespertinalem
2591 3307 2846 3375 synawim
2878 3320 2894 3356 :
2931 3303 3126 3358 deinde
3147 3303 3358 3358 vadunt
3387 3302 3462 3357 ad
3487 3303 3571 3356 ci-

1937 3401 2080 3457 bum.
2109 3403 2171 3456 In
2191 3401 2496 3472 crepusculo
2519 3401 2690 3454 noctis
2712 3401 2888 3452 intrat
2905 3397 3228 3468 apostolicus
3240 3397 3316 3451 ad
3326 3397 3574 3466 vigiliam

1933 3501 1993 3553 in
2015 3498 2314 3570 praefatam
2339 3496 2632 3550 ecclesiam.
2666 3495 2863 3548 Tamen
2893 3506 3000 3544 non
3023 3494 3248 3545 cantant
3271 3490 3352 3544 ibi
3370 3491 3578 3545 Invita-

1936 3594 2133 3648 torium
2159 3593 2217 3645 in
2243 3590 2476 3645 Introitu
2503 3606 2520 3642 :
2546 3587 2642 3642 sed
2667 3586 2894 3656 expletis
2920 3584 3138 3654 Vigiliis
3175 3587 3227 3638 et
3262 3584 3574 3650 Matutinis,

1932 3687 2071 3741 sicut
2097 3687 2155 3739 in
2180 3682 2579 3753 Antiphonario
2621 3681 2941 3742 continetur,
2983 3677 3183 3734 ibidem
3223 3681 3424 3732 canunt
3457 3677 3574 3747 pri-

1935 3795 2079 3835 mam
2089 3780 2307 3833 missam
2319 3779 2378 3830 in
2398 3778 2567 3830 nocte.
2589 3773 2707 3840 Qua
2729 3773 2965 3844 expleta,
2989 3771 3200 3827 vadunt
3227 3772 3301 3827 ad
3327 3775 3572 3826 sanctam

1936 3875 2284 3932 Anastasiam
2309 3884 2497 3926 canere
2523 3869 2694 3923 aliam
2721 3869 2942 3922 missam
2972 3867 3038 3922 de
3061 3869 3230 3921 nocte.
3263 3865 3398 3920 Hinc
3425 3880 3576 3920 com-

1936 3965 2270 4022 memoratio
2328 3968 2534 4019 sanctae
2597 3960 2903 4017 Anastasis:
2964 3959 3024 4014 in
3079 3957 3327 4015 secunda
3377 3959 3569 4015 missa.

1936 4061 2140 4119 Deinde
2177 4063 2408 4131 pergunt
2453 4057 2527 4112 ad
2566 4059 2811 4112 sanctum
2844 4058 3083 4118 Petrum,
3131 4059 3193 4110 ut
3234 4055 3315 4108 ibi
3353 4054 3575 4124 vigilias

1937 4156 2193 4212 celebrent
2221 4153 2290 4208 ab
2312 4168 2369 4208 eo
2397 4152 2526 4215 loco,
2561 4151 2657 4206 ubi
2673 4151 2975 4205 invenerint
2989 4149 3224 4220 psallere
3248 4149 3348 4218 qui
3371 4147 3570 4203 ibidem

1939 4250 2222 4306 excubant.
2248 4249 2360 4319 Ipsi
2383 4248 2524 4301 enim
2548 4247 2758 4300 intrant
2785 4244 2862 4299 ad
2885 4244 3132 4312 vigiliam
3152 4241 3308 4296 solito
3344 4245 3577 4311 tempore

1939 4346 1997 4399 in
2026 4357 2278 4416 processu
2312 4342 2498 4409 noctis,
2536 4344 2588 4394 et
2633 4341 2836 4394 canunt
2877 4337 3272 4396 Invitatorium,
3310 4339 3360 4390 ct
3385 4347 3572 4406 prose-

1941 4441 2182 4510 quuntur
2211 4435 2453 4490 ordinem
2480 4432 2890 4502 Antiphonarii.
2923 4429 3070 4486 Unde
3093 4430 3256 4484 etiam
3275 4427 3449 4499 dupla
3483 4427 3573 4496 of-

1939 4535 2063 4604 ﬁcia
2085 4533 2144 4586 in
2161 4533 2522 4588 Romanorum
2535 4526 2954 4596 Antiphonariis
2981 4524 3081 4579 hac
3097 4528 3246 4579 nocte
3266 4521 3580 4579 describun-

201 4617 377 4670 ιίίαεϐ
405 4615 719 4670 decantet“?
744 4615 971 4684 Ill/mnus
999 4617 1164 4670 ίΐίωη
1186 4631 1496 4686 Puerorum:
1531 4619 1588 4670 et
1613 4615 1844 4688 quidem
1864 4629 1923 4704 D
1946 4633 2054 4684 tur.
2084 4625 2160 4680 De
2186 4624 2292 4679 hoc
2321 4620 2534 4694 duplici
2563 4619 2746 4674 ofﬁcio
2783 4619 2910 4691 lege
2945 4617 3021 4674 sis
3057 4617 3329 4674 Amalarii
3364 4616 3466 4676 lib.
3505 4615 3575 4674 de

201 4712 262 4763 in
281 4709 527 4780 pulpito,
561 4712 630 4764 ut
671 4709 871 4780 legunt
913 4709 1250 4765 Walafridus
1295 4709 1526 4766 Strabus
1571 4707 1628 4766 et
1668 4712 1845 4766 Berno

205 4801 530 4872 Aegiensis,
557 4801 660 4874 qui
704 4802 1021 4873 observant,
1067 4804 1173 4859 hoc
1214 4804 1501 4860 canticum
1538 4804 1692 4877 apud
1731 4806 1842 4861 Ro-

205 4911 414 4952 manos
429 4911 543 4951 non
561 4912 683 4952 esse
699 4896 758 4951 in
776 4912 904 4966 usu,
916 4896 1025 4952 nisi
1048 4918 1078 4948 «
1093 4903 1295 4970 quater
1313 4897 1374 4953 in
1391 4915 1564 4966 anno,
1587 4921 1614 4948 η
1638 4915 1846 4971 nempe

207 4989 266 5045 in
289 4989 547 5046 Sabbatis
573 4991 826 5056 Quatuor
849 4991 1215 5064 Temporum.
1242 4995 1506 5048 Attamen
1531 4993 1593 5048 in
1618 4993 1848 5066 vulgato

206 5082 418 5140 Iissali
442 5084 788 5140 Mozarabico
813 5084 996 5140 rarius
1016 5085 1122 5140 hoc
1142 5085 1423 5142 canticum
1439 5087 1843 5158 praescribitur,

207 5183 262 5233 et
283 5178 480 5251 primo
506 5178 738 5250 quidem
762 5179 823 5233 in
849 5177 1140 5234 Dominica
1164 5179 1351 5251 prima
1389 5180 1846 5253 Quadragesima:

203 5277 330 5342 post
355 5272 722 5345 Prophetiam
746 5271 852 5327 hoc
879 5272 1048 5328 modo
1079 5289 1093 5327 :
1143 5271 1285 5328 Dicit
1312 5274 1627 5347 presbyter,
1662 5277 1844 5331 Domi-

205 5380 304 5420 nus
323 5367 404 5421 sit
425 5381 634 5437 semper
660 5366 945 5423 vobiscum.
975 5363 1020 5430 nl
1044 5369 1115 5423 Et
1139 5381 1259 5422 cum
1277 5369 1481 5439 spiritu
1503 5373 1613 5424 tuo.
1638 5367 1848 5424 Deinde

205 5462 442 5530 tractus,
472 5459 681 5515 ῡΑιιιει,
705 5475 979 5516 rnorar'rs
1012 5477 1026 5515 :
1059 5463 1205 5518 Tune
1229 5461 1320 5516 illi
1343 5466 1449 5518 tres
1468 5463 1630 5534 quasi
1655 5477 1722 5518 ea:
1743 5477 1849 5517 uno

207 5568 294 5608 ore
337 5553 600 5622 hymnum
641 5553 924 5619 canebant,
961 5557 1012 5610 et
1053 5555 1427 5612 benedicebant
1463 5558 1746 5612 Dominum
1785 5556 1850 5612 de

205 5647 427 5712 fomes
450 5648 706 5704 dicentes.
737 5649 934 5705 Postea
972 5649 1177 5722 incipit
1213 5650 1495 5721 sacerdos,
1537 5650 1851 5708 Benedictus

208 5749 288 5803 es;
307 5745 530 5798 nomine
553 5746 687 5799 Deus
709 5749 933 5814 patrum
955 5747 1281 5808 nostrorum,
1310 5749 1362 5800 et
1383 5744 1754 5810 admirabilis,
1795 5750 1850 5802 et

207 5837 645 5908 superesaltatus
670 5839 730 5894 in
769 5839 989 5898 secula.
1024 5841 1215 5903 Amen,
1257 5844 1368 5897 etc.
1398 5839 1511 5895 Hoc
1570 5839 1850 5898 canticum

211 5927 273 5987 in
297 5923 586 6009 aliquibus
610 5931 801 5992 differt
821 5933 892 5992 ab
921 5950 990 5992 eo
1028 5935 1180 6010 quod
1203 5935 1493 5993 Romanus
1522 5933 1672 5993 Ordo
1707 5951 1852 6011 pre-

1942 4716 2356 4793 Antiphonario
2383 4733 2508 4788 cap.
2542 4717 2628 4770 l5.

2011 4817 2290 4871 Caeterum
2310 4807 2722 4866 inMozarabico
2744 4806 3043 4879 PrOphetia
3063 4805 3143 4862 ita
3161 4803 3380 4878 incipit,
3394 4807 3574 4862 Pr'imo

1945 4915 2176 4981 tempore
2203 4908 2462 4963 alleviata
2489 4908 2566 4960 est
2589 4907 2736 4960 terra
2776 4902 3034 4964 Zabulon,
3067 4905 3173 4956 etc.
3202 4899 3452 4971 Epistola
3469 4909 3580 4955 'ea-

1945 5006 2077 5061 dem
2101 5006 2186 5059 est
2207 5006 2376 5074 atque
2409 4999 2469 5055 in
2494 4999 2777 5054 Gallicano
2806 5013 2820 5051 :
2849 4993 3224 5066 Evangelium
3264 4993 3578 5049 secundum

1946 5099 2176 5168 Lucam,
2207 5099 2427 5154 Factum
2453 5099 2530 5150 est
2554 5097 2730 5149 autem
2757 5106 2874 5147 cum
2895 5093 3064 5146 essent
3090 5089 3188 5152 ibi,
3220 5088 3432 5160 impleti
3455 5091 3581 5146 sunt

1947 5195 2060 5250 dies
2083 5197 2146 5248 ut
2162 5195 2401 5264 pareret,
2432 5193 2539 5246 etc.

2022 5287 2104 5344 ῘΧ.
2131 5301 2377 5343 LEGENDA
2406 5301 2462 5339 IN
2501 5298 2698 5339 NATALI
2730 5296 2928 5336 SANCTI'
2951 5293 3208 5334 STEPHANI
3233 5294 3304 5334 AD
3332 5293 3506 5336 ιίΑτσ-

2669 5368 2862 5408 ΤῙΝῐΙκ.

2385 5432 2561 5485 Lectio
2581 5429 2842 5482 Hierimim
2867 5429 3138 5496 propheta;

2020 5509 2350 5568 Benedictus
2367 5504 2604 5561 Domino
2622 5503 2710 5559 vir
2727 5503 2826 5576 qui
2845 5501 3077 5558 conﬁdit
3093 5502 3154 5556 in
3174 5502 3432 5573 Domino,
3449 5507 3554 5558 etc.
3565 5541 3580 5571 ,

1948 5621 2114 5677 usque
2135 5605 2204 5660 Et
2231 5619 2347 5659 non
2371 5615 2606 5676 paveam
2631 5613 2760 5672 ego,
2791 5597 2872 5654 ait
2895 5595 3166 5653 Dominus
3191 5596 3353 5652 Deus.
3375 5594 3581 5666 (Jerem.

1949 5716 2082 5770 xvu,
2109 5699 2290 5770 '7-t8.)

1947 5794 2130 5845 Sermo
2159 5791 2323 5844 sancti
2349 5804 2411 5842 ac
2435 5785 2720 5850 beatissimi
2742 5785 2998 5850 ,Agustini
3039 5783 3276 5850 episcOpi
3309 5780 3374 5832 de
3414 5777 3587 5832 natale

2535 5849 2706 5902 sancti
2732 5847 2998 5914 Stephani.

2023 5929 2386 5989 Beatissimus
2434 5923 2657 5999 primus
2712 5927 2770 5978 et
2817 5918 3139 5994 precipuus
3189 5919 3411 5989 martyr
3463 5915 3591 5974 sie.
