4044 6196
455 353 556 407 175

450 461 693 532 phanus,
735 461 936 518 fratres
971 459 1262 529 carissimi,
1301 463 1431 532 post
1464 458 1749 531 apostulos
1786 459 2080 515 ordinatus
2101 475 2158 548 Α

453 560 554 624 est,
585 560 716 612 ante
745 554 1026 628 apostulos
1052 559 1350 610 coronatus
1375 558 1478 620 est,
1511 559 1642 620 etc.,
1669 569 1834 626 usque
1867 554 1950 608 Ad
1989 571 2076 608 sa-

451 655 690 710 nitatem
735 654 1031 725 pristinam
1091 657 1428 706 revocantur
1483 652 1790 708 auxiliante
1841 651 2078 707 Domino

449 753 660 804 nostro.

487 851 550 905 X.
577 865 817 904 LEGENDA
858 865 916 903 ΙΝ
945 864 1153 904 ΝΔΤΛῐ.Ε
1191 865 1376 903 SANCTI
1411 865 1685 918 STEPHANI,
1717 865 1786 903 AD
1825 864 2040 904 HISSAM.

846 940 1019 989 Lectio
1046 940 1269 988 Actuum
1297 939 1670 1002 apostolorum.

523 1025 571 1098 1
589 1025 637 1098 1
654 1024 713 1098 ο
745 1027 806 1079 In
833 1025 1031 1080 diebus
1055 1030 1245 1080 autem
1272 1025 1384 1080 illis
1412 1029 1693 1080 crescente
1711 1041 1952 1080 numero
1973 1024 2080 1080 dis-

449 1121 788 1192 cipulorum,
819 1125 947 1190 etc.,
979 1136 1144 1190 usque
1167 1120 1458 1174 Plancium
1487 1136 1764 1192 magnum
1804 1135 1976 1190 super
2007 1119 2076 1173 il-

449 1214 590 1270 lum.
621 1215 760 1284 (Act.
791 1230 864 1282 vr,
899 1217 947 1280 1,
975 1230 1140 1284 usque
1165 1231 1281 1283 vni,
1311 1215 1387 1284 2.)

607 1321 780 1370 Lectio
809 1319 975 1369 sancti
1005 1321 1273 1384 Evangelii
1295 1319 1582 1370 secundum
1607 1319 1922 1370 Matthmum.

518 1403 791 1474 Tempore
814 1401 932 1470 illo,
961 1405 1314 1457 accesserunt
1343 1401 1442 1473 qui
1469 1401 1800 1456 didrachma
1837 1400 2078 1472 accipie-

450 1495 588 1550 bant
615 1495 684 1550 ad
715 1497 966 1566 Petrum,
998 1501 1128 1564 etc.,
1157 1512 1324 1566 usque
1361 1495 1585 1550 Salvare
1626 1494 1778 1566 quod
1813 1495 2076 1566 perierat.

458 1585 674 1656 (Matth.
705 1602 840 1656 xvn,
869 1589 958 1654 23,
989 1602 1153 1656 usque
1178 1603 1333 1656 xvm,
1367 1586 1475 1657 11.)

825 1693 1006 1736 NOTEE
1047 1694 1124 1736 ET
1168 1693 1676 1738 OBSERVATIONES
1687 1723 1698 1734 .

417 1789 428 1800 ‘
523 1775 658 1830 Duae
681 1773 880 1845 primae
905 1774 1192 1844 lectiones,
1220 1775 1396 1828 altera
1425 1791 1495 1828 ex
1522 1773 1763 1828 Jeremia
1781 1771 2080 1844 propheta,

1235 349 1571 407 APPENDIX
1611 349 1697 404 AD
1733 349 1956 406 OPERA
1993 347 2225 406 SANCTI
2263 347 2562 406 GERMANI
2602 348 3026 406 PARISIENSIS.

3711 349 3814 403 176

2371 458 2546 508 Lectio
2573 457 2738 508 sancti
2761 455 3030 518 Evangelii
3055 455 3345 507 secundum
3371 455 3623 506 Marcum.

2246 555 2451 610 Diebus
2475 554 2586 608 illis
2613 557 2969 608 accesserunt
2997 552 3068 607 ad
3093 551 3397 608 Dominum
3436 551 3626 606 Iesum
3652 551 3812 605 Jaco-

2177 650 2283 704 bus
2319 655 2376 706 et
2401 650 2702 714 Johannes,
2735 647 2836 701 filii
2875 646 3147 714 Zebedaei,
3193 646 3442 701 dicentes
3471 661 3485 699 :
3529 645 3812 716 Magister,

2178 745 2439 800 volumus
2457 748 2518 797 ut
2536 743 2933 814 quodcumque
2949 739 3300 810 petierimus,
3320 739 3490 794 facias
3499 737 3680 806 nobis,
3703 741 3813 791 etc.

2179 838 2371 908 (Marc.
2401 839 2478 910 x.)
2505 838 2768 893 Avulsum
2797 839 2874 890 est
2896 850 3062 889 unum
3087 835 3300 900 folium.

2793 944 2870 988 OB
2879 941 3184 986 SER'VATIO
3195 971 3206 982 .

2249 1028 2428 1083 Nulla
2457 1027 2563 1082 hoc
2593 1026 2715 1081 loco
2735 1025 3003 1080 lectiones
3031 1039 3133 1094 pro
3160 1019 3464 1087 Matutinis,
3489 1035 3676 1092 neque
3700 1019 3818 1074 ulla

2179 1121 2248 1176 ad
2288 1121 2520 1176 missam
2557 1119 2721 1174 lectio
2775 1135 2844 1172 ex
2881 1116 3068 1171 Veteri
3105 1117 3478 1170 Testamento.
3523 1116 3582 1167 In
3614 1113 3818 1168 Missali

2179 1215 2409 1270 Gothico
2433 1213 2759 1268 inscribitur
2785 1227 2800 1266 :
2829 1213 2994 1266 Missa
3023 1212 3080 1263 in
3108 1209 3287 1263 natali
3309 1207 3492 1263 Jacobi
3527 1211 3589 1260 et-
3608 1208 3816 1261 Johan-

2178 1312 2283 1364 nis.
2331 1310 2392 1362 In
2429 1307 2765 1362 Mozarabico
2809 1304 2977 1359 lectio
3024 1319 3094 1358 ex
3137 1301 3424 1373 Sapientia
3453 1300 3812 1355 Salomonis:

2177 1405 2460 1473 Sapientia
2474 1402 2682 1472 justum
2697 1401 2926 1455 ded-wit
2941 1415 3042 1469 per
3061 1400 3178 1452 vias
3201 1400 3395 1459 rectas,
3413 1399 3543 1464 etc.,
3567 1394 3820 1466 praemit-

2179 1497 2320 1552 titur
2347 1496 2574 1551 lectioni
2624 1511 2694 1550 ex
2719 1493 2962 1565 Epistola
2985 1492 3054 1546 ad
3083 1489 3600 1546 Thessalonicenses
3632 1507 3646 1544 :
3679 1489 3820 1547 Nolo

2180 1605 2270 1646 vos
2315 1593 2567 1660 ignorare
2617 1587 2682 1642 de
2736 1587 3141 1648 dormientibus,
3181 1589 3287 1639 etc.
3327 1581 3694 1654 Evangelium
3745 1598 3818 1636 ex

2183 1685 2364 1756 capite
2387 1700 2481 1738 xxx
2511 1682 2781 1738 Joannis:
2823 1683 3007 1738 Simon
3060 1680 3302 1742 Joannis,
3335 1677 3520 1746 diligis
3571 1691 3653 1730 me
3687 1677 3820 1746 plus

2185 1780 2286 1842 his,
2315 1783 2422 1833 etc.
2458 1778 2518 1832 In
2545 1776 2894 1831 Lectionario
2933 1779 3127 1829 nostro
3157 1779 3282 1844 post
3320 1771 3577 1826 avulsum
3609 1769 3820 1824 folium

451 1869 628 1924 altera
645 1885 713 1922 ex
727 1884 986 1922 sermone
1005 1867 1182 1922 sancti
1199 1867 1500 1940 Augustini
1517 1867 1584 1922 de
1597 1867 1759 1922 beato
1774 1865 2080 1937 Stephano,
2103 1851 2160 1924 Β
2185 1873 2442 1944 sequitur
2481 1887 2666 1926 sermo
2708 1869 2940 1942 quidam
2965 1868 3177 1940 absque
3205 1866 3373 1921 initio
3396 1865 3464 1920 de
3493 1863 3819 1920 Innocenti-

449 1960 809 2032 assignantur
817 1960 908 2015 Ad
923 1961 983 2014 Μ
982 1961 1272 2013 atutinu-m.
1289 1960 1399 2012 Hoc
1415 1959 1646 2012 nomine
1662 1957 1920 2028 plerique
1935 1961 2084 2012 vete-

450 2070 580 2110 rum
607 2055 668 2108 in
689 2053 896 2125 plurali
919 2068 1158 2107 numero
1187 2057 1430 2107 utuntur
1455 2052 1526 2106 ad
1555 2051 1987 2123 signiﬁcandam
2011 2050 2080 2104 il-

449 2148 564 2202 lam
593 2147 950 2202 ecclesiastici
967 2146 1134 2200 oflicii
1154 2150 1376 2218 partem
1411 2162 1583 2216 quam
1603 2145 1820 2200 Laudes
1842 2144 2084 2216 appella-

450 2258 598 2311 mus,
613 2242 779 2296 ducta
798 2241 1170 2312 appellatione
1203 2257 1236 2294 a
1257 2240 1506 2311 psalmis,
1527 2256 1652 2311 quae
1670 2256 1702 2292 a
1719 2238 1904 2292 laudis
1917 2254 2080 2292 voca-

449 2335 586 2390 bulo
604 2335 902 2406 incipiunt.
936 2336 1016 2389 Ita
1046 2335 1225 2389 sancti
1252 2333 1608 2402 Benedictus,
1640 2333 1998 2402 Aurelianus,
2028 2336 2084 2386 et

453 2429 694 2484 Isidorus
709 2429 768 2482 in
783 2429 997 2500 regulis
1016 2428 1132 2482 suis
1143 2428 1546 2483 Matutinorum
1561 2444 1756 2482 vocem
1773 2429 2076 2498 usurpant:

451 2523 746 2579 Cassianus
775 2523 836 2576 in
861 2522 1070 2594 duplici
1098 2538 1288 2590 sensu,
1320 2539 1530 2594 nempe
1555 2539 1660 2594 pro
1699 2520 2000 2588 Laudibus,
2029 2523 2085 2574 et

451 2634 554 2689 pro
582 2617 762 2672 officio
793 2617 994 2671 Prima:
1019 2616 1080 2670 in
1114 2615 1410 2687 singulari.
1451 2621 1522 2670 At
1559 2631 1754 2670 vocem
1796 2615 1942 2668 hanc
1979 2629 2082 2685 pro

449 2711 656 2783 vigiliis
675 2711 965 2764 nocturnis
985 2709 1216 2764 adhibet
1236 2709 1541 2764 concilium
1569 2711 1891 2763 Turonense
1921 2725 1961 2762 ιι
1989 2725 2080 2762 ca-

449 2821 598 2860 none
629 2807 691 2860 18
717 2821 729 2858 :
755 2807 816 2860 In
841 2804 1025 2858 diebus
1053 2805 1206 2871 festis
1222 2803 1297 2858 ad
1318 2805 1646 2858 Matutinum
1664 2819 1757 2857 sea:
1777 2803 2085 2872 ant-iphonae

453 2900 592 2954 binis
615 2899 840 2968 psalmis
869 2898 1220 2966 explicentur.
1251 2896 1460 2950 Eodem
1499 2897 1560 2950 in
1591 2895 1912 2968 significatu
1945 2896 2080 2950 Gre-

453 2992 648 3064 gorius
675 2990 1014 3044 Turonensis
1037 2990 1266 3044 antistes
1295 2989 1592 3043 Matutinus
1615 3005 1731 3042 non
1751 3005 1878 3043 raro
1898 2989 2084 3060 appel-

451 3085 551 3154 lat,
583 3088 646 3138 ut
668 3084 730 3137 in
753 3083 852 3136 lib.
885 3100 898 3136 ι
929 3083 998 3136 de
1028 3082 1306 3136 Miraculis
1331 3083 1508 3137 sancti
1533 3083 1756 3136 Martini
1797 3099 1920 3154 cap.
1965 3085 2030 3136 33
2065 3101 2080 3136 :

457 3179 670 3233 «Mane
708 3181 900 3232 autem
939 3176 1104 3244 facto,
1143 3175 1308 3246 signo
1349 3177 1414 3230 ad
1456 3176 1752 3230 Matutinus
1779 3179 2080 3246 commoto,

451 3271 661 3329 reversi
686 3287 882 3326 sumus
913 3269 1246 3325 dormitum.
1277 3291 1304 3319 »
1329 3269 1396 3324 Et
1409 3269 1468 3324 in
1483 3270 1580 3324 lib.
1605 3270 1674 3324 de
1695 3270 1832 3324 Vitis
1851 3272 2084 3324 Patrum

452 3383 574 3438 cap.
604 3368 636 3421 8
669 3383 682 3420 :
721 3387 747 3414 ‹‹
777 3365 1030 3430 Quodam
1057 3369 1250 3418 autem
1291 3380 1457 3418 mane
1495 3380 1626 3418 cum
1654 3364 1988 3418 surrexisset
2013 3363 2084 3418 ad

449 3460 747 3518 Matutinus
777 3464 1000 3514 sanctus
1025 3457 1292 3527 Nicetius,
1324 3459 1658 3529 exspectatis
1687 3459 1906 3512 duabus
1931 3457 2078 3512 anti-

449 3555 656 3628 phonis
681 3554 970 3625 ingressus
995 3557 1081 3607 est
1109 3552 1166 3606 in
1191 3552 1519 3606 sacrarium.
1559 3552 1662 3607 Ubi
1697 3552 1836 3607 dum
1869 3551 2080 3606 reside-

451 3654 556 3716 ret,
581 3649 849 3702 diaconus
868 3643 1290 3717 responsorium
1311 3645 1599 3700 Psalmum
1619 3663 1818 3701 canere
1839 3646 2024 3718 ccepit.
2049 3666 2077 3695 »

449 3741 561 3798 Cur
588 3757 720 3795 vero
747 3741 806 3794 in
833 3739 1178 3794 Lectionario
1199 3743 1390 3794 nostro
1405 3740 1706 3812 aliquando
1725 3740 2078 3810 Vigiliarum,

451 3833 751 3906 aliquando
791 3833 1050 3888 Matutini
1089 3833 1423 3888 vocabulum
1478 3833 1832 3903 adhibeatur,
1875 3833 1969 3888 illa
2002 3834 2083 3888 di-

453 3927 735 3983 scriminis
771 3943 938 3981 causa
971 3942 1088 3981 esse
1130 3926 1371 3996 videtur,
1419 3927 1572 3998 quod
1612 3927 1826 3998 Vigiliaa
1876 3927 2080 3982 solem-

453 4021 709 4077 nioribus
733 4021 910 4090 festis,
943 4021 1002 4075 in
1031 4019 1239 4092 quibus
1273 4021 1609 4092 prolixiores
1635 4037 1804 4076 sacrae
1832 4021 2082 4076 excubiae

454 4120 636 4185 erant,
663 4115 1006 4171 Matutinum
1042 4131 1142 4168 seu
1177 4115 1464 4171 Matutinae
1498 4115 1688 4170 minus
1717 4115 2079 4182 solemnibus,

449 4211 512 4267 in
537 4210 742 4284 quibus
769 4209 982 4265 tardius
1007 4209 1368 4280 surgebatur,
1397 4209 1602 4265 melius
1627 4209 1967 4264 conveniret.
1990 4209 2084 4266 Sa-

453 4306 708 4362 cerdotes
721 4309 912 4360 tamen
929 4303 1170 4375 singulis
1187 4303 1384 4359 diebus
1405 4303 1472 4358 de
1496 4309 1662 4360 nocte
1690 4304 1998 4376 surgebant
2012 4304 2082 4359 ad

453 4398 790 4468 orationem,
817 4404 883 4454 ut
907 4414 977 4452 ex
1007 4397 1280 4470 Gregorio
1311 4397 1548 4469 aliisque
1574 4397 1810 4452 inferius
1827 4396 2083 4453 ostende-

451 4509 580 4548 mus
603 4493 664 4546 in
691 4493 1083 4563 Disquisitione
1114 4493 1182 4547 de
1213 4493 1394 4548 Cursu
1420 4491 1722 4547 Gallicana.

2103 3224 2158 3298 C

2181 1967 2307 2037 bus,
2339 1965 2491 2020 haud
2511 1965 2680 2020 dubie
2695 1964 2766 2018 ad
2781 1962 3134 2031 Matutinum,
3165 1976 3338 2032 quem
3363 1959 3591 2014 titulum
3615 1957 3818 2030 utique

2183 2061 2528 2133 supplemus.

2224 2163 2349 2236 (XII.
2389 2177 2636 2218 LEGENDA
2681 2178 2738 2216 ιη
2775 2177 2934 2216 resro
2965 2175 3286 2228 inmunem,
3318 2173 3386 2214 AD
3413 2157 3776 2229 nummum.)

2663 2256 3334 2305 Sermo..........

2396 2349 2452 2398 et
2477 2359 2588 2397 non
2617 2341 2806 2410 faciat,
2843 2355 3030 2411 neque
3057 2338 3259 2409 aliquis
3304 2353 3373 2392 ex
3409 2336 3584 2404 vobis,
3613 2335 3820 2390 fratres

2183 2437 2546 2502 dilectissimi,
2581 2434 2630 2507 1
2649 2433 2698 2507 1
2714 2433 2774 2507 2
2817 2434 3024 2488 futuras
3049 2431 3454 2504 persecutionis
3475 2434 3658 2484 metus
3689 2445 3816 2482 mo-

2182 2535 2309 2586 veat
2333 2529 2662 2585 Antichristi
2691 2527 3048 2582 imminentis
3073 2525 3376 2580 adventum
3407 2524 3484 2578 sic
3513 2529 3816 2588 terreatur,

2181 2625 2248 2675 ut
2287 2637 2402 2674 non
2441 2617 2775 2689 evangelicis
2813 2615 3255 2671 exortationibus
3297 2619 3354 2668 et
3381 2613 3679 2686 praeceptis
3705 2629 3816 2668 cae-

2183 2713 2752 2781 lestibusinstructus,
2769 2711 2836 2765 ad
2855 2709 3378 2764 omniainveniatur
3391 2713 3660 2775 armatus,
3681 2713 3815 2774 etc.,

2183 2823 2349 2878 usque
2364 2809 2632 2878 Expectat
2651 2807 2815 2874 Deus,
2841 2807 3141 2876 expectant
3161 2807 3216 2857 et
3242 2801 3431 2873 angeli
3458 2801 3598 2871 ejus,
3621 2815 3820 2871 expec-

2183 2907 2264 2956 tat
2312 2906 2369 2956 et
2400 2900 2673 2954 Christus.
2705 2900 2921 2962 Quanta
2964 2903 3115 2952 est...
3148 2895 3395 2967 dignitas
3421 2899 3477 2949 et
3502 2900 3712 2965 quanta
3737 2899 3823 2948 est

2182 2995 2418 3049 felicitas
2442 2993 2680 3066 praeside
2708 2994 2819 3046 Deo
2851 2989 3142 3063 congredi,
3175 2994 3232 3044 et
3259 2989 3478 3044 Christo
3512 2987 3706 3059 judice
3732 3002 3818 3040 co-

2184 3088 2393 3143 ronari.

2288 3192 2418 3246 Xlll.
2449 3207 2692 3246 LEGENDA
2720 3207 2776 3245 IN
2799 3205 2994 3244 NATALI
3028 3202 3349 3256 tuumnon,
3381 3203 3450 3240 an
3476 3199 3694 3240 MISSAil.

2619 3283 2794 3333 Lectio
2819 3281 3082 3332 Hierimiae
3107 3280 3392 3345 prophetae.

2253 3372 2380 3426 Haec
2405 3370 2539 3424 dicit
2562 3369 2832 3424 Dominus
2857 3386 2870 3423 :
2903 3369 3022 3422 Vox
3049 3367 3110 3420 in
3139 3366 3358 3421 excelso
3383 3364 3576 3418 audita
3601 3369 3684 3418 est
3725 3363 3814 3417 la-

2183 3464 2564 3534 mentationis,
2610 3464 2776 3518 ﬂetus
2812 3467 2868 3517 et
2915 3461 3118 3528 luctus,
3168 3465 3297 3527 etc.,
3345 3474 3510 3529 usque
3553 3458 3818 3512 Miserans

2182 3559 2512 3629 miserebor,
2559 3557 2636 3612 ait
2677 3557 2947 3612 Dominus
2987 3557 3153 3611 Deus.
3184 3555 3392 3624 (Jerem.
3427 3568 3578 3622 xxxx,
3615 3553 3820 3620 15-20.)

2463 3660 2636 3712 Lectio
2665 3658 3004 3725 Apocalypsis
3027 3657 3272 3707 Iohannis
3297 3654 3544 3720 Apostoli.

2254 3749 2528 3820 Tempore
2557 3747 2653 3802 1110
2679 3762 2785 3818 ego
2815 3745 3096 3800 Iohannes
3121 3743 3236 3798 vidi
3263 3742 3366 3797 sub
3401 3742 3576 3796 altare
3603 3739 3821 3796 animas

2182 3841 2628 3910 interfectorum,
2657 3845 2788 3910 etc.,
2819 3855 2986 3910 usque
3021 3837 3128 3902 Qui
3167 3834 3541 3892 interﬁciendi
3570 3839 3726 3904 sunt,
3751 3833 3823 3888 si-

2183 3940 2277 3991 cut
2298 3936 2479 3990 etilli.
2509 3936 2698 4006 (Apoc.
2732 3951 2805 4004 v1,
2837 3933 3004 4002 9-11.)

2347 4037 2522 4086 Lectio
2550 4036 2714 4086 sancti
2737 4034 3006 4098 Evangelii
3034 4032 3323 4084 secundum
3347 4030 3667 4081 Matthmum.

2251 4123 2526 4193 Tempore
2577 4121 2677 4176 illo
2731 4137 2861 4175 cum
2914 4126 3080 4174 natus
3107 4123 3252 4174 esset
3277 4116 3546 4172 Dominus
3569 4117 3730 4172 Iesus
3759 4114 3823 4169 in

2183 4216 2472 4271 Bethleem
2498 4215 2707 4270 Iudaea:
2727 4215 2785 4269 in
2813 4213 3012 4268 diebus
3037 4212 3271 4268 Herodis
3297 4211 3450 4282 regis
3475 4213 3608 4279 etc.,
3643 4223 3822 4278 usque

2181 4309 2458 4375 Quoniam
2475 4310 2766 4364 Nazarzeus
2793 4307 3101 4363 vocabitur.
3125 4307 3340 4376 (Matth.
3373 4321 3434 4375 ιι,
3471 4304 3636 4374 1ο23.)

2801 4414 3210 4461 OBSERVATIO.
3423 4403 3428 4408 ’

2253 4498 2554 4570 Prophetia
2579 4497 2778 4553 eadem
2819 4496 2880 4550 in
2916 4494 3279 4564 Mozarabico,
3307 4493 3404 4548 ubi
3433 4491 3666 4564 legitur,
3703 4493 3824 4546 V0.1:

527 4585 588 4638 In
629 4584 797 4638 missa
832 4586 1031 4639 natalis
1071 4587 1246 4640 sancti
1286 4586 1556 4658 Stephani
1595 4586 1748 4641 nulla
1789 4585 1882 4640 hic
1923 4585 2245 4674 lectioDin
2286 4597 2479 4656 ﬂama,
2525 4597 2631 4648 etc.
2669 4591 2854 4646 Lectio
2893 4590 3138 4646 secunda
3173 4607 3242 4644 ex
3290 4587 3536 4658 Epistola
3585 4587 3626 4639 ll
3671 4584 3826 4638 beati

455 4694 523 4732 ex
561 4677 746 4731 Veteri
777 4678 1129 4732 Testamento
1173 4677 1354 4751 111
1409 4680 1660 4751 epistolae
1698 4679 2082 4751 praemittitur,

451 4786 638 4842 neque
666 4771 726 4823 in
747 4769 890 4824 festo
917 4771 1092 4824 sancti
1119 4772 1347 4824 Joannis
1372 4773 1727 4842 evangelista:
1765 4773 2082 4828 nonnullis-

453 4881 565 4937 que
593 4863 735 4934 aliis,
764 4863 998 4917 fortasse
1028 4879 1096 4917 ex
1116 4864 1406 4917 communi
1427 4864 1610 4918 ofﬁcio
1631 4865 1995 4921 desumenda.
2025 4869 2085 4921 In

452 4957 793 5014 Mozarabico
819 4973 1114 5028 nunquam
1141 4957 1612 5028 praetermittitur.
1643 4959 1707 5012 Et
1727 4959 1786 5012 in
1803 4959 1943 5014 festo
1965 4959 2086 5032 qui-

455 5053 584 5107 dem
611 5052 790 5108 sancti
815 5051 1084 5124 Stephani
1113 5051 1276 5106 lectio
1303 5050 1580 5122 repetitur
1618 5068 1684 5106 ex
1721 5051 1862 5107 festo
1904 5054 2084 5109 sancti

453 5146 774 5217 Clementis,
803 5163 1009 5218 nempe
1030 5163 1098 5201 ex
1119 5147 1263 5201 libro
1282 5145 1602 5218 Sapientiae,
1633 5149 1814 5202 Justus
1833 5150 1882 5202 si
1917 5154 2084 5204 morte

445 5231 854 5313 praeoccupatus
864 5243 1056 5309 fuerit,
1083 5246 1188 5298 etc.
1211 5239 1460 5313 Epistula
1487 5256 1618 5295 vero
1638 5239 1837 5294 eadem
1858 5247 1942 5296 est
1954 5259 2084 5297 cum

452 5335 754 5406 superiori,
781 5336 1056 5407 tantisper
1083 5340 1274 5390 tamen
1305 5335 1598 5408 prolixior.
1628 5335 1994 5406 Evangelium
2015 5353 2084 5392 ex

451 5427 694 5486 Matthaei
719 5445 841 5500 cap.
871 5445 1010 5485 xxm
1037 5445 1050 5483 :
1083 5431 1254 5501 Super
1283 5431 1596 5485 cathedram
1625 5431 1820 5500 Moysi,
1849 5433 1956 5486 etc.

485 5528 568 5584 XI.
609 5543 855 5584 LEGENDA
893 5545 948 5583 IN
986 5545 1145 5583 Βεετο
1184 5544 1368 5584 ssnon
1403 5544 1685 5598 JOHANNIS,
1725 5543 1794 5583 an
1834 5543 2047 5586 mss“.

640 5622 812 5672 Lectio
837 5623 1178 5688 Apocalypsis
1201 5622 1365 5673 sancti
1391 5623 1635 5672 Iohannis
1657 5621 1897 5686 apostoli.

522 5709 796 5781 Tempore
811 5708 908 5764 illo
921 5725 1028 5780 ego
1039 5709 1322 5764 Johannes
1348 5709 1463 5764 vidi
1487 5713 1712 5780 Agnum
1738 5725 1909 5780 super
1929 5727 2087 5767 mon-

450 5809 568 5860 tem
591 5804 742 5874 Sion,
771 5809 900 5876 etc.,
929 5820 1095 5876 usque
1117 5803 1262 5860 Mare
1300 5809 1356 5862 et
1381 5805 1563 5862 fontes
1587 5823 1860 5882 aquarum
1897 5809 2083 5880 (Apoc.

455 5915 566 5966 xw,
599 5901 726 5970 l-7.)

2185 4689 2340 4744 Pauli
2365 4687 2438 4742 ad
2465 4685 2780 4742 Corinthios
2808 4701 2932 4756 cap.
2969 4703 2982 4738 ι
3015 4701 3028 4738 :
3061 4684 3382 4738 Benedictus
3409 4685 3550 4736 Deus
3585 4685 3636 4734 et
3659 4679 3828 4732 Pater

2183 4784 2402 4838 Domini
2425 4783 2598 4836 nostri
2633 4783 2760 4836 Iesu
2791 4781 3011 4842 Christi,
3045 4783 3151 4834 etc.
3181 4775 3554 4848 Evangelium
3584 4789 3654 4827 ex
3683 4773 3824 4826 Mat-

2183 4876 2320 4932 thaei
2367 4875 2546 4946 capite
2590 4891 2766 4930 xvm:
2815 4873 2996 4928 Oblati
3039 4877 3167 4927 sunt
3206 4873 3431 4926 Domino
3469 4873 3653 4923 nostro
3696 4868 3824 4920 Jesu

2187 4972 2395 5027 Christo
2415 4970 2662 5040 parvuli,
2690 4973 2795 5024 etc.

2220 5075 2350 5129 XlV.
2400 5087 2644 5128 LEGENDA
2696 5088 2752 5126 IN
2803 5084 3206 5125 cmcuncrsrous
3245 5081 3457 5136 DOHINI,
3498 5081 3568 5122 an
3609 5079 3788 5120 uru-

2912 5157 3104 5196 TINUM.

2671 5235 2842 5287 Lectio
2865 5234 3028 5284 Esaiae
3055 5231 3340 5297 prophetas.

2255 5327 2380 5382 Haec
2401 5324 2534 5379 dicit
2556 5323 2825 5377 Dominus
2853 5321 3159 5376 Redemtor
3173 5323 3307 5372 tuus
3321 5321 3378 5372 et
3399 5316 3674 5370 formator
3690 5319 3830 5369 tuus

2185 5438 2255 5478 ex
2300 5425 2464 5475 utero
2499 5435 2511 5472 :
2541 5417 2658 5489 Ego
2699 5433 2826 5471 sum
2861 5413 3134 5469 Dominus
3179 5411 3389 5466 faciens
3433 5409 3644 5478 omnia,
3687 5413 3824 5470 etc.,

2186 5530 2354 5586 usque
2381 5515 2497 5585 Ego
2537 5509 2729 5584 113
2771 5508 3042 5564 Dominus
3087 5505 3298 5562 faciens
3346 5503 3538 5559 omnia
3575 5503 3719 5568 hac,
3749 5502 3834 5556 ait

2185 5607 2457 5664 Dominus
2484 5607 2626 5662 Deus
2653 5605 2780 5676 (Isa.
2808 5618 2953 5672 κων,
2984 5602 3074 5670 24,
3108 5615 3278 5671 usque
3303 5615 3422 5668 XLV,
3447 5599 3520 5668 7.)

2216 5712 2322 5768 XV.
2363 5725 2609 5766 LEGENDA
2657 5725 2712 5764 nv
2750 5721 3156 5762 cmcuucxsxouu
3202 5718 3416 5772 comm,
3455 5717 3528 5755 an
3567 5715 3790 5756 uissus.

2653 5811 2830 5863 Lectio
2858 5808 3022 5860 Esaiae
3048 5806 3334 5873 prephetaa.

2257 5903 2382 5958 Haec
2409 5901 2544 5956 dicit
2567 5899 2868 5954 Dominus:
2897 5895 3098 5952 Audite
3127 5893 3364 5950 verbum
3384 5889 3630 5960 Domini,
3659 5889 3834 5962 prin-
