4044 6196
264 297 360 350 177

1347 306 1433 362 DE
1471 308 1784 366 LITURGIA
1819 311 2190 370 GALLICANA
2226 317 2422 374 LIBER
2463 320 2525 374 Il.

3515 331 3614 387 178

254 425 405 498 είρεε
450 429 844 504 Sodomorum,
887 439 1018 506 etc.,
1049 452 1217 508 usque
1254 440 1322 495 Et
1362 440 1548 498 venite
1581 446 1636 498 et
1663 443 1884 516 arguite
1904 431 1963 506 Α
1984 424 2320 482 Kalendario
2365 428 2686 486 Corbeiensi
2738 433 2998 505 superius
3037 435 3304 494 laudato:
3336 455 3399 495 ru
3433 443 3616 499 Nonas

255 537 366 592 me,
397 522 532 580 dicit
555 527 847 584 Dominus.
877 528 1002 599 (Isa.
1030 548 1070 586 ι.
1105 533 1314 604 10-20.)

526 627 756 693 Epistola
785 631 930 682 Pauli
955 633 1177 696 apostoli
1203 635 1267 684 ad
1299 635 1610 688 Corinthios.

321 710 628 784 Carissimi,
659 716 841 789 fugite
867 719 937 772 ab
969 719 1251 775 idolorum
1277 722 1514 792 cultura,
1546 728 1608 779 ut
1630 726 1881 796 pruden-

249 807 403 862 tibus
431 807 654 881 loquor,
684 817 815 880 etc.,
843 829 1010 886 usque
1035 813 1238 870 Omnia
1262 815 1324 872 in
1350 816 1530 889 gloria
1565 819 1664 875 Dei
1696 819 1880 877 facite.

1982 522 2238 576 Januarii
2257 523 2516 592 depositio
2541 531 2740 581 sancta?
2769 529 3072 587 Genovevce.

2019 623 2174 680 XVII.
2223 641 2467 682 LEGENDA
2519 645 2574 682 IN
2629 647 2887 686 commeo
2951 650 3074 692 POST
3124 653 3574 698 cmcuucxsxouu

2696 719 2908 759 DOMINI.

2403 793 2574 842 Lectio
2599 793 2874 845 Ezechihel
2901 799 3187 862 propheta.

2057 875 2105 946 1
2123 875 2172 947 1
2190 875 2247 948 5
2265 877 2393 931 Haec
2411 877 2544 933 dicit
2567 879 2868 936 Dominus:
2889 883 2987 938 Fili
3012 885 3278 957 hominis,
3298 890 3358 945 hi
3378 898 3512 950 sunt
3531 894 3610 950 ri-

1982 973 2072 1024 tus
2090 970 2301 1038 altaris,
2324 971 2383 1025 in
2409 989 2766 1046 quacumque
2796 977 2885 1032 die
2912 978 3082 1034 fuerit
3096 980 3451 1056 fabricatum,
3479 993 3609 1055 etc.,

1981 1079 2146 1134 usque
2175 1065 2430 1136 Implevit
2468 1067 2646 1138 gloria
2672 1070 2894 1126 Domini
2934 1072 3164 1130 domum
3195 1077 3445 1148 Domini,
3479 1081 3615 1138 dicit

1982 1158 2253 1214 Dominus
2280 1161 2657 1232 omnipotens.
2687 1164 2893 1235 (Ezech.
2922 1184 3074 1237 XLIII,
3101 1186 3266 1241 usque
3291 1190 3434 1245 xuv,
3463 1177 3538 1247 4.)

2272 1263 2502 1326 Epistola
2527 1265 2670 1315 Pauli
2699 1268 2929 1330 Apostoli
2958 1269 3023 1318 ad
3050 1270 3318 1334 Ephesios.

2053 1348 2384 1405 Benedictus
2412 1351 2556 1406 Deus
2578 1357 2636 1406 et
2658 1354 2820 1408 Pater
2846 1355 3067 1410 Domini
3097 1359 3272 1412 nostri
3295 1361 3424 1417 Iesu
3448 1363 3610 1420 Chri-

1983 1442 2073 1511 sti,
2115 1443 2214 1515 qui
2239 1444 2528 1500 benedixit
2563 1463 2687 1515 nos,
2725 1451 2855 1517 etc.,
2892 1465 3059 1520 usque
3102 1452 3162 1506 ln
3210 1453 3375 1510 laude
3419 1457 3612 1528 gloria;

1983 1536 2179 1608 ipsius,
2203 1537 2300 1609 qui
2325 1543 2408 1593 est
2426 1538 2755 1595 benedictus
2774 1541 2834 1596 in
2864 1543 3090 1600 smeula.
3120 1545 3332 1617 (Ephes.
3363 1565 3400 1618 I,
3434 1553 3610 1624 3-14.)

2109 1639 2348 1701 Legenda
2371 1641 2536 1690 sancti
2560 1641 2829 1706 Evangelii
2857 1646 3144 1696 secundum
3171 1649 3485 1701 Mattheum.

249 903 298 969 (ι
317 904 441 960 Cor.
469 920 524 971 x,
553 905 764 977 44-31.)

466 1007 640 1058 Lectio
666 1011 832 1061 sancti
855 1012 1127 1076 Evangelii
1149 1013 1436 1064 secundum
1462 1017 1671 1067 Lucam.

321 1093 387 1145 In
437 1093 549 1148 illis
599 1095 793 1151 diebus
843 1104 1138 1172 postquam
1191 1100 1564 1156 consummati
1609 1108 1739 1159 sunt
1763 1104 1882 1161 dies

244 1190 396 1254 octo,
421 1191 552 1256 etc.,
593 1205 756 1261 usque
785 1193 854 1248 Et
883 1193 1064 1266 gratia
1090 1194 1186 1250 Dei
1225 1199 1348 1251 erat
1381 1195 1441 1252 in
1470 1195 1586 1254 illo.
1631 1197 1774 1270 (Luc.
1816 1216 1878 1270 ιι,

245 1280 467 1353 21-40.)

865 1376 1275 1425 OBSERVATIO.

315 1453 692 1524 Evangelium
720 1455 871 1510 idem
898 1463 981 1512 est
1023 1458 1080 1513 in
1125 1461 1486 1531 Mozarabico,
1516 1467 1574 1517 at
1614 1463 1882 1520 lectiones

242 1561 314 1599 ex
347 1546 533 1601 Veteri
574 1549 936 1604 Testamento
975 1555 1032 1605 et
1057 1569 1122 1607 ex
1146 1554 1321 1609 Paulo
1349 1555 1606 1611 diversae.
1636 1559 1879 1614 Mozara-

241 1639 361 1694 bici
389 1639 558 1695 ofﬁcii
583 1642 746 1696 lectio
771 1643 955 1714 prima
990 1662 1059 1700 ex
1107 1647 1262 1703 Isaiae
1299 1665 1421 1721 cap.
1465 1667 1628 1705 vam
1678 1668 1692 1706 :
1734 1652 1886 1708 Audi

241 1749 346 1795 me’
375 1736 539 1789 Iacob
565 1741 614 1790 et
640 1738 825 1800 Israel,
854 1755 1007 1808 quem
1042 1757 1136 1810 ego
1176 1757 1318 1805 voco,
1362 1747 1467 1798 etc.
1513 1745 1768 1801 secunda
1811 1764 1880 1801 ex
1902 1809 1935 1810 7
2051 1729 2326 1800 Tempore
2353 1730 2470 1798 illo,
2503 1731 2832 1788 obtulerunt
2865 1736 3048 1790 turba:
3091 1739 3162 1792 ad
3201 1739 3506 1800 Dominum
3531 1745 3616 1800 Ie-

239 1826 421 1880 Paulo
447 1827 515 1882 ad
539 1829 928 1901 Philippenses
954 1809 1086 1904 cap;
1106 1851 1164 1888 lli
1197 1851 1210 1889 :
1239 1836 1444 1890 Eadem
1473 1839 1620 1893 vobis
1655 1841 1882 1895 scribere
1901 1809 1958 1881 B
1982 1839 2106 1877 sum
2122 1823 2417 1878 hominem
2429 1828 2651 1880 mntum
2665 1826 3013 1883 daemonium
3025 1831 3353 1902 habentem:
3369 1837 3614 1908 etejecm

239 1922 383 1974 mihi
405 1923 622 1991 quidem
666 1940 772 1978 non
807 1928 1047 1995 pigrum,
1101 1933 1209 1983 etc.
1251 1930 1586 1985 Lectionarii
1638 1933 1881 2004 Epistola
1981 1917 2238 1972 daemone
2266 1917 2484 1973 Ῐοευίυδ
2517 1924 2600 1973 εδδ
2625 1926 2836 1991 matus:
2861 1927 3178 1996 εἰσ-,ηεσιιε
3223 1928 3440 1985 curans
3485 1948 3611 1987 οω-

241 2014 430 2086 magis
456 2017 719 2070 convenit
746 2018 854 2072 illis
866 2021 1215 2091 temporibus
1230 2023 1435 2094 quibus
1456 2027 1881 2096 superstitiones
1980 2027 2114 2066 nem
2140 2011 2475 2083 languorem
2503 2016 2559 2068 et
2583 2029 2813 2070 omnem
2841 2015 3251 2077 inﬁrmitatem-
3283 2022 3498 2094 (ΜατίῘιο
3530 2040 3606 2095 Ix:

241 2109 542 2179 paganica:
575 2110 836 2166 Kalendis
861 2114 1144 2170 Ianuariis
1159 2117 1345 2172 adhuc
1364 2119 1654 2189 vigebant.
1688 2121 1745 2175 ln
1774 2122 1879 2176 Ge-
1982 2106 2182 2176 32θεῖ’)

238 2203 482 2269 lasiano,
505 2205 870 2276 Gregoriano,
892 2211 948 2261 et
963 2209 1245 2280 plerisque
1262 2211 1386 2265 aliis
1402 2212 1575 2267 missa
1593 2218 1679 2268 est
1707 2215 1882 2270 altam
2195 2209 2373 2264 ΧνῙῙῘ·
2403 2226 2646 2266 LEGENDA
2687 2229 2742 2268 IN
2782 2229 2995 2271 VIGILIIS
3036 2233 3394 2277 EPEIPBANIE.

240 2296 349 2350 hoc
376 2297 469 2351 die
497 2297 590 2353 Ad
625 2300 1018 2368 prohibendum
1044 2304 1110 2356 ab
1143 2304 1323 2359 ίάοιίε,
1366 2306 1572 2360 octava
1598 2307 1710 2362 diei
1739 2308 1881 2364 hora
2063 2301 2178 2351 Vita
2201 2307 2251 2352 et
2275 2303 2444 2366 passio
2470 2304 2636 2354 sancti
2659 2319 2721 2354 ac
2746 2305 3027 2358 beatissimi
3052 2311 3240 2362 Iuliani
3270 2317 3527 2380 martyris.

241 2389 311 2444 de
340 2390 448 2444 hac
477 2407 539 2446 re
566 2392 799 2447 missam
819 2395 1092 2450 celebrari
1112 2398 1369 2469 praecipit
1393 2400 1691 2455 concilium
1720 2417 1756 2454 ιι
1777 2403 1882 2456 Tu-
2058 2387 2231 2458 Igitur
2253 2387 2613 2444 beatissimus
2639 2391 2894 2446 Julianus
2917 2410 2987 2449 ex
3014 2396 3189 2452 nobili
3207 2397 3438 2470 familia,
3469 2402 3614 2458 inlu-

244 2499 488 2538 ronense
516 2501 734 2541 canone
763 2491 825 2542 17
853 2495 1063 2560 praeter
1098 2491 1344 2561 privatas
1371 2493 1618 2549 litanias.
1656 2495 1879 2566 Legesis
1981 2482 2109 2536 stris
2129 2487 2251 2537 erat
2273 2482 2333 2536 in
2357 2483 2583 2552 53301110,
2608 2489 2738 2554 θίοον
2763 2503 2929 2557 usque
2947 2490 3208 2560 αάνίηενη»
3236 2498 3297 2547 υτ
3324 2497 3474 2564 αι)υά
3497 2497 3616 2552 Βοι-

244 2577 546 2648 epistolam
564 2581 846 2636 Zachariae
860 2583 1141 2652 pontiﬁcis
1163 2585 1232 2640 ad
1254 2587 1775 2660 Bonifacium,qua:
1796 2594 1882 2645 est
1985 2576 2209 2630 landum
2245 2577 2321 2630 ad
2368 2579 2399 2631 9
2451 2581 2724 2642 -Ῑαηυαπίι
2753 2581 2850 2634 ubi
2889 2583 3031 2637 Λεία
3071 2586 3301 2648 lumini-
3345 2590 3616 2645 Βαδίτίεδδ

248 2673 351 2726 132
393 2672 548 2728 inter
585 2675 1006 2747 Bonifacianas;
1037 2682 1093 2732 et
1141 2679 1489 2751 Menardum,
1520 2699 1552 2735 a
1587 2699 1722 2754 pag.
1750 2685 1873 2739 252.

1997 2669 2090 2738 {ius
2117 2669 2354 2739 conjugis
2383 2674 2435 2724 et
2457 2674 2721 2726 sociorum
2753 2680 3059 2744 martyrum
3105 2681 3438 2745 referuntur.
3486 2686 3614 2738 Post

276 2783 409 2839 XVI.
457 2802 700 2841 LEGENDA
741 2804 796 2842 1N
843 2805 1002 2843 γεετο
1028 2807 1239 2844 δΑΝετΕ
1269 2808 1560 2847 cauovavz
1586 2810 1839 2850 vmcmxs.
1885 2787 1889 2791 ’
1981 2764 2091 2817 haec
2121 2765 2178 2816 in
2197 2765 2532 2818 Lecmnario
2560 2768 2806 2834 sequitur
2826 2783 2998 2823 ⁸⁸⁷⁷⁷⁸0
3021 2771 3247 2840 quidam
3281 2774 3480 2844 absque
3520 2791 3614 2830 "0'

546 2875 773 2938 Epistola
797 2877 938 2926 Pauli
963 2879 1184 2942 apostoli
1207 2879 1271 2927 ad
1301 2882 1575 2931 Romanos.
1979 2858 2120 2911 mine
2148 2860 2405 2921 auctoris,
2433 2860 2529 2927 qui
2552 2873 2722 2914 sermo
2751 2865 3006 2932 supponit
3039 2864 3230 2919 lectum
3255 2869 3612 2938 Evangelium

319 2957 368 3030 1
385 2957 436 3031 1
453 2959 512 3031 4
533 2961 752 3015 Fratres
779 2962 974 3017 infelix
1003 2979 1108 3036 ego
1128 2965 1320 3033 homo,
1351 2967 1476 3038 quis
1498 2984 1590 3022 me
1621 2967 1873 3026 liberavit

1997 2951 2045 3005 te
2069 2951 2384 3007 adoratione
2413 2967 2714 3022 magorum,
2747 2959 2807 3009 ut
2837 2971 2904 3011 ea:
2929 2957 3024 3012 hoc
3052 2957 3162 3027 ejus
3191 2960 3409 3017 eaeordio
3441 2978 3612 3035 appa-

241 3053 314 3109 de
345 3069 577 3124 corpore
603 3055 801 3110 mortis
829 3056 1018 3127 hujus,
1049 3062 1179 3128 etc.,
1208 3075 1376 3129 usque
1401 3062 1522 3116 Non
1565 3064 1878 3119 secundum
1977 3049 2059 3100 τθί
2098 3065 2113 3100 ³

183 3205 189 3210 ,
239 3163 472 3203 carnem
513 3149 887 3220 ambulamus,
939 3150 1036 3205 sed
1083 3153 1397 3236 secundum
1453 3155 1725 3226 Spiritum
1775 3175 1952 3258 perc
1978 3237 1997 3258 ι
2049 3139 2276 3258 Αιιξάίνίῒ
2301 3140 2595 3258 “(illiscum
2615 3141 2816 3258 fuit“
2837 3147 3022 3258 Ῡξδξξθι
3047 3146 3390 3258 θνεξηεεέίξξεξ
3414 3148 3609 3258 dice-11'

238 3241 434 3296 Iesum
463 3241 748 3298 Christum
787 3243 1096 3301 Dominum
1140 3252 1420 3304 nostrum.
1453 3249 1620 3320 (Rom.
1652 3267 1750 3322 vn,
1783 3253 1874 3323 24,
1901 3235 1952 3258 υ
1978 3237 2032 3289 te
2061 3250 2075 3289 ³
2104 3235 2246 3289 cum
2287 3239 2452 3290 natus
2495 3239 2656 3303 esset:
2701 3235 2906 3308 inquit:
2940 3238 3086 3293 Deus
3128 3239 3188 3294 in
3232 3241 3490 3298 Bethlem
3519 3245 3612 3300 «Ια-

243 3349 412 3405 usque
430 3351 548 3403 vm,
576 3336 651 3407 4,)
1978 3328 2160 3384 datam
2185 3328 2243 3383 in
2269 3329 2466 3384 diebus
2504 3329 2750 3384 Herodes
2798 3331 3014 3401 regis...
3067 3332 3326 3388 venimus
3371 3337 3608 3394 adorare

400 3437 574 3488 Lectio
601 3439 1058 3505 sanctigvangelii
1084 3443 1375 3494 secundum
1403 3445 1717 3496 Maubmum.
1978 3439 2131 3478 eum.
2180 3422 2331 3476 Felix
2375 3421 2468 3476 illa
2499 3422 2710 3492 civitas,
2753 3424 2978 3492 fratres,
3006 3425 3097 3479 cui
3143 3427 3276 3482 civis
3317 3434 3482 3484 natus
3525 3437 3610 3488 est

314 3523 373 3576 In
406 3521 501 3577 illo
533 3528 808 3596 tempore,
848 3527 1067 3582 dicebat
1104 3530 1374 3586 Dominus
1410 3533 1566 3587 Iesus
1592 3533 1878 3606 discipulis
1977 3515 2154 3571 De“!
2187 3532 2314 3587 qu83
2340 3517 2628 3586 εἱηειιιπθ
2653 3517 2923 3571 meritum
2950 3523 3082 3573 ante
3102 3520 3407 3576 adventum
3430 3523 3609 3580 8³17³·

241 3615 358 3670 suis
381 3617 712 3688 parabulam
742 3619 888 3674 hanc
917 3637 930 3676 :
963 3621 1155 3678 Simile
1194 3630 1276 3680 est
1318 3641 1563 3697 regnum
1605 3629 1873 3683 caelorum

1997 3609 2114 3665 ,oris
2133 3609 2630 3681 accipiens,primo
2645 3611 2862 3665 laudari
2879 3613 3089 3668 meruit
3113 3630 3217 3685 per
3243 3616 3606 3689 prophetam,

240 3709 426 3764 decim
471 3711 806 3783 virginibus,
837 3719 966 3784 etc.,
999 3731 1166 3787 usque
1209 3718 1442 3774 Nescitis
1489 3719 1642 3777 diem
1691 3738 1877 3794 neque
1977 3719 2148 3775 quam
2176 3702 2412 3758 disceret
2436 3703 2587 3775 (ιιισά
2613 3704 2890 3775 sumebat:
2923 3710 3053 3775 θῖοον
3083 3723 3249 3778 usque
3274 3709 3464 3766 Malim
3490 3711 3604 3766 νίτ-

237 3803 459 3860 horam.
490 3807 704 3874 (Matth.
735 3823 858 3877 xxv,
894 3809 1059 3880 1-14.)

792 3916 1321 3964 OBSERVATIONES.

310 3984 411 4039 Hic
425 3985 570 4040 nihil
595 3985 663 4041 de
683 3987 820 4042 actis
837 3993 1043 4043 sancta:
1063 3991 1378 4062 Genovefm,
1396 4009 1524 4064 quae
1550 3993 1620 4048 ab
1646 3999 1874 4051 auctore

239 4079 487 4152 quodam
509 4097 792 4152 anonymo
811 4083 981 4154 paulo
1006 4088 1134 4155 post
1159 4085 1280 4156 ejus
1306 4087 1523 4142 obitum
1549 4088 1760 4160 scripta
1785 4089 1871 4144 di-

239 4179 467 4228 cuntur.
487 4175 651 4229 Varia
666 4192 864 4230 eorum
891 4179 1150 4250 exempla
1177 4179 1676 4237 circumferuntur.
1704 4183 1874 4238 [nter-

235 4267 427 4338 polata
459 4274 590 4323 sunt
605 4269 698 4324 illa
717 4287 844 4342 qua:
872 4289 940 4326 ex
966 4277 1286 4343 pervetusto
1310 4275 1508 4330 Codice
1528 4275 1750 4348 inclyta:
1779 4277 1874 4331 ba-

236 4361 431 4430 silicae,
463 4362 521 4416 in
548 4380 659 4434 qua
685 4363 961 4420 Genovet‘a
987 4372 1423 4422 monumentum
1451 4369 1640 4438 habet,
1678 4387 1873 4426 recens

234 4454 390 4510 edita
416 4460 566 4510 sunt.
596 4461 804 4512 Auctor
829 4459 1054 4530 conjicit
1082 4476 1150 4515 ex
1175 4461 1423 4516 historiis
1454 4467 1708 4518 veterum
1735 4469 1873 4520 tem-

1977 3796 2191 3852 tutibus
2217 3795 2374 3866 disci,
2407 3813 2580 3868 quam
2616 3802 2746 3853 ante
2771 3803 3002 3870 tempus
3030 3799 3228 3857 occidi.

2188 3901 2314 3956 XIX.
2346 3917 2592 3956 LEGENDA
2618 3918 2674 3956 IN
2703 3918 3048 3970 semensum,
3078 3920 3147 3958 an
3175 3921 3392 3961 Μίδεω.

2456 3995 2632 4045 Lectio
2659 3994 2822 4045 Esaias
2841 3995 3130 4060 prophetas.

2048 4080 2096 4154 1
2114 4080 2162 4154 1
2180 4080 2239 4154 6
2267 4083 2396 4137 Haec
2425 4081 2562 4137 dicit
2581 4081 2857 4137 Dominus
2889 4098 2903 4137 :
2935 4083 3136 4155 Surge,
3158 4083 3498 4142 inluminare
3522 4087 3608 4144 Ie-

1973 4177 2236 4244 rusalem,
2269 4181 2398 4244 etc.,
2419 4192 2586 4246 usque
2608 4177 2958 4248 Redemptor
2980 4181 3114 4233 tuus
3137 4177 3297 4234 fortis
3320 4179 3507 4250 Iacob,
3529 4179 3606 4236 ait

1973 4269 2242 4325 Dominus
2268 4271 2432 4326 Deus.
2456 4272 2581 4340 (Isa.
2608 4286 2695 4339 Lx,
2727 4271 2892 4342 1-16.)

2315 4371 2543 4435 Epistola
2572 4370 2714 4420 Pauli
2734 4370 2955 4434 apostoli
2977 4370 3042 4420 ad
3067 4370 3253 4421 Titum.

2043 4457 2358 4524 Carissime,
2406 4457 2672 4528 apparuit
2713 4457 2900 4527 gratia
2944 4456 3045 4511 Dei
3084 4457 3416 4530 Salvatoris,
3461 4464 3603 4532 etc.,

234 4565 344 4620 pus
367 4565 483 4620 quo
509 4550 676 4622 Virgo
702 4556 833 4606 nata
855 4558 957 4620 est,
981 4555 1132 4625 quod
1148 4555 1281 4609 alias
1297 4556 1403 4610 sibi
1429 4574 1545 4612 non
1571 4558 1700 4613 satis
1717 4576 1872 4614 com-
1892 4560 1952 4632 Ι)
1975 4568 2140 4622 usque
2179 4550 2418 4605 Heredes
2455 4550 2628 4604 simus
2673 4549 2984 4605 secundum
3013 4567 3172 4622 spem
3214 4551 3344 4608 vita:
3375 4557 3606 4614 aeterne

235 4649 467 4714 partum
484 4644 710 4700 fatetur.
730 4646 878 4701 Vixit
890 4651 1014 4718 post
1025 4649 1294 4720 scriptam
1317 4668 1350 4704 a
1377 4651 1646 4724 Gregorio
1671 4654 1870 4725 Magno

236 4737 415 4790 sancti
439 4737 618 4792 Patris
643 4739 930 4795 Benedicti
960 4741 1165 4809 Vitam,
1189 4759 1363 4814 quam
1391 4746 1684 4816 speculum
1713 4753 1872 4804 vocat

237 4829 518 4885 bonorum
549 4833 980 4905 monachorum,
1009 4835 1189 4890 relato
1217 4836 1332 4891 viso
1359 4837 1428 4893 de
1480 4839 1636 4895 obitu
1660 4841 1867 4896 beatis-

235 4923 366 4978 simi
393 4925 658 4980 Germani
678 4927 931 4999 Capuani
958 4929 1226 5001 episcopi.
1246 4931 1560 4987 Sinceriora
1590 4939 1721 4989 sunt
1740 4952 1869 5006 quae

233 5019 387 5090 apud
405 5018 736 5075 Bollandum
758 5025 998 5091 exstent,
1027 5040 1272 5095 quorum
1291 5025 1541 5098 Scriptor
1558 5028 1735 5084 relato
1757 5029 1868 5084 mi-

231 5113 427 5167 raculo
453 5113 524 5168 de
553 5115 805 5186 ampulla
833 5117 956 5172 oleo
983 5117 1200 5173 caelitus
1222 5135 1327 5190 per
1361 5119 1586 5176 beatam
1615 5122 1866 5178 Genove-

234 5207 348 5261 fam
376 5207 610 5278 repleta,
644 5208 835 5264 subdit
859 5227 918 5266 se
948 5233 975 5260 «
1005 5216 1134 5283 post
1157 5216 1245 5267 ter
1272 5229 1436 5269 senos
1465 5215 1536 5269 ab
1563 5215 1721 5270 obitu
1749 5215 1870 5286 ejus

232 5318 431 5367 annos,
464 5317 596 5356 cum
622 5301 744 5374 ipsa
770 5304 1019 5376 ampulla
1049 5307 1260 5375 oleum,
1314 5307 1465 5378 quod
1508 5308 1570 5362 in
1615 5308 1870 5365 oratione

233 5396 353 5466 ejus
382 5400 656 5466 creverat,
684 5396 908 5454 vidisse.
943 5419 972 5447 ››
1001 5399 1159 5464 Quod
1179 5400 1415 5456 totidem
1463 5402 1648 5458 verbis
1700 5402 1871 5458 inter-

233 5490 452 5559 polator
477 5490 561 5560 (ut
607 5489 672 5546 ﬁt
721 5508 836 5547 non
890 5494 1035 5564 raro)
1085 5500 1511 5551 commemorat.
1556 5497 1617 5551 In
1641 5497 1870 5554 Canone

232 5583 447 5638 Codicis
481 5584 648 5655 regii,
670 5586 768 5657 qui
814 5586 1084 5642 Ordinem
1125 5589 1314 5644 missa:
1366 5605 1435 5645 ex
1479 5589 1768 5646 Gelasiano
1815 5595 1872 5648 et

233 5677 582 5750 Gregoriano
620 5679 854 5734 mistum
889 5681 1156 5754 continet,
1192 5682 1250 5738 in
1275 5683 1519 5740 secunda
1545 5690 1871 5742 sanctorum

234 5773 768 5829 commemoratione
813 5780 939 5847 post
984 5779 1263 5849 Agnetem
1309 5781 1366 5832 et
1410 5780 1776 5850 Anastasiam,
1807 5781 1870 5836 ﬁt

237 5868 446 5926 mentio
475 5868 546 5926 de
599 5869 877 5930 Genovefa
915 5876 971 5930 et
1003 5871 1362 5932 Scholastica.
1397 5874 1458 5933 ln
1493 5875 1868 5934 vetustissimo

1969 4663 2073 4718 per
2104 4647 2292 4700 Iesum
2319 4643 2606 4699 Christum
2634 4643 2938 4700 Dominum
2972 4649 3253 4703 nostrum.
3280 4648 3409 4718 (Tit.
3443 4666 3480 4718 ι,
3517 4653 3602 4722 11,

1969 4756 2134 4811 usque
2161 4756 2220 4806 ιι,
2249 4739 2324 4810 7.)

2116 4841 2291 4891 Lectio
2316 4841 2481 4892 sancti
2508 4841 2776 4906 Evangelii
2804 4843 3097 4893 secundum
3122 4843 3438 4896 Matthmum.

2042 4928 2315 4999 Tempore
2344 4928 2459 4998 illo,
2491 4928 2644 4984 venit
2673 4928 2942 4984 Dominus
2965 4931 3122 4985 Iesus
3167 4929 3227 4986 in
3281 4931 3428 4985 Cana
3464 4931 3606 4990 Gali-

1969 5023 2088 5076 lzeae
2115 5021 2174 5076 in
2199 5022 2439 5077 Iordane
2473 5023 2543 5077 ad
2587 5022 2928 5092 Iohannem,
2957 5027 3022 5078 ut
3058 5023 3458 5096 baptizaretur,
3492 5031 3602 5085 etc.

1972 5116 2187 5186 (Matth.
2212 5133 2275 5170 ιη
2291 5159 2304 5186 ,
2331 5117 2531 5186 13-17.)
2559 5118 2689 5171 Tum
2709 5119 2957 5172 continue
2971 5117 3316 5202 subjungitur
3344 5139 3361 5174 :
3389 5121 3457 5176 Et
3481 5121 3603 5194 ipse

1968 5212 2125 5265 Iesus
2149 5215 2269 5266 erat
2299 5209 2572 5281 incipiens
2601 5209 2766 5282 quasi
2806 5227 3088 5266 annorum
3117 5211 3370 5284 triginta,
3402 5219 3468 5271 ut
3501 5233 3606 5289 pu-

1969 5305 2194 5359 tabatur
2217 5303 2364 5359 filius
2390 5304 2614 5376 Ioseph.
2640 5303 2785 5372 (Luc.
2815 5320 2898 5372 ιιι,
2923 5306 3035 5377 23.)
3065 5309 3254 5363 Postea
3281 5325 3600 5380 consequen-

1972 5403 2051 5453 ter
2078 5417 2094 5453 :
2121 5399 2188 5454 Et
2213 5398 2304 5454 die
2331 5397 2498 5454 tertio
2518 5397 2730 5470 nuptiae
2751 5398 2913 5454 factae
2941 5403 3074 5456 sunt
3095 5399 3154 5456 in
3179 5401 3328 5458 Cana
3353 5403 3596 5461 Galileaa.

1971 5493 2143 5562 (Joan.
2177 5509 2238 5560 II,
2264 5493 2440 5559 1-11.)

2329 5601 2368 5644 Ν
2373 5599 2509 5645 ΟΤΕ
2559 5601 2636 5646 ΕΤ
2692 5601 3222 5650 OBSERVATIONES.

2040 5681 2226 5738 Mirari
2249 5681 2418 5754 subit,
2451 5699 2554 5739 cur
2575 5685 2710 5740 Acta
2745 5689 3072 5741 sanctorum
3095 5685 3304 5742 Iuliani
3347 5687 3406 5741 et
3443 5685 3599 5769 Basi-

1968 5781 2136 5854 lissae,
2165 5781 2264 5854 qui
2309 5783 2624 5840 Antiochia:
2659 5784 2762 5838 sub
2794 5783 3136 5840 Diocletiano
3172 5786 3228 5838 et
3255 5781 3600 5844 Maximiano

1968 5877 2306 5953 martyrium
2333 5878 2481 5955 passi
2527 5882 2678 5951 sunt,
2727 5878 2787 5936 in
2825 5877 2960 5952 ipsis
3002 5874 3332 5949 Epiphama
3388 5878 3605 5956 “sum
