4044 6196
432 311 536 392 5.79

430 609 602 682 longa
626 607 860 664 historia
885 607 946 661 in
967 605 1180 690 Vigiliis
1213 605 1342 674 illis,
1371 607 1585 690 printer
1609 604 1937 676 adiunctam
1969 604 2068 689 ho-

434 695 654 759 miliam
702 693 926 772 integra
960 687 1337 770 legebantur?
1374 687 1627 753 Fortasse
1665 687 2068 755 breviabantur

434 797 502 852 ad
528 800 732 852 nutum
757 795 929 856 choro
953 792 1327 864 praesidentis,
1345 807 1477 850 eum
1490 793 1558 848 ad
1574 793 1807 848 modum
1833 809 1948 866 quo
1970 793 2068 848 Ca-

432 892 587 956 rolus
613 891 866 960 Magnus,
895 903 1027 944 cum
1053 887 1274 960 Vigiliis
1297 887 1615 957 interesset,
1648 888 1821 943 tinem
1845 888 2064 943 Lectio-
2162 879 2173 889 “

430 1001 574 1050 num
600 986 746 1044 nutu
773 998 876 1037 seu
905 982 1072 1038 sibilo
1091 981 1436 1053 significasse
1457 981 1794 1053 perhibetur
1817 999 1851 1037 a
1876 998 2068 1037 mona-

425 1079 550 1140 rho.
568 1075 1015 1148 Sanctigallensi.
1061 1077 1120 1130 in
1145 1075 1487 1132 Mozarabico
1512 1076 1751 1132 celebris
1776 1080 1862 1132 est
1896 1075 2066 1132 etiam

429 1171 637 1235 horum
681 1173 1001 1242 martyrum
1041 1169 1332 1240 festivitas,
1365 1171 1464 1226 sed
1500 1170 1591 1227 die
1636 1170 1899 1242 sequenti
1939 1173 2066 1242 post

431 1264 829 1339 Epiphaniam,
859 1269 924 1319 ut
949 1279 1018 1318 ex
1047 1263 1300 1320 Illatione
1325 1264 1694 1324 manifestum
1719 1269 1824 1320 est.

427 1404 467 1424 -,
491 1359 564 1422 lu
591 1357 828 1421 concilio
859 1357 1328 1416 Antissiodorensi
1363 1357 1502 1414 anni
1541 1361 1644 1414 578
1673 1361 1950 1414 statutum
1977 1362 2066 1413 est

426 1469 639 1518 canone
659 1455 712 1520 2,
741 1454 807 1510 Ut
832 1466 1009 1512 omnes
1037 1452 1342 1523 presbyteri
1374 1457 1500 1508 ante
1537 1453 1905 1523 Epiphaniam
1931 1455 2061 1507 mis-

425 1561 509 1606 sos
531 1561 653 1610 suos
663 1603 671 1607 ,,
693 1546 960 1615 dirigant,
987 1547 1086 1616 qui
1111 1547 1186 1602 eis
1229 1546 1297 1604 de
1331 1547 1601 1616 principio
1631 1545 2068 1616 Quadragesimar

339 1667 348 1675 -
426 1643 696 1706 nuntient,
716 1645 766 1696 et
783 1641 840 1696 in
855 1643 978 1710 ipsa
1003 1640 1317 1710 Epiphania
1341 1640 1418 1695 ad
1431 1641 1694 1711 populum
1718 1639 1978 1694 indicent.
2001 1639 2068 1693 Et

422 1735 488 1790 in
514 1733 694 1790 Libris
723 1734 1242 1801 Sacramentorum,
1270 1737 1410 1805 puta
1449 1733 1763 1802 Gelasiano,
1805 1733 1867 1787 in
1913 1731 2012 1787 lib.
2045 1749 2062 1786 ι

1215 309 1549 380 ΑΡΡΕΝΒΙΧ
1587 307 1674 380 AD
1711 307 1932 363 OPERA
1970 307 2202 362 SANCTI
2239 306 2537 364 GERMANI
2576 307 3001 376 PABISIENSIS.

429 419 578 503 lecta
591 416 1272 505 fuerint,_manime:cum
1297 432 1416 494 non
1441 415 1534 472 die
1565 419 1748 488 sexta,
1775 415 1875 472 sed
1913 431 2068 472 nona
2087 432 2148 506 Α

432 507 685 570 Januarii
705 513 764 568 in
790 511 1202 594 Martyrologiis
1229 514 1650 566 recenseantur.
1673 511 1759 567 An
1785 525 1918 565 vero
1945 513 2070 566 tam
2123 513 2134 518 “

3689 311 3798 368 180

2323 413 2494 466 Lectio
2523 413 2691 466 sancti
2712 414 2983 481 Evangelii
3003 413 3292 467 secundum
3315 414 3630 470 Mattheum.

2237 501 2512 573 Tempore
2536 501 2654 572 illo,
2681 501 3053 574 interrogavit
3097 501 3400 558 Dominum
3434 504 3626 560 Iesum
3653 519 3806 560 unus

2169 609 2238 648 ex
2265 594 2562 650 Pharisaeis
2589 595 2734 668 legis
2759 595 2956 650 doctor
2983 598 3268 668 temptans
3293 613 3446 667 eum,
3474 601 3606 666 etc.,
3635 611 3808 669 usque

2165 687 2272 752 Qui
2301 704 2358 743 se
2389 688 2655 745 humiliat
2701 688 3062 746 exaltabitur.
3095 690 3310 761 (Matth.
3350 691 3486 759 xxu,
3527 693 3594 746 36
3636 706 3809 764 usque

2167 797 2326 850 xxm,
2353 783 2460 855 t2.)

2271 891 2426 947 XXII.
2467 907 2710 952 LEGENDA
2746 907 2803 944 IN
2856 909 3194 950 rrsrmrara
3233 910 3447 950 samaras
3490 909 3690 950 manu.

2343 983 2574 1048 Epistola
2601 985 2768 1036 sancti
2795 985 2943 1036 Pauli
2966 987 3192 1052 apostoli
3218 986 3284 1038 ad
3307 971 3624 1037 Corinthios.

2238 1069 2480 1140 Fratres,
2509 1069 2578 1126 de
2597 1069 2914 1143 virginibus
2933 1076 3284 1146 praeceptum
3305 1072 3528 1128 Domini
3551 1087 3667 1127 non
3692 1071 3800 1127 ha-

2161 1161 2290 1232 beo,
2313 1167 2444 1233 etc.,
2490 1179 2656 1234 usque
2681 1165 2838 1231 Quod
2875 1169 2931 1221 et
2959 1182 3066 1239 ego
3106 1165 3374 1238 spiritum
3403 1165 3502 1222 Dei
3526 1164 3798 1221 habeam.

2162 1258 2216 1327 (I
2236 1259 2355 1316 Cor.
2384 1273 2481 1327 vn,
2510 1257 2726 1330 25-40.)
3364 1275 3371 1278 ·

2381 1360 2556 1410 Lectio
2577 1360 2744 1411 sancti
2766 1361 3035 1426 Evangelii
3061 1360 3348 1412 secundum
3371 1361 3581 1411 Lucam.

2235 1446 2513 1517 Tempore
2561 1447 2678 1516 illo,
2714 1427 3027 1520 exsurgens
3063 1451 3256 1504 autem
3291 1446 3464 1502 Maria
3496 1447 3559 1503 in
3603 1445 3804 1504 diebus

2161 1538 2274 1611 illis
2297 1539 2437 1595 abiit
2461 1540 2522 1595 in
2547 1543 2840 1610 montana,
2868 1546 3000 1611 etc.,
3026 1557 3192 1614 usque
3229 1540 3472 1598 Reversa
3496 1544 3580 1598 est
3605 1539 3668 1598 in
3693 1539 3799 1596 do-

2163 1648 2324 1688 mum
2347 1649 2534 1720 suam.
2566 1633 2710 1705 (Luc.
2743 1651 2781 1704 ι,
2812 1635 3012 1707 39-356.)

2523 1747 2704 1791 NO'I‘E
2760 1747 2838 1792 ET
2895 1746 3428 1792 OBSERVATIONES.

423 1843 587 1896 num.
623 1831 743 1894 103,
767 1829 1102 1887 Consecratio
1125 1803 1294 1890 sacrae
1312 1829 1540 1896 virginis
1560 1829 1619 1881 in
1645 1828 1957 1898 Epiphania
1980 1826 2064 1880 vel
2084 1803 2140 1876 B
2234 1824 2422 1879 Primo
2467 1831 2776 1898 conspectu
2817 1827 2928 1881 erit
2970 1828 3162 1882 forsan
3202 1827 3300 1899 qui
3337 1827 3626 1884 existimet
3651 1827 3802 1884 hanc

421 1922 656 1988 secunda
680 1923 826 1988 feria
854 1923 1092 1985 Pascha,
1110 1927 1208 1976 aut
1227 1925 1285 1976 in
1304 1922 1673 1992 apostolorum
1700 1921 1958 1976 natalitio
1988 1933 2067 1974 ce-

425 2016 629 2072 lebrari
657 2014 706 2087 1
724 2014 845 2088 17
880 2015 1108 2070 dicitur.
1138 2015 1290 2082 Quod
1309 2016 1578 2075 decretum
1609 2019 1693 2071 est
1721 2014 1921 2070 Gelasii
1945 2013 2064 2086 pri-

422 2109 505 2164 mi
527 2109 587 2163 in
615 2108 850 2180 epistola
875 2111 906 2162 9
937 2108 1007 2162 ad
1028 2107 1322 2179 episcopos
1349 2107 1626 2162 Lucaniae.

492 2201 892 2258 Observatione
942 2201 1182 2272 dignum
1232 2205 1318 2256 est
1349 2201 1501 2272 quod
1546 2200 1918 2273 Evangelium
1961 2217 2064 2272 pro

422 2295 566 2352 festo
609 2295 944 2368 Epiphania:
991 2310 1062 2350 ex
1104 2293 1288 2350 tribus
1344 2293 1705 2366 evangelistis
1733 2298 2063 2350 contextum

420 2393 527 2459 est,
555 2388 639 2442 uti
666 2393 722 2443 et
748 2388 934 2460 passio
959 2387 1021 2443 in
1051 2387 1142 2443 die
1197 2391 1390 2444 sancto
1438 2389 1768 2443 Parasceves
1802 2403 1871 2442 ex
1919 2404 2061 2460 qua-

418 2487 570 2540 tuor.
605 2483 663 2536 ln
692 2481 908 2554 Vigiliis
931 2482 1142 2537 lectum
1171 2481 1358 2536 fuerat
1383 2497 1452 2536 ex
1491 2481 1654 2536 dictis
1692 2482 2062 2554 Evangelium

419 2591 489 2632 ex
528 2575 771 2647 Matthzei
807 2592 932 2646 cap.
975 2591 1013 2630 ιι
1055 2575 1124 2630 de
1169 2575 1497 2631 adoratione
1534 2591 1871 2648 magorum,
1900 2577 2063 2647 cujus

419 2669 592 2742 etiam
618 2669 683 2725 fit
708 2669 925 2724 mentio
964 2669 1024 2724 in
1062 2669 1264 2727 Missali
1307 2669 1840 2740 Gothicogallicano.
1869 2671 2062 2742 Itaque

415 2763 628 2836 triplex
675 2763 883 2818 Christi
933 2762 1155 2818 Domini
1203 2762 1583 2818 manifestatio
1628 2763 1733 2818 hac
1772 2763 1863 2818 die
1889 2763 2061 2820 etiam

424 2861 558 2913 tunc
587 2856 961 2924 recolebatur,
991 2873 1200 2928 nempe
1215 2857 1467 2914 adoratio
1486 2857 1692 2914 Christi
1710 2873 1813 2929 per
1837 2873 2056 2930 magos,

419 2951 682 3022 ejusdem
717 2950 1052 3022 baptismus,
1105 2953 1163 3006 et
1203 2950 1461 3021 primum
1512 2949 1874 3020 miraculum,
1905 2951 2057 3022 quod

425 3043 664 3114 contigit
689 3043 750 3097 in
777 3043 993 3114 nuptiis
1021 3043 1175 3114 apud
1199 3043 1407 3097 Canam
1431 3043 1672 3099 Galilcaa.
1701 3044 1827 3098 Tria
1868 3044 1990 3110 haec
2026 3061 2060 3100 a

421 3136 661 3196 Paulino
704 3140 1098 3191 memorantur
1135 3135 1196 3190 in
1239 3136 1414 3191 natali
1443 3139 1474 3191 9
1514 3135 1586 3191 de
1619 3142 1814 3192 sancto
1855 3137 2055 3208 Felice,

421 3229 522 3288 ubi
549 3229 618 3285 de
645 3229 960 3302 Epiphania
982 3229 1120 3300 agit,
1147 3245 1386 3301 eamque
1415 3229 1566 3284 inter
1591 3230 1837 3301 majores
1860 3232 2060 3288 solem—
2083 3229 2114 3268 ‘-

421 3324 627 3380 nitates
660 3327 948 3378 numerat.
993 3323 1306 3378 Mazarabes
1334 3323 1535 3396 legunt
1584 3324 1952 3396 Evangelium
1989 3341 2059 3382 ex

418 3417 668 3488 ,Motthtei
689 3434 812 3497 cap).
841 3433 883 3472 ιι
904 3417 972 3472 de
1000 3417 1326 3472 adoratione
1362 3433 1682 3490 magorum.
1721 3417 2060 3474 Minutulum

419 3511 644 3582 est,sed
661 3515 852 3567 tamen
865 3527 982 3566 non
1010 3511 1412 3581 omittendum,
1441 3512 1598 3583 quod
1625 3511 1685 3566 in
1713 3511 2061 3567 Lectionario

421 3606 721 3675 Gallicano,
770 3605 1024 3678 itemque
1071 3605 1131 3660 in
1177 3604 1376 3661 Missali
1426 3605 1658 3660 Gothico
1711 3607 2061 3677 Ephiphania

421 3699 635 3772 ubique
661 3699 946 3769 scribitur,
975 3698 1242 3754 mendose
1269 3698 1521 3771 quidem,
1555 3699 1653 3754 sed
1672 3699 1850 3754 veteri
1877 3715 2054 3756 more.

740 3806 844 3861 XX.
877 3821 963 3860 me
987 3822 1241 3861 nommco
1269 3824 1392 3862 posr
1425 3823 1734 3862 EPIPBANIA.

637 3955 644 3963 _
916 3897 1090 3948 Lectio
1115 3898 1277 3950 Esaia:
1303 3899 1591 3964 prOpheue.
1829 3961 1835 3966 ν

493 3985 770 4056 Tempore
796 3983 912 4053 illo,
935 4000 1042 4056 ego
1071 3985 1259 4040 Esaias
1281 3985 1398 4041 vidi
1419 3985 1723 4041 Dominum
1746 3984 2056 4055 sedentem,

417 4083 733 4150 etc.,usque
755 4078 1124 4136 Convertatur
1148 4084 1206 4134 et
1233 4095 1426 4136 sanem
1454 4095 1608 4150 eum,
1624 4079 1757 4134 dicit
1786 4079 2059 4134 Dominus

419 4173 808 4247 omnipotens.
841 4172 968 4243 (Isa.
995 4189 1068 4244 ιγ,
1103 4158 1266 4244 i-tO.)

704 4271 934 4336 Epistola
958 4271 1102 4321 Pauli
1123 4270 1348 4334 apostoli
1373 4269 1437 4320 ad
1463 4269 1776 4322 Corinthios.

495 4357 736 4427 Fratres,
770 4357 953 4414 videte
981 4356 1332 4413 vocationem
1358 4359 1626 4427 vestram,
1651 4361 1784 4426 etc.,
1811 4370 1978 4427 usque
1996 4356 2058 4411 ln

423 4451 661 4523 Domino
682 4452 978 4524 glorietur.
1003 4451 1050 4522 (Ι
1073 4453 1194 4510 Cor.
1225 4467 1264 4518 ι,
1287 4453 1340 4520 6,
1373 4453 1430 4507 3t
1448 4451 1483 4523 .)

633 4549 810 4600 Lectio
835 4548 1002 4600 sancti
1027 4547 1295 4612 Evangelii
1319 4547 1610 4599 secundum
1637 4549 1846 4599 Lucam.

2163 1917 2502 1974 beatissima;
2527 1919 2780 1991 Deiparae
2804 1919 3051 1992 Virginis
3072 1921 3433 1976 festivitatem
3474 1937 3589 1976 non
3625 1921 3799 1978 aliam

2165 2027 2286 2067 esse
2315 2028 2349 2066 a
2389 2011 2812 2082 Puriﬁcatione,
2867 2014 3022 2084 quod
3071 2019 3128 2070 et
3171 2014 3445 2070 festorum
3485 2015 3660 2070 series
3703 2015 3800 2071 hic

2158 2105 2456 2175 ,observata
2505 2106 2741 2162 suadere
2791 2106 3036 2163 videtur.
3085 2111 3156 2162 At
3179 2113 3397 2164 certum
3425 2113 3508 2165 est
3532 2109 3640 2164 hoc
3674 2107 3800 2164 loco

2163 2199 2469 2272 signiﬁcari
2505 2199 2683 2272 ipsius
2722 2200 3134 2272 depositionem
3173 2218 3274 2258 seu
3311 2203 3798 2275 assumptionem,

2163 2309 2338 2366 quam
2385 2309 2455 2348 xv
2503 2295 2622 2350 Kal.
2675 2293 2984 2364 Februarii,
3025 2295 3084 2350 id
3130 2299 3214 2351 est
3265 2295 3356 2351 die
3403 2299 3468 2352 18
3520 2296 3796 2365 Januarii,

2152 2387 2448 2460 quondam
2473 2387 2818 2443 celebratam
2845 2387 3024 2442 fuisse
3049 2389 3375 2462 antiquiora
3399 2390 3803 2462 Martyrologia

2161 2485 2463 2537 testantur.
2508 2481 3018 2554 Ilicronymianum
3069 2487 3229 2538 vetus
3267 2483 3369 2539 seri
3413 2483 3656 2538 incisum
3685 2499 3700 2538 :
3729 2499 3801 2538 xv

2161 2575 2288 2630 Kal.
2336 2575 2624 2630 Februarii
2672 2575 2933 2646 depositio
2985 2581 3185 2632 sanctae
3254 2579 3466 2634 Mamre.
3520 2577 3797 2650 Epterna-

2161 2683 2326 2723 cense
2365 2684 2378 2722 :
2417 2669 2740 2740 Adsumptio
2785 2674 2986 2725 sancte
3037 2672 3249 2727 Mariae.
3305 2671 3554 2726 Lucense
3576 2712 3591 2742 ,
3645 2670 3800 2742 quod

2161 2761 2490 2818 Franciscus
2548 2762 2718 2818 Maria
2780 2763 3136 2818 Florentinus
3197 2764 3482 2836 vulgavit,
3538 2780 3608 2819 xv
3668 2766 3796 2822 Kal.

2160 2855 2312 2912 Febr.
2344 2856 2604 2928 depositio
2629 2862 2830 2913 sanctae
2849 2873 2911 2912 ac
2933 2859 3178 2928 gloriosa
3205 2859 3370 2914 beatae
3395 2860 3586 2915 Maiis:
3603 2861 3801 2914 matris

2157 2953 2375 3006 Domini
2401 2952 2574 3006 nostri
2595 2952 2720 3006 Iesu
2750 2953 2969 3009 Christi.
2999 2951 3180 3016 Quem
3207 2951 3268 3007 in
3297 2951 3486 3008 locum
3528 2951 3800 3008 Florenti-

2158 3059 2268 3098 nus
2297 3043 2366 3098 de
2394 3043 2566 3115 hujus
2593 3043 2722 3099 festi
2753 3044 2824 3098 ad
2852 3045 2998 3099 hanc
3027 3044 3181 3100 diem
3225 3045 3577 3102 institutione
3603 3045 3802 3100 multis

2160 3136 2404 3208 disserit,
2447 3154 2619 3212 quam
2661 3153 2695 3192 a
2736 3138 3004 3193 Mauricio
3049 3138 3392 3210 imperatore
3432 3138 3494 3194 in
3535 3155 3794 3195 mensem

2158 3233 2500 3302 Augustum,
2538 3248 2670 3287 cum
2716 3232 2982 3304 primitus
3023 3232 3082 3288 in
3109 3233 3374 3288 Januario
3397 3231 3796 3304 celebraretur,

2157 3325 2486 3380 translatam
2517 3325 2688 3381 fuisse
2713 3326 2999 3398 opinatur.
3035 3327 3097 3381 In
3135 3327 3441 3382 veterrima
3466 3326 3800 3384 Kalendario

2158 3423 2350 3472 nostro
2383 3418 2724 3489 Corbeiensi,
2761 3419 2916 3492 quod
2944 3419 3036 3475 vix
3064 3420 3306 3492 amplius
3340 3437 3455 3475 uno
3486 3423 3616 3493 post
3650 3419 3800 3475 Mau-

2159 3507 2362 3562 ricium
2388 3507 2592 3562 saeculo
2623 3513 2918 3562 exaratum
2948 3513 3050 3578 est,
3079 3525 3150 3563 xv
3177 3511 3303 3565 Kal.
3330 3510 3612 3565 Februarii
3640 3510 3801 3580 depo-

2157 3603 2281 3656 sitio
2323 3605 2525 3656 sancta
2562 3603 2756 3657 Maria
2783 3603 3036 3671 uirginis.
3071 3601 3323 3674 Denique
3361 3601 3424 3656 in
3460 3602 3800 3675 perantiquo

2159 3693 2516 3762 Floriacensi,
2552 3692 2600 3766 1
2619 3691 2743 3767 19
2787 3693 2938 3766 quod
2967 3694 3075 3750 fuit
3103 3695 3389 3768 quondam
3423 3695 3670 3752 ecclesia:
3696 3697 3796 3752 Se-

2159 3791 2446 3862 nonensis,
2477 3792 2676 3847 eodem
2704 3792 2794 3847 die
2819 3797 3070 3864 notatur,
3097 3793 3411 3866 iisdemque
3427 3794 3614 3850 verbis
3627 3799 3798 3868 atque

2159 3885 2219 3940 in
2255 3885 2658 3958 Martyrologio
2698 3886 2956 3942 Luccnsi.
2990 3887 3084 3942 His
3107 3887 3372 3942 omnibus
3402 3888 3618 3944 accedit
3639 3889 3796 3960 quod

2157 3983 2217 4040 in
2254 3984 2456 4038 Missali
2489 3983 2720 4040 Gothico
2763 3984 2954 4039 statim
2991 3990 3120 4057 post
3145 3983 3520 4058 Epiphaniam
3553 3986 3803 4058 habetur

2155 4080 2326 4141 Missa
2372 4080 2432 4133 in
2463 4078 2856 4150 Adsumptione
2879 4083 3082 4134 sancta
3105 4081 3299 4135 Mariae
3345 4083 3538 4136 matris
3584 4083 3808 4138 Domini

2157 4173 2360 4241 nostri;
2391 4187 2506 4243 qua
2523 4170 2771 4226 inmissa
2795 4172 2960 4227 beatae
2984 4174 3227 4243 Virginis
3253 4189 3445 4246 corpus
3465 4173 3532 4230 de
3555 4175 3800 4246 sepulcro

2150 4265 2488 4330 translatum
2513 4263 2707 4332 fuisse,
2733 4281 2838 4320 nec
2859 4265 3234 4322 resolutionem
3251 4267 3540 4339 pertulisse
3574 4283 3798 4323 memo-

2157 4363 2336 4414 ratur.
2365 4357 2618 4431 Denique
2657 4357 2828 4431 (quod
2865 4375 2990 4416 rem
3029 4359 3253 4433 evincit)
3289 4360 3591 4434 Gregorius
3618 4361 3799 4417 Turo-

2157 4453 2349 4508 nensis
2409 4452 2724 4525 episcopus,
2792 4452 2849 4507 in
2915 4453 3014 4510 lib.
3064 4471 3081 4508 ι
3131 4454 3200 4509 de
3248 4454 3432 4509 Gloria
3480 4459 3800 4528 martyrum

2079 4547 2140 4620 D
2163 4563 2288 4618 cap.
2315 4550 2368 4614 9,
2399 4546 2499 4601 ubi
2516 4545 2637 4618 agit
2661 4546 2730 4602 de
2755 4546 2984 4602 basilica
3006 4563 3112 4620 per
3135 4547 3566 4604 Constantinum
3603 4549 3662 4604 in
3691 4549 3800 4604 ho-

493 4634 766 4707 Tempore
806 4635 924 4707 illo,
955 4636 1110 4691 venit
1144 4634 1418 4690 Dominus
1454 4635 1612 4691 Jesus
1641 4633 1935 4703 Nazareth,
1963 4631 2064 4688 ubi
2160 4657 2360 4696 norem
2380 4640 2716 4696 beatissima:
2741 4639 2988 4712 Virginis
3013 4645 3352 4711 constructa,
3385 4665 3413 4693 ‹‹
3445 4643 3622 4715 Hujus
3645 4643 3804 4699 festi-

421 4733 542 4785 erat
579 4729 848 4800 nutritus,
879 4735 1010 4800 etc.,
1039 4744 1206 4800 usque
1243 4730 1380 4794 Quae
1425 4727 1806 4801 procedebant
1849 4727 1919 4783 de
1965 4742 2062 4782 ore

418 4822 617 4896 ipsius.
647 4823 793 4894 (Luc.
824 4840 898 4892 v1,
934 4823 1146 4894 16-22.)

413 4973 430 4982 -
494 4934 622 4995 XXI.
651 4947 896 4992 LEGENDA
934 4946 1176 4988 ssconna
1218 4945 1476 4986 nounvlca
1519 4945 1644 4985 posr
1678 4945 1986 4987 emensam.

419 5080 431 5091 ,
481 5085 484 5088 λ
855 5023 1032 5074 Lectio
1061 5023 1323 5074 Hierimite
1343 5022 1630 5088 prophetas.

495 5111 623 5165 Haec
662 5111 800 5166 dicit
848 5111 1123 5166 Dominus
1172 5110 1319 5166 Deus
1352 5126 1366 5166 :
1408 5109 1546 5164 Ecce
1571 5124 1679 5178 ego
1707 5109 1962 5164 auferam
1989 5109 2059 5166 de

415 5204 548 5262 loco
567 5203 674 5258 isto
703 5204 764 5260 in
791 5203 970 5260 oculis
997 5203 1217 5272 vestris,
1245 5207 1302 5260 et
1331 5203 1394 5258 in
1419 5202 1615 5258 diebus
1643 5202 1840 5258 vestris
1864 5219 2057 5259 vocem

420 5295 636 5368 gaudii,
684 5301 814 5360 etc.,
846 5313 1012 5369 usque
1037 5299 1218 5364 Quam
1261 5297 1392 5354 dedi
1429 5295 1690 5369 patribus
1730 5312 1950 5367 eorum,
1981 5297 2060 5352 ait

418 5388 690 5464 Dominus
716 5391 884 5447 Deus.
913 5391 1122 5463 (Jerem.
1154 5407 1266 5462 ενι,
1309 5390 1489 5462 9-15.)

701 5491 930 5556 Epistola
957 5491 1100 5544 Pauli
1121 5493 1346 5559 apostoli
1373 5492 1440 5544 ad
1463 5491 1774 5556 Corinthios.

385 5623 390 5628 .
493 5577 544 5652 1
561 5576 686 5653 18
733 5578 872 5650 Nolo
918 5578 1074 5635 enim
1101 5596 1198 5635 vos
1219 5579 1506 5653 ignorare,
1533 5579 1757 5652 fratres,
1786 5580 2057 5654 quoniam

418 5677 626 5748 patres
651 5672 833 5744 nostri
879 5689 1077 5732 omnes
1109 5673 1214 5731 sub
1251 5672 1404 5730 nube
1449 5672 1701 5747 fuerunt,
1729 5677 1862 5748 etc.,
1891 5690 2057 5749 usque

417 5767 489 5822 Ut
512 5767 738 5840 possitis
771 5769 1053 5843 sustinere
1077 5769 1139 5828 in
1163 5767 1384 5827 Christo
1409 5768 1539 5826 Jcsu
1563 5768 1802 5827 Domino
1837 5773 2052 5829 nostro.

419 5856 468 5936 g1
488 5860 609 5938 Cor.
633 5879 700 5938 x,_
723 5863 886 5936 1-13.)

2163 4735 2325 4804 vitas,
2354 4751 2532 4804 sacra,
2557 4734 2765 4806 inquit,
2797 4734 3080 4790 mediante
3106 4751 3302 4792 mense
3333 4737 3633 4793 undecimo
3656 4737 3802 4793 cele-

2160 4827 2377 4898 bratur,
2411 4849 2439 4879 »
2471 4828 2529 4883 id
2556 4833 2641 4884 est
2667 4843 2860 4884 mense
2885 4828 3168 4884 Januario.
3199 4829 3357 4895 Quod
3383 4830 3452 4886 de
3499 4830 3673 4885 Gallia
3715 4831 3803 4886 in-

2160 4922 2530 4993 telligendum
2560 4938 2680 4977 esse
2708 4922 3004 4996 sequentia
3025 4923 3408 4994 manifestam,
3439 4924 3799 4998 probantque

2161 5015 2267 5072 hoc
2291 5016 2500 5072 festum
2527 5015 2746 5088 Vigiliis
2773 5020 3146 5088 praeventum,
3193 5033 3258 5072 ac
3299 5017 3537 5090 proinde
3572 5017 3801 5074 celebre

2159 5113 2294 5165 tunc
2335 5109 2508 5164 fuisse
2536 5128 2550 5164 :
2585 5130 2612 5160 «
2643 5110 2784 5166 Nam
2814 5109 2874 5166 in
2901 5110 3146 5166 oratorio
3171 5110 3554 5167 Marciacensis
3591 5111 3800 5166 domus

2157 5203 2396 5258 Arverni
2445 5203 2740 5273 territorii,
2771 5203 2895 5275 ejus
2923 5203 3180 5278 reliquiae
3212 5204 3594 5261 continentur.
3621 5204 3804 5262 Adve-
3851 5247 3871 5260 .

2155 5297 2350 5353 niente
2373 5313 2505 5353 vero
2531 5297 2636 5352 hac
2659 5297 2980 5366 festivitate,
3010 5313 3116 5372 ego
3143 5299 3215 5354 ad
3255 5297 3614 5354 celebrandas
3635 5299 3798 5372 Vigi-

2147 5390 2257 5454 lias
2281 5392 2353 5446 ad
2379 5408 2514 5447 eum
2536 5390 2764 5448 accessi.
2795 5413 2825 5442 »
2855 5394 3047 5466 Itaque
3072 5409 3178 5466 per
3202 5392 3263 5448 id
3292 5395 3521 5466 tempus
3557 5391 3802 5449 celebris

2155 5485 2216 5541 in
2249 5485 2424 5542 Gallia
2459 5489 2580 5542 erat
2615 5485 2937 5560 Assumptio
2962 5486 3300 5544 beatissima:
3333 5487 3584 5560 Virginis
3609 5487 3671 5544 in
3697 5488 3798 5543 Ja—

2155 5579 2374 5652 nuario,
2423 5595 2552 5654 quae
2589 5579 2876 5657 festivitas
2922 5584 3130 5640 sanctas
3177 5579 3361 5640 Mariae
3399 5580 3736 5656 simpliciter
3763 5600 3802 5640 a

2155 5673 2443 5746 Gregorio,
2471 5674 2559 5731 uti
2605 5679 2662 5732 et
2709 5674 2770 5730 in
2820 5674 3170 5734 Lectionario
3211 5680 3403 5734 nostro
3447 5675 3798 5750 appellatur.

2153 5768 2433 5824 Caeterum
2460 5771 2712 5843 Augusto
2739 5785 2934 5826 mense
2961 5769 3070 5826 hoc
3093 5769 3304 5827 festum
3342 5769 3578 5844 ponitur
3613 5769 3676 5828 in
3706 5771 3801 5828 Li-

2034 5939 2042 5942 _
2153 5861 2256 5918 bro
2305 5861 2794 5922 Sacramentorum
2837 5863 3096 5940 Gregorii
3147 5863 3363 5939 Magni,
3419 5880 3531 5938 quo
3557 5869 3798 5924 auctore
