4044 6196
252 324 347 378 {BI

1334 318 1421 379 DE
1458 320 1769 380 LITURGIA
1806 321 2178 380 GALLICANA
2216 322 2413 379 LIBER
2452 323 2516 378 Il.

3508 310 3610 372 ηε

241 449 383 507 Galli
411 447 646 507 indubie
674 450 819 508 illud
850 450 909 508 in
937 450 1103 509 illum
1124 468 1378 508 mensem
1404 452 1815 510 transtulerunt
1844 471 1879 510 a
1898 440 1958 515 Α
1975 431 2418 503 notatum-Hujus
2432 445 2564 485 vero
2578 428 2705 485 festi
2721 428 3121 502 antiquitatem
3139 422 3345 482 “tum
3360 422 3611 497 hymnus

236 550 499 617 tempore
543 546 724 601 Caroli
761 547 948 619 Magni
989 564 1119 602 cum
1158 530 1428 602 Ordinem
1465 547 1873 621 Gregorianum

232 644 627 711 susceperunt.
669 641 858 695 Serius
896 646 1089 696 tamen
1128 641 1279 713 apud
1317 641 1486 696 laicos
1523 647 1873 714 prleceptum

232 732 304 786 de
343 733 697 789 observando
736 734 843 789 hoc
892 734 1034 789 festo
1074 740 1367 805 receptum
1406 739 1509 804 est,
1553 740 1617 789 ut
1655 740 1874 791 constat

226 828 358 880 tum
399 843 469 881 ex
506 826 815 898 Capitulari
849 827 1028 883 Caroli
1076 828 1263 899 Magni
1301 828 1363 883 in
1402 828 1502 884 lib.
1544 844 1561 883 ι
1602 846 1725 901 cap.
1770 831 1871 885 {58

226 935 398 974 nom:
425 920 706 990 editionis,
739 925 862 976 tum
888 937 956 976 ex
983 922 1290 977 Annalibus
1318 921 1661 978 Bertinianis
1685 923 1757 978 ad
1776 940 1872 978 an-

224 1030 373 1068 num
403 1016 528 1080 862,
568 1031 682 1086 quo
710 1031 860 1069 anno
883 1016 1194 1071 llunfridus
1214 1016 1557 1071 Morinorum
1578 1017 1871 1089 episcopus

225 1106 285 1161 id
325 1123 436 1178 pro
479 1107 681 1163 feriato
720 1108 919 1164 haberi
962 1114 1018 1164 et
1058 1110 1331 1165 celebrari
1370 1109 1677 1167 mandavit.
1720 1111 1869 1184 Lege

225 1201 634 1257 Analectorum
662 1205 883 1256 tornum
912 1219 971 1256 III
999 1202 1059 1258 in
1089 1219 1222 1274 pag.
1251 1206 1376 1259 339.

376 1321 556 1376 XXIII.
587 1337 833 1377 rauenna
860 1338 916 1378 lx
941 1338 1217 1378 CATHEDRA
1245 1340 1429 1379 ssnon
1456 1340 1624 1379 PETRI.

637 1513 812 1564 Lectio
848 1515 1068 1565 Actuum
1101 1515 1473 1579 apostolorum.

292 1600 578 1672 Tempore
604 1600 720 1670 illo,
749 1601 906 1656 misit
933 1601 1177 1657 llerodes
1202 1618 1303 1658 rex
1322 1614 1553 1674 manus,
1596 1607 1663 1660 ut
1698 1602 1863 1661 adﬂi-

216 1698 394 1764 geret
437 1694 715 1766 quosdam
758 1695 828 1750 de
872 1696 1134 1765 Ecclesia,
1181 1702 1311 1765 etc.,
1359 1714 1529 1770 usque
1574 1700 1866 1764 Quomodo

220 1788 504 1873 Dominus
532 1788 820 1844 eduxisset
844 1806 977 1845 eum
1009 1791 1077 1846 de
1105 1808 1349 1847 carcere.
1387 1791 1529 1863 (Act.
1560 1810 1657 1860 xu,
1692 1795 1865 1865 l-I7.)

381 1908 558 1960 Lectio
587 1908 752 1959 sancti
785 1909 1049 1975 Evangelii
1077 1910 1368 1961 secundum
1398 1912 1712 1964 Mattbtnum.

290 2012 584 2084 Tempore
614 2012 730 2081 illo,
754 2013 910 2067 venit
940 2014 1211 2068 Dominus
1226 2016 1384 2093 Iesus
1399 2015 1459 2070 in
1476 2021 1667 2086 partes
1681 2017 1862 2071 Caesa-

219 2122 364 2171 rem,
403 2110 538 2174 etc.,
575 2122 748 2177 usque
796 2108 913 2162 Erit
950 2108 1203 2162 solutum
1240 2113 1298 2162 et
1334 2107 1395 2162 in
1432 2109 1605 2164 caelis.
1649 2109 1861 2178 (Matth.

219 2215 335 2264 xvi,
389 2200 586 2269 lii-l9.)
623 2201 832 2255 Deinde
862 2204 1197 2256 continenter
1230 2219 1247 2256 :
1280 2202 1409 2256 Post
1447 2201 1570 2256 haec
1608 2202 1742 2257 dicit
1776 2203 1861 2257 Si-

220 2293 423 2348 meoni
450 2294 647 2349 Petro:
676 2294 871 2349 Simon
913 2295 1187 2349 Johannis
1227 2294 1415 2366 diligis
1458 2312 1550 2349 me
1581 2292 1711 2367 plus
1738 2296 1863 2352 his?

215 2392 362 2455 etc.,
404 2402 571 2457 usque
606 2389 725 2453 Qua
770 2393 956 2444 morte
1002 2388 1414 2444 clarificaturus
1464 2394 1611 2445 esset
1658 2390 1857 2447 Deum.

218 2481 408 2550 (Joan.
438 2497 555 2549 xxi,
587 2482 800 2552 15-19.)
1262 2471 1267 2476 ’

609 2593 791 2637 ΝΟΪΔΕ
824 2593 901 2636 ΕΤ
935 2591 1465 2639 OBSERVATIOXES.

1973 528 2042 584 de
2066 526 2206 581 festo
2232 525 2526 580 Cathedras
2552 525 2842 593 Romanae,
2874 523 2973 595 qui
2998 524 3248 595 hymnus
3274 519 3336 575 in
3364 520 3609 590 Hymna-

1972 620 2084 688 rio,
2113 621 2309 675 Romae
2332 624 2481 673 anno
2527 617 2807 689 superiori
2855 616 3023 671 editis
3048 614 3321 670 tribuitur
3345 612 3602 669 Paulino.

1970 702 2145 769 Porro
2169 716 2236 767 ut
2263 712 2450 784 potius
2468 712 2536 767 de
2556 711 2852 780 Cathedra,
2876 726 3003 784 qua:
3020 708 3287 764 Januario
3316 706 3604 775 recolitur,

1970 825 2145 880 quam
2171 808 2239 862 de
2277 806 2455 861 altera
2489 803 2908 859 Lectionarium
2945 807 3205 857 nostrum
3243 801 3608 873 interpreter,

1969 902 2111 956 illud
2134 900 2381 957 maxime
2407 916 2500 955 me
2526 902 2734 966 movet,
2758 898 2910 969 quod
2938 898 2998 952 in
3025 912 3091 951 eo
3112 899 3489 950 numerentur
3507 894 3609 949 Do-

1970 997 2193 1051 mimicae
2218 1000 2331 1050 tres
2354 999 2479 1066 post
2504 992 2840 1049 Cathedram
2871 990 3047 1046 sancti
3074 990 3226 1045 Petri
3253 990 3385 1043 ante
3409 988 3604 1043 Domi-

1969 1088 2156 1145 nicam
2198 1090 2442 1160 primam
2492 1084 2968 1158 Quadragesimaz.
3024 1084 3132 1149 Qui
3180 1081 3607 1137 Dominicarum

1968 1200 2243 1239 numerus
2273 1200 2306 1237 a
2332 1182 2421 1236 die
2453 1184 2521 1236 22
2554 1179 2844 1235 Februarii
2886 1194 3180 1250 nunquam
3211 1174 3486 1247 compleri
3512 1190 3611 1246 po-

1968 1282 2104 1346 test,
2160 1275 2522 1350 quantumvis
2570 1273 2784 1329 Pascha
2830 1273 2899 1327 ab
2953 1269 3292 1345 aequinoctio
3338 1268 3603 1325 declinet.

1968 1371 2123 1428 Adde
2162 1371 2221 1426 in
2257 1369 2455 1425 eodem
2492 1368 2841 1424 Lectionario
2867 1366 3005 1421 duas
3032 1369 3251 1420 tantum
3292 1362 3606 1417 Dominicas

1966 1472 2096 1538 post
2136 1464 2509 1537 Epiphaniam
2543 1461 2839 1534 assignari,
2870 1476 2998 1534 quas
3027 1475 3146 1514 non
3174 1456 3526 1525 sufficerent,
3558 1452 3607 1510 si

1966 1560 2090 1615 aliae
2128 1564 2241 1615 tres
2286 1576 2318 1612 a
2351 1557 2629 1613 Catliedra
2670 1554 2959 1612 Februarii
2998 1557 3395 1609 numerentur.
3434 1546 3605 1621 Atqui

1966 1654 2117 1727 apud
2136 1654 2315 1710 Gallos
2335 1652 2633 1725 peculiaris
2653 1650 2762 1707 fuit
2776 1650 3067 1705 Cathedraa
3092 1647 3141 1722 1
3157 1646 3274 1720 21
3307 1644 3491 1700 sancti
3505 1643 3604 1698 Pe.

1965 1750 2038 1805 tri
2067 1750 2127 1804 in
2154 1748 2420 1803 Ianuario
2452 1746 2749 1814 memoria,
2788 1749 2851 1799 ut
2885 1743 3153 1799 discimus
3183 1758 3251 1796 ex
3281 1741 3604 1812 pervetusto

1887 1817 1943 1890 B
1967 1842 2371 1917 martyrologio
2400 1839 2736 1907 Gellonensi,
2760 1838 2818 1893 in
2840 1855 2952 1909 quo
2974 1838 3094 1892 haec
3116 1834 3285 1890 verba
3308 1834 3599 1906 leguntur,

1964 1937 2033 1992 ad
2057 1936 2409 2008 propositum
2439 1938 2636 1989 uotatu
2678 1932 2851 2005 digna
2883 1949 2895 1985 :
2930 1949 2998 1986 xv
3034 1929 3153 1985 Kal.
3196 1926 3485 1982 Februarii
3511 1941 3599 1981 se-

1964 2026 2215 2080 cundum
2244 2025 2423 2080 Gallos
2448 2022 2722 2077 Cathedra
2744 2021 2922 2075 sancti
2946 2019 3098 2074 Petri
3119 2016 3381 2089 apostoli.
3405 2017 3464 2070 In
3489 2014 3600 2070 alio

1964 2118 2298 2186 Gellonensi,
2322 2117 2477 2190 quod
2495 2122 2751 2189 tempore
2773 2113 2964 2170 Caroli
2980 2112 3165 2186 Magni
3181 2115 3473 2167 exaratum
3490 2111 3595 2179 est,

1963 2212 2165 2268 eodem
2194 2212 2283 2267 die
2308 2211 2584 2267 Cathedra
2610 2208 2789 2264 sancti
2814 2208 2965 2264 Petri
2990 2205 3249 2278 apostoli,
3277 2220 3389 2277 qua
3412 2202 3598 2275 primo

1962 2307 2155 2362 Romae
2200 2306 2363 2361 sedit.
2404 2308 2474 2360 At
2519 2304 2635 2359 sive
2672 2304 2813 2371 haec,
2861 2302 2976 2357 sive
3010 2302 3185 2356 altera
3225 2299 3594 2370 intelligatur,

1958 2400 2187 2472 nomine
2212 2398 2502 2454 Cathedras
2530 2397 2708 2453 sancti
2749 2396 2901 2452 Petri
2941 2396 3062 2451 sine
3092 2394 3380 2465 adjuncto,
3413 2389 3597 2463 potius

1959 2493 2107 2548 Petri
2126 2492 2402 2548 confessio
2431 2498 2487 2548 et
2513 2492 2815 2564 primatus,
2845 2506 3018 2563 quam
3057 2488 3219 2544 sedes
3244 2484 3597 2542 Antiochena

1958 2589 2279 2643 Romanave
2305 2587 2641 2654 honoratur,
2680 2591 2744 2640 ut
2769 2585 2955 2640 missa:
2988 2583 3285 2638 Gallicana:
3320 2580 3440 2635 haec
3475 2578 3593 2634 col-

292 2674 498 2749 120
530 2678 588 2732 In
625 2694 731 2733 ms.
762 2676 966 2733 Codice
996 2682 1123 2748 post
1147 2676 1379 2733 titulum
1407 2678 1660 2750 primum
1685 2680 1859 2753 hujus
1957 2680 2120 2735 lectio
2149 2680 2351 2752 probat
2377 2698 2390 2735 :
2423 2680 2571 2735 Deus
2590 2679 2690 2751 qui
2706 2678 2979 2734 hodierna
3000 2676 3089 2731 die
3110 2676 3339 2731 beatum
3361 2673 3593 2728 Petrum

215 2768 375 2837 festi,
397 2770 654 2826 avulsum
675 2775 761 2825 est
790 2786 971 2825 unum
990 2770 1210 2839 folium,
1232 2772 1384 2843 quod
1411 2772 1709 2830 lectionem
1736 2775 1854 2846 pri-
1891 2795 1896 2800 η
1955 2778 2082 2848 post
2106 2778 2159 2829 te
2188 2774 2388 2829 dedisti
2414 2777 2583 2844 caput
2608 2771 2888 2840 Ecclesia,
2919 2786 3052 2825 cum
3079 2773 3135 2824 te
3161 2768 3257 2823 ille
3295 2781 3425 2821 vere
3451 2780 3588 2821 con-

216 2878 381 2918 mam
411 2879 479 2918 ex
499 2863 678 2919 Veteri
692 2865 1048 2919 Testamento
1074 2865 1414 2922 continebat.
1446 2867 1659 2939 Duplex
1684 2868 1856 2923 modo
1953 2869 2132 2925 fessus
2160 2868 2250 2938 sit,
2279 2872 2337 2924 et
2358 2867 2476 2941 ipse
2504 2882 2539 2921 a
2561 2870 2617 2922 te
2659 2866 2832 2939 digne
2864 2863 3130 2936 prazlatus
3156 2861 3246 2931 sit,
3285 2864 3393 2915 etc.
3438 2860 3504 2915 Et
3530 2858 3593 2915 in

212 2956 517 3012 Cathedras
544 2958 719 3012 sancti
739 2957 890 3013 Petri
909 2958 1115 3014 festum
1136 2959 1476 3029 celebratur,
1498 2961 1740 3016 alterum
1767 2961 1856 3017 die
1954 2962 2373 3018 Contestatione
2401 2977 2415 3016 :
2444 2960 2619 3016 Testis
2656 2963 2741 3014 est
2780 2958 2901 3014 dies
2939 2956 3213 3034 hodierna
3253 2952 3407 3009 beati
3439 2951 3593 3009 Petri

220 3053 283 3106 I0
307 3050 587 3121 Januarii,
619 3067 751 3107 cum
774 3053 974 3107 Petrus
998 3053 1225 3122 Romae;
1251 3052 1497 3110 alterum
1521 3057 1589 3109 22
1620 3055 1857 3110 Februa~
1954 3057 2230 3112 Cathedra
2274 3055 2628 3128 episcopatus
2666 3051 2939 3124 exposita,
2973 3050 3032 3105 in
3066 3065 3180 3121 qua
3214 3046 3346 3103 fidei
3386 3044 3589 3102 merito

213 3145 307 3214 rii,
336 3161 479 3200 cum
501 3144 813 3201 Antiochiae
840 3145 1096 3219 primum
1121 3146 1329 3202 sedisse
1355 3148 1623 3203 creditur.
1654 3150 1854 3205 Utrum
1877 3192 1927 3221 η
1954 3150 2309 3206 revelationis
2333 3147 2690 3221 mysterium,
2722 3145 2929 3201 Filium
2950 3143 3048 3199 Dei
3068 3140 3412 3211 conﬁtendo,
3434 3153 3586 3213 pm-

214 3192 325 3293 ho,c
362 3239 494 3294 loco
528 3192 964 3312 intelligendum
1002 3241 1094 3310 sit,
1134 3241 1368 3312 quaestio
1412 3246 1516 3297 est.
1547 3243 1855 3298 Posteriori
1876 3192 1930 3266 Ο
1954 3192 2101 3300 latus
2134 3192 2438 3317 apostolos,
2473 3259 2578 3314 pro
2606 3192 2897 3314 apbstolus
2929 3239 3013 3294 vel
3037 3235 3323 3310 apostolis,
3355 3192 3587 3290 ordina-

213 3332 354 3388 illud
386 3332 559 3403 favet,
591 3333 748 3405 quod
780 3334 841 3389 in
860 3334 1242 3390 ecclesiasticis
1262 3335 1553 3408 quondam
1578 3337 1856 3408 receptior
1953 3344 2067 3397 tur.
2110 3340 2171 3395 In
2214 3338 2377 3410 cuius
2415 3336 2772 3394 confessione
2814 3337 2901 3390 est
2925 3332 3364 3388 fundamentum
3394 3328 3582 3383 Eccle-

213 3425 397 3483 fuerit
423 3426 542 3482 haec
562 3427 853 3497 festivitas,
882 3428 969 3483 uti
994 3429 1292 3484 Menardus
1324 3436 1519 3486 noster
1552 3431 1755 3502 probat
1792 3426 1854 3486 in
1954 3434 2071 3503 sine,
2105 3437 2212 3488 etc.
2243 3432 2337 3487 His
2356 3430 2562 3498 verbis,
2600 3433 2666 3484 ut
2696 3429 2819 3500 jam
2855 3426 2994 3495 dixi,
3035 3424 3226 3497 potius
3260 3421 3410 3478 Petri
3446 3435 3581 3476 con-

216 3522 371 3577 notis
401 3520 474 3575 ad
498 3521 753 3592 Gregorii
783 3521 1314 3593 Sacramentarium,
1343 3522 1404 3578 in
1432 3540 1546 3595 quo
1583 3524 1702 3579 sola
1732 3524 1854 3580 hinc
1951 3528 2117 3584 fessio
2158 3530 2216 3583 et
2253 3524 2550 3598 primatus,
2595 3536 2768 3595 quam
2814 3518 3169 3577 Antiochena
3203 3516 3291 3572 vel
3326 3517 3584 3571 Romana

213 3614 501 3672 Cathedra
542 3615 734 3670 locum
774 3615 963 3685 habet,
1003 3632 1131 3688 quas
1165 3617 1474 3672 Februario
1513 3617 1849 3675 celebratur.
1951 3621 2227 3678 Cathedra
2253 3619 2601 3690 designatur.
2635 3616 2790 3671 Unde
2825 3614 2886 3669 in
2926 3611 3229 3668 veterrimo
3254 3606 3582 3666 Calendario

214 3710 438 3766 Deinde
465 3709 526 3764 in
552 3708 755 3765 Missali
778 3709 1014 3765 Gothico
1036 3726 1137 3765 seu
1161 3710 1694 3784 Gothicogallicano,
1722 3718 1854 3784 post
1950 3719 2165 3784 nostro,
2194 3711 2395 3769 litteris
2420 3708 2746 3782 majusculis
2768 3708 3001 3781 scripto,
3025 3705 3263 3762 unicum
3284 3701 3582 3759 Cathedrm

211 3803 654 3859 Conversionem
690 3803 871 3883 sancti
906 3804 1083 3874 Pauli,
1124 3805 1286 3877 cujus
1327 3806 1607 3861 memoria
1647 3806 1710 3862 ﬁt
1753 3823 1850 3862 VIII
1949 3809 2160 3866 festum
2186 3806 2524 3878 exprimitur
2547 3803 2760 3875 absque
2779 3803 3045 3874 adjuncto
3064 3801 3125 3855 in
3145 3800 3299 3855 hunc
3320 3796 3577 3853 modum.

211 3898 336 3953 Kal.
368 3897 681 3968 Februarii,
711 3898 1075 3970 subsequitur
1100 3901 1272 3955 Missa
1292 3901 1351 3953 in
1385 3898 1654 3955 Cathedra
1677 3904 1853 3957 sancti
1951 3919 2045 3957 vm
2074 3901 2194 3957 Kal.
2224 3898 2403 3956 Martii
2429 3897 2707 3953 Cathedra
2733 3896 2913 3951 sancti
2952 3894 3127 3950 Petri.
3176 3891 3423 3950 Consule
3462 3890 3577 3946 Me-

210 3993 363 4048 Petri
391 3992 644 4061 apostoli,
673 4008 800 4063 quas
822 3991 1054 4064 quidem
1074 3993 1404 4049 antecedere
1426 3993 1676 4063 deberet,
1708 3995 1753 4049 si
1780 3995 1850 4051 de
1950 3996 2193 4051 nardum
2218 3998 2274 4049 et
2299 3991 2604 4049 Frontonis
2629 3990 3046 4046 Calendarium.
3069 3989 3304 4045 Samson
3324 3984 3579 4040 Dolensis

207 4084 493 4141 Cathedra
514 4084 767 4140 Januarii
801 4085 923 4141 haec
960 4085 1132 4141 missa
1161 4091 1306 4142 esset
1332 4086 1719 4158 intelligenda.
1751 4089 1849 4144 De-
1950 4089 2255 4161 Episcopus
2292 4087 2352 4142 in
2378 4085 2530 4141 beati
2558 4084 2806 4157 Apostoli
2841 4082 3123 4139 Cathedra
3159 4080 3451 4136 ordinatus
3488 4076 3576 4133 di-

206 4179 385 4252 nique
424 4177 486 4233 in
509 4177 744 4234 concilio
784 4195 824 4234 ιι
862 4179 1175 4235 Turonensi
1203 4180 1341 4235 anni
1382 4183 1482 4236 567
1521 4197 1739 4236 canone
1779 4186 1849 4240 22
1950 4183 2096 4238 citur
2135 4182 2206 4237 ab
2247 4196 2531 4253 anonymo
2568 4178 2791 4251 aequali,
2824 4177 2927 4251 qui
2961 4177 3084 4248 ejus
3130 4174 3316 4230 Vitam
3356 4170 3577 4229 duobus

209 4272 713 4345 reprehenduntur
736 4272 796 4341 ii,
830 4276 1012 4344 quiin
1033 4276 1332 4342 festivitate
1357 4274 1637 4331 Cathedrae
1665 4275 1850 4331 domm“
1948 4277 2108 4333 libris
2158 4275 2381 4348 scripsit
2434 4291 2448 4330 :
2500 4273 2599 4329 sed
2656 4276 2787 4329 utra
2834 4272 2909 4328 sit
2957 4270 3053 4326 illa
3102 4267 3399 4334 Cathedra,
3459 4277 3576 4320 non

204 4368 359 4424 Petri
391 4368 625 4437 apostoli
648 4368 793 4422 cibos
826 4370 1053 4423 mortuis
1078 4368 1396 4437 oﬂ'erebant,
1430 4372 1481 4423 et
1500 4374 1626 4438 post
1654 4371 1846 4425 missas
1947 4371 2148 4444 liquet.

204 4461 282 4516 ad
304 4460 597 4530 gentilium
622 4462 1031 4517 revertebantur
1049 4477 1274 4518 errores.
1293 4462 1453 4527 Quod
1477 4461 1547 4517 de
1571 4462 1849 4519 Cathedra

202 4554 505 4610 Februarii
523 4554 817 4610 Menardus
840 4559 1035 4611 noster
1049 4556 1491 4627 interpretatur:
1515 4572 1628 4628 quo
1648 4573 1844 4614 mense
1863 4569 1925 4642 D

199 4647 361 4719 apud
389 4647 630 4718 gentiles
656 4648 982 4721 Lupercalia
1005 4648 1068 4704 in
1092 4665 1203 4704 usu
1228 4653 1409 4720 erant,
1436 4665 1683 4721 quorum
1720 4650 1849 4705 reli-

200 4741 371 4812 quias
400 4741 461 4796 in
485 4741 660 4797 Gallia
687 4742 964 4798 damnant
990 4744 1181 4799 Patres
1205 4742 1459 4815 praedicti
1486 4743 1709 4799 concilii
1733 4745 1845 4799 Tu-

198 4835 489 4890 ronensis.
520 4836 587 4891 Et
612 4840 803 4891 tamen
832 4836 1081 4892 Gelasius
1105 4853 1251 4910 papa
1274 4838 1315 4905 1,
1338 4836 1437 4909 qui
1456 4836 1677 4908 primus
1696 4837 1848 4909 apud

197 4927 492 4985 Romanos
510 4929 684 5000 impia
709 4929 831 4985 haec
858 4947 1016 4985 sacra
1041 4930 1286 5001 sustulit,
1315 4930 1516 4986 asserit
1533 4931 1593 4986 in
1613 4931 1848 5003 epistola

194 5038 304 5077 sua
371 5022 445 5076 ad
501 5022 958 5079 Andromachum
1009 5028 1346 5092 senatorem,
1402 5024 1726 5096 Lupercalia
1786 5025 1847 5081 in

195 5120 398 5176 Galliis
421 5136 720 5192 nunquam
745 5121 1073 5177 obtinuisse.
1102 5122 1186 5179 0b
1211 5138 1405 5177 causas
1427 5123 1726 5195 praedictas
1749 5139 1849 5195 po-

198 5215 316 5271 tius
357 5214 429 5271 de
472 5214 748 5270 Cathedra
794 5215 1104 5286 Februarii,
1149 5232 1323 5289 quam
1367 5216 1436 5271 de
1478 5216 1588 5271 alia
1624 5216 1846 5271 Lectio-

196 5308 436 5364 narium
462 5313 722 5365 nostrum
744 5310 934 5365 forsan
962 5310 1447 5383 interpretandam
1476 5309 1747 5365 nonnulis
1772 5310 1848 5365 vi-

197 5402 454 5459 dabitur.

269 5497 488 5552 Verum
510 5496 603 5552 his
625 5498 887 5570 quaedam
903 5497 1135 5569 majoris
1149 5498 1427 5554 momenti
1443 5498 1839 5554 adversantur.

198 5589 404 5646 Levius
418 5596 508 5647 est
522 5591 678 5664 quod
694 5591 754 5647 in
773 5593 1122 5649 Lectionario
1148 5595 1342 5647 nostro
1369 5593 1579 5649 festum
1604 5593 1840 5648 Assum-

197 5685 411 5756 ptionis
434 5685 689 5758 Deiparze
707 5686 966 5759 proxime
985 5686 1353 5759 subsequitur
1370 5686 1649 5744 Cathedra
1669 5686 1846 5743 sancti

201 5778 375 5849 Petri,
402 5795 537 5853 quas
564 5778 767 5836 eodem
792 5781 902 5850 die,
930 5781 1040 5837 hoc
1068 5785 1154 5837 est
1178 5797 1251 5837 xv
1294 5781 1414 5836 Kal.
1442 5780 1753 5851 Februarii,
1782 5781 1845 5836 in

206 5872 623 5948 Iartyrologiis
650 5874 921 5949 Lucensi,
942 5874 1255 5951 Corbiensi,
1279 5873 1516 5951 aliisque
1557 5874 1846 5938 nonnullis

2018 4499 2188 4555 XXIV.
2219 4512 2308 4552 ms
2336 4509 2593 4551 nonmico
2622 4510 2746 4550 rosr
2774 4507 3088 4548 cnnamum
3116 4505 3301 4547 ssnon
3326 4500 3498 4545 emt.

2436 4600 2612 4651 Lectio
2636 4601 2780 4651 Oseaa
2803 4598 3091 4665 prOphetm.

2018 4702 2144 4755 Haec
2179 4697 2313 4753 dicit
2347 4695 2621 4751 Dominus
2648 4714 2663 4752 :
2707 4695 2911 4751 Audite
2946 4694 3186 4751 verbum
3214 4691 3443 4749 Domini
3469 4689 3574 4748 ﬁlii

1949 4793 2177 4861 Israhel,
2218 4790 2351 4865 quia
2389 4789 2672 4863 judicium
2718 4789 2957 4846 Domino
2993 4806 3125 4845 cum
3167 4785 3575 4844 habitatoribus

1945 4892 2132 4956 terras,
2153 4890 2284 4953 etc.,
2315 4900 2485 4956 usque
2509 4884 2939 4940 Confundentur
2964 4901 2998 4939 a
3023 4881 3306 4940 sacriﬁciis
3333 4880 3468 4949 suis,
3495 4880 3577 4936 ait

1946 4979 2218 5037 Dominus
2244 4980 2411 5035 Deus.
2442 4978 2604 5050 (Osee
2629 4995 2703 5050 1v,
2728 4980 2905 5049 1-19.)

2277 5095 2508 5160 Epistola
2531 5094 2674 5146 Pauli
2698 5093 2920 5159 apostoli
2940 5093 3008 5144 ad
3025 5093 3246 5144 Galatas.

2021 5190 2128 5243 Vos
2156 5190 2349 5243 autem
2384 5186 2445 5241 in
2472 5185 2796 5242 libertatem
2830 5184 3012 5240 vocati
3044 5184 3193 5255 estis,
3230 5188 3361 5256 etc.,
3407 5202 3577 5257 usque

1947 5282 2034 5340 Sic
2062 5279 2445 5354 adimplebitis
2470 5279 2660 5353 legem
2693 5278 2917 5336 Christi.
2958 5278 3161 5350 (Galat.
3201 5295 3255 5350 v,
3290 5282 3376 5351 13,
3408 5296 3577 5352 usque

1946 5392 2020 5445 v1,
2051 5377 2127 5448 2.)

2100 5486 2278 5538 Lectio
2302 5486 2469 5537 sancti
2488 5484 2760 5549 Evangelii
2788 5484 3077 5538 secundum
3101 5486 3418 5539 Matthmum.

2014 5594 2075 5647 In
2104 5590 2204 5647 illo
2225 5596 2502 5665 tempore,
2522 5590 2839 5664 adsumpsit
2863 5589 3137 5648 Dominus
3161 5592 3319 5648 Iesus
3340 5592 3573 5647 Petrum

1945 5690 2002 5742 et
2026 5685 2295 5743 Jacobum
2324 5684 2372 5760 1
2388 5684 2515 5761 22
2544 5690 2601 5742 et
2625 5687 2942 5744 Iohannem
2969 5686 3202 5742 fratrem
3245 5685 3387 5757 ejus,
3438 5687 3570 5755 etc.,

1945 5795 2115 5851 usque
2130 5781 2316 5838 Donec
2334 5780 2484 5839 ﬁlius
2494 5780 2745 5839 hominis
2756 5799 2790 5839 a
2800 5779 3043 5839 mortuis
3056 5781 3334 5852 resurgat.
3351 5777 3572 5851 (Matth.

1944 5890 2082 5949 xvn,
2112 5877 2233 5935 I-9.
