4042 6184
449 271 548 329 183

1231 269 1564 327 APPENDIX
1599 271 1688 325 AD
1721 269 1943 326 OPERA
1981 271 2214 326 SANCTI
2249 267 2548 326 GERMANI
2587 265 3010 324 PARISIENSIS.

3715 263 3824 320 184

532 379 678 436 XXV.
718 389 956 437 suam;
996 393 1255 436 DOIINICA
1293 393 1416 434 post
1451 393 1769 435 camenas):
1807 394 1992 434 SANCTI
2049 393 2054 398 ‘
2102 398 2162 472 Α
2182 394 2296 433 sua
2340 376 2480 433 item
2523 376 2740 448 regula
2784 371 3124 446 appendice,
3161 393 3191 423 ιι
3231 371 3316 430 Ab
3345 368 3688 444 Epiphania,
3730 369 3822 426 in-

1179 465 1350 506 PETRI.

893 543 1068 594 Lectio
1093 541 1355 594 Hierimia
1383 541 1671 607 prOpheta.

519 633 794 704 Tempore
819 630 938 697 illo,
959 629 1170 684 factum
1206 633 1290 684 est
1317 628 1555 684 verbum
1582 628 1810 686 Domini
1842 629 1914 685 ad
1948 629 2079 685 Hie-

449 725 697 792 rimiam,
741 725 932 780 dicens
965 739 978 776 :
1021 723 1147 777 Hac
1191 721 1328 777 dicit
1371 723 1642 778 Dominus
1683 724 1828 779 Deus
1865 722 2078 778 exerci-

447 823 634 887 tuum,
667 818 810 872 Deus
842 815 1086 870 lsrahel:
1115 815 1284 886 Vade,
1323 821 1380 871 et
1425 816 1513 871 dic
1542 815 1676 871 viris
1712 817 1853 872 Juda
1889 821 1946 872 et
1976 817 2080 873 ha-

446 911 782 968 bitatoribus
833 909 1185 964 Hierusalem
1226 926 1240 964 :
1293 910 1584 982 Numquid
1635 926 1753 965 non
1801 910 2083 982 recipietis

447 1003 872 1077 disciplinam...
903 1007 965 1058 ut
992 1002 1266 1060 obediatis
1293 1003 1456 1073 mihi,
1485 1002 1622 1058 dicit
1647 1003 1938 1059 Dominus.
1963 1005 2081 1074 Ego

449 1102 641 1154 autem
685 1097 906 1152 locutus
945 1112 1072 1151 sum
1105 1097 1176 1152 ad
1214 1113 1314 1152 vos
1349 1096 1420 1152 de
1458 1112 1626 1152 mane
1666 1113 2080 1169 consurgens...

441 1207 630 1264 neque
659 1189 896 1246 audistis
921 1206 1033 1246 me.
1063 1189 1272 1246 idcirco
1309 1191 1429 1246 hac
1459 1189 1596 1246 dicit
1622 1191 1900 1245 Dominus
1928 1206 2084 1246 excr-

441 1285 682 1355 cituum,
715 1284 861 1339 Deus
879 1283 1087 1340 Israhel
1116 1303 1134 1338 :
1151 1285 1288 1340 Ecce
1311 1301 1420 1357 ego
1442 1284 1660 1340 adduco
1681 1301 1855 1357 super
1871 1284 2080 1362 Iuda...

443 1385 500 1436 et
527 1395 650 1435 non
685 1377 1103 1451 responderunt
1146 1378 1309 1434 mihi.
1348 1378 1504 1434 Tolle
1548 1377 1820 1434 volumen
1844 1377 1998 1447 libri,
2029 1381 2086 1434 et

440 1471 622 1528 scribe
645 1469 708 1528 in
737 1487 873 1528 eo...
905 1476 962 1528 et
999 1471 1277 1544 propitius
1316 1488 1414 1529 ero
1443 1471 1731 1546 iniquitati
1755 1475 1814 1527 et
1851 1475 2082 1544 peccato

442 1582 666 1638 eorum,
695 1566 774 1622 ait
798 1565 1071 1623 Dominus
1091 1567 1260 1623 Deus.
1290 1546 1484 1638 (Jere-m
1513 1609 1528 1624 .
1577 1581 1742 1636 xxxv,
1787 1568 1874 1637 l3,
1915 1581 2086 1639 usque

444 1676 632 1731 mw,
663 1663 716 1731 3,
745 1662 1072 1731 quibusdam
1101 1661 1360 1733 omissis.)

742 1753 974 1818 Epistola
997 1753 1141 1806 Pauli
1164 1754 1391 1820 apostoli
1415 1753 1484 1806 ad
1507 1753 1779 1820 Ephesios.

448 1861 456 1869 ·
519 1840 760 1910 Fratres,
799 1839 1096 1896 fornicatio
1122 1845 1181 1896 et
1215 1841 1402 1898 omnis
1425 1839 1790 1897 immunditia
1821 1843 1922 1896 aut
1949 1856 2082 1896 ava-

445 1933 576 1989 ritia
598 1950 703 1990 nec
730 1933 1062 1990 nominetur
1085 1933 1146 1990 in
1171 1934 1351 2005 vobis,
1381 1939 1512 2005 etc.,
1536 1951 1707 2006 usque
1729 1933 1976 2008 Subjecti
2001 1934 2087 1989 in-

443 2027 623 2084 vicem
651 2027 712 2083 in
740 2027 944 2082 timore
975 2026 1202 2082 Christi.
1235 2028 1454 2098 (Ephes.
1486 2045 1541 2083 ν.
1570 2028 1746 2097 3-21.)

660 2119 835 2171 Lectio
866 2119 1032 2170 sancti
1055 2119 1323 2183 Evangelii
1349 2119 1639 2170 secundum
1669 2122 1880 2172 Lucam.

517 2201 726 2257 Diebus
773 2201 904 2268 illis,
961 2217 1088 2256 ecce
1143 2199 1378 2272 quidam
1426 2200 1788 2272 legisperitus
1841 2201 2090 2256 surrexit

449 2298 735 2366 temptans
783 2294 1091 2350 Dominum
1137 2295 1350 2364 Iesum,
1407 2297 1464 2348 et
1510 2293 1702 2348 dicens
1741 2311 1755 2348 :
1803 2293 2084 2366 Magister,

449 2387 592 2460 quid
614 2387 876 2444 faciendo
904 2387 1080 2443 vitam
1109 2391 1382 2442 aeternam
1405 2387 1746 2458 possidebo?
1765 2391 1895 2457 etc.,
1917 2403 2088 2458 usque

450 2480 599 2536 Vade
626 2485 682 2538 et
699 2484 765 2536 tu
790 2481 877 2536 fac
907 2481 1186 2536 similiter.
1217 2480 1366 2551 (Luc.
1395 2497 1450 2551 x,
1478 2482 1690 2552 25-37.)

450 2583 622 2639 XXVI.
663 2599 852 2640 ruma
889 2599 1150 2639 DOMINICA
1187 2599 1311 2638 rosr
1338 2599 1657 2638 CATHEDRAI
1687 2599 1874 2639 ssnon
1911 2600 2084 2640 PETRI.

924 2671 1102 2722 Lectio
1135 2671 1298 2722 Esaia
1331 2671 1620 2736 prOpheta.

522 2757 652 2813 Hac
689 2755 826 2812 dicit
859 2757 1172 2812 Dominus:
1204 2758 1267 2812 In
1301 2761 1559 2829 tempore
1587 2756 1796 2829 placito
1829 2757 2092 2812 exaudivi

449 2857 527 2922 te,
557 2855 690 2918 etc.,
717 2867 889 2920 usque
918 2851 1268 2922 Redemptor
1293 2853 1429 2906 tuus
1454 2850 1617 2906 fortis
1641 2849 1833 2920 Jacob,
1872 2850 1952 2906 ait
1979 2851 2087 2906 Do-

453 2945 644 3000 minus
674 2945 839 2999 Deus.
873 2944 1000 3012 (Isa.
1027 2961 1175 3010 xux,
1205 2945 1384 3014 8-26.)

717 3035 950 3100 Epistola
972 3036 1121 3086 Pauli
1143 3035 1364 3100 apostoli
1388 3034 1454 3085 ad
1479 3034 1828 3086 Colossenses.

2181 471 2324 543 quit,
2372 486 2551 542 usque
2595 469 2834 535 Pascha,
2877 465 3132 540 quotidie
3165 465 3552 538 jejunaudum
3598 465 3825 538 absque

2180 565 2498 636 majoribus
2543 563 2962 630 festivitatibus,
3009 560 3262 616 Sabbato
3317 563 3376 614 et
3427 560 3748 614 Dominica.
3791 580 3822 609 ν»

2181 658 2297 714 Sed
2328 659 2451 714 hac
2484 657 2786 714 monachis
2813 657 2999 722 erant,
3033 671 3150 709 non
3195 652 3508 708 universim
3551 652 3828 708 omnibus

2181 751 2533 824 prascripta.
2585 753 2647 805 In
2695 749 2900 804 Missali
2943 747 3294 804 Mozarabico
3341 747 3640 802 Dominica
3685 747 3831 818 Sep-

2184 845 2523 916 tuagesima
2541 861 2657 899 non
2671 847 2873 912 exstat,
2889 859 2994 897 nec
3007 841 3390 912 Sexagesima
3410 858 3424 908 ;
3447 843 3506 895 at
3523 841 3830 898 Dominica

2184 943 2319 994 ante
2351 939 2507 993 diem
2537 939 2810 994 Cinerum
2839 937 2935 992 Ad
2958 951 3148 990 carnes
3180 935 3446 990 tollendas
3477 935 3828 1006 appellatur,

2184 1048 2358 1104 quam
2403 1031 2661 1104 sequitur
2692 1029 2841 1085 feria
2885 1031 3090 1101 quarta
3115 1028 3407 1095 Cinerum,
3440 1027 3634 1082 forsan
3665 1027 3830 1085 haud

2183 1143 2252 1180 ex
2281 1125 2558 1197 primaria
2589 1123 2970 1179 institutione.
2999 1125 3060 1176 In
3087 1123 3288 1194 regula
3309 1121 3491 1176 sancti
3515 1121 3698 1176 Patris
3727 1123 3830 1176 Be-

2185 1218 2398 1274 nedicti
2443 1219 2600 1272 nulla
2625 1217 2846 1272 mentio
2883 1217 2954 1270 de
2986 1215 3446 1287 Septuagesima,
3483 1217 3541 1268 et
3577 1215 3831 1270 Alleluia

2185 1328 2364 1384 usque
2399 1311 2474 1366 ad
2495 1309 3012 1381 Quadragesimam
3044 1309 3103 1362 in
3138 1308 3341 1363 ofﬁciis
3374 1307 3579 1362 divinis
3615 1307 3831 1363 retine-

2183 1408 2297 1472 tur,
2323 1404 2406 1458 uti
2427 1403 2692 1475 etiamin
2717 1401 3326 1458 Ordine‘Mozarabico.
3343 1403 3417 1455 At
3434 1400 3494 1454 in
3506 1401 3826 1457 Gelasiano

2183 1499 2437 1570 vulgato,
2469 1496 2658 1552 missa
2696 1513 2802 1570 pro
2837 1495 3298 1568 Septuagesima,
3337 1493 3729 1566 Sexagesima,
3763 1499 3828 1551 et

2187 1591 2681 1664 Quinquagesima
2731 1591 3039 1646 habentur.
3071 1589 3501 1660 Sexagesimam
3535 1592 3830 1643 memorat

2185 1687 2454 1758 Magister
2491 1685 2552 1740 in
2587 1685 2801 1756 regula
2835 1701 2950 1739 sua
2980 1699 3103 1754 cap.
3153 1685 3239 1738 28.
3274 1683 3459 1754 Caput
3487 1680 3824 1753 Quadrage-

2103 1769 2159 1842 B
2184 1779 2344 1834 sima
2375 1796 2409 1834 a
2436 1777 2737 1833 Dominica
2762 1778 2968 1849 prima,
2994 1793 3111 1831 non
3143 1792 3176 1830 a
3206 1775 3352 1830 feria
3382 1774 3655 1830 Cinerum
3682 1775 3823 1830 olim

2183 1873 2515 1944 incipiebat,
2559 1871 2736 1926 etiam
2777 1874 3038 1942 tempore
3079 1869 3338 1940 Gregorii
3373 1869 3582 1940 Magni.
3632 1869 3822 1940 Argu-

2185 1971 2384 2022 menta
2415 1966 2564 2020 hanc
2595 1965 2654 2020 in
2684 1981 2810 2020 rem
2835 1963 3042 2019 videsis
3071 1963 3224 2034 apud
3242 1962 3600 2018 Menardum.

2327 2070 2522 2124 XXVII.
2563 2084 2811 2122 LEGENDA
2863 2083 2920 2121 IN
2960 2083 3167 2121 INICIUM
3205 2073 3676 2128 ousnmcmsma.

2646 2157 2822 2207 Lectio
2847 2155 3010 2206 Esaia
3036 2155 3328 2220 propheta.

2261 2238 2454 2312 124
2496 2240 2624 2297 Haec
2669 2239 2808 2292 dicit
2850 2237 3173 2292 Dominus:
3225 2238 3440 2303 Clama,
3491 2253 3565 2291 ne
3615 2252 3824 2302 cesses,

2188 2333 2351 2405 quasi
2380 2333 2520 2386 tuba
2547 2333 2735 2387 exalta
2765 2348 2964 2386 vocem
2995 2336 3173 2400 tuam,
3205 2334 3336 2398 etc.,
3363 2345 3533 2400 usque
3559 2329 3633 2385 Os
3666 2330 3827 2384 enim

2187 2425 2417 2481 Domini
2440 2427 2744 2496 loquutum
2771 2428 2876 2493 est,
2897 2425 2977 2480 ait
3002 2425 3279 2481 Dominus
3309 2425 3476 2479 Deus.
3507 2424 3638 2496 (Isa.
3669 2440 3823 2492 Lvm,

2192 2519 2358 2590 1-14.)
2457 2588 2690 2653 Ερίειοια
2720 2589 2869 2642 Ρευιί
2892 2588 3113 2653 apostoli
3153 2588 3217 2639 ad
3247 2587 3564 2639 Corinthios.

2260 2671 2402 2726 Ecce
2448 2688 2601 2726 nunc
2646 2673 2874 2743 tempus
2907 2670 3275 2742 acceptabile,
3324 2685 3456 2724 ecce
3501 2685 3655 2724 nunc
3703 2667 3828 2724 dies

2190 2764 2406 2832 salutis,
2438 2768 2546 2819 etc.
2585 2765 2901 2820 Conventio
2933 2763 3252 2820 Christi.....
3281 2763 3362 2835 (II
3393 2763 3512 2818 Cor.
3549 2779 3625 2830 γι,
3655 2761 3826 2833 2-15.)

2561 2871 2742 2917 ΝΟΤιΕ
2783 2873 2861 2916 ΕΤ
2915 2871 3446 2917 OBSERVATIONES.

2262 2945 2554 2999 Consonat
2600 2943 2797 2998 titulus
2825 2943 3058 3000 Missalis
3101 2942 3321 2998 Gothici
3369 2957 3468 2996 seu
3512 2941 3826 2996 Gallicani:

2193 3037 2336 3092 Ordo
2353 3037 2532 3092 missa
2557 3038 2617 3091 in
2640 3039 2862 3092 initium
2882 3037 3337 3105 Quadragesima.
3371 3035 3635 3108 Epistola
3657 3035 3830 3106 hujus

526 3119 767 3186 Fratres,
820 3117 1039 3172 induite
1086 3133 1204 3186 vos,
1272 3115 1420 3171 sicut
1485 3115 1646 3170 electi
1705 3114 1826 3185 Dei,
1875 3117 2086 3173 viscera

2195 3129 2322 3183 ﬁnis
2365 3132 2422 3182 et
2475 3129 2848 3200 Evangelium
2902 3145 3264 3202 consequens
3321 3127 3500 3194 deest,
3549 3127 3828 3198 quoniam

453 3211 876 3282 misericordia,
909 3209 958 3284 1
973 3209 1100 3284 23
1129 3213 1260 3280 etc.,
1293 3225 1466 3280 usque
1491 3207 1706 3264 Gratias
1723 3213 1958 3282 agentes
1976 3211 2092 3266 Deo

455 3311 514 3362 et
552 3305 703 3361 Patri
743 3321 848 3378 per
886 3304 1098 3377 ipsum,
1139 3302 1238 3376 qui
1273 3307 1358 3358 est
1396 3301 1726 3359 benedictus
1759 3302 1820 3359 in
1863 3304 2090 3360 sacula.

454 3399 674 3472 (Coloss.
706 3417 791 3468 in,
825 3401 1032 3468 l2-l7.)

665 3491 840 3543 Lectio
869 3491 1036 3542 sancti
1059 3489 1332 3555 Evangelii
1355 3489 1644 3542 secundum
1667 3491 1880 3542 Lucam.

526 3577 801 3647 Tempore
824 3573 941 3644 illo,
970 3573 1185 3628 factum
1214 3574 1305 3628 est
1346 3587 1480 3628 cum
1507 3570 1797 3627 introisset
1822 3571 2094 3628 Dominus

455 3671 614 3726 Jesus
650 3669 711 3724 in
738 3668 976 3724 domum
1015 3666 1312 3738 cujusdam
1358 3664 1638 3738 principis
1675 3665 2094 3722 Pharisaorum

457 3763 690 3818 sabbato
733 3761 1074 3817 manducare
1118 3776 1346 3832 panem,
1384 3763 1515 3828 etc.,
1546 3775 1716 3830 usque
1749 3760 1951 3815 Beatus
1993 3759 2094 3832 qui

457 3854 820 3912 manducabit
840 3871 1049 3926 panem
1077 3853 1140 3910 in
1168 3870 1350 3926 regno
1377 3853 1496 3910 Dei.
1521 3853 1674 3924 (Luc.
1707 3869 1820 3920 XIV,
1853 3853 2025 3920 1-15.)

835 3961 1014 4007 NOTAE
1055 3962 1134 4006 ΕΤ
1176 3960 1712 4008 OBSERVATIONES.

527 4042 824 4116 Singulare
849 4048 934 4099 est
958 4043 1112 4116 quod
1152 4042 1472 4115 superiores
1502 4041 1810 4098 Dominica
1838 4045 1954 4098 tres
1985 4056 2089 4097 no-

455 4143 650 4196 tentur
673 4141 800 4194 Post
824 4137 1147 4194 Cathedram
1172 4138 1350 4192 sancti
1374 4137 1542 4192 Petri.
1573 4135 1736 4191 Nulla
1760 4133 1852 4190 hic
1875 4135 2092 4191 mentio

457 4234 526 4290 de
567 4231 875 4290 Dominicis
911 4230 1380 4304 Septuagesima,
1411 4229 1789 4302 Sexagesima
1827 4231 1885 4284 et
1917 4229 2090 4294 Quin-

456 4327 824 4400 quagesima,
852 4341 1040 4399 neque
1065 4325 1136 4380 de
1163 4323 1302 4378 feria
1329 4327 1529 4396 quarta
1561 4321 1831 4379 Cinerum
1863 4338 1878 4378 :
1907 4338 2094 4394 neque

458 4420 714 4477 etiamin
748 4419 948 4478 Missali
983 4417 1220 4475 Gothico
1257 4433 1360 4474 seu
1387 4417 1694 4474 Gallicano.
1733 4415 2095 4489 Sexagesima

2194 3223 2418 3276 avulsus
2461 3225 2548 3276 est
2575 3239 2722 3276 unus
2749 3222 3074 3294 quaternio,
3105 3222 3163 3276 id
3192 3225 3280 3276 est
3317 3225 3446 3276 octo
3487 3220 3643 3276 folia.
3672 3220 3826 3285 Qua-

2195 3315 2382 3370 ternio
2405 3331 2652 3386 sequens
2681 3315 2884 3388 incipit
2908 3333 2942 3370 a
2972 3317 3088 3370 ﬁne
3116 3315 3440 3386 PrOphetia
3473 3313 3738 3386 legenda
3769 3314 3829 3368 in

2193 3393 2492 3464 Dominica
2515 3410 2864 3464 Palmarum.
2895 3409 3157 3466 Ofﬁcium
3178 3408 3337 3464 feria
3360 3407 3655 3480 sequentis
3684 3424 3830 3479 pra-

2195 3501 2380 3556 ditum
2411 3505 2497 3556 est
2525 3519 2766 3558 numero
2795 3505 2882 3558 33.
2925 3503 3067 3558 Cum
3098 3517 3232 3557 vero
3269 3501 3528 3572 superius
3571 3500 3828 3556 ofﬁcium

2195 3595 2506 3652 Dominica
2529 3595 2730 3667 prima
2742 3595 2800 3650 in
2819 3595 3276 3666 Quadragesima
3291 3611 3598 3650 numerum
3609 3596 3675 3648 27
3689 3611 3831 3665 pra-

2193 3689 2362 3756 ferat,
2400 3689 2654 3760 quinque
2677 3705 2950 3744 numeros
2971 3692 3280 3760 sequentes
3307 3705 3412 3760 pro
3433 3687 3676 3742 totidem
3699 3703 3832 3742 con-

2195 3782 2566 3854 sequentibus
2620 3783 3090 3854 Quadragesima
3152 3781 3464 3843 Dominicis
3515 3779 3832 3835 desiderari

2193 3875 2588 3946 intelligimus.
2643 3877 2842 3946 Itaque
2892 3877 3050 3930 nulla
3101 3875 3162 3930 in
3211 3874 3570 3930 Lectionario
3629 3876 3832 3928 nostro

2194 3967 2507 4039 singularia
2528 3968 2718 4023 ofﬁcia
2740 3985 2844 4040 pro
2866 3968 3025 4024 feriis
3049 3967 3518 4039 Quadragesima
3539 3967 3842 4038 assignate.

2195 4064 2376 4116 erant.
2403 4061 2569 4116 Certe
2595 4061 2654 4116 in
2675 4061 2880 4117 Missali
2905 4062 3142 4117 Gothico
3166 4079 3267 4116 seu
3291 4060 3584 4116 Gallicano
3606 4064 3830 4132 septem

2195 4153 2471 4208 duntaxat
2502 4153 2687 4209 missa
2720 4157 2945 4210 exstant
2975 4171 3079 4226 per
3105 4154 3622 4226 Quadragesimam
3649 4169 3834 4225 usque

2195 4247 2268 4302 ad
2309 4247 2545 4303 missam
2586 4247 2645 4302 in
2693 4249 2868 4304 Coena
2898 4248 3147 4304 Domini.
3178 4247 3344 4302 Missa
3383 4247 3570 4318 prima
3619 4247 3698 4302 sic
3742 4247 3831 4301 in-

2193 4340 2401 4412 scripta
2431 4343 2519 4395 est
2549 4359 2562 4397 :
2591 4341 2735 4397 Ordo
2777 4334 2954 4398 missa
2990 4344 3051 4397 in
3082 4343 3302 4397 initium
3337 4341 3830 4410 Quadraginsima.

2196 4434 2454 4500 Quatuor
2482 4438 2790 4506 sequentes
2815 4435 2926 4490 hoc
2959 4435 3134 4490 modo
3173 4451 3186 4490 :
3227 4437 3362 4490 Item
3398 4437 3564 4489 missa
3596 4435 3831 4504 jejunii,

460 4516 517 4567 et
538 4513 1024 4584 Ωυὶιιίίιιεεθεὶωει
1052 4517 1182 4568 ante
1205 4512 1414 4569 P350113
1455 4511 1836 4584 thibentur
1869 4510 1930 4565 in
1955 4527 2090 4566 con'
2112 4517 2172 4590 D
2195 4528 2412 4599 absque
2461 4527 2862 4600 designatione
2902 4528 3234 4584 Dominica.
3269 4528 3459 4596 Sexta,
3487 4529 3622 4582 Item
3665 4529 3838 4583 missa

460 4604 605 4660 ciliis
631 4605 1129 4662 Aurelianensibus
1159 4622 1176 4660 ι
1207 4611 1264 4662 et
1290 4623 1364 4660 1v.
1409 4605 1665 4661 Primum
1709 4604 1788 4660 sic
1827 4603 1998 4661 habet
2037 4605 2086 4660 in

2195 4623 2254 4676 in
2285 4621 2765 4690 Quadraginsima.
2807 4621 3066 4692 Septima
3103 4621 3374 4692 denique,
3414 4621 3587 4676 Missa
3612 4623 3671 4674 in
3696 4636 3840 4690 sym-

455 4714 669 4754 canone
693 4699 764 4754 24
795 4717 808 4754 :
841 4699 910 4754 Id
943 4715 976 4752 a
1015 4700 1386 4754 sacerdotibus
1421 4700 1670 4754 omnibus
1697 4699 1970 4755 decretum
1995 4704 2092 4762 est,

2199 4715 2316 4769 buli
2343 4716 2658 4778 traditione,
2692 4715 2764 4770 de
2805 4731 2919 4786 qua
2957 4715 3127 4770 infra.
3157 4717 3218 4769 In
3256 4714 3461 4770 Missali
3485 4713 3836 4769 Mozarabico

456 4797 517 4850 ut
543 4797 669 4848 ante
693 4793 912 4849 Pascha
937 4792 1347 4855 solemnitatem,
1375 4809 1485 4847 non
1519 4792 1978 4862 Quinquagesima
2002 4793 2098 4848 sed
2197 4807 2322 4862 duae
2363 4811 2498 4862 sunt
2521 4807 2730 4877 missa,
2759 4811 2973 4879 prater
3006 4808 3408 4875 Dominicales,
3436 4823 3542 4878 per
3577 4807 3837 4879 singulas

457 4885 890 4956 Quadragesima
944 4888 1210 4941 teneatur.
1267 4885 1334 4940 Et
1376 4885 1436 4940 in
1476 4901 1529 4939 IV
1587 4902 1804 4942 canone
1852 4889 1927 4942 2:
1982 4889 2096 4942 Hoc

456 4984 618 5038 etiam
649 4981 984 5036 decernimus
1017 4979 1432 5044 observandum,
1470 4985 1532 5036 ut
1572 4979 2000 5050 Quadragesima
2027 4982 2094 5036 ab

454 5076 702 5131 omnibus
727 5076 981 5130 Ecclesiis
1007 5075 1292 5146 aequaliter
1317 5079 1600 5142 teneatur;
1617 5090 1789 5146 neque
1809 5075 2089 5145 Quinqua-

375 5219 390 5235 ,
453 5171 734 5240 gesimam,
757 5174 855 5224 aut
875 5169 1276 5238 Seaagesimam
1295 5173 1423 5224 ante
1439 5169 1647 5224 Pascha
1668 5168 1896 5239 quilibet
1912 5184 2088 5224 sacer-

456 5263 553 5320 dos
566 5267 869 5335 praesumat
889 5263 1144 5319 indicere.
1170 5264 1573 5319 Verumtamen
1591 5262 1882 5333 Casarius,
1906 5261 2093 5318 Arela-

453 5356 629 5414 tensis
643 5372 709 5412 eo
723 5359 980 5428 tempore
993 5355 1246 5427 antistes,
1263 5356 1324 5412 in
1339 5356 1554 5430 regula
1569 5372 1689 5412 sua
1701 5355 1771 5411 ad
1782 5354 2091 5412 monachos

453 5467 576 5524 cap.
601 5452 689 5521 22,
711 5465 745 5504 a
773 5449 1001 5506 Domini
1029 5449 1241 5519 Natale,
1280 5471 1308 5502 «
1337 5465 1520 5524 usque
1545 5455 1677 5506 ante
1706 5449 1848 5506 duas
1875 5449 2086 5505 hebdo-

453 5544 649 5602 madas
667 5543 737 5600 de
769 5543 1228 5617 Quadragesima,
1279 5545 1546 5616 secunda,
1591 5547 1811 5618 quarta,
1853 5547 1910 5600 et
1935 5546 2090 5600 sexta

452 5638 596 5696 feria
619 5661 648 5689 »
669 5637 960 5711 jejunium
984 5637 1301 5710 prascribit
1329 5655 1343 5693 :
1380 5657 1409 5692 α
1439 5639 1571 5694 inde
1596 5642 1789 5709 postea
1811 5654 1992 5711 usque
2017 5637 2086 5694 ad

453 5732 664 5798 Pascha
684 5732 842 5788 omni
867 5731 982 5802 die,
1003 5731 1219 5805 absque
1245 5731 1336 5788 die
1357 5730 1666 5788 Dominica.
1699 5751 1728 5786 η
1750 5731 2086 5788 Aurelianus

453 5839 607 5894 vero,
635 5809 888 5896 ejusdem
914 5823 1141 5881 Casarii
1165 5827 1293 5898 post
1328 5823 1648 5882 Auxanium
1693 5840 1998 5898 successor,
2023 5825 2088 5886 in

2195 4896 2614 4964 hebdomadas,
2661 4913 2870 4969 nempe
2913 4914 3018 4968 pro
3053 4897 3400 4968 quibuslibet
3425 4895 3584 4952 feriis
3615 4896 3838 4988 quartis

2196 4988 2254 5040 et
2281 4985 2452 5040 sextis
2485 5001 2497 5040 :
2531 4985 2656 5041 alia
2682 4985 2842 5041 feria
2863 4988 3086 5040 vacant.

2263 5077 2577 5134 Dominica
2596 5078 2799 5151 prima
2819 5079 2878 5134 in
2901 5078 3358 5150 Quadragesima
3377 5078 3632 5134 ofﬁcium
3649 5078 3712 5134 in
3733 5095 3834 5134 eo-

2193 5171 2328 5229 dem
2347 5171 2700 5228 Mozarabico
2722 5172 2804 5228 ita
2827 5171 3029 5244 incipit
3051 5189 3064 5228 :
3087 5174 3223 5229 Ecce
3243 5189 3386 5228 nunc
3406 5177 3614 5244 tempus
3642 5187 3836 5244 accep-

2191 5267 2377 5329 tabile,
2407 5266 2653 5329 alleluia,
2680 5281 2794 5321 ecce
2837 5281 2984 5321 nunc
3023 5266 3136 5321 dies
3171 5267 3389 5329 salutis,
3415 5266 3662 5321 alleluia.
3702 5265 3841 5320 Ver-

2190 5373 2304 5411 sus.
2318 5357 2579 5412 Dominus
2600 5357 2868 5425 regnavit,
2887 5356 3127 5412 decorem
3147 5356 3352 5419 induit,
3366 5355 3551 5410 induit
3569 5356 3838 5411 Dominus

2186 5451 2594 5519 fortitudinem,
2623 5455 2673 5506 et
2690 5451 2984 5521 pracinmit
3015 5465 3088 5505 se.
3127 5449 3346 5505 Deinde
3375 5451 3702 5522 pracentor
3737 5464 3838 5503 re-

2187 5544 2352 5616 petit,
2384 5547 2518 5602 Ecce
2560 5560 2707 5600 nunc
2732 5544 2848 5600 dies
2886 5545 3102 5600 salutis.
3149 5545 3290 5599 Tum
3333 5542 3540 5598 dicitur
3565 5541 3757 5600 Gloria
3785 5548 3842 5604 et

2187 5637 2356 5693 honor
2401 5639 2577 5702 Patri,
2608 5643 2660 5694 et
2699 5639 2860 5702 Filio,
2907 5642 2958 5694 et
2999 5637 3238 5708 Spiritui
3285 5641 3471 5693 sancto
3517 5638 3578 5692 in
3630 5637 3840 5704 saecula

2185 5731 2526 5796 seculorum,
2558 5747 2732 5788 amen.
2775 5733 2909 5787 Post
2933 5730 3120 5788 Gloria
3146 5733 3206 5787 in
3249 5731 3471 5787 excelsis
3506 5733 3564 5784 et
3612 5729 3836 5786 oratio-

2185 5840 2341 5896 nem,
2375 5825 2635 5900 sequitur
2675 5827 2868 5904 Lectio
2901 5842 2970 5884 ex
3011 5825 3322 5904 Prophetia
3360 5823 3518 5882 Isaia
3569 5839 3698 5896 cap.
3741 5839 3837 5880 av.
