4054 6188
251 272 365 328 185

1328 276 1415 330 DE
1452 273 1765 330 LITURGIA
1800 271 2172 330 GALLICANA
2209 276 2407 334 LIBER
2443 277 2510 333 II.

3510 284 3611 343 186

240 388 377 442 Haec
404 386 538 442 dicit
565 390 856 443 Dominus:
882 388 1089 444 Audite
1112 389 1405 447 audientes,
1418 406 1520 454 me,
1548 396 1600 446 et
1627 392 1881 447 comedite
1900 391 1961 466 Α
1978 382 2195 440 branda
2218 386 2442 443 oblatio.
2471 407 2500 437 »
2530 386 2745 458 Nempe
2773 386 2972 445 diebus
3000 388 3305 447 Dominicis
3322 392 3380 446 et
3399 389 3608 449 Subba-

246 482 469 543 bonum,
487 486 594 537 etc.
612 482 661 555 1
677 482 802 555 25
819 483 1029 539 Deinde
1041 488 1167 556 post
1176 485 1457 540 canticum
1473 486 1657 541 trium
1666 502 1875 558 puero-

243 590 379 632 rum
398 582 458 633 et
475 578 779 648 psalmum,
803 581 859 632 et
875 582 1005 648 post
1025 580 1305 635 orationes
1321 597 1425 652 pro
1446 581 1873 652 paenitentibus,

242 670 616 741 subsequitur
630 671 817 725 Lectio
834 687 900 727 ex
923 672 1168 744 Epistola
1188 676 1231 729 ll
1250 674 1322 729 ad
1341 674 1662 729 Corinthios
1675 691 1800 748 cap.
1819 691 1872 730 v:

238 766 349 819 Pro
373 764 588 820 Christo
615 767 879 833 legatione
899 769 1205 836 fungimur,
1234 770 1364 837 etc.,
1385 784 1565 840 usque
1594 772 1877 839 Tanquam

240 860 386 913 nihil
434 860 710 922 habentes,
759 865 811 915 et
859 863 1041 916 omnia
1095 863 1453 932 possidentes.
1508 863 1875 918 Postmodum

238 953 621 1025 Evangelium
642 970 708 1008 ex
730 955 957 1009 Joannis
983 973 1103 1026 cap.
1125 973 1179 1010 iv
1200 973 1213 1010 :
1236 959 1496 1011 Dominus
1516 961 1698 1012 noster
1716 953 1874 1012 'Jesus

237 1043 492 1098 Christus
528 1045 750 1114 reliquit
783 1046 1047 1108 Judzam,
1077 1040 1127 1101 et
1156 1046 1292 1100 abiit
1323 1047 1380 1100 in
1411 1046 1712 1110 Galilaeam,
1741 1050 1871 1114 etc.,

232 1151 447 1208 usque.
471 1138 611 1204 Quia
631 1139 717 1193 hic
741 1145 818 1194 est
841 1154 963 1194 vere
995 1139 1246 1194 Salvator
1264 1140 1475 1194 mundi.
1505 1140 1565 1193 In
1583 1143 1874 1210 posterum

232 1230 491 1286 Alleluia
527 1233 810 1288 omittitur
835 1233 906 1288 ad
944 1232 1151 1288 Pascha
1177 1248 1246 1287 ex
1286 1232 1614 1304 praescripto
1654 1233 1874 1288 concilii

235 1324 499 1380 Toletani
530 1342 601 1394 1v,
630 1343 753 1382 can.
790 1330 875 1381 11.

305 1421 372 1474 ln
404 1420 608 1474 Missali
634 1420 1025 1487 Ambrosiano,
1048 1436 1179 1475 cum
1199 1437 1313 1492 quo
1339 1425 1500 1476 vetus
1524 1422 1873 1477 Gallicanum

226 1514 549 1586 quamdam
585 1513 918 1569 afﬁnitatem
954 1514 1144 1582 habet,
1181 1514 1466 1570 Dominica
1498 1515 1688 1587 prima
1721 1517 1870 1581 Qua-

228 1606 575 1679 dragesime:
616 1606 945 1663 inscribitur
980 1610 1057 1663 De
1087 1608 1473 1673 Samaritana;
1511 1610 1757 1665 secunda
1796 1613 1873 1665 De

228 1701 557 1766 Abraham;
587 1700 752 1755 tertia
778 1704 855 1756 De
878 1717 1048 1759 caeco:
1075 1707 1275 1774 quarta
1312 1704 1530 1766 Lazari,
1571 1707 1871 1775 propterea

227 1793 381 1865 quod
417 1794 719 1864 Evangelia
744 1794 813 1849 de
841 1794 929 1849 his
954 1795 1335 1866 assignentur.

299 1888 527 1942 Seeculo
554 1905 609 1942 v1
634 1888 693 1943 in
720 1886 895 1943 Gallia
920 1904 1034 1943 non
1071 1889 1149 1943 ita
1184 1889 1292 1944 rati
1329 1894 1490 1945 erant
1515 1890 1870 1962 jejuniorum

227 1982 824 2053 Quadragesimalium
867 1982 1004 2037 dies.
1044 1983 1377 2037 Aurelianus
1425 1982 1483 2038 in
1530 1985 1727 2055 regula
1768 2002 1869 2041 sua

228 2075 563 2145 Sabbatum,
607 2077 977 2145 Dominicam,
1017 2080 1073 2132 et
1109 2077 1350 2149 majores
1383 2076 1714 2133 festivitates
1737 2095 1770 2134 a
1787 2079 1871 2149 je-

221 2169 378 2239 junii
414 2169 542 2241 lege
578 2170 795 2237 eximit,
840 2176 902 2225 ut
944 2171 1201 2242 superius
1247 2170 1512 2226 vidimus.
1551 2172 1864 2243 Faustinus,

229 2263 528 2335 Regiensis
555 2263 637 2331 (ut
660 2264 999 2335 quibusdam
1018 2265 1256 2334 videtur)
1281 2264 1593 2336 episcopus,
1617 2267 1869 2338 quinque

226 2360 455 2411 tantum
491 2373 596 2429 per
632 2357 1044 2413 hebdomadam
1072 2358 1279 2429 jejunii
1316 2359 1436 2414 dies
1469 2358 1737 2429 admittit,
1774 2362 1865 2415 in-

226 2455 444 2510 vehens
472 2456 528 2510 in
562 2472 676 2526 eos,
704 2456 802 2529 qui
844 2478 872 2506 «
911 2457 1077 2512 veriti
1118 2462 1270 2527 sunt,
1315 2458 1501 2527 credo,
1546 2458 1752 2529 inquit,
1794 2475 1867 2513 ne

225 2549 482 2621 quinque
498 2549 735 2621 jejuniis
755 2550 1128 2623 prolongatis,
1159 2568 1288 2606 caro
1307 2567 1401 2605 eos
1427 2568 1740 2623 corpusque
1776 2553 1869 2608 de-

230 2643 443 2711 liceret,
474 2648 533 2698 et
569 2643 744 2698 exiles
776 2661 839 2698 ac
864 2649 1066 2699 tenues
1095 2645 1549 2717 Quadragesimze
1587 2646 1869 2701 abstinen—
1908 2700 1913 2707 ,

231 2737 369 2791 tiam
405 2738 648 2793 tolerare
685 2754 799 2792 non
842 2743 1092 2809 possent.
1134 2761 1162 2789 »
1211 2741 1337 2794 Hmc
1371 2739 1465 2793 ille
1500 2740 1560 2794 in
1604 2756 1863 2796 sermone
1904 2758 1909 2764 '

230 2831 422 2887 habito
450 2832 511 2886 in
536 2832 824 2887 Dominica
852 2836 983 2888 ante
1007 2833 1528 2909 Quadragesimam,
1554 2834 1715 2905 cujus
1747 2850 1860 2889 ser-

231 2926 418 2980 monis
435 2926 824 2997 fragmentum
850 2927 1050 2982 Eneas
1073 2927 1395 2982 Parisiensis
1422 2927 1654 2983 antistes
1687 2928 1861 2983 refert

230 3019 287 3075 in
335 3020 483 3075 libro
524 3020 793 3076 adversus
826 3022 1066 3076 Graecos.
1108 3021 1195 3077 Sic
1230 3021 1290 3075 in
1329 3021 1560 3075 ecclesia
1604 3021 1864 3076 Mediola-

1888 1769 1947 1841 B

1976 483 2066 552 tis,
2109 482 2314 555 quibus
2352 482 2413 536 in
2450 480 2681 537 ecclesia
2714 481 3113 538 Mediolanensi
3155 485 3423 542 relaxatio
3457 502 3492 541 a
3516 486 3608 559 je-

1969 576 2133 648 junio
2180 581 2319 645 erat,
2357 581 2425 630 ut
2456 592 2663 646 nempe
2699 591 2858 631 coena
2908 576 3154 632 serotina
3204 579 3265 633 in
3303 580 3608 650 prandium

1976 674 2308 726 verteretur.
2341 690 2369 720 ι(
2395 671 2548 725 Tunc
2570 670 2768 741 utique
2793 673 3023 741 paratus
3046 671 3259 739 assiste,
3295 678 3357 728 ut
3392 673 3475 729 ibi
3510 691 3606 731 ac-

1975 764 2150 836 cipias
2173 764 2615 835 munimentum,
2648 769 2713 819 ut
2735 780 2937 836 corpus
2963 764 3095 819 edas
3120 765 3345 821 Domini
3374 768 3524 837 Jesu,
3547 768 3609 825 in

1973 876 2087 932 quo
2112 858 2370 915 remissio
2394 863 2478 914 est
2500 862 2861 930 peccatorum
2876 875 2893 927 ;
2935 857 3237 929 postulatio
3268 859 3471 916 divinae
3509 878 3603 918 re-

1974 951 2379 1008 conciliationis
2419 957 2475 1007 et
2516 951 2878 1024 protectionis
2944 955 3289 1008 natamus..."
3330 953 3612 1010 Admonet

1974 1049 2146 1105 etiam
2183 1046 2523 1103 sacriﬁcium
2558 1045 2966 1117 vespertinum,
3002 1048 3069 1100 ut
3106 1062 3400 1118 nunquam
3440 1047 3606 1103 Chri-

1973 1149 2124 1199 stum
2149 1140 2507 1198 obliviscaris.
2554 1141 2677 1195 Non
2716 1144 2875 1211 potes
2914 1138 3181 1207 oblivisci,
3225 1156 3355 1195 cum
3394 1140 3607 1197 lectum

1973 1237 2245 1304 ascendis,
2278 1222 2672 1307 ejus‘Domini,
2703 1233 2795 1288 cui
2817 1232 2879 1287 in
2906 1249 3105 1288 occasu
3132 1233 3222 1289 die
3250 1250 3476 1305 precem
3509 1236 3604 1291 fu-

1973 1331 2140 1401 deris,
2186 1330 2286 1403 qui
2319 1328 2660 1385 esurientem
2687 1331 2743 1382 te
2784 1326 2871 1381 sui
2904 1326 3155 1398 corporis
3189 1327 3371 1399 epulis
3411 1329 3603 1400 exple-

1972 1426 2133 1481 verit.
2165 1447 2193 1475 »
2214 1424 2423 1480 Eadem
2447 1422 2716 1478 sacriﬁcia
2733 1420 3054 1493 vespertina
3084 1421 3258 1477 etiam
3280 1420 3342 1476 in
3359 1422 3607 1478 ecclesiis

1972 1519 2264 1575 Gallicanis
2301 1517 2573 1573 celebrari
2621 1521 2756 1571 tunc
2797 1531 2920 1570 mos
2963 1519 3103 1585 erat,
3141 1519 3208 1570 ut
3247 1532 3318 1571 ex
3358 1515 3608 1572 conciliis

1971 1612 2218 1682 Vasensi,
2260 1611 2651 1667 Aurelianensi
2676 1627 2759 1678 Ill,
2791 1613 2849 1665 et
2885 1625 2956 1664 ex
2994 1610 3384 1667 Matisconensi
3421 1610 3607 1683 primo

1971 1707 2333 1780 probavimus
2359 1706 2418 1761 in
2447 1705 2545 1760 lib.
2579 1723 2595 1759 1
2624 1720 2746 1775 cap.
2776 1708 2830 1759 5.

2155 1799 2367 1873 [ΧΧΧΙΙ.
2410 1814 2653 1853 LEGENDA
2694 1815 2748 1852 lN
2788 1814 3048 1853 DOHINICA
3086 1814 3402 1853 PALMABUM.

2389 1887 2564 1938 Lectio
2599 1885 2862 1937 Hicrimiaa
2894 1886 3206 1952 prophetae]

1968 2028 2025 2080 et
2047 2024 2134 2079 vir
2159 2024 2394 2078 fratrem
2419 2038 2588 2077 suum
2615 2022 2808 2076 dicens
2839 2038 2852 2076 :
2897 2021 3233 2092 Cognuscite
3271 2022 3601 2079 Dominum.

1969 2117 2163 2175 Omnis
2191 2117 2343 2174 enim
2369 2119 2715 2187 cognuscent
2742 2131 2834 2170 me
2861 2132 2895 2169 a
2917 2114 3161 2170 minimo
3187 2131 3387 2170 eorum
3424 2132 3606 2188 usque

1967 2213 2038 2267 ad
2062 2211 2398 2277 maximum,
2430 2211 2511 2265 ait
2534 2209 2827 2264 Dominus.
2856 2208 2997 2273 Quia
3021 2208 3371 2281 prOpitiabor
3387 2209 3601 2282 iniqui-

1965 2306 2067 2362 tati
2105 2322 2322 2373 eorum,
2362 2308 2418 2360 et
2454 2303 2669 2377 peccati
2703 2292 2900 2358 eorum
2936 2318 3053 2357 non
3092 2318 3188 2357 ero
3228 2318 3451 2358 memor
3489 2319 3606 2358 am-

1965 2401 2135 2473 plius.
2165 2399 2373 2470 (Jerem.
2401 2415 2551 2465 xxxx,
2580 2397 2690 2468 34.)

2273 2491 2502 2555 Epistola
2524 2490 2670 2540 Pauli
2693 2488 2915 2553 apostoli
2941 2489 3006 2539 ad
3035 2489 3301 2540 Hebraaos.

2036 2576 2277 2644 Fratres,
2304 2572 2413 2627 ﬁde
2438 2572 2835 2642 intellegemus
2859 2574 3050 2642 aptata
3068 2588 3189 2627 esse
3208 2573 3413 2627 saecula
3431 2572 3605 2629 verbo

1966 2669 2085 2735 Dei,
2115 2674 2245 2735 etc.,
2277 2682 2447 2736 usque
2474 2666 2664 2720 Fortes
2688 2664 2821 2719 facti
2847 2668 2980 2719 sunt
3002 2664 3063 2718 in
3089 2664 3261 2720 bello.
3310 2664 3496 2737 (Hebr,
3538 2682 3600 2733 n,

1968 2763 2134 2833 3-34.)

2122 2852 2295 2903 Lectio
2327 2851 2493 2902 sancti
2523 2851 2791 2915 Evangelii
2822 2851 3113 2902 secundum
3141 2850 3449 2902 Johannem.

2038 2935 2242 2991 Diebus
2268 2932 2381 2987 illis
2402 2937 2534 2988 ante
2561 2949 2659 2988 sex
2701 2933 2821 2987 dies
2851 2933 3099 3002 Pascha,
3140 2931 3297 2988 venit
3332 2933 3603 2990 Dominus

1963 3006 2120 3087 Jesus
2149 3027 2502 3094 Bethaniam,
2534 3027 2635 3081 ubi
2656 3026 2842 3082 fuerat
2868 3027 3109 3081 Lazarus
3135 3030 3418 3095 mortuus,
3462 3031 3594 3096 etc.,

225 3113 413 3181 nensi,
445 3115 617 3169 etiam
645 3115 706 3169 in
740 3115 1202 3186 Quadragesima,
1244 3114 1548 3170 Sabbatum
1586 3132 1619 3168 ει
1645 3115 1865 3186 jejunio
1886 3141 1940 3215 ρ
1966 3141 2137 3195 usque
2162 3122 2276 3177 Nisi
2300 3137 2544 3193 granum
2570 3119 2844 3175 frumenti
2869 3120 3077 3176 cadens
3102 3120 3164 3176 in
3203 3124 3417 3175 terram
3457 3136 3605 3177 mor-

228 3209 485 3264 immune
509 3212 652 3276 erat,
674 3213 881 3281 printer
899 3209 1206 3264 Sabbatum
1222 3213 1498 3264 sanctum.
1515 3211 1722 3264 Verum
1740 3226 1868 3265 con-

228 3302 421 3356 cilium
462 3302 865 3358 Aurelianense
903 3320 975 3370 1v,
1016 3318 1231 3357 canone
1278 3307 1310 3357 2
1351 3302 1428 3357 ita
1459 3302 1757 3358 decernit:
1800 3306 1869 3359 Ut

228 3396 659 3465 Quadragesima
680 3398 750 3451 ab
763 3398 1008 3451 omnibus
1027 3398 1280 3451 Ecclesiis
1298 3397 1578 3466 aequaliter
1597 3402 1863 3466 teneatur,

230 3506 400 3560 neque
441 3491 972 3560 Quinquagesimam,
1023 3496 1122 3545 aut
1156 3491 1556 3559 Seragesimam
1599 3496 1725 3546 ante
1757 3493 1864 3545 Pa-

226 3585 358 3637 scha
382 3585 607 3653 quilibet
630 3586 879 3639 sacerdos
902 3590 1201 3655 praesumat
1227 3585 1485 3639 indicere.
1516 3585 1672 3649 Quod
1702 3583 1867 3639 nimi-

225 3693 357 3732 rum
382 3677 659 3733 faciebant
696 3679 758 3733 hi
798 3677 896 3750 qui
932 3678 1239 3734 Sabbatum
1276 3695 1310 3732 a
1339 3676 1548 3748 jejunii
1588 3677 1864 3749 religione

224 3770 568 3827 eximebant.
595 3773 740 3826 Tum
764 3772 1012 3827 subdunt
1038 3774 1227 3827 Patres
1251 3771 1321 3827 ad
1342 3771 1701 3826 sanciendam
1732 3771 1864 3826 Sab-

223 3865 343 3919 bati
366 3866 813 3921 observationem
844 3883 858 3920 :
890 3866 998 3921 Sed
1024 3881 1195 3935 neque
1216 3882 1317 3935 per
1355 3865 1616 3928 Sabbata,
1658 3866 1861 3935 absque

224 3961 562 4028 inﬁmitate,
595 3962 884 4030 quisquam
913 3960 1088 4015 solvat
1112 3959 1550 4027 Quadragesimae
1557 3959 1857 4028 jejunium,

224 4055 559 4108 nisitantum
575 4055 664 4108 die
680 4055 956 4109 Dominico
970 4053 1266 4124 prandeat.
1290 4053 1551 4124 Magister
1565 4052 1626 4107 in
1644 4053 1859 4125 regulas

222 4163 341 4200 sua:
380 4163 503 4218 cap.
549 4150 613 4203 53
663 4148 740 4202 ita
774 4148 894 4201 vult
934 4147 997 4202 in
1050 4145 1354 4201 Dominicis
1399 4146 1857 4218 Quadragesimm

221 4241 511 4311 pranderi,
545 4245 611 4295 ut
635 4262 661 4290 ‹‹
684 4245 874 4296 tamen
893 4240 955 4294 in
972 4256 1098 4295 sera
1120 4239 1346 4311 penitus
1366 4239 1510 4295 nihil
1530 4243 1770 4309 coenant,
1793 4244 1859 4295 ut

214 4350 338 4388 una
365 4334 438 4389 sit
463 4335 524 4390 in
550 4335 686 4406 ipsis
712 4334 910 4390 diebus
935 4350 968 4388 a
992 4333 1081 4389 die
1120 4333 1351 4389 refectio
1376 4355 1404 4384 »
1441 4333 1548 4389 Sed
1583 4334 1706 4389 haec
1739 4350 1855 4389 non

218 4431 357 4483 sunt
380 4428 554 4500 hujus
574 4427 701 4483 loci.

1964 3225 2130 3275 tuum
2148 3217 2338 3285 fuerit,
2352 3216 2543 3288 ipsum
2560 3215 2749 3270 solum
2762 3219 2952 3269 manet
2972 3232 2987 3280 ;
3018 3214 3065 3268 si
3096 3218 3289 3269 autem
3309 3218 3605 3271 mortuum

1962 3312 2157 3381 fuerit,
2193 3310 2442 3365 multum
2468 3309 2720 3363 fructum
2748 3307 2929 3363 affert.
2964 3306 3140 3375 (Joan.
3168 3323 3269 3377 xu,
3302 3308 3477 3379 1-24.)

2419 3414 2571 3452 NOTE
2609 3413 2672 3451 ET
2709 3412 3133 3450 OBSERVATIONES
3142 3437 3154 3450 .

2036 3478 2223 3552 127
2259 3480 2319 3532 in
2356 3477 2557 3532 Missali
2597 3475 2827 3530 Gothico
2864 3474 3104 3545 septima
3145 3475 3603 3547 Quadragesimm

1962 3574 2133 3629 missa
2156 3571 2483 3627 inscribitur
2510 3586 2524 3624 :
2551 3572 2722 3625 Missa
2746 3571 2805 3622 in
2830 3569 3080 3637 Symbuli
3109 3569 3421 3624 traditione.
3463 3569 3601 3624 Tra-

1962 3668 2201 3723 debatur
2209 3668 2400 3721 autem
2420 3663 2752 3736 Symbolum
2772 3663 3223 3733 competentibus
3236 3662 3297 3717 in
3313 3661 3606 3718 Dominica

1961 3761 2302 3828 Palmarum,
2334 3762 2478 3814 teste
2510 3757 2720 3812 Isidem
2749 3756 2811 3812 in
2848 3756 2945 3812 lib.
2986 3757 3056 3813 de
3092 3756 3302 3813 Ofﬁciis
3339 3756 3601 3812 ecclesia-

1959 3854 2108 3910 sticis
2134 3870 2257 3925 cap.
2288 3856 2355 3907 27
2387 3868 2401 3906 :
2438 3872 2466 3901 «
2507 3852 2619 3906 Hoc
2646 3851 2737 3907 die
2779 3851 3112 3923 Symbolum
3150 3850 3603 3923 competentibus

1957 3947 2200 4003 traditur
2239 3950 2474 4018 propter
2517 3944 2797 4001 conﬁnem
2845 3944 3155 4000 Dominicae
3193 3945 3421 4000 Pascha:
3456 3945 3602 4000 sole-

1956 4041 2254 4097 mnitatem
2283 4056 2297 4095 :
2326 4044 2390 4096 ut
2406 4039 2541 4112 quia
2552 4040 2673 4111 jam
2697 4039 2769 4095 ad
2787 4040 2885 4095 Dei
2907 4039 3149 4112 gratiam
3179 4039 3605 4112 percipiendam

1954 4135 2244 4203 festinant,
2272 4134 2446 4191 ﬁdem
2491 4151 2665 4206 quam
2698 4134 3076 4189 conﬁteantur
3116 4138 3444 4205 agnoscant.
3493 4134 3602 4187 Eo-

1955 4230 2085 4285 dem
2110 4234 2325 4301 spectat
2350 4244 2537 4284 canon
2572 4231 2631 4283 13
2665 4227 2891 4283 concilii
2923 4227 3264 4298 Agathensis
3296 4245 3311 4280 :
3353 4227 3419 4281 Ut
3444 4225 3599 4293 Sym-

1957 4319 2134 4374 bolum
2154 4325 2280 4375 ante
2299 4323 2412 4374 octo
2432 4319 2548 4373 dies
2568 4319 2788 4373 Pascha:
2803 4316 3232 4386 competentibus
3247 4314 3598 4384 praedicetur.

1952 4415 2019 4468 Et
2043 4414 2257 4485 optime
2294 4412 2530 4484 quidem
2567 4409 2902 4466 Lectionarii
2942 4409 3125 4464 nostri
3155 4408 3262 4462 hac
3290 4407 3381 4462 die
3406 4406 3600 4462 lectio-

302 4522 362 4576 ln
387 4521 824 4594 Quadragesima
850 4538 967 4577 non
999 4537 1109 4576 una
1134 4525 1255 4578 erat
1279 4522 1348 4577 de
1368 4521 1553 4576 missis
1569 4520 1858 4577 ferialibus
1876 4515 1936 4587 D
1956 4523 2056 4563 1195
2082 4506 2330 4578 Symbou
2367 4504 2659 4562 traditioni
2699 4503 3062 4559 conveniunt
3103 4500 3410 4574 ΡΓοΡῙιθῐίθι
3442 4502 3598 4557 δεῖθ’

220 4622 281 4671 et
316 4614 658 4688 quotidianis
681 4616 833 4687 apud
861 4614 1085 4670 Latinos
1106 4615 1421 4687 disciplina.
1445 4616 1507 4669 ln
1521 4614 1857 4686 quibusdam

220 4709 499 4781 quotidie,
530 4709 589 4764 in
613 4709 737 4764 aliis
762 4712 990 4765 tantum
1016 4708 1184 4763 certis
1212 4709 1411 4764 diebus
1433 4708 1605 4764 ﬁebat
1643 4708 1857 4764 sacriﬁ-

219 4803 396 4869 cium,
425 4807 663 4858 testante
689 4803 1002 4874 Augustino
1036 4801 1096 4856 in
1128 4802 1363 4875 epistola
1399 4802 1470 4858 ad
1503 4802 1854 4858 Januarium.

222 4898 287 4952 in
314 4896 546 4952 ecclesia
570 4898 968 4953 Mediolanensi
994 4898 1218 4953 videtur
1251 4913 1388 4951 usus
1421 4896 1594 4953 fuisse
1633 4897 1856 4954 Sacriﬁ-

217 4991 290 5046 cii
318 4991 657 5063 quotidiani.
690 4992 933 5064 Insignis
960 4998 1044 5048 est
1068 4992 1128 5047 in
1157 5007 1281 5053 eam
1304 5007 1427 5045 rem
1456 4991 1735 5047 Ambrosii
1769 4992 1854 5046 lo-

217 5102 317 5141 cus
341 5085 403 5139 in
429 5102 691 5141 sermone
717 5091 911 5142 octavo
940 5102 1112 5158 super
1138 5087 1430 5141 Psalmum
1457 5084 1506 5157 1
1523 5084 1649 5159 26
1690 5101 1856 5140 cxvm

216 5178 288 5234 ad
314 5194 546 5234 versum
572 5183 604 5235 6
635 5196 651 5235 :
687 5202 713 5230 ‹‹
742 5179 1020 5235 lndictum
1050 5184 1135 5234 est
1150 5178 1472 5250 jejunium;
1506 5196 1637 5235 cave
1662 5194 1734 5234 ne
1762 5194 1858 5235 ne-

218 5273 423 5346 gligas.
453 5274 522 5328 Et
547 5273 594 5328 si
623 5276 678 5330 te
716 5273 897 5330 fames
937 5272 1333 5346 quotidianum
1375 5272 1530 5345 cogit
1563 5272 1635 5328 ad
1680 5288 1854 5344 pran—

215 5368 398 5438 dium,
427 5372 527 5424 aut
560 5368 1000 5441 intemperantia
1040 5367 1283 5423 declinat
1316 5367 1628 5439 jejunium,
1665 5370 1856 5423 tamen

215 5463 428 5519 coalesti
454 5463 639 5534 magis
665 5467 722 5518 te
749 5468 969 5518 servato
995 5461 1271 5517 convivio.
1302 5462 1424 5517 Non
1444 5460 1627 5533 epulae
1648 5464 1857 5532 parata

215 5561 609 5630 extorqueant,
637 5561 704 5612 ut
727 5555 961 5613 ccelestis
987 5556 1059 5611 sis
1097 5572 1305 5611 vacuus
1340 5553 1696 5610 sacramenti.
1739 5553 1853 5611 Dif-

214 5651 297 5706 fer
318 5650 765 5723 aliquantulum,
791 5666 908 5705 non
934 5650 1105 5719 longe
1140 5654 1225 5705 est
1252 5647 1381 5704 ﬁnis
1409 5648 1541 5703 diei.
1576 5650 1690 5704 lmo
1731 5649 1852 5721 ple-

215 5745 375 5817 rique
401 5748 538 5801 sunt
561 5744 837 5816 ejusmodi
864 5744 1006 5811 dies,
1038 5749 1099 5799 ut
1127 5743 1317 5799 statim
1344 5742 1670 5799 meridianis
1699 5742 1857 5799 horis

215 5838 637 5898 adveniendam
666 5838 738 5897 sit
762 5838 824 5897 in
848 5838 1161 5913 ecclesiam,
1196 5836 1437 5899 canendi
1457 5836 1678 5913 hymni,
1705 5836 1855 5896 cele-

1959 4601 2089 4656 mize
2119 4618 2133 4656 :
2160 4601 2312 4656 Dabo
2359 4602 2525 4668 legem
2568 4614 2743 4655 meam
2776 4600 2837 4653 in
2877 4597 3174 4652 visceribus
3214 4612 3417 4661 eorum,
3460 4601 3512 4652 et
3542 4597 3603 4651 in

1958 4696 2116 4750 corde
2141 4711 2323 4750 eorum
2358 4694 2594 4750 scribam
2630 4709 2861 4749 eam.....
2893 4692 3085 4748 Omnes
3110 4695 3427 4760 cognoscent
3451 4706 3533 4747 me
3568 4706 3603 4745 a

1957 4800 2176 4852 min-imo
2201 4813 2385 4852 eorum
2414 4813 2584 4868 usque
2609 4797 2684 4851 ad
2708 4798 3025 4852 maximum.
3055 4794 3243 4851 Lectio
3270 4811 3341 4849 ex
3367 4794 3604 4867 epistola

1957 4896 2112 4952 Pauli
2138 4896 2209 4950 ad
2234 4895 2516 4965 Hebraeos,
2548 4895 2646 4950 ubi
2677 4894 2857 4950 multa
2882 4894 3150 4965 praeclare
3182 4893 3252 4949 de
3270 4891 3401 4947 ﬁde.
3425 4893 3603 4947 Evan-

1960 4989 2173 5062 gelium
2195 4989 2486 5058 Johannis,
2519 4991 2581 5045 in
2621 5005 2736 5061 quo
2774 4987 2967 5060 agitur
3011 4988 3081 5043 de
3128 4985 3454 5058 gentilibus,
3498 4986 3600 5059 qui

1955 5088 2311 5140 accesserunt
2338 5084 2409 5140 ad
2437 5084 2789 5155 Philippum,
2822 5081 3116 5153 cupientes
3149 5081 3342 5135 Jesum
3378 5079 3592 5137 videre.

1955 5178 2232 5234 Eumdem
2253 5178 2406 5234 diem
2431 5176 2827 5249 Capitilavium
2851 5192 2885 5231 a
2909 5175 3082 5247 vulgo
3116 5174 3388 5246 appellari
3427 5174 3602 5231 tradit

1958 5272 2222 5341 Isidorus,
2257 5294 2285 5322 ‹‹
2309 5272 2444 5344 quia
2468 5276 2603 5325 tunc
2627 5269 2803 5325 moris
2841 5274 2989 5325 esset
3025 5268 3211 5340 capita
3245 5268 3473 5325 lavandi
3517 5268 3604 5325 in-

1956 5366 2200 5421 fantium
2224 5360 2324 5437 qui
2350 5363 2606 5437 ungendi
2631 5367 2785 5419 sunt.
2820 5384 2848 5413 »
2883 5364 2947 5419 In
2986 5361 3189 5419 Missali
3229 5362 3602 5418 Ambrosiano

1957 5459 2289 5531 Symbolum
2313 5457 2768 5531 competentibus
2807 5457 3135 5514 tradebatur
3170 5455 3411 5513 Sabbato
3451 5472 3599 5528 pras-
3672 5474 3675 5483 ι

1956 5553 2210 5609 cedente.
2257 5552 2420 5607 Nulla
2460 5552 2568 5607 hoc
2621 5551 2714 5608 die
2769 5550 2956 5625 passio
2995 5551 3058 5607 in
3105 5549 3481 5615 Lectionario,
3527 5564 3602 5605 ne

1955 5647 2097 5703 feria
2136 5646 2304 5703 tertia
2343 5645 2429 5702 vel
2474 5651 2677 5719 quarta
2714 5650 3006 5720 sequente,
3061 5645 3159 5701 sed
3198 5646 3421 5699 tantum
3460 5640 3603 5697 feria

1957 5744 2133 5797 sexta.
2164 5742 2224 5797 ln
2252 5740 2463 5797 Ordine
2488 5740 2737 5812 quodam
2759 5737 3158 5808 vetustissimo,
3190 5749 3364 5807 quem
3389 5733 3451 5789 in
3469 5735 3604 5792 Ger-

1957 5834 2145 5893 mania
2163 5834 2500 5911 reperimus,
2525 5834 2598 5891 ad
2624 5835 2774 5897 hanc
2793 5829 3145 5890 Dominicam
3175 5826 3356 5902 passio
3395 5844 3602 5891 secun-
