4032 6180
477 295 576 354 l8?~

1265 295 1594 356 APPENDIX
1635 295 1720 350 AD
1757 293 1978 350 OPEHA
2015 291 2248 349 SANCTI
2285 293 2582 350 GERMANI
2621 293 3043 352 PABISIENSIS.

3733 293 3840 350 188

467 407 608 465 dum
648 403 974 464 Mattheum
1014 405 1416 480 praescribitur,
1456 421 1654 460 rursus
1693 405 1754 460 in
1793 405 2090 460 Parasceve
2111 412 2171 488 Α
2191 401 2372 458 carnis
2409 405 2732 474 assumptus,
2777 401 2922 459 sicut
2955 406 3198 460 aeternus
3233 405 3290 460 et
3321 401 3608 475 piissimus
3645 403 3837 474 Pater,

467 502 746 575 repetita;
771 507 970 574 quarta
993 518 1124 556 vero
1149 499 1288 555 feria
1311 500 1497 572 passio
1522 500 1834 556 secundum
1859 499 2089 554 Lucam.

467 597 614 652 Olim
639 597 698 650 in
727 596 1026 666 Dominica.
1041 595 1360 650 Palmarum
1385 595 1566 666 passio
1583 593 1878 666 legebatur
1895 595 1958 648 in
1977 610 2092 648 ma-

463 691 576 762 jori
602 693 826 744 tantum
859 705 1034 758 sacro,
1065 705 1184 744 non
1207 689 1267 744 in
1289 689 1520 761 privatis
1545 688 1750 744 missis.

469 796 681 853 XXXIII.
723 811 962 850 LEGENDA
1003 811 1060 850 IN
1095 811 1392 850 AUTENTICA
1431 809 1770 861 BEBDOHADA,
1821 809 1976 850 suum
2027 809 2086 863 ιι,

1065 884 1134 922 ΔΙ)
1173 883 1493 923 ΠΑΤΟΤΙΝΟΞ.

904 956 1078 1006 Lectio
1111 957 1327 1006 Danihel
1361 957 1648 1021 prophetia.

540 1041 814 1111 Tempore
843 1039 959 1106 illo,
1000 1055 1106 1110 ego
1141 1039 1395 1106 Danihel,
1427 1055 1558 1094 cum
1583 1055 1806 1094 orarem
1833 1042 1890 1093 et
1917 1038 2090 1094 confi-

465 1137 616 1190 terer
641 1139 868 1205 peccata
903 1151 1048 1200 mea,
1091 1137 1149 1188 et
1185 1139 1414 1206 peccata
1451 1133 1648 1205 populi
1693 1133 1808 1188 mei
1857 1132 2087 1198 Israhel,

465 1231 594 1296 etc.,
623 1243 792 1299 usque
818 1230 883 1284 Et
907 1244 1084 1299 usque
1121 1229 1191 1283 ad
1232 1227 1778 1283 consummationem
1817 1231 1873 1282 et
1915 1225 2089 1282 finem

465 1323 838 1394 perseveravit
863 1321 1168 1378 dissolatio.
1201 1323 1432 1393 (Daniel.
1457 1339 1534 1386 Ix,
1561 1321 1766 1392 20-27.)

533 1432 798 1486 LEGENDA,
853 1433 1010 1472 FERIA
1067 1435 1148 1484 III,
1189 1435 1257 1472 AD
1315 1433 1634 1486 MATUTINOS,
1687 1432 1742 1471 IN
1793 1431 2088 1472 AUTENTICA

1105 1505 1446 1544 HEBDOXIADA.

877 1577 1051 1628 Lectio
1087 1577 1345 1627 Hierimias
1379 1577 1668 1640 prepbetaa.

537 1661 584 1734 1
751 1663 876 1718 Haec
891 1663 1024 1718 dicit
1045 1663 1336 1718 Dominus:
1355 1665 1689 1719 Revertatur
1699 1662 2089 1734 unusquisque

463 1772 498 1811 a
537 1757 626 1810 via
661 1775 760 1812 sua
801 1758 968 1824 mala,
1016 1761 1146 1822 etc.,
1191 1774 1362 1827 usque
1407 1757 1670 1812 Animam
1715 1756 1980 1828 pauperis
2019 1755 2088 1810 de

461 1867 634 1905 manu
681 1852 980 1921 malorum,
1027 1851 1105 1906 ait
1145 1853 1416 1906 Dominus
1461 1853 1626 1906 Deus.
1671 1851 1884 1920 (Jercm.
1929 1868 2086 1918 xvm,

461 1945 647 2014 11-23)
679 1947 881 2000 Deinde
908 1951 1290 2016 consequenter
1319 1965 1334 2000 :
1365 1943 1644 2000 Seduxisti
1675 1961 1786 2014 me,
1831 1945 2086 2012 Domine,

457 2041 514 2094 et
539 2038 799 2094 seductus
825 2055 972 2106 sum,
1006 2043 1112 2094 etc.
1145 2039 1354 2108 (Jercm.
1385 2056 1500 2104 xrx,
1530 2039 1707 2108 7-13.)

589 2153 830 2192 LEGENDA
869 2154 1024 2192 FERIA
1065 2155 1136 2202 ιν,
1179 2154 1236 2191 IN
1275 2153 1572 2192 AIFTI-ZNTICA
1611 2153 1952 2206 HEBDOXIADA,

1055 2225 1122 2263 AD
1163 2225 1484 2264 MATUTINOS.

881 2297 1056 2347 Lectio
1091 2296 1350 2347 Hirrimim
1385 2295 1670 2358 prophetae.

525 2377 676 2432 Dixit
725 2377 1020 2432 Ilierimias
1075 2395 1088 2431 :
1147 2379 1264 2448 Ego
1307 2377 1394 2432 vir
1441 2378 1636 2432 videns
1691 2381 2084 2448 paupertatem

451 2487 640 2526 meam
665 2471 724 2526 in
743 2472 902 2542 virga
937 2471 1346 2542 indignationis
1391 2476 1524 2538 tuas,
1567 2475 1698 2536 etc.,
1747 2487 1918 2540 usque
1956 2471 2084 2526 Ideo

451 2565 692 2636 sperabo
735 2565 1134 2620 misericordias
1185 2564 1432 2633 Domini,
1495 2565 1574 2620 ait
1606 2564 1878 2620 Dominus
1918 2565 2080 2620 Deus.

453 2658 670 2730 (Thren.
705 2676 787 2726 ιιι,
825 2660 988 2730 1-22.)

528 2775 741 2832 XXXIV.
782 2791 1025 2831 LEGENDA
1065 2794 1122 2832 IN
1160 2793 1296 2831 cum
1337 2791 1526 2830 eoum:
1569 2792 1638 2828 AD
1681 2789 2002 2830 uarurmos.

987 2865 1164 2914 Lectio
1197 2863 1318 2913 libri
1350 2863 1532 2913 Exodi.

455 2965 460 2968 ·
519 2948 794 3016 Tempore
823 2946 938 3012 illo,
968 2961 1160 3000 mense
1190 2944 1358 2999 tertio
1386 2943 1726 3014 egressionis
1765 2943 1976 2998 Israhel
2015 2943 2082 2998 de

450 3045 599 3094 terra
633 3039 880 3109 Egypti,
917 3037 980 3092 in
1016 3039 1104 3092 die
1149 3039 1256 3092 hac
1291 3042 1570 3092 venerunt
1603 3036 1674 3091 ad
1715 3035 2084 3092 solitudinem

449 3131 619 3200 Sinai,
651 3137 782 3197 etc.,
813 3147 984 3200 usque
1027 3133 1094 3185 Et
1135 3135 1198 3184 ut
1231 3135 1418 3186 terror
1457 3130 1603 3184 illius
1641 3133 1786 3186 esset
1821 3129 1880 3184 in
1921 3129 2082 3184 vobis
2102 3161 2156 3234 Ο
2183 3155 2303 3208 lum

447 3231 504 3280 et
533 3243 650 3280 non
675 3225 980 3298 peccaretis
1005 3223 1270 3296 amplius.
1295 3225 1489 3295 (Exod.
1519 3240 1630 3290 xix,
1681 3228 1732 3292 t,
1771 3239 1938 3293 usque
1985 3241 2078 3294 xx,

446 3321 558 3390 2O.)
596 3399 770 3449 Lectio
804 3399 970 3449 sancti
1001 3398 1272 3462 Evangelii
1305 3397 1592 3448 secundum
1629 3395 1942 3446 Matthasum.

451 3507 458 3514 ·
517 3485 722 3540 Diebus
747 3485 878 3552 illis,
905 3485 1048 3540 dixit
1074 3485 1347 3539 Dominus
1387 3485 1547 3538 Jesus
1583 3481 1873 3552 discipulis
1918 3481 2032 3535 suis
2065 3498 2078 3535 :

445 3579 610 3634 Scitis
635 3581 768 3651 quia
793 3584 918 3650 post
943 3579 1180 3634 biduum
1207 3579 1418 3634 Pascha
1442 3577 1654 3632 fiet.....
1683 3575 1963 3632 tumultus
1989 3574 2084 3631 ﬁe-

443 3677 532 3728 ret
559 3673 618 3726 in
643 3673 967 3744 populo.....
999 3675 1212 3738 (Matth.
1241 3689 1390 3738 xxvi,
1419 3672 1498 3740 2.)

451 3801 454 3804 ί
833 3787 1012 3832 NOTAE
1053 3789 1130 3832 ΕΤ
1171 3785 1678 3832 OBSERVATIONES
1689 3815 1701 3828 .

515 3869 795 3923 Numerus
828 3867 1158 3938 marginalis
1195 3867 1348 3922 deest
1395 3865 1454 3920 in
1494 3866 1670 3920 tribus
1705 3864 1902 3936 primis
1937 3863 2078 3918 heb-

444 3961 696 4016 domade:
733 3965 938 4015 sanctas
976 3960 1153 4028 feriis,
1214 3961 1274 4014 in
1333 3959 1540 4031 quibus
1575 3959 1744 4012 unica
1781 3957 1966 4012 Lectio
2009 3957 2078 4012 ad

443 4055 758 4124 Matutinos,
777 4055 948 4109 nullm
973 4055 1044 4108 ad
1071 4053 1298 4109 missam
1320 4053 1702 4124 assignantur.
1723 4051 1884 4105 Nulla
1906 4049 2078 4106 etiam

440 4149 611 4204 missa
635 4149 726 4204 his
745 4149 944 4204 diebus
961 4152 1140 4203 exstat
1159 4148 1218 4202 in
1237 4147 1595 4212 Mozarabico,
1620 4161 1808 4216 neque
1831 4144 2000 4199 etiam
2019 4144 2080 4198 in

440 4243 736 4299 Gallicano.
767 4242 1128 4298 Hebdomada
1159 4247 1391 4298 vocatur
1415 4239 1760 4307 authentica,
1791 4243 1853 4294 ut
1871 4237 2080 4309 passim

439 4338 590 4408 apud
635 4336 1003 4406 Amalarium,
1050 4336 1302 4408 aliosque
1335 4351 1530 4391 rerum
1572 4331 2080 4389 ecclesiasticarum

439 4432 760 4503 scriptores.
791 4433 940 4486 Evan
949 4430 1162 4502 gelium
1181 4430 1230 4502 1
1247 4429 1374 4503 29
1399 4429 1554 4484 feria:
1575 4427 1790 4500 quintae
1811 4425 2080 4480 mutilum

439 4529 522 4578 est
545 4524 602 4578 in
629 4525 828 4579 Codice
853 4529 1066 4594 nostro,
1099 4524 1368 4596 quoniam
1395 4523 1622 4579 avulsus
1647 4525 1732 4576 est
1755 4535 1905 4575 unus
1929 4535 2070 4590 qua-
2093 4533 2152 4604 D

437 4617 642 4682 ternio,
699 4617 760 4670 in
813 4633 926 4688 quo
985 4618 1340 4672 habebantur
1394 4618 1683 4672 Lectiones
1725 4613 1796 4668 ad
1843 4613 2076 4668 missam

437 4711 620 4764 Coenae
647 4711 892 4780 Domini,
923 4715 978 4764 et
1005 4711 1076 4764 ad
1102 4712 1398 4766 Matutinos
1425 4711 1578 4766 feriae
1605 4713 1796 4777 sextae,
1825 4711 1892 4762 ut
1919 4706 2078 4762 colli-

437 4803 624 4874 gimus
647 4820 716 4859 ex
745 4820 920 4858 vacuo
949 4803 1159 4873 duplici
1187 4819 1449 4870 numero,
1478 4808 1536 4858 et
1561 4820 1630 4858 cx
1661 4801 1922 4872 sequenti
1957 4817 2068 4854 nu-

431 4914 590 4953 mero
615 4901 704 4964 37,
734 4898 834 4969 qui
861 4897 920 4952 in
952 4896 1136 4952 ofﬁcio
1169 4897 1428 4952 secundm
1459 4897 1615 4952 horae
1639 4895 1710 4950 ad
1733 4911 1894 4950 oram
1914 4893 2076 4949 Codi-

433 4993 511 5046 cis
535 4991 857 5063 apponitur.
904 4993 966 5046 In
1007 4989 1196 5046 triduo
1243 4995 1374 5046 ante
1415 4991 1626 5046 Pascha
1671 4989 1740 5044 ad
1779 4987 2076 5044 Matutinos

435 5101 550 5140 non
575 5085 932 5156 legebantur,
959 5089 1026 5142 ut
1069 5085 1258 5155 modo,
1297 5085 1555 5140 Ieremia:
1597 5082 2069 5150 Lamentationes,

433 5179 530 5232 sed
558 5195 671 5232 una
689 5179 854 5234 lectio
879 5195 950 5235 ex
983 5179 1326 5250 praemissis;
1365 5195 1470 5234 nec
1505 5179 1692 5252 passio
1728 5174 1935 5234 Christi
1971 5175 2076 5230 Do-

433 5272 574 5326 mini
599 5277 731 5327 ante
755 5273 962 5328 feriam
990 5277 1231 5328 sextam.

509 5367 797 5422 Dominica’
822 5367 992 5422 Canae
1017 5369 1162 5436 festa
1186 5371 1346 5423 vocat
1369 5367 1671 5440 Gregorius
1707 5368 1770 5423 in
1807 5369 1910 5424 lib.
1949 5385 2070 5436 vm,

431 5477 556 5532 cap.
587 5459 676 5516 43.
705 5459 812 5515 Alii
837 5461 1036 5517 Natale
1065 5463 1272 5524 colicis,
1317 5477 1431 5532 quo
1463 5461 1628 5516 titulo
1665 5462 1862 5517 Avitus
1903 5462 2070 5516 Vien-

429 5553 620 5608 nensis
643 5554 896 5625 pontifex
921 5571 1244 5612 sermonem
1273 5554 1492 5622 habuit,
1521 5555 1684 5626 cujus
1709 5555 1928 5628 aliquot
1949 5556 2066 5610 fra-

433 5651 666 5718 gmenta
687 5649 773 5704 vir
799 5648 871 5704 cl.
902 5649 1136 5704 Iacobus
1165 5647 1506 5704 Sirmundus
1531 5649 1804 5721 vulgavit.
1851 5649 2072 5722 Insigne

424 5745 506 5794 est
549 5757 668 5810 prae
708 5741 928 5798 caeteris
963 5741 1355 5813 fragmentum
1393 5742 1650 5808 tertium,
1691 5744 1752 5797 in
1794 5759 1907 5814 quo
1951 5743 2074 5798 haec

423 5833 598 5888 verba
625 5849 641 5889 :
669 5855 696 5884 «ί
719 5833 1066 5905 lmpleturus
1085 5834 1429 5906 Redemptor
1447 5837 1640 5894 noster
1655 5841 2072 5894 sacramentum

2191 495 2388 552 creatis
2414 513 2446 550 a
2485 511 2544 551 se
2585 496 3007 568 redemptisque
3049 497 3176 552 ﬁliis
3217 513 3374 568 spem
3414 497 3650 552 indultae.
3689 497 3836 554 ado-

2189 589 2396 660 ptionis
2443 590 2718 660 aperiens,
2777 591 3262 664 substantiamque
3314 591 3476 646 nobis
3523 591 3838 661 ccelestem,

2189 685 2318 736 ante
2348 683 2498 738 diem
2523 701 2638 738 suae
2667 684 2862 740 mortis
2888 685 3198 756 assignans,
3227 690 3628 740 testamentum
3679 685 3840 752 fecit,

2190 793 2302 847 quo
2329 793 2434 832 nos
2475 777 2726 832 haeredes
2764 778 2834 832 ab
2883 778 2970 832 his
3009 795 3137 850 qua:
3181 779 3528 850 largiebatur
3565 779 3844 846 instituit,

2189 870 2438 926 humana
2467 871 2698 943 quidem
2723 873 3162 944 comparatione,
3193 873 3290 927 sed
3315 889 3426 926 non
3459 873 3712 928 humana
3739 889 3844 928 nc-

2189 964 2484 1020 cessitate:
2515 981 2628 1020 non
2654 965 2963 1020 amissurus
3002 967 3154 1038 quod
3191 967 3320 1020 tiliis
3359 967 3684 1038 deputabat,
3737 966 3844 1020 sed

2189 1058 2487 1113 habiturus
2513 1060 2698 1130 magis
2723 1060 2866 1114 ﬁlios
2891 1077 3024 1115 cum
3049 1061 3375 1115 haereditate
3401 1077 3574 1132 quam
3595 1060 3844 1132 scripse-

2189 1157 2294 1207 rat.
2362 1153 2784 1208 Testamentum
2828 1155 2934 1208 hoc
2989 1155 3342 1226 appellamus
3397 1155 3836 1210 Testamentum

2189 1245 2448 1300 Novum:
2481 1247 2540 1300 in
2565 1264 2678 1318 quo
2717 1247 3088 1302 exhaeredatis
3129 1247 3411 1314 omnibus,
3453 1248 3606 1302 solus
3647 1248 3842 1302 haeres

2188 1339 2502 1394 instituitur
2547 1341 2796 1411 pepulus
2841 1341 3212 1396 Christianus.
3263 1342 3384 1395 Non
3435 1347 3626 1396 autem
3663 1342 3842 1412 juxta

2187 1436 2480 1488 terrenum
2509 1449 2727 1488 morem
2757 1434 3054 1490 haireditas
3083 1435 3184 1488 ista
3225 1435 3514 1500 dividitur,
3557 1451 3659 1490 nec
3699 1451 3836 1490 cor-

2189 1526 2446 1597 ruptibili
2487 1527 2878 1583 distributione
2915 1529 2974 1582 in
3015 1529 3204 1598 plures
3245 1529 3496 1600 dispersa
3533 1533 3836 1584 tenuatur.

2189 1619 2398 1674 Omnes
2429 1621 2646 1692 recipit,
2677 1637 2874 1676 omnes
2915 1623 3144 1689 invitat;
3191 1637 3294 1676 nec
3331 1623 3399 1676 de
3439 1624 3700 1692 portione
3743 1627 3837 1676 te-

2189 1719 2428 1768 uentum
2457 1715 2692 1781 tollitur,
2725 1716 2874 1786 quod
2901 1715 3024 1770 aliis
3051 1716 3414 1770 nascentibus
3441 1717 3766 1786 deputetur.
3803 1739 3832 1766 ››

2111 1790 2166 1860 Β
2189 1809 2257 1861 Et
2279 1809 2448 1874 infra.
2483 1810 2913 1878 «Agnoscamus
2949 1825 3102 1862 nunc
3139 1809 3680 1864 tidelitersummam
3717 1809 3838 1864 hae-

2192 1899 2442 1954 reditatis
2467 1901 2729 1971 indeptae.
2765 1903 2902 1956 Illud
2931 1907 3014 1956 est
3041 1902 3320 1968 videlicet,
3363 1903 3514 1974 quod
3553 1903 3838 1957 comanti-

2189 1992 2294 2046 bus
2319 1994 2584 2064 apostolis
2609 1995 2808 2049 aeterni
2833 1995 3119 2050 libaminis
3161 1996 3420 2052 ordinem
3463 1996 3838 2051 consecravit.

2191 2087 2384 2159 Itaque
2407 2087 2680 2154 videmus,
2714 2089 2864 2160 quod
2891 2090 3034 2144 nihil
3063 2089 3224 2143 nobis
3249 2090 3318 2144 de
3349 2090 3670 2144 substantiae
3713 2090 3842 2160 plc-

2189 2181 2448 2236 nitudine
2477 2182 2704 2250 minuit,
2739 2182 2836 2253 qui
2861 2183 3010 2254 quod
3043 2199 3147 2253 pro
3179 2183 3340 2236 nobis
3381 2184 3708 2254 assumpsit,
3751 2189 3840 2238 to-

2186 2277 2310 2328 tum
2339 2275 2498 2328 nobis
2519 2275 2768 2346 reliquit.
2791 2276 2899 2330 Alii
2923 2277 3239 2332 haeredihus
3267 2276 3384 2330 suis
3409 2293 3506 2330 sua
3531 2277 3792 2332 tribuunt
3817 2295 3834 2344 ;

2187 2365 2280 2420 ille
2303 2368 2692 2438 semetipsum,
2727 2368 2786 2422 id
2812 2375 2895 2422 est
2921 2386 3150 2424 carnem
3187 2369 3272 2424 vel
3317 2370 3651 2440 sanguinem
3695 2387 3834 2424 cor—

2185 2459 2335 2530 poris
2361 2460 2470 2514 sui.
2501 2483 2528 2510 ››
2554 2465 2739 2516 Aurea
2777 2463 2968 2530 verba,
2999 2479 3102 2519 nec
3139 2463 3330 2518 minus
3353 2463 3462 2518 tidc
3491 2479 3664 2535 quam
3697 2479 3838 2520 con-

2185 2553 2455 2608 solatione
2483 2554 2670 2626 plena.

2270 2651 2503 2724 [XXXV].
2545 2669 2791 2708 LEGENDA
2827 2671 2896 2708 se
2937 2671 3237 2710 uarurmos
3279 2672 3337 2710 IN
3375 2671 3736 2712 pmsscevmv.

2673 2743 3012 2808 Evangelium
3047 2743 3340 2809 Johannis.)

2281 2875 2594 2930 hominem.
2625 2875 2835 2930 Deinde
2863 2877 2998 2931 dicit
3027 2877 3080 2931 ei
3097 2895 3244 2932 unus
3260 2895 3327 2932 ex
3351 2879 3524 2933 servis
3543 2877 3836 2949 pontiﬁcis

2184 2971 2457 3039 cognatus
2521 2969 2662 3038 ejus,
2722 2970 2882 3040 cujus
2933 2971 3170 3026 abscidit
3231 2973 3428 3026 Petrus
3483 2973 3830 3028 auriculam.

2185 3061 2376 3115 Nonne
2406 3077 2512 3132 ego
2543 3067 2596 3116 te
2625 3062 2741 3116 vidi
2769 3063 2828 3116 in
2859 3068 2986 3118 ortu
3029 3081 3160 3118 cum
3197 3065 3333 3120 illo?
3377 3067 3444 3120 Et
3479 3071 3606 3138 post
3637 3067 3832 3137 pusil-

2351 3154 2606 3226 (Mutth.),
2647 3162 3002 3212 accesserunt
3038 3158 3136 3228 qui
3183 3157 3420 3228 stabant,
3460 3165 3516 3214 et
3554 3159 3834 3216 dixerunt

2189 3246 2379 3320 130
2411 3249 2571 3302 Petro
2605 3266 2618 3304 :
2651 3251 2788 3304 Vere
2819 3255 2874 3304 et
2901 3255 2958 3305 tu
2985 3267 3054 3304 ex
3081 3251 3195 3305 illis
3221 3269 3299 3320 es,
3333 3269 3466 3306 nam
3503 3258 3557 3307 et
3589 3252 3832 3324 loquilla

2183 3347 2279 3396 tua
2307 3341 2672 3397 manifestum
2701 3347 2756 3397 te
2785 3343 2934 3398 facit.
2965 3345 3120 3398 Tunc
3147 3345 3316 3416 cmpit
3331 3345 3528 3415 jurare
3563 3350 3620 3400 et
3655 3346 3828 3402 dete-

2183 3439 2352 3504 stare,
2383 3435 2514 3506 quia
2541 3453 2656 3490 non
2681 3437 2929 3491 novisset
2953 3437 3266 3492 hominem.
3299 3439 3366 3492 Et
3393 3439 3660 3493 continuo
3695 3441 3826 3509 gal-

2183 3528 2269 3582 lus
2291 3529 2552 3584 cantavit.
2583 3531 2650 3584 Et
2683 3547 2984 3584 conversus
3019 3531 3290 3592 Dominus
3329 3533 3529 3604 Jhesus
3569 3533 3830 3604 respexit

2182 3623 2344 3676 Petro
2391 3623 2559 3694 (Luc.)
2599 3625 2664 3678 Et
2689 3624 3013 3690 recordatus
3051 3629 3134 3679 est
3162 3625 3360 3680 Petrus
3389 3627 3536 3680 verbi
3569 3627 3824 3682 Domini.

2180 3716 2310 3770 Jcsu
2335 3717 2484 3788 quod
2515 3717 2732 3772 dixerat
2761 3735 2774 3772 :
2803 3717 3136 3790 Priusquam
3169 3719 3350 3790 gallus
3375 3724 3580 3787 cantet,
3611 3725 3704 3776 ter
3729 3737 3830 3777 me

2181 3809 2431 3879 negabis.
2461 3810 2528 3864 Et
2552 3827 2814 3880 egressus
2845 3811 2992 3865 foras
3017 3812 3172 3867 ﬂevit
3201 3829 3393 3867 amare
3426 3813 3682 3883 (Matth).

2283 3902 2522 3957 XXXVII.
2563 3919 2807 3958 LEGENDA
2847 3921 2914 3958 AD
2953 3921 3190 3960 saccum
3235 3921 3290 3960 IN
3329 3922 3686 3961 PARASCEVEN.

2757 3991 2916 4042 Esaia:
2951 3993 3236 4056 prophetas.

2249 4071 2386 4124 Ecce
2413 4069 2692 4142 intellegit
2719 4089 2911 4128 servus
2937 4090 3119 4142 meus,
3151 4079 3206 4129 et
3233 4074 3588 4142 exaltabitur,
3627 4081 3688 4130 et
3713 4077 3834 4131 ele-

2179 4163 2420 4232 vabitur,
2453 4165 2510 4218 et
2540 4165 2798 4220 sublimis
2841 4167 2968 4236 erit,
3017 4172 3148 4237 etc.,
3189 4184 3360 4238 usque
3393 4169 3499 4222 Pro
3533 4173 3836 4241 trangreso

2179 4257 2400 4312 scribus
2420 4257 2616 4314 oravit.
2645 4259 2774 4329 (Isa.
2801 4277 2898 4330 LII,
2923 4263 3007 4331 13,
3033 4278 3202 4332 usque
3231 4277 3346 4332 LIII,
3375 4265 3460 4332 l2,
3483 4264 3832 4332 quibusdam

2179 4351 2430 4422 omissis.)

2415 4461 2656 4500 LEGENDA
2693 4463 2763 4501 AD
2803 4465 3040 4504 SECUNDA
3083 4467 3138 4503 IN
3179 4465 3536 4504 PARASCEVEN.

2681 4535 3024 4600 Evangelium
3057 4537 3301 4588 Matthtei.

2245 4616 2401 4670 Mane
2433 4619 2624 4669 autem
2653 4615 2818 4686 facto,
2847 4617 3144 4672 consilium
3173 4619 3427 4674 inierunt
3445 4635 3644 4675 omnes
3665 4622 3840 4691 prin-

2175 4708 2328 4780 cipes
2354 4708 2708 4764 sacerdotum
2729 4715 2786 4764 et
2813 4711 3060 4766 seniores
3085 4713 3283 4784 populi
3315 4713 3582 4768 adversus
3623 4714 3832 4770 Domi-

2175 4818 2316 4856 num
2345 4803 2557 4870 Jesum,
2589 4807 2654 4858 ut
2683 4820 2814 4858 eum
2841 4805 3010 4860 morti
3041 4805 3330 4862 traderent
3359 4823 3372 4860 :
3407 4811 3464 4861 et
3495 4806 3758 4864 vinctum
3789 4826 3832 4862 a

2173 4895 2385 4968 Caipha
2397 4895 2932 4972 adduxerunteum,
2959 4903 3014 4954 et
3037 4899 3602 4954 tradideruntPontio
3621 4901 3835 4972 Pylato

2175 4989 2422 5061 praesidi.
2451 4991 2606 5045 Tunc
2637 4991 2832 5046 videns
2871 4992 3038 5046 Iudas
3077 4993 3176 5063 qui
3219 5009 3352 5048 eum
3397 4993 3632 5048 tradidit
3667 4997 3842 5066 quod

2174 5083 2472 5138 damnatus
2497 5089 2661 5154 esset,
2701 5085 3032 5156 poenitentia
3070 5086 3272 5141 ductus
3309 5087 3528 5142 rettulit
3565 5088 3842 5158 treginta

2173 5182 2469 5250 argenteos
2517 5177 2870 5250 principibus
2937 5180 3294 5236 sacerdotum
3359 5185 3415 5236 et
3477 5181 3838 5256 senioribus,

2173 5271 2404 5328 dicens:
2437 5273 2668 5327 Peccavi
2693 5273 2922 5327 tradens
2965 5274 3304 5346 sanguinem
3334 5275 3576 5346 justum.
3623 5279 3699 5330 At
3735 5277 3836 5333 illi

2173 5365 2438 5422 dixerunt
2487 5383 2500 5420 :
2556 5366 2699 5432 Quid
2748 5366 2818 5421 ad
2863 5368 3003 5422 nos?
3061 5373 3122 5423 tu
3167 5367 3390 5424 videris.
3437 5369 3504 5422 Et
3545 5369 3842 5440 projectis

2171 5459 2454 5532 argenteis
2491 5460 2550 5514 in
2589 5460 2822 5531 templo,
2865 5461 3128 5531 recessit;
3169 5465 3226 5516 et
3267 5462 3462 5516 abiens
3507 5463 3716 5533 laqueo
3763 5482 3840 5521 se

2173 5554 2485 5624 suspendit.
2553 5553 2839 5626 Principes
2907 5559 3100 5610 autem
3157 5556 3514 5612 sacerdotum
3566 5559 3840 5628 acceptis

2171 5647 2454 5718 argenteis
2491 5647 2758 5703 dixerunt
2784 5665 2798 5702 :
2827 5649 2948 5706 Non
2977 5649 3106 5706 licet
3147 5665 3244 5704 eos
3267 5649 3492 5704 mittere
3521 5649 3582 5704 in
3613 5651 3840 5708 corba-

2170 5755 2306 5808 nan,
2351 5740 2484 5812 quia
2509 5741 2790 5812 'prascium
2839 5741 3134 5814 sanguinis
3177 5747 3278 5798 est.
3327 5741 3572 5798 Consilio
3619 5747 3844 5803 autem

2171 5833 2335 5904 inito,
2383 5839 2645 5892 emerunt
2687 5851 2758 5892 ex
2803 5835 2912 5890 illis
2961 5851 3166 5908 agrum
3209 5835 3373 5908 ﬁguli
3421 5837 3478 5892 in
3521 5837 3838 5910 sepultura
