4054 6188
215 295 320 359 {89
999 335 1006 342 ·
1301 311 1388 370 DE
1425 313 1738 371 LITURGIA
1773 310 2146 368 GALLICANA
2182 309 2380 368 LIBER
2418 309 2484 368 ll.
3477 313 3576 376 190

207 415 654 488 peregrinorum
689 433 704 474 :
735 402 974 493 prepter
1015 423 1124 479 hoc
1169 427 1403 481 vocatus
1441 428 1528 482 est
1569 441 1710 498 ager
1749 425 1845 484 ille
1865 428 1926 504 Α
1947 422 2279 475 accusantes
2305 436 2459 476 eum.
2483 417 2724 492 Sprevit
2754 424 2947 478 autem
2977 419 3141 479 illum
3160 421 3414 482 Herodes
3444 441 3574 483 cum
3622 473 3640 486 .

209 510 658 581 Acheldemach,
693 515 849 586 quod
878 519 982 585 est,
1033 534 1174 588 ager
1211 520 1524 592 sanguinis,
1561 538 1740 594 usque
1783 521 1842 578 in
1943 515 2191 571 exercito
2217 532 2340 584 suo,
2374 518 2433 571 et
2456 516 2670 584 inlusit,
2699 521 2759 573 et
2782 517 2984 578 induta
3003 523 3158 575 veste
3177 521 3327 590 alba,
3355 523 3578 578 remisit

207 605 561 662 hodiernum
595 607 770 664 diem.
809 611 964 666 Tunc
993 611 1295 684 impletum
1327 617 1412 670 est
1441 615 1594 686 quod
1627 615 1842 671 dictum
1941 608 2018 664 ad
2045 610 2325 680 Pylatum.
2357 610 2425 664 Et
2451 611 2584 666 facti
2615 614 2748 666 sunt
2773 611 2940 667 amici
2981 613 3234 668 Herodes
3260 619 3319 669 et
3346 617 3575 688 Pylatus

208 701 292 754 est
325 717 434 772 per
457 701 806 758 Hieremiam
841 706 1184 776 prophetam
1215 707 1504 764 dicentem
1538 726 1550 764 ε
1583 710 1652 764 Et
1679 726 1841 765 ecce-
1942 699 2002 756 in
2032 701 2156 773 ipsa
2194 702 2310 770 die,
2344 719 2479 758 nam
2520 707 2692 758 antea
2739 703 2955 760 inimici
2999 709 3166 762 erant
3195 707 3268 764 ad
3307 708 3571 766 invicem.

201 797 420 865 perunt
473 795 726 864 treginta
796 803 1106 870 argenteos
1157 801 1422 873 praetium
1489 803 1838 875 adprmciati,
1941 795 2170 866 Pylatus
2210 797 2403 850 autem
2442 797 2767 851 convocatis
2799 798 3152 870 principibus
3187 802 3570 872 sacerdotum,

204 903 384 960 quem
422 889 914 961 adprteciaverunt
951 911 986 948 a
1015 893 1145 949 filiis
1178 895 1412 962 Israhel,
1455 899 1513 951 et
1556 895 1844 952 dederunt
1939 892 2001 942 θῐ
2026 888 2455 958 magiam-tibus
2477 887 2669 962 132
2691 893 2748 944 et
2771 891 2959 962 Plebe,
2987 891 3126 947 ἀίιίῒ
3147 893 3222 948 ad
3253 893 3379 950 illos
3412 913 3426 951 ε
3458 897 3570 952 0b-

199 999 304 1036 eos
337 982 396 1038 in
427 1000 633 1054 agrum
663 985 842 1056 ﬁguli,
876 987 1019 1042 sicut
1049 987 1192 1043 mihi
1218 989 1496 1044 Dominus
1527 991 1837 1046 constituit.
1938 980 2118 1034 tumis
2143 981 2286 1036 mihi
2316 982 2468 1036 hunc
2494 982 2794 1038 hominem
2824 983 2987 1056 quasi
3007 989 3362 1043 avertentem
3394 1005 3573 1060 Popu'

197 1076 367 1130 Iesus
393 1079 787 1135 'autem'stetit
831 1085 965 1136 ante
997 1081 1322 1153 prin-eidem,
1363 1086 1422 1137 et
1465 1083 1842 1156 interrogavit
1940 1074 2154 1141 lum,et
2169 1089 2300 1130 ecce
2322 1091 2431 1147 ego
2453 1092 2649 1131 coram
2668 1076 3572 1151 vobisinterrogansnullamcau-

192 1185 342 1224 eum
371 1187 581 1241 pmses
605 1171 803 1228 dicens
833 1190 847 1228 ε
874 1175 954 1230 Tu
985 1193 1045 1230 es
1070 1192 1168 1231 rex
1195 1176 1524 1232 ,Ῑυάωοινιιω
1549 1175 1578 1232 ‘3
1607 1177 1754 1232 Dicit
1785 1177 1838 1233 ei
1939 1183 2062 1221 sam
2080 1167 2310 1224 invenio
2331 1168 2390 1247 in
2411 1169 2646 1225 homine
2665 1169 2772 1225 isto
2795 1186 2862 1226 ex
2883 1170 2990 1238 his,
3013 1172 3073 1228 in
3095 1172 3300 1244 quibus
3320 1190 3452 1229 eum
3475 1191 3570 1231 ac-

189 1257 485 1315 Dominns
527 1263 734 1317 Iesus:
776 1264 856 1319 Tu
903 1253 1061 1319 dicis.
1106 1265 1175 1320 Et
1217 1281 1348 1320 cum
1393 1269 1757 1322 accusaretur
1805 1284 1839 1322 ε,
1939 1261 2193 1316 cusastis.
2227 1261 2340 1318 Sed
2371 1278 2559 1334 neque
2601 1263 2874 1319 Herodes.
2907 1266 3051 1320 Nam
3080 1266 3302 1322 remisit
3328 1284 3462 1323 eum
3495 1268 3570 1324 ad

193 1352 558 1425 principibus
589 1356 954 1411 sacerdotum
988 1361 1045 1412 et
1071 1357 1412 1425 senioribus,
1437 1359 1575 1414 nihil
1597 1377 1794 1433 respon

1969 1366 2072 1405 1081
2096 1354 2154 1406 et
2173 1368 2305 1406 ecce
2325 1351 2566 1423 dignum
2587 1353 2760 1408 morti
2782 1353 2923 1408 nihil
2945 1355 3144 1426 aptum
3165 1357 3253 1410 est
3270 1356 3346 1412 ei.
3365 1358 3570 1413 Emen-

193 1444 300 1500 dit.
350 1447 506 1502 Tunc
539 1447 674 1504 dicit
710 1451 788 1504 illi
823 1451 1051 1522 Pylatus
1081 1469 1098 1506 :
1130 1453 1253 1506 Non
1285 1453 1447 1508 audis
1479 1458 1695 1524 quanta
1733 1455 1832 1510 ad-
1938 1443 2137 1499 datum
2164 1461 2304 1516 ⁸1⁸80
2327 1445 2487 1500 illum
2515 1445 2822 1502 dimittam-
2845 1447 2955 1502 ΡΘΓ
2973 1447 3129 1503 diem
3153 1452 3347 1505 alii-em
3366 1451 3570 1506 SOlem-

188 1555 432 1595 versum
469 1545 526 1596 te
557 1543 755 1598 dicunt
784 1543 1156 1600 testimonia?
1195 1546 1262 1600 Et
1299 1561 1414 1602 non
1454 1547 1755 1619 respondit
1783 1547 1835 1603 ei
1935 1553 2072 1592 nem
2104 1537 2344 1609 (ΜαίίῘδι)
2383 1543 2760 1595 consueverat
2787 1557 2999 1612 Ρνωδθθ
3034 1541 3324 1598 dimittere
3356 1544 3568 1615 Populo

191 1633 268 1687 ad
319 1634 480 1690 illum
528 1637 786 1706 verbum,
829 1638 909 1693 ita
949 1641 1011 1694 ut
1054 1638 1366 1695 miraretur
1402 1657 1612 1712 praeses
1660 1641 1830 1697 vehe-
1935 1647 2116 1685 unum
2159 1631 2412 1686 νίηθῒιιω
2454 1649 2629 1704 quem
2667 1633 2997 1689 νοῙιιίεδθηῒο
3031 1635 3332 1691 Hii-hebant
3375 1639 3571 1693 autem

189 1731 448 1783 menter.
1933 1729 2069 1782 tunc
2093 1727 2348 1783 vinctum
2369 1728 2676 1800 insignem,
2693 1729 2788 1800 qui
2812 1729 3112 1786 dicebatur
3131 1731 3436 1788 Barabbas.
3461 1732 3568 1798 Qui

265 1820 458 1895 131
517 1823 811 1896 Principes
853 1829 1048 1882 autem
1088 1827 1453 1883 sacerdotum
1481 1827 1682 1899 (Joan.)
1715 1807 2171 1893 noanropter
2222 1821 2566 1876 seditionem
2611 1823 2906 1894 quandam
2963 1824 3176 1879 factam
3221 1824 3280 1880 in
3340 1826 3566 1882 civitate

187 1915 546 1972 introierunt
579 1918 637 1972 in
677 1921 968 1990 prmturio,
1015 1924 1076 1976 ut
1113 1938 1230 1976 non
1275 1922 1830 1991 contaminarentur,
1931 1913 2128 1986 (Luca),
2156 1913 2215 1968 et
2256 1914 2655 1983 humicidium,
2683 1916 2888 1971 missus
2924 1917 3114 1972 fuerat
3151 1918 3209 1973 in
3252 1934 3563 1976 carcerem.

190 2009 296 2064 sed
339 2011 764 2067 manducarent
805 2015 1034 2085 pascha,
1073 2014 1253 2070 Exivit
1297 2031 1438 2086 ergo
1488 2017 1716 2087 pyietns
1759 2016 1834 2072 ed
1931 2007 2311 2078 Congregatis
2331 2023 2470 2079 ergo
2499 2007 2608 2063 illis
2634 2008 2896 2082 (Matth.),
2921 2010 3056 2065 dicit
3084 2011 3312 2082 Pylatus
3341 2029 3354 2068 :
3381 2011 3565 2078 Quem

186 2119 294 2158 eos
321 2103 497 2172 foras,
528 2109 588 2160 et
608 2105 747 2162 dixit
779 2125 792 2163 ε
823 2108 1008 2173 Quem
1035 2108 1461 2165 accusationem
1493 2109 1708 2165 offertis
1737 2110 1834 2166 ad.
1930 2099 2098 2154 vultis
2123 2100 2411 2156 dimittam
2440 2101 2619 2171 vobis,
2645 2103 2968 2172 Barabban,
2999 2120 3072 2158 an
3091 2105 3324 2160 Jhesum
3351 2105 3447 2177 qui
3477 2105 3561 2162 di-

187 2213 392 2252 versus
421 2198 721 2255 hominem
760 2201 913 2257 hunc
933 2203 961 2258 ?
999 2202 1443 2274 Responderunt
1478 2207 1536 2258 et
1566 2203 1834 2258 dixerunt
1929 2193 2078 2248 citur
2100 2193 2394 2250 Christus?
2414 2195 2642 2251 Sciebat
2662 2196 2817 2252 enim
2840 2197 2994 2269 quod
3025 2215 3131 2270 per
3149 2197 3424 2255 invidiam
3444 2198 3560 2254 tta-

189 2291 241 2345 εἰ
277 2307 291 2345 :
321 2291 381 2346 Si
415 2308 534 2348 non
565 2297 717 2348 esset
754 2295 844 2349 hic
875 2279 1233 2362 malefactor,
1275 2313 1392 2352 non
1425 2296 1528 2352 tibi
1560 2296 1830 2352 tradidis-
1929 2285 2212 2342 ἀίάίεεϐῐιῐ
2247 2303 2400 2344 eum.
2449 2289 2698 2345 sedente
2742 2294 2937 2346 alitem
2983 2291 3081 2347 ίΠο
3118 2309 3224 2363 Pro
3264 2291 3560 2361 tribunali:

189 2401 386 2439 scmus
422 2403 576 2441 eum.
621 2387 767 2442 Dixit
799 2405 938 2459 ergo
969 2389 1052 2444 eis
1089 2390 1321 2461 pyiatus
1355 2407 1367 2445 ε
1408 2391 1659 2462 Accipite
1695 2408 1829 2446 eum
1930 2381 2085 2435 misit
2113 2381 2189 2436 ad
2218 2381 2379 2436 illum
2411 2399 2552 2438 uxor
2581 2383 2705 2455 ejus
2733 2384 2929 2439 dicens
2961 2401 2975 2440 :
3021 2385 3170 2440 Nihil
3197 2385 3300 2441 tibi
3331 2389 3388 2440 et
3405 2386 3564 2458 justo

185 2493 310 2541 vos,
340 2481 398 2532 et
415 2477 730 2535 secundum
747 2481 936 2550 legem
959 2485 1209 2538 vestram
1220 2483 1476 2554 judicate
1497 2501 1650 2538 eum.
1671 2484 1831 2540 Dixe—
1929 2473 2227 2542 ίῙῙίνηιυῙῒει
2258 2474 2414 2530 enim
2446 2493 2614 2548 P3353
2639 2494 2766 2532 sum
2791 2476 2965 2533 Ῑιοάίθ
2987 2495 3092 2550 Per
3118 2478 3302 2534 Visum
3327 2484 3566 2552 Propter

185 2574 327 2626 runt
379 2587 522 2643 ergo
570 2572 622 2626 ei
669 2573 895 2630 Judaei:
941 2575 1115 2630 Nobis
1160 2592 1276 2630 non
1326 2576 1460 2632 licet
1503 2577 1826 2632 interficere
1927 2584 2085 2624 eum.
2115 2567 2408 2641 Principes
2437 2573 2630 2624 autem
2657 2571 3023 2628 sacerdotum
3055 2574 3114 2627 et
3151 2573 3408 2629 seniores
3430 2589 3560 2646 per—

179 2680 547 2736 quenquam.
623 2667 692 2721 Ut
739 2684 931 2723 sermo
986 2668 1214 2724 Domini
1269 2669 1442 2724 Jhesu
1491 2669 1830 2742 impleretur
1927 2665 2232 2716 suaserunt
2248 2663 2461 2734 populo
2482 2666 2826 2734 utpeterent
2845 2665 3562 2732 Barabban,.lhesumvero

185 2773 364 2828 quem
393 2757 553 2825 dixit,
584 2758 915 2829 signiﬁcans
946 2778 1062 2833 qua
1097 2765 1284 2816 morte
1315 2765 1466 2817 esset
1493 2763 1824 2818 moriturus.
1901 2754 2258 2826 perderent.
2280 2747 2656 2828 Respondeas
2674 2760 2868 2812 autem
2893 2756 3090 2829 praesis
3111 2758 3193 2814 ait
3207 2758 3348 2814 illis:
3377 2759 3562 2824 Quem

185 2849 450 2906 Introivit
469 2867 608 2922 ergo
640 2853 848 2909 iterum
871 2855 1205 2926 prosim-ium
1239 2857 1488 2927 pylatus,
1522 2859 1579 2910 et
1609 2856 1829 2912 vocavit
1925 2847 2093 2902 vultis
2120 2848 2280 2903 vobis
2306 2848 2376 2904 de
2406 2848 2630 2904 duobus
2657 2849 2908 2905 dimitti?
2932 2852 3004 2906 At
3019 2850 3100 2906 illi
3130 2850 3426 2908 dixerunt!
3463 2853 3563 2907 Ba-

185 2944 260 2999 ad
291 2945 698 3023 sepominum
727 2948 981 3016 Jhesum,
1017 2952 1073 3004 et
1102 2949 1243 3004 dixit
1269 2950 1318 3004 ei
1348 2951 1465 3005 :Tu
1496 2966 1556 3004 es
1591 2951 1706 3005 Rex
1729 2952 1826 3006 Ju-
1926 2941 2167 2996 rabban.
2205 2940 2352 2996 Dicit
2389 2942 2498 2998 illis
2535 2944 2805 3015 Pylatus:
2839 2943 2988 3009 Quid
3032 2943 3208 3016 igitur
3242 2945 3454 3000 faciam
3487 2945 3560 3001 de

183 3037 450 3094 deorum
473 3038 501 3093 ‘2
531 3040 600 3094 Et
628 3041 927 3112 respondit
969 3041 1020 3096 ei
1067 3042 1344 3098 Dominus
1379 3043 1582 3099 Jhesus
1613 3060 1626 3098 ε
1663 3045 1711 3098 Α
1740 3046 1825 3097 te-
1923 3035 2116 3103 Jhesu,
2151 3034 2250 3107 qui
2281 3035 2486 3092 dicitur
2517 3036 2815 3092 Christus?
2844 3037 3050 3093 Dicunt
3076 3054 3278 3094 omnes
3310 3055 3324 3094 :
3361 3039 3559 3095 Cruci-

183 3132 436 3202 metipso
463 3132 574 3188 hoc
592 3133 753 3200 dicis,
781 3151 854 3188 an
877 3135 970 3190 alii
997 3135 1101 3190 tibi
1127 3136 1396 3192 dixerunt
1424 3137 1495 3191 de
1519 3153 1614 3191 me
1631 3135 1660 3192 ?
1686 3137 1822 3192 Res-
1849 3181 1898 3203 η
1925 3129 2154 3199 ﬁgatur.
2201 3129 2296 3184 Αἱι
2329 3129 2438 3184 illis
2481 3129 2654 3186 teri-i0
2705 3131 2902 3202 ριέεείε
2931 3130 3108 3203 (Lua)
3131 3148 3145 3186 ε
3201 3131 3350 3196 011ίά
3403 3133 3562 3188 enim

185 3181 431 3202 __---r--
465 3181 571 3188 --ν
597 3181 753 3200 _----,
782 3181 854 3188 _--
877 3181 970 3190 η...
1001 3181 1101 3190 -.ω
1129 3181 1396 3192 .....ν.....-
1426 3181 1495 3191 ,ν
1519 3181 1614 3191 -.-ν
1639 3181 1651 3192 ,
1687 3181 1796 3192 -.η
2202 3181 2292 3184 __--
2582 3181 2649 3186 η-
2706 3181 2898 3202 ΓΜ--
2933 3181 3104 3203 \_“--,
3132 3181 3144 3186 -
3208 3181 3350 3196 ,π-
3407 3181 3556 3188 ---_-_

181 3226 395 3298 pondit
423 3227 654 3298 Pylatus
687 3244 700 3282 :
732 3229 1023 3300 Numquid
1062 3246 1170 3300 ego
1200 3230 1430 3285 Judaaus
1467 3229 1635 3286 sum?
1676 3231 1826 3286 Gens
1845 3181 1900 3256 Ο
1925 3224 2078 3278 male
2103 3222 2284 3278 fecit?
2312 3224 2532 3278 nullam
2562 3240 2797 3279 causam
2822 3224 3024 3280 mortis
3055 3225 3284 3281 invenio
3313 3225 3373 3280 in
3403 3243 3556 3282 eum.

174 3323 286 3374 tua
315 3322 378 3374 et
403 3321 704 3391 pontifices
731 3321 1097 3377 tradiderunt
1125 3326 1183 3384 te
1217 3323 1378 3379 mihi.
1413 3323 1562 3389 Quid
1595 3323 1825 3380 fecisti?
1923 3317 2244 3388 COI‘I'ipiam
2289 3332 2428 3388 ergo
2475 3317 2637 3372 illum
2678 3321 2737 3372 et
2783 3317 3090 3374 dimittam.
3137 3321 3210 3374 At
3249 3319 3331 3374 illi
3373 3319 3560 3390 magis

181 3413 509 3484 Respondit
551 3414 832 3470 Dominus
871 3416 1110 3470 Jhesus:
1160 3417 1426 3488 Regnum
1470 3435 1667 3472 meum
1707 3435 1824 3473 non
1925 3411 2256 3467 clamabant
2287 3411 2580 3466 dicentes:
2613 3411 3273 3483 Cruciﬂgatur(Matth.).
3297 3413 3367 3467 Et
3398 3412 3559 3468 inva-

185 3511 274 3561 est
315 3507 388 3562 de
419 3507 528 3563 hoc
553 3509 776 3564 mundo
812 3509 869 3564 Si
912 3510 984 3565 de
1015 3511 1124 3564 hoc
1154 3510 1373 3566 mundo
1405 3515 1554 3566 esset
1579 3527 1826 3582 regnum
1923 3503 2204 3560 liscebant
2229 3520 2398 3560 voces
2429 3520 2630 3560 eorum
2660 3503 2855 3576 (Luc.).
2877 3503 3084 3559 Videns
3111 3507 3307 3559 autem
3330 3506 3559 3576 Pylatus

181 3618 408 3668 meum,
438 3603 684 3659 ministri
712 3604 826 3660 mei
857 3605 1052 3677 utique
1079 3605 1464 3673 decertarent,
1484 3609 1678 3662 utnon
1707 3611 1824 3662 tra-
1923 3597 2082 3670 quod
2125 3597 2266 3653 nihil
2291 3598 2599 3670 proficeret
2633 3597 2893 3669 (λῦπαι),
2927 3597 3029 3652 sed
3057 3597 3244 3669 magis
3281 3599 3558 3654 tumultus

179 3694 363 3749 deret
381 3695 590 3750 iudicis
621 3713 635 3752 :
670 3715 822 3753 nunc
855 3701 1049 3754 autem
1074 3715 1322 3770 regnum
1349 3716 1546 3755 meum
1587 3717 1704 3755 non
1740 3703 1827 3755 est
1923 3691 2090 3746 ﬁeret
2120 3691 2177 3746 in
2207 3692 2441 3763 Populo;
2477 3693 2714 3762 accepta
2743 3707 2896 3762 aqua
2923 3691 3060 3746 Ῐᾶνίῐ
3091 3707 3318 3759 manus:
3360 3707 3557 3748 οοιόιω

177 3787 344 3842 hinc.
373 3788 521 3842 Dixit
547 3789 745 3862 itaque
773 3791 826 3845 ei
850 3792 1120 3862 Pylatus:
1155 3793 1306 3864 Ergo
1335 3809 1433 3848 rex
1469 3797 1607 3849 estu
1626 3794 1654 3850 τ
1684 3795 1824 3849 Res-
1925 3785 2158 3856 populo,
2190 3784 2422 3841 dicens:
2452 3783 2735 3840 Innocens
2766 3799 2875 3855 ego
2907 3801 3034 3839 sum
3055 3801 3090 3839 a
3119 3783 3560 3856 sanguinejusti

179 3881 395 3952 pendit
439 3883 717 3938 Dominus
761 3885 1002 3940 Jhesus:
1046 3886 1127 3940 Tu
1167 3886 1327 3954 dicis,
1375 3885 1510 3958 quia
1557 3903 1657 3942 rex
1696 3903 1823 3942 sum
1924 3878 2113 3950 huius.
2145 3879 2256 3934 Vos
2293 3877 2568 3934 videritis.
2601 3879 2670 3932 Et
2714 3877 3074 3950 respondens
3113 3878 3410 3934 universus
3451 3895 3556 3951 po-

181 3991 322 4046 ego.
351 3976 471 4046 Ego
493 3976 551 4030 in
569 3977 679 4032 hoc
711 3981 878 4033 natus
900 3995 1047 4046 sum,
1078 3982 1135 4034 et
1163 3979 1238 4035 ad
1264 3979 1372 4036 hoc
1401 3979 1533 4035 veni
1561 3980 1622 4036 in
1653 3999 1820 4037 mnn.
1922 3972 2090 4044 pulus
2117 3971 2257 4026 dixit
2289 3987 2302 4026 :
2339 3971 2587 4043 Sanguis
2629 3972 2754 4044 ejus
2782 3989 2955 4044 super
2974 3988 3100 4041 nos,
3133 3975 3192 4028 et
3221 3989 3393 4044 super
3411 3972 3558 4028 filios

175 4071 351 4135 dum,
397 4073 462 4126 ut
507 4072 902 4128 testimonium
944 4075 1284 4146 perhibeom
1328 4075 1573 4132 veritati,
1625 4077 1825 4134 omnis
1923 4065 2169 4121 nostros.
2198 4065 2354 4120 Tunc
2380 4065 2597 4121 dimisit
2615 4065 2724 4121 illis
2751 4065 3072 4122 Barabban.
3097 4067 3334 4123 Jhesum
3362 4068 3557 4123 autem

175 4164 282 4235 qui
315 4167 405 4218 est
432 4181 499 4219 ex
528 4165 789 4233 veritate,
818 4167 980 4222 audit
1004 4185 1202 4223 vocem
1229 4185 1442 4225 meam.
1475 4169 1622 4226 Dicit
1647 4171 1698 4226 ei
1723 4173 1825 4243 Py-
1921 4158 2280 4230 ﬂagellatam
2309 4159 2549 4216 tradidit
2585 4159 2687 4228 eia,
2715 4163 2779 4215 ut
2806 4158 3256 4232 cruciﬁgeretur.

175 4258 379 4311 latus:
414 4256 561 4320 Quid
605 4262 692 4313 est
725 4259 978 4316 veritas?
1007 4262 1075 4316 Et
1113 4261 1235 4316 haec
1273 4277 1404 4316 cum
1445 4261 1694 4332 dixisset,
1723 4263 1825 4319 ite-
2149 4263 2410 4318 XXXVIII.
2451 4278 2699 4319 LEGENDA
2739 4278 2858 4318 [PSA
2897 4277 2987 4316 DIE
3023 4277 3094 4316 sn
3132 4276 3321 4317 nam

173 4366 318 4404 rum
359 4349 530 4405 exivit
562 4352 792 4422 Pylatus
825 4353 982 4409 foras
1019 4355 1092 4410 ad
1129 4355 1374 4424 Judwos,
1418 4357 1478 4411 et
1515 4356 1654 4434 dixit
1696 4356 1819 4414 eis:
2347 4355 2526 4406 Lectio
2554 4353 2816 4406 Hierimiaa
2840 4352 3126 4418 ριὀρδθίω·

167 4443 308 4514 Ego
339 4443 553 4498 nullam
585 4460 818 4500 causam
841 4446 1071 4502 invenio
1098 4447 1158 4502 in
1192 4447 1430 4504 homine
1454 4448 1584 4504 isto.
1991 4435 2143 4505 Quid
2173 4442 2262 4495 est
2291 4440 2448 4512 quod
2478 4441 2718 4495 dilectus
2744 4455 2908 4494 meus
2935 4438 2995 4493 in
3037 4437 3212 4494 domo
3253 4453 3388 4493 mea
3419 4437 3558 4494 fecit

245 4539 330 4591 At
351 4535 434 4591 illi
461 4537 872 4595 invaliscebant
896 4540 1152 4596 dicentes
1177 4541 1351 4614 (Luc.)
1377 4559 1390 4598 :
1419 4544 1579 4598 Hunc
1601 4542 1820 4599 inveni-
1840 4551 1900 4626 D
1923 4535 2141 4589 scelera
2185 4533 2412 4588 millia?
2439 4537 2572 4600 εἰσιν
2609 4547 2780 4604 usque
2809 4533 3121 4604 Properate
3157 4530 3232 4588 ad
3271 4530 3552 4588 devoran-

163 4647 322 4686 mus
341 4630 768 4688 subvertentem
786 4637 1020 4705 gentem
1040 4638 1316 4702 nostram,
1338 4639 1396 4690 et
1416 4636 1764 4708 prohibente:

1354 4639 1396 4690 et
1416 4636 1820 4708 prohibentem
1911 4628 2081 4683 dum.
2111 4629 2321 4699 (larem.
2349 4643 2426 4695 x1,
2462 4629 2663 4695 l5-20;
2691 4643 2791 4694 xu,
2815 4626 2955 4698 7-9.)

165 4724 404 4779 tributa
423 4724 560 4780 dare
580 4727 810 4794 Cmsari,
843 4730 900 4782 et
921 4727 1210 4784 dicentem
1228 4746 1288 4784 se
1307 4729 1595 4785 Christum
1619 4747 1766 4802 rege]

1380 4729 1595 4785 iristum
1619 4747 1820 4802 regem
2497 4746 2622 4785 ιτειί
2665 4747 2735 4785 an
2772 4745 2981 4785 macra.

165 4833 334 4872 esse.
377 4815 702 4874 Commovit
742 4821 1042 4892 populum,
1091 4822 1305 4877 docens
1352 4839 1457 4894 per
1495 4823 1820 4880 universam
2405 4822 2704 4875 Secundum
2737 4821 3055 4873 Mummium.

165 4911 466 4979 Iudaeam,
494 4915 552 4967 et
587 4912 868 4984 incipiens
895 4931 930 4968 a
959 4914 1192 4970 Galilaaa
1220 4933 1401 4988 usque
1428 4916 1559 4972 huc.
1591 4919 1766 4990 Pylatl

1994 4906 2043 4980 1
2059 4905 2186 4982 33
2202 4907 2404 4964 Milites
2423 4908 2683 4982 praesidis
2704 4908 3078 4980 suscipientes
3097 4907 3408 4964 Dominum
3426 4908 3554 4964 Ihe-

168 5009 380 5060 autem
410 5005 650 5060 audiens
671 5006 983 5075 Galilaeam,
1006 5007 1383 5081 interrogavit
1402 5010 1448 5066 si
1465 5011 1642 5067 homo
1669 5013 1768 5068 Gal

1949 5018 2048 5057 um
2076 5001 2136 5057 in
2167 5003 2522 5074 praetorium,
2539 5005 3042 5076 congregaverant
3065 5001 3140 5057 ad
3162 5018 3296 5057 eum
3324 5001 3550 5058 univer-

167 5101 322 5154 laeus
358 5103 526 5153 esset.
569 5101 638 5154 Et
668 5103 733 5154 ut
759 5101 1029 5171 cognovit
1058 5102 1215 5173 quod
1245 5103 1315 5158 de
1357 5104 1611 5160 Herodes
1655 5107 1816 5176 pote-
1919 5089 2045 5151 sam
2061 5096 2384 5166 cohortem,
2418 5101 2476 5154 et
2495 5101 2770 5154 exuentes
2789 5113 2924 5152 eum
2943 5095 3300 5151 vestimentis
3315 5095 3449 5166 suis,
3471 5096 3556 5152 in-

163 5195 326 5247 state
356 5195 528 5260 esset,
568 5192 792 5248 remisit
829 5211 962 5249 eum
1001 5193 1074 5249 ad
1115 5195 1424 5264 Herodem,
1459 5197 1557 5269 qui
1601 5201 1659 5252 et
1697 5197 1818 5268 ipse
1921 5191 2171 5254 duerunt
2189 5209 2323 5248 eum
2342 5191 2965 5265 loricampurpoream,
2986 5190 3557 5248 etclamidemcocci-

165 5285 587 5356 Hierosolymis
626 5289 752 5341 erat
795 5285 854 5342 in
894 5287 1005 5343 illis
1043 5285 1264 5343 diebus.
1315 5290 1566 5346 Herodes
1625 5293 1818 5345 autem
1919 5301 2090 5340 neam
2138 5286 2644 5342 circumdederunt
2673 5285 2726 5341 ei
2759 5303 2773 5342 :
2821 5287 2880 5341 et
2921 5287 3240 5358 plectentes
3276 5302 3554 5343 coronam

157 5379 293 5433 viso
329 5379 578 5435 Domino
617 5379 812 5449 Jhesu,
862 5380 1092 5452 gavisus
1129 5385 1226 5436 est.
1252 5381 1438 5438 valde.
1479 5385 1615 5438 Erat
1661 5381 1817 5450 enim
1917 5377 1990 5434 de
2018 5378 2216 5451 spinis,
2237 5383 2553 5451 posuerunt
2581 5396 2754 5451 super
2778 5382 2950 5452 caput
2967 5380 3110 5452 ejus,
3129 5385 3190 5438 et
3207 5381 3552 5440 arundinem

159 5471 413 5544 cupiens
457 5489 528 5527 ex
567 5474 752 5529 multo
794 5478 1058 5548 tempore
1101 5471 1283 5531 vidire
1342 5492 1497 5543 eum,
1545 5493 1615 5532 eo
1661 5477 1817 5548 quod
1914 5471 1977 5528 in
2016 5473 2251 5528 dextera
2275 5473 2418 5544 ejus,
2453 5477 2513 5528 et
2539 5489 2694 5545 genu
2717 5473 2868 5530 ﬂexu
2893 5477 3028 5531 ante
3059 5492 3194 5532 eum
3214 5475 3555 5532 inludebant

159 5565 404 5622 audiret
429 5567 617 5622 muita
647 5567 720 5622 de
757 5567 874 5636 illo,
907 5571 967 5624 et
1003 5569 1277 5642 sperabat
1310 5569 1543 5642 signum
1581 5568 1816 5643 aliquod
1916 5565 1968 5621 ei
2001 5566 2256 5622 dicentes
2284 5583 2298 5623 :
2327 5567 2499 5636 Have,
2531 5584 2632 5623 rex
2646 5567 2999 5638 Iudaeorum,
3029 5573 3088 5626 et
3112 5569 3332 5627 dabant
3354 5569 3406 5624 ei
3428 5568 3548 5640 pal-

157 5658 349 5716 vidire
381 5658 456 5716 ab
496 5675 570 5716 eo
599 5659 744 5716 fieri.
779 5663 1160 5736 Interrogavit
1187 5665 1384 5720 autem
1418 5663 1580 5720 illum
1620 5663 1816 5720 multis
1914 5676 2068 5716 mas:
2092 5662 2152 5716 et
2175 5663 2488 5735 expuentes
2508 5661 2567 5716 in
2589 5677 2744 5733 eum,
2764 5663 3126 5736 accipiebant
3139 5661 3548 5730 harundinem,

159 5752 541 5811 sermonibus
567 5755 667 5810 :at
693 5753 816 5828 ipse
839 5755 984 5812 nihil
1013 5757 1408 5829 respondebat
1435 5755 1536 5814 illi.
1572 5757 1816 5815 Stabant
1911 5758 1975 5810 et
2016 5755 2424 5826 percuciebant
2464 5758 2637 5829 caput
2680 5756 2822 5829 ejus.
2861 5757 3042 5814 Exivit
3075 5760 3270 5812 autem
3318 5754 3551 5825 Pylatus

160 5849 366 5912 uatem
398 5847 696 5923 principes
737 5849 1102 5907 sacerdotum
1141 5855 1200 5908 et
1243 5851 1444 5910 scriba
1483 5855 1815 5910 constanter
1913 5848 2068 5906 foras
2111 5847 2334 5923 (10am),
2373 5854 2430 5908 et
2473 5849 2614 5907 dixit
2650 5851 2864 5913 Iudaeis
2901 5867 2916 5906 :
2963 5851 3104 5906 Ecce
3148 5847 3371 5906 adduco
3417 5863 3554 5912 eum
