4032 6180
498 293 592 356 Mt
1281 290 1616 350 APPENDIX
1652 290 1740 344 AD
1775 290 1997 348 OPERA
2033 287 2267 344 SANCTI
2307 287 2610 345 GERMANI
2645 285 3070 344 PARISIENSIS.
3759 290 3860 346 492

493 405 668 474 foras,
701 404 766 461 ut
787 401 1170 477 cognuscatis,
1201 401 1334 473 quia
1366 417 1483 456 non
1515 397 1744 455 invenio
1773 397 1832 453 in
1861 414 1930 454 eo
1953 399 2129 454 ullam
2151 409 2209 486 Α
2231 399 2425 452 autem
2443 395 2676 451 titulum
2706 397 2937 469 Pylatus
2966 394 3188 470 (Joan.),
3219 398 3279 454 et
3318 394 3511 469 posuit
3533 412 3708 470 super
3732 414 3860 454 cru.

495 516 746 556 causam.
789 498 934 554 Exiit
975 514 1114 570 ergo
1139 495 1415 551 Dominus
1455 494 1660 550 Jhesus
1687 493 1873 566 .foras,
1909 491 2128 548 habens
2229 506 2377 545 cem.
2430 490 2566 545 Erat
2603 493 2802 544 autem
2851 490 3161 546 scribtum:
3209 493 3368 546 Jesus
3410 493 3738 547 Nazarenus
3764 509 3862 548 rex

495 595 758 666 spineam
799 607 1074 648 coronam
1106 593 1163 644 et
1190 605 1545 661 purporeum
1590 587 2017 642 vestimentum.
2060 587 2130 642 Et
2226 584 2575 642 Iudaeorum.
2605 584 2766 639 Hunc
2797 601 2938 656 ergo
2977 585 3207 640 titulum
3251 585 3414 641 multi
3461 587 3732 658 legerunt
3764 587 3860 642 Ju-

499 688 636 744 dicit
675 687 755 741 eis
788 687 1016 757 Pylatus
1043 701 1057 739 :
1086 685 1231 739 Ecce
1271 684 1466 738 homo.
1506 683 1649 738 Cum
1689 698 1828 752 ergo
1857 681 2132 736 vidissent

498 799 631 837 eum
681 779 976 850 pontifices
1026 780 1084 831 et
1130 775 1397 843 ministri,
1446 775 1776 831 clamabant
1825 775 2126 830 dicentes:

495 873 792 943 Crucifige,
826 869 1113 940 cruciﬁge.
1139 871 1283 925 Dicit
1314 870 1395 924 eis
1421 871 1653 942 Pylatus
1687 887 1700 924 :
1723 868 1974 940 Accipite
1997 884 2130 924 eum

494 984 612 1034 vos,
665 969 725 1020 et
767 963 1082 1035 crucifigite
1117 981 1130 1019 :
1178 980 1286 1035 ego
1327 964 1484 1018 enim
1528 980 1646 1018 non
1689 961 1918 1018 invenio
1957 962 2018 1016 in
2061 978 2130 1018 eo

495 1075 748 1117 causam.
778 1059 1225 1130 Responderunt
1255 1059 1310 1112 ei
1335 1057 1518 1114 Judmi
1545 1075 1558 1113 :
1591 1059 1705 1112 Nos
1734 1059 1926 1127 legem
1951 1057 2127 1112 habe-

495 1171 644 1221 mus,
677 1157 735 1209 et
778 1153 1094 1208 secundum
1137 1153 1329 1222 legem
1358 1151 1532 1206 debet
1560 1151 1730 1219 mori,
1777 1150 1914 1222 quia
1950 1150 2131 1206 filium

495 1248 599 1306 Dei
628 1265 688 1302 se
717 1246 870 1302 fecit.
911 1247 1054 1301 Cum
1105 1261 1246 1316 ergo
1277 1245 1531 1300 audisset
1571 1246 1801 1316 Pylatus
1836 1245 1990 1299 hunc
2020 1260 2134 1299 ser-

495 1357 753 1408 monem,
784 1339 971 1410 magis
1001 1338 1211 1407 timuit,
1250 1341 1308 1393 et
1341 1339 1634 1410 ingressus
1664 1342 1751 1393 est
1771 1336 2128 1409 prteturium.

496 1437 710 1490 lterum
753 1432 1010 1488 dicit-ad
1054 1431 1363 1487 Dominum
1399 1433 1635 1487 Jhesum
1661 1447 1674 1488 :
1705 1431 1867 1487 Unde
1919 1447 1982 1485 es
2021 1429 2132 1485 tu?

495 1531 698 1586 Jhesus
740 1532 934 1582 autem
971 1543 1313 1598 responsum
1355 1544 1472 1582 non
1511 1526 1673 1582 dedit
1699 1526 1771 1582 ei.
1816 1525 1964 1581 Dicit
1991 1541 2131 1597 ergo

499 1623 552 1678 ei
581 1623 810 1694 Pylatus
840 1638 853 1676 :
884 1621 1015 1676 Mihi
1047 1637 1164 1676 non
1195 1620 1488 1692 loqueris?
1519 1620 1704 1675 nescis
1728 1619 1864 1692 quia
1888 1622 2133 1691 potesta-

2232 677 2510 745 daaorum,
2543 677 2679 749 quia
2704 695 2884 751 prope
2909 678 3200 734 civitatem
3231 683 3354 734 erat
3383 681 3538 735 locus
3563 680 3660 735 ubi
3687 679 3866 736 cruci-

2231 772 2372 826 fixus
2421 774 2508 826 est
2554 771 2832 828 Dominus
2883 773 3104 828 Jhesus.
3161 774 3231 828 Et
3272 776 3397 828 erat
3435 775 3714 846 scriptum
3763 774 3868 830 He-

2229 865 2442 934 braice,
2477 865 2673 934 Grece,
2705 869 2763 920 et
2792 865 3011 922 Latine.
3044 867 3322 922 Dicebant
3348 883 3487 939 ergo
3507 869 3706 940 Pylato
3728 884 3870 940 pon-

2231 958 2410 1014 tiﬁces
2449 959 2824 1016 Judazorum:
2857 960 2982 1016 Noli
3023 960 3292 1029 scribere,
3338 961 3456 1016 Rex
3489 961 3865 1029 Iudaeorum;

2231 1053 2333 1107 sed
2359 1052 2494 1125 quia
2520 1053 2640 1125 ipse
2667 1052 2824 1123 dixit,
2854 1054 2972 1108 Rex
3009 1071 3135 1110 sum
3165 1055 3515 1110 Iudaeorum.
3549 1055 3872 1128 Respondit

2230 1147 2503 1218 Pylatus:
2555 1147 2722 1212 Quod
2769 1147 2984 1216 scribsi,
3031 1148 3246 1204 scribsi.
3293 1149 3492 1204 Milites
3536 1165 3676 1221 ergo
3736 1165 3871 1205 cum

2233 1239 2641 1296 cruciﬁxissent
2682 1241 2998 1296 Dominum
3044 1243 3260 1310 Jesum,
3303 1247 3650 1314 acceperunt
3694 1243 3870 1300 vesti-

2233 1337 2434 1389 menta
2471 1334 2614 1406 ejus,
2647 1339 2706 1390 et
2741 1336 3005 1390 fecerunt
3042 1340 3291 1407 quatuor
3313 1340 3526 1408 partes,
3558 1332 3872 1410 unicuique

2234 1425 2400 1482 militi
2421 1431 2669 1499 partem,
2695 1431 2752 1483 et
2779 1428 2988 1484 tonica.
3012 1430 3149 1485 Erat
3167 1433 3364 1486 autem
3389 1431 3583 1486 tonica
3605 1431 3876 1488 inconsu-

2232 1519 2380 1590 tiles,
2412 1521 2660 1594 desuper
2702 1525 2969 1578 contexta
3011 1539 3116 1594 per
3157 1526 3367 1580 totum.
3410 1525 3686 1581 Dixerunt
3727 1541 3872 1599 ergo

2235 1614 2308 1670 ad
2329 1614 2576 1670 invicem
2601 1633 2614 1672 :
2638 1617 2763 1672 Non
2783 1617 3112 1673 scindamus
3137 1635 3288 1686 eam,
3321 1619 3424 1674 sed
3449 1620 3767 1676 sorciamur
3795 1619 3872 1677 de

496 1719 618 1771 tem
647 1715 832 1770 habeo
865 1715 1198 1785 cruciﬁgere
1238 1718 1326 1780 te;
1357 1717 1416 1768 et
1455 1717 1802 1785 potestatem
1827 1713 2016 1769 habeo
2046 1711 2130 1768 di-
2175 1784 2180 1785 γ
2233 1707 2330 1762 illa
2349 1709 2510 1779 cujus
2536 1709 2624 1778 sit,
2646 1713 2709 1765 ut
2728 1710 3009 1767 scribtura
3029 1711 3367 1784 impleretur
3395 1711 3592 1767 dicens
3625 1730 3638 1769 :
3669 1713 3876 1770 Partiti

496 1809 728 1864 mittere
767 1808 863 1862 te?
886 1807 1204 1880 Respondit
1232 1784 1510 1862 Dominus
1537 1808 1774 1863 Jhesus:
1803 1808 1927 1862 Non
1953 1806 2130 1861 habe-
2153 1784 2210 1857 Β
2235 1805 2367 1856 sunt
2390 1803 2734 1859 vestimenta
2759 1821 2893 1860 mea
2918 1805 3044 1873 sibi,
3068 1808 3126 1860 et
3148 1805 3208 1861 in
3237 1809 3456 1862 vestem
3481 1823 3674 1862 meam
3701 1808 3878 1864 mise-

498 1920 590 1958 res
634 1904 981 1974 potestatem
1025 1901 1296 1957 adversus
1340 1918 1434 1956 me
1479 1903 1676 1968 ullam,
1709 1901 1817 1956 nisi
1852 1900 1956 1955 tibi
1987 1903 2138 1955 esset
2233 1897 2369 1950 runt
2407 1899 2642 1952 sortem.
2677 1898 2745 1952 Et
2787 1898 3055 1954 sedentes
3095 1900 3401 1955 servabant
3447 1917 3578 1955 eum
3607 1900 3874 1973 (Matth).

500 1997 700 2052 datum
735 1996 1000 2067 desuper.
1019 1997 1331 2066 Propterea
1357 1995 1455 2066 qui
1486 1994 1661 2049 tradit
1681 2011 1774 2049 me
1807 1993 1928 2062 tibi,
1949 1993 2136 2065 majus
2237 1989 2480 2045 Stabant
2522 1994 2718 2046 autem
2745 1992 2910 2062 juxta
2939 1996 3170 2048 crucem
3205 1993 3434 2049 Domini
3474 1995 3650 2050 Jhesu
3681 2000 3880 2051 mater

496 2092 798 2162 peccatum
826 2089 1019 2143 habet.
1044 2089 1113 2142 Et
1137 2088 1341 2143 exinde
1369 2088 1666 2158 quaerebat
1688 2089 1920 2158 Pylatus
1949 2087 2136 2142 dimit—
2237 2084 2359 2154 ejus
2385 2083 2608 2156 (Joan.),
2633 2087 2691 2140 et
2717 2101 2880 2141 soror
2905 2087 3107 2142 matris
3128 2087 3270 2157 ejus,
3297 2087 3346 2160 1
3362 2086 3486 2160 35
3519 2088 3692 2144 Maria
3714 2089 3882 2144 Cleo-

495 2185 620 2238 terb
664 2199 816 2238 eum.
862 2181 1044 2238 Judaei
1093 2184 1287 2236 autem
1336 2181 1685 2248 clamabant,
1734 2181 1991 2235 dicentes
2023 2197 2036 2236 :
2077 2179 2136 2236 Si
2235 2193 2322 2248 pce
2346 2177 2590 2232 etMaria
2613 2179 2986 2249 Magdalene.
3010 2181 3153 2236 Cum
3171 2197 3311 2251 ergo
3336 2181 3571 2236 vidisset
3591 2182 3879 2238 Dominus

498 2277 652 2332 hunc
684 2275 944 2341 dimittis,
968 2291 1085 2330 non
1115 2292 1176 2330 es
1207 2275 1425 2329 amicus
1452 2275 1710 2330 Caesaris.
1735 2273 1935 2330 Omnis
1957 2273 2053 2345 qui
2075 2291 2136 2328 se
2234 2270 2436 2324 Jhesus
2465 2275 2736 2339 matrem,
2757 2276 2816 2327 et
2844 2273 3187 2344 discipulum
3207 2277 3458 2330 stantem
3474 2292 3648 2348 quem
3673 2275 3882 2348 dilige-

498 2386 701 2440 regem
730 2369 887 2437 facit,
931 2368 1272 2424 contradicit
1312 2367 1542 2424 Caesari.
1570 2369 1801 2439 Pylatus
1835 2384 1974 2438 ergo
2003 2383 2136 2421 cum
2234 2363 2355 2430 bat,
2384 2364 2522 2418 dicit
2551 2365 2723 2420 matri
2749 2383 2866 2421 suae
2892 2367 3126 2422 :Mulier
3144 2383 3276 2422 ecce
3299 2369 3448 2423 filius
3477 2373 3626 2424 tuus.
3650 2369 3878 2425 Deinde

501 2462 753 2518 audisset
781 2463 887 2518 hos
912 2479 1226 2528 sermones,
1260 2461 1470 2517 iterum
1497 2461 1734 2516 adduxit
1761 2461 1916 2516 foras
1941 2460 2133 2515 Domi-
2201 2455 2374 2511 -dicit
2404 2457 2680 2530 discipulo
2719 2477 2733 2514 :
2783 2461 2923 2516 Ecce
2974 2465 3164 2517 mater
3208 2465 3326 2517 tua.
3377 2463 3447 2518 Et
3475 2479 3543 2518 ex
3587 2463 3686 2518 illa
3730 2463 3882 2519 hora

501 2573 640 2611 num
660 2557 916 2623 Jhesum,
947 2558 1004 2610 et
1029 2555 1180 2610 sedit
1195 2572 1300 2627 pro
1328 2554 1620 2621 tribunali,
1650 2558 1705 2609 et
1729 2553 1866 2608 dicit
1885 2553 2096 2610 Judazis
2119 2570 2132 2608 :

499 2651 638 2706 Ecce
661 2667 761 2704 rex
787 2652 991 2703 vester.
1024 2649 1107 2703 Illi
1137 2652 1331 2704 autem
1361 2649 1692 2704 clamabant
1722 2665 1735 2702 :
1767 2649 1944 2715 Tolle,
1978 2647 2134 2712 tolle,

499 2743 766 2814 cruciﬁge
799 2759 952 2798 eum.
983 2743 1132 2798 Dixit
1180 2743 1261 2796 eis
1303 2743 1532 2813 Pylatus
1566 2759 1579 2796 :
1621 2743 1841 2812 Regem
1883 2744 2137 2796 vestrum

497 2837 831 2908 crucifigam
849 2837 877 2892 ‘?
899 2836 1342 2908 Responderunt
1365 2835 1692 2907 pontiﬁces:
1716 2837 1840 2890 Non
1857 2835 2138 2890 habemus

498 2947 700 3002 regem
732 2929 838 2984 nisi
867 2931 1174 2986 Caesarem.
1201 2931 1356 2984 Tunc
1387 2945 1527 2999 ergo
1563 2928 1800 2982 tradidit
1825 2929 1908 2983 eis
1939 2929 2138 2983 Domi-

2239 2551 2461 2622 accepit
2493 2569 2622 2607 eam
2658 2553 2967 2624 discipulus
3007 2555 3066 2609 in
3105 2572 3225 2611 sua.
3273 2557 3426 2610 Tunc
3471 2556 3884 2612 cruciﬁxerunt

2239 2659 2370 2698 cum
2410 2661 2478 2700 eo
2525 2645 2668 2702 duos
2716 2647 2972 2702 latrones
3020 2648 3282 2720 (Mutila),
3316 2666 3462 2704 unus
3508 2666 3542 2705 a
3572 2641 3789 2705 dextris
3822 2654 3883 2706 et

2241 2755 2388 2792 unus
2435 2755 2469 2794 a
2513 2739 2796 2796 sinistris:
2843 2741 3058 2796 Medius
3107 2746 3302 2798 autem
3349 2744 3624 2799 Dominus
3669 2745 3881 2800 Jhesus

2240 2830 2462 2902 (Joan.).
2511 2833 2579 2886 Et
2623 2833 2938 2904 adimpleta
2975 2837 3062 2889 est
3108 2835 3389 2891 scribtura
3426 2854 3550 2908 que
3591 2836 3773 2892 dicit:
3810 2839 3884 2893 Et

2239 2941 2370 2978 cum
2413 2925 2626 2997 iniquis
2673 2929 2970 2998 reputatus
3015 2932 3103 2982 est
3151 2929 3386 3002 (Mam).
3433 2931 3635 2986 Jhesus
3677 2935 3882 2986 autem

501 3039 642 3077 num
669 3023 908 3077 Jhcsum
946 3026 1007 3076 ut
1041 3021 1491 3092 crucifigeretur.
1524 3021 1910 3092 Suscipientes
1943 3024 2138 3076 autem
2241 3017 2505 3074 dicebat:
2536 3020 2707 3075 Pater
2747 3020 2972 3076 dimitte
3012 3022 3142 3090 illis,
3174 3040 3292 3079 non
3323 3024 3481 3080 enim
3521 3024 3712 3079 sciunt
3736 3024 3882 3096 quid

501 3115 810 3170 Dominum
830 3115 1066 3170 Jhesum
1088 3115 1636 3186 (Matth.),exuerunt
1655 3131 1788 3169 eum
1807 3115 2134 3181 clamidem,
2159 3157 2210 3190 ρ
2239 3111 2458 3166 faciunt
2482 3111 2678 3184 (Luc.).
2710 3115 3129 3170 Praetereuntes
3155 3119 3349 3172 autem
3391 3117 3885 3190 blasphemabant

501 3157 810 3170 υν...........
830 3157 1066 3170 πηνα...
1088 3157 1518 3186 \..........,,s.....,.
1534 3157 1636 3168 .....
1657 3157 1788 3169 η...
1808 3157 2134 3181 ν.......ι.ν...,
2239 3157 2457 3166 --ν-..-η
2482 3157 2678 3184 μην-μ
2710 3157 2731 3168 -
2753 3157 2913 3168 ην.-.
2928 3157 3129 3170 sm...”
3155 3157 3349 3172 κων...
3392 3157 3877 3190 ,ιηωιωυιμυαω

501 3212 558 3264 et
596 3209 910 3263 induerunt
955 3225 1091 3263 eum
1139 3208 1494 3262 vestimentis
1535 3207 1667 3262 suis.
1710 3209 1780 3262 Et
1819 3192 2140 3263 eduxerunt
2159 3157 2214 3232 Ο
2240 3205 2647 3277 eum(Matth.),
2667 3211 2965 3263 moventes
2985 3209 3173 3281 capita
3187 3227 3292 3265 sua
3311 3214 3371 3265 et
3391 3211 3644 3266 dicentes
3672 3227 3686 3266 :
3715 3211 3877 3267 Vah!

502 3319 635 3357 eum
662 3302 1018 3373 bajolantem
1051 3300 1158 3356 sibi
1202 3318 1454 3368 crucem,
1488 3303 1551 3356 ut
1577 3301 1982 3372 cruciﬁgerent
2004 3319 2138 3356 eum
2239 3298 2337 3368 qui
2368 3297 2613 3354 destruis
2635 3301 2915 3372 templum
2947 3303 3066 3370 Dei,
3086 3306 3144 3357 et
3171 3304 3230 3358 in
3259 3303 3450 3360 triduo
3481 3305 3642 3360 illum
3664 3304 3882 3360 resedi-

500 3397 724 3468 (Joan.).
758 3397 894 3451 Erat
937 3399 1133 3451 autem
1173 3395 1318 3450 hora
1352 3394 1532 3450 tercia
1575 3394 1811 3466 (Mam).
1855 3397 2140 3450 Exeuntes
2239 3390 2393 3458 ﬂeas,
2423 3392 2579 3447 salva
2617 3394 3007 3465 temetipsum.
3039 3395 3098 3451 Si
3138 3397 3288 3451 filius
3326 3398 3428 3452 Dei
3464 3415 3544 3465 es,
3583 3397 3880 3454 descende

501 3493 696 3546 autem
771 3490 1010 3562 (Matth.)
1073 3489 1406 3544 invenirunt
1457 3488 1758 3545 hominem
1815 3489 2139 3560 Cyreneum
2241 3483 2311 3538 de
2333 3501 2518 3540 cruce.
2544 3485 2819 3542 Similiter
2843 3491 2903 3542 et
2925 3488 3210 3560 principes
3227 3491 3592 3546 sacerdotum
3613 3491 3881 3546 inluden-

503 3583 696 3658 134
743 3583 1073 3639 venientem
1113 3583 1342 3639 ObViam
1372 3582 1498 3651 Sibi,
1534 3582 1769 3639 nomine
1801 3583 2135 3655 Symonem.
2238 3580 2326 3632 tes
2345 3595 2477 3634 cum
2507 3579 2705 3635 scribis
2732 3583 2790 3634 et
2813 3581 3136 3638 senioribus
3161 3583 3432 3639 dicebant
3465 3601 3477 3638 :
3503 3585 3660 3640 Alios
3689 3586 3880 3640 salvos

500 3679 660 3732 Hunc
682 3677 1133 3748 angariaverunt
1152 3680 1214 3732 ut
1239 3677 1468 3732 tolleret
1489 3694 1718 3732 crucem
1739 3677 1861 3748 ejus
1891 3693 1904 3732 :
1928 3679 1987 3732 et
2005 3693 2138 3748 por-
2203 3675 2212 3682 “
2239 3672 2393 3740 fecit,
2423 3690 2483 3728 se
2526 3674 2714 3746 ipsum
2765 3691 2882 3730 non
2922 3679 3112 3748 potest
3153 3678 3371 3732 salvum
3399 3678 3624 3734 'facere.
3667 3678 3728 3734 Si
3777 3695 3878 3733 rex

501 3774 653 3826 taret
679 3774 810 3842 post
838 3770 1149 3825 Dominum
1171 3770 1408 3825 Jhesum
1429 3769 1625 3841 (Luc.).
1650 3771 2014 3841 Sequebatur
2037 3787 2136 3825 au-
2239 3766 2453 3821 Israhel
2501 3771 2606 3835 est,
2636 3767 2949 3824 descendat
2978 3787 3128 3824 nunc
3158 3771 3229 3825 de
3274 3787 3462 3839 cruce,
3491 3775 3550 3826 et
3585 3771 3880 3827 credimus

501 3867 620 3916 tem
663 3862 827 3917 illum
865 3863 1050 3917 multa
1087 3862 1256 3917 turba
1299 3861 1498 3933 populi
1539 3865 1597 3916 et
1647 3863 1955 3918 mulierum
2010 3879 2139 3934 quae
2241 3859 2313 3914 ei.
2341 3860 2592 3915 Conﬁdit
2620 3861 2678 3916 in
2700 3863 2840 3929 Deo,
2873 3862 3080 3918 liberet
3106 3880 3257 3920 nunc
3292 3881 3426 3920 eum
3461 3865 3508 3920 si
3533 3866 3652 3920 vult
3684 3883 3698 3922 :
3734 3865 3884 3922 dixit

503 3956 877 4026 plangebant,
906 3955 1378 4010 lamentabantur
1412 3971 1564 4010 eum.
1596 3955 1914 4010 Conversus
1946 3959 2141 4010 autem
2241 3953 2417 4020 enim,
2449 3953 2585 4026 quia
2613 3955 2716 4010 Dei
2747 3955 2917 4011 Filius
2947 3973 3094 4012 sum.

503 4049 576 4104 ad
616 4050 743 4104 illas
787 4048 1065 4104 Dominus
1093 4049 1294 4103 Jhesus
1329 4047 1469 4104 dixit
1511 4065 1524 4102 :
1572 4047 1722 4103 Filiae
1760 4049 2136 4116 Hierusalem,

2310 4046 2563 4118 Idipsum
2589 4051 2784 4104 autem
2811 4048 2986 4122 (Luc.)
3015 4068 3162 4106 unus
3201 4051 3272 4107 de
3308 4052 3397 4108 his
3424 4051 3520 4125 qui
3539 4052 3887 4126 pendebant

503 4143 678 4198 nolite
723 4143 863 4198 ﬂere
895 4159 1069 4213 super
1113 4158 1227 4208 me,
1263 4141 1364 4196 sed
1409 4158 1581 4213 super
1613 4159 1712 4198 vos
1741 4141 1894 4213 ipsas
1919 4143 2053 4197 ﬂete
2081 4145 2140 4213 et
2239 4140 2557 4196 latronibus
2601 4142 3044 4214 blasphemabat
3091 4162 3224 4200 eum
3283 4146 3480 4202 dicens
3525 4164 3538 4202 :
3590 4147 3648 4204 Si
3706 4151 3767 4218 tu
3819 4165 3884 4204 es

501 4253 673 4310 super
702 4237 848 4292 filios
873 4238 1093 4291 vestros
1122 4253 1135 4292 :
1170 4234 1447 4307 quoniam
1477 4251 1608 4290 ecce
1639 4235 1875 4291 venient
1899 4235 2040 4304 dies,
2078 4235 2137 4290 in

502 4331 710 4403 quibus
739 4331 977 4386 dicent:
1028 4331 1218 4385 Beataa
1263 4328 1469 4384 sterilis
1513 4332 1572 4384 et
1617 4329 1833 4384 ventris
1873 4329 1972 4402 qui
2019 4346 2138 4385 non

501 4427 848 4496 genuerunt,
877 4426 934 4478 et
956 4423 1134 4479 ubera
1162 4440 1289 4495 quae
1317 4440 1434 4478 non
1465 4424 1837 4480 lactaverunt.
1867 4424 2021 4478 Tunc
2048 4422 2135 4477 in-

2239 4233 2512 4302 Christus,
2545 4236 2765 4290 salvum
2803 4237 2893 4292 fac
2923 4241 3104 4294 temet
3130 4239 3318 4311 ipsum
3355 4244 3415 4295 et
3454 4257 3579 4296 nos.
3613 4241 3882 4314 Respon-

2237 4327 2382 4383 dens
2421 4331 2614 4384 autem
2647 4331 2793 4384 alter
2830 4330 3168 4404 increpabat
3210 4333 3372 4389 illum
3415 4335 3611 4390 dicens
3642 4352 3656 4390 :
3686 4335 3884 4404 Miser,

2239 4438 2425 4493 neque
2453 4425 2514 4477 tu
2547 4423 2715 4478 times
2744 4425 2948 4494 Deum,
2979 4425 3135 4497 quod
3167 4427 3224 4481 in
3255 4427 3463 4483 eadem
3497 4429 3886 4486 damnatione

499 4519 714 4590 cipient
739 4517 928 4572 dicere
951 4518 1288 4573 montebus:
1311 4517 1524 4573 Cadete
1553 4533 1725 4588 super
1750 4534 1874 4584 nos,
1899 4519 1958 4572 et
1978 4516 2136 4572 colli-
2155 4531 2216 4605 Β
2239 4515 2338 4571 es?
2361 4517 2432 4571 Et
2467 4533 2574 4572 nos
2617 4517 2854 4589 quidem
2877 4519 3052 4590 juste,
3084 4535 3220 4575 nam
3261 4521 3440 4593 digna
3474 4522 3640 4577 factis
3673 4523 3892 4595 recipi-

500 4611 605 4664 bus
640 4629 653 4666 :
687 4611 918 4682 Operite
963 4627 1088 4678 nos,
1131 4611 1268 4682 quia
1299 4611 1345 4666 si
1389 4611 1448 4665 in
1480 4610 1660 4667 viride
1705 4611 1862 4682 ligno
1898 4611 2021 4666 hinc
2058 4611 2140 4666 fa-

501 4703 688 4772 ciunt,
708 4703 769 4758 in
810 4703 973 4758 arido
1006 4685 1146 4774 quid
1177 4705 1317 4758 fiet?
1343 4705 1712 4760 Ducebantur
1736 4709 1930 4760 autem
1961 4708 2020 4760 et
2043 4703 2138 4760 alii

502 4796 614 4853 duo
639 4813 891 4868 nequam
916 4813 1046 4850 cum
1066 4813 1158 4864 eo,
1180 4800 1240 4851 ut
1263 4796 1742 4853 interficerentur.
1770 4799 1838 4853 Et
1856 4801 2139 4853 venerunt

499 4891 559 4946 in
605 4891 795 4948 locum
844 4889 943 4962 qui
987 4889 1194 4945 dicitur
1237 4891 1522 4960 Golgotha
1549 4891 1810 4963 (Matth),
1843 4893 1999 4965 quod
2030 4895 2134 4962 est,

500 4985 773 5042 Calvariaz
807 4985 985 5040 locus.
1021 4985 1092 5039 Et
1121 4983 1408 5040 dederunt
1447 4984 1499 5038 ei
1544 4985 1742 5041 vinum
1776 4986 1975 5042 bibere
2006 5003 2138 5042 cum

499 5079 631 5134 felle
663 5079 905 5134 mixtum
933 5095 948 5134 :
978 5083 1038 5134 et
1065 5094 1198 5134 cum
1227 5080 1532 5150 gustasset,
1563 5078 1746 5136 noluit
1769 5079 1988 5135 bibere.

662 5191 870 5247 XXXIX.
909 5207 1159 5248 LEGBNDA
1197 5207 1267 5246 an
1306 5208 1474 5247 sex-rx
1513 5209 1568 5247 IN
1607 5208 1968 5248 muscum.

1077 5285 1238 5337 Amos
1261 5285 1550 5351 propheta.

566 5367 773 5424 Audite
804 5371 913 5426 hoc
945 5371 1044 5443 qui
1073 5371 1385 5427 conteretis
1415 5387 1751 5444 pauperem,
1787 5374 1846 5426 et
1885 5370 2132 5427 deiicere

498 5461 683 5517 facitis
713 5478 948 5534 egenos,
992 5467 1125 5534 etc.,
1168 5482 1339 5537 usque
1378 5467 1574 5537 Neque
1618 5464 1770 5520 sitim
1804 5480 1988 5536 aquae,
2031 5464 2132 5520 sed

498 5555 773 5612 audiendi
797 5557 1036 5614 verbum
1061 5559 1184 5615 Dei.
1214 5559 1402 5631 (Amos
1430 5575 1552 5626 vm,
1586 5557 1756 5630 4-11.)

986 5651 1284 5703 Secundum
1318 5649 1636 5702 Matthmum.

565 5735 880 5808 Postquam
894 5737 1297 5792 cruciﬁxerunt
1321 5735 1635 5791 Dominum
1651 5737 1908 5805 Jhesum,
1936 5736 2137 5792 divise-

497 5830 635 5884 runt
661 5828 768 5886 sibi
810 5829 1153 5888 vestimenta
1184 5831 1308 5904 ejus
1338 5833 1492 5888 sorte
1538 5829 1854 5888 mittentes.
1901 5829 2137 5890 Scribsit

2237 4627 2366 4665 mus
2399 4626 2413 4665 :
2442 4609 2533 4664 hic
2560 4628 2695 4666 vero
2725 4612 2866 4667 nihil
2911 4613 3050 4668 mali
3077 4613 3272 4686 gessit.
3299 4615 3369 4669 Et
3394 4615 3625 4671 dicebat
3658 4616 3738 4672 ad
3761 4617 3888 4674 Do-

2237 4703 2462 4759 minum
2489 4705 2725 4760 Jhesum
2757 4723 2771 4762 :
2817 4707 3081 4774 Domine,
3111 4712 3408 4764 memento
3439 4709 3575 4778 mei,
3612 4727 3747 4765 cum
3777 4727 3886 4766 ve-

2239 4797 2392 4852 neris
2423 4797 2482 4852 in
2524 4815 2708 4871 regno
2751 4802 2870 4855 tuo.
2905 4801 2974 4855 Et
3006 4800 3147 4856 dixit
3184 4801 3265 4856 illi
3308 4803 3584 4858 Dominus
3621 4805 3834 4860 Jhesus
3873 4823 3892 4862 ;

2235 4893 2420 4947 Amen
2448 4891 2576 4948 dico
2605 4893 2880 4966 tibi,quia
2893 4893 3067 4950 hodie
3094 4911 3324 4952 mecum
3342 4897 3454 4952 eris
3483 4897 3542 4952 in
3565 4898 3892 4971 paradyso.

2613 5000 2795 5045 NOTAE
2837 5001 2915 5045 ET
2957 5001 3495 5050 OBSERVATIONES.

2307 5081 2406 5135 Die
2431 5085 2616 5136 sancto
2645 5083 2940 5137 Paraceves
2979 5083 3056 5137 ad
3096 5099 3276 5140 omnes
3311 5086 3472 5140 horas
3495 5088 3904 5157 praescribitur

2230 5189 2368 5245 pars
2395 5175 2586 5244 aliqua
2625 5176 2904 5244 passionis
2947 5175 3152 5232 Christi
3177 5179 3414 5243 Domini,
3454 5180 3689 5248 singulis
3729 5181 3903 5240 horis

2238 5269 2578 5332 conveniens,
2598 5270 2885 5338 praemissa
2910 5269 2986 5324 ad
3007 5272 3257 5340 singulas
3277 5274 3404 5327 item
3437 5273 3600 5328 horas
3627 5275 3905 5335 Lectione

2238 5377 2306 5416 ea:
2344 5363 2515 5418 veteri
2554 5363 2909 5418 Testamento.
2949 5365 3174 5421 Excidit
3213 5381 3240 5420 e
3283 5365 3476 5422 Codice
3517 5372 3700 5422 nostro
3738 5385 3904 5438 pars

2237 5457 2408 5526 ofﬁcii
2430 5455 2506 5511 ad
2533 5456 2852 5521 Matutinos,
2884 5456 2948 5512 id
2973 5462 3056 5513 est
3074 5461 3262 5530 prima
3288 5460 3441 5516 lectio
3463 5476 3532 5516 ea:
3567 5462 3750 5516 Veteri
3789 5465 3910 5522 Te.

2235 5553 2520 5615 stamento,
2549 5565 2669 5605 cum
2695 5551 2856 5606 initio
2885 5553 3137 5609 secundae
3163 5555 3432 5610 Lectionis
3462 5570 3530 5610 ea:
3553 5555 3906 5626 Evangelia.

2235 5644 2394 5698 Deest
2427 5645 2590 5700 etiam
2633 5644 2710 5700 ad
2749 5646 2962 5703 Nonum
2998 5663 3199 5716 magna
3220 5664 3360 5720 pars
3399 5650 3643 5707 lectionis
3673 5665 3742 5706 ea:
3783 5653 3914 5711 Za-

2237 5736 2446 5800 charia,
2483 5743 2534 5794 et
2581 5742 2694 5794 tota
2731 5739 2884 5796 lectio
2921 5756 2990 5797 ea:
3026 5743 3342 5812 Evangelia.
3371 5745 3651 5801 Passionis
3694 5750 3910 5806 autem

2235 5832 2399 5892 series
2429 5847 2539 5890 non
2582 5834 2782 5904 legitur
2810 5838 3064 5896 continue
3086 5853 3157 5895 ea
3184 5853 3291 5898 uno
3320 5838 3504 5914 aliqua
3539 5839 3910 5911 evangelista
