  <div class='ocr_page' id='page_1' title='image "/cluster/home/n/w/nwhite01/storage/ocr_20150623/72/hvd.32044054758768/102.png"; bbox 0 0 4054 6188; ppageno 0'>
   <div class='ocr_carea' id='block_1_1' title="bbox 223 283 334 342">
    <p class='ocr_par' dir='ltr' id='par_1_1' title="bbox 223 283 334 342">
     <span class='ocr_line' id='line_1_1' title="bbox 223 283 334 342; baseline 0.009 -1"><span class='ocrx_word' id='word_1_1' title='bbox 223 283 334 342; x_wconf 67' lang='grc'><strong><em>193</em></strong></span> 
     </span>
    </p>
   </div>
   <div class='ocr_carea' id='block_1_2' title="bbox 1299 278 2484 342">
    <p class='ocr_par' dir='ltr' id='par_1_2' title="bbox 1299 278 2484 342">
     <span class='ocr_line' id='line_1_2' title="bbox 1299 278 2484 342; baseline -0.001 -2"><span class='ocrx_word' id='word_1_2' title='bbox 1299 278 1388 342; x_wconf 86' lang='lat' dir='ltr'><strong><em>DE</em></strong></span> <span class='ocrx_word' id='word_1_3' title='bbox 1424 282 1739 342; x_wconf 78' lang='lat' dir='ltr'><strong><em>LITURGIA</em></strong></span> <span class='ocrx_word' id='word_1_4' title='bbox 1773 280 2146 341; x_wconf 76' lang='lat' dir='ltr'><strong><em>GALLICANA</em></strong></span> <span class='ocrx_word' id='word_1_5' title='bbox 2181 281 2381 340; x_wconf 80' lang='lat' dir='ltr'><strong>LIBER</strong></span> <span class='ocrx_word' id='word_1_6' title='bbox 2417 282 2484 340; x_wconf 84' lang='grc' dir='ltr'><strong><em>Π.</em></strong></span> 
     </span>
    </p>
   </div>
   <div class='ocr_carea' id='block_1_3' title="bbox 3488 287 3593 349">
    <p class='ocr_par' dir='ltr' id='par_1_3' title="bbox 3488 287 3593 349">
     <span class='ocr_line' id='line_1_3' title="bbox 3488 287 3593 349; baseline 0.019 -2"><span class='ocrx_word' id='word_1_7' title='bbox 3488 287 3593 349; x_wconf 65' lang='grc'><strong><em>194</em></strong></span> 
     </span>
    </p>
   </div>
   <div class='ocr_carea' id='block_1_4' title="bbox 219 387 3595 482">
    <p class='ocr_par' dir='ltr' id='par_1_4' title="bbox 219 387 3595 482">
     <span class='ocr_line' id='line_1_4' title="bbox 219 387 3595 482; baseline 0.002 -34"><span class='ocrx_word' id='word_1_8' title='bbox 219 391 324 448; x_wconf 81' lang='lat' dir='ltr'><strong><em>sed</em></strong></span> <span class='ocrx_word' id='word_1_9' title='bbox 367 407 436 447; x_wconf 66' lang='lat' dir='ltr'><strong><em>ac</em></strong></span> <span class='ocrx_word' id='word_1_10' title='bbox 477 389 721 446; x_wconf 87' lang='lat' dir='ltr'><strong><em>omnibus</em></strong></span> <span class='ocrx_word' id='word_1_11' title='bbox 764 387 928 445; x_wconf 89' lang='lat' dir='ltr'><strong><em>simul</em></strong></span> <span class='ocrx_word' id='word_1_12' title='bbox 965 392 1026 445; x_wconf 88' lang='lat' dir='ltr'><strong><em>in</em></strong></span> <span class='ocrx_word' id='word_1_13' title='bbox 1063 395 1266 447; x_wconf 59' lang='lat' dir='ltr'><strong><em>catena</em></strong></span> <span class='ocrx_word' id='word_1_14' title='bbox 1307 392 1525 448; x_wconf 87' lang='lat' dir='ltr'><strong><em>modum</em></strong></span> <span class='ocrx_word' id='word_1_15' title='bbox 1561 393 1861 464; x_wconf 76' lang='lat' dir='ltr'><strong><em>dispositis.</em></strong></span> <span class='ocrx_word' id='word_1_16' title='bbox 1885 408 1944 482; x_wconf 73' lang='grc' dir='ltr'><strong>Α</strong></span> <span class='ocrx_word' id='word_1_17' title='bbox 1967 389 2153 464; x_wconf 77' lang='grc'><strong><em>137</em></strong></span> <span class='ocrx_word' id='word_1_18' title='bbox 2174 393 2278 447; x_wconf 86' lang='lat' dir='ltr'><strong><em>Hic</em></strong></span> <span class='ocrx_word' id='word_1_19' title='bbox 2289 393 2604 447; x_wconf 84' lang='lat' dir='ltr'><strong><em>ritusetiam</em></strong></span> <span class='ocrx_word' id='word_1_20' title='bbox 2611 387 2971 464; x_wconf 60' lang='lat' dir='ltr'><strong><em>praescriptus</em></strong></span> <span class='ocrx_word' id='word_1_21' title='bbox 2991 397 3071 450; x_wconf 82' lang='lat' dir='ltr'><strong><em>est</em></strong></span> <span class='ocrx_word' id='word_1_22' title='bbox 3082 395 3144 450; x_wconf 90' lang='lat' dir='ltr'><strong><em>in</em></strong></span> <span class='ocrx_word' id='word_1_23' title='bbox 3157 392 3595 455; x_wconf 87' lang='lat' dir='ltr'><strong><em>Sacramentario</em></strong></span> 
     </span>
    </p>
   </div>
   <div class='ocr_carea' id='block_1_5' title="bbox 221 485 1864 554">
    <p class='ocr_par' dir='ltr' id='par_1_5' title="bbox 221 485 1864 554">
     <span class='ocr_line' id='line_1_5' title="bbox 221 485 1864 554; baseline 0.001 -13"><span class='ocrx_word' id='word_1_24' title='bbox 221 486 406 553; x_wconf 81' lang='lat' dir='ltr'><strong><em>Quam</em></strong></span> <span class='ocrx_word' id='word_1_25' title='bbox 429 486 497 540; x_wconf 87' lang='lat' dir='ltr'><strong><em>ob</em></strong></span> <span class='ocrx_word' id='word_1_26' title='bbox 524 501 637 541; x_wconf 85' lang='lat' dir='ltr'><strong><em>rem</em></strong></span> <span class='ocrx_word' id='word_1_27' title='bbox 668 486 939 553; x_wconf 79' lang='lat' dir='ltr'><strong><em>integram</em></strong></span> <span class='ocrx_word' id='word_1_28' title='bbox 971 485 1076 540; x_wconf 88' lang='lat' dir='ltr'><strong><em>huc</em></strong></span> <span class='ocrx_word' id='word_1_29' title='bbox 1099 487 1304 554; x_wconf 88' lang='lat' dir='ltr'><strong><em>referre</em></strong></span> <span class='ocrx_word' id='word_1_30' title='bbox 1333 489 1511 542; x_wconf 72' lang='lat' dir='ltr'><strong><em>visum</em></strong></span> <span class='ocrx_word' id='word_1_31' title='bbox 1539 491 1616 542; x_wconf 88' lang='lat' dir='ltr'><strong><em>est</em></strong></span> <span class='ocrx_word' id='word_1_32' title='bbox 1650 489 1726 543; x_wconf 90' lang='lat' dir='ltr'><strong><em>ad</em></strong></span> <span class='ocrx_word' id='word_1_33' title='bbox 1747 490 1864 544; x_wconf 89' lang='lat' dir='ltr'><strong><em>sin-</em></strong></span> 
     </span>
    </p>
   </div>
   <div class='ocr_carea' id='block_1_6' title="bbox 218 579 1862 651">
    <p class='ocr_par' dir='ltr' id='par_1_6' title="bbox 218 579 1862 651">
     <span class='ocr_line' id='line_1_6' title="bbox 218 579 1862 651; baseline 0.002 -18"><span class='ocrx_word' id='word_1_34' title='bbox 218 579 390 647; x_wconf 86' lang='lat' dir='ltr'><strong><em>gulas</em></strong></span> <span class='ocrx_word' id='word_1_35' title='bbox 415 580 596 634; x_wconf 86' lang='lat' dir='ltr'><strong><em>horas.</em></strong></span> <span class='ocrx_word' id='word_1_36' title='bbox 628 579 752 635; x_wconf 90' lang='lat' dir='ltr'><strong><em>Non</em></strong></span> <span class='ocrx_word' id='word_1_37' title='bbox 777 579 1008 633; x_wconf 88' lang='lat' dir='ltr'><strong><em>multum</em></strong></span> <span class='ocrx_word' id='word_1_38' title='bbox 1041 579 1289 634; x_wconf 82' lang='lat' dir='ltr'><strong><em>diversus</em></strong></span> <span class='ocrx_word' id='word_1_39' title='bbox 1315 585 1393 635; x_wconf 90' lang='lat' dir='ltr'><strong><em>est</em></strong></span> <span class='ocrx_word' id='word_1_40' title='bbox 1417 583 1580 644; x_wconf 91' lang='lat' dir='ltr'><strong><em>ritus,</em></strong></span> <span class='ocrx_word' id='word_1_41' title='bbox 1602 583 1700 651; x_wconf 90' lang='lat' dir='ltr'><strong><em>qui</em></strong></span> <span class='ocrx_word' id='word_1_42' title='bbox 1715 597 1862 651; x_wconf 61' lang='lat' dir='ltr'><strong><em>prx-</em></strong></span> 
     </span>
    </p>
   </div>
   <div class='ocr_carea' id='block_1_7' title="bbox 217 672 1870 738">
    <p class='ocr_par' dir='ltr' id='par_1_7' title="bbox 217 672 1870 738">
     <span class='ocr_line' id='line_1_7' title="bbox 217 672 1870 738; baseline 0.002 -11"><span class='ocrx_word' id='word_1_43' title='bbox 217 673 491 727; x_wconf 82' lang='lat' dir='ltr'><strong><em>scribitur</em></strong></span> <span class='ocrx_word' id='word_1_44' title='bbox 531 673 593 726; x_wconf 89' lang='lat' dir='ltr'><strong><em>in</em></strong></span> <span class='ocrx_word' id='word_1_45' title='bbox 629 673 964 726; x_wconf 82' lang='lat' dir='ltr'><strong><em>vetustisimo</em></strong></span> <span class='ocrx_word' id='word_1_46' title='bbox 1005 672 1207 728; x_wconf 87' lang='lat' dir='ltr'><strong><em>Ordine</em></strong></span> <span class='ocrx_word' id='word_1_47' title='bbox 1237 673 1574 738; x_wconf 86' lang='lat' dir='ltr'><strong><em>Germanico,</em></strong></span> <span class='ocrx_word' id='word_1_48' title='bbox 1605 679 1742 730; x_wconf 89' lang='lat' dir='ltr'><strong><em>tomo</em></strong></span> <span class='ocrx_word' id='word_1_49' title='bbox 1781 676 1870 731; x_wconf 88' lang='lat' dir='ltr'><strong><em>IV</em></strong></span> 
     </span>
    </p>
   </div>
   <div class='ocr_carea' id='block_1_8' title="bbox 215 765 1864 836">
    <p class='ocr_par' dir='ltr' id='par_1_8' title="bbox 215 765 1864 836">
     <span class='ocr_line' id='line_1_8' title="bbox 215 765 1864 836; baseline 0.002 -17"><span class='ocrx_word' id='word_1_50' title='bbox 215 765 616 820; x_wconf 81' lang='lat' dir='ltr'><strong><em>Analectorum</em></strong></span> <span class='ocrx_word' id='word_1_51' title='bbox 636 781 771 836; x_wconf 86' lang='lat' dir='ltr'><strong><em>pag.</em></strong></span> <span class='ocrx_word' id='word_1_52' title='bbox 793 766 896 820; x_wconf 82' lang='grc'><strong><em>495</em></strong></span> <span class='ocrx_word' id='word_1_53' title='bbox 928 781 941 820; x_wconf 92' lang='lat'>:</span> <span class='ocrx_word' id='word_1_54' title='bbox 976 768 1039 820; x_wconf 91' lang='lat' dir='ltr'><strong><em>In</em></strong></span> <span class='ocrx_word' id='word_1_55' title='bbox 1066 770 1224 821; x_wconf 85' lang='lat' dir='ltr'><strong><em>sexta</em></strong></span> <span class='ocrx_word' id='word_1_56' title='bbox 1262 767 1409 823; x_wconf 88' lang='lat' dir='ltr'><strong><em>feria</em></strong></span> <span class='ocrx_word' id='word_1_57' title='bbox 1442 769 1764 823; x_wconf 84' lang='lat' dir='ltr'><strong><em>Parasceves</em></strong></span> <span class='ocrx_word' id='word_1_58' title='bbox 1790 767 1864 822; x_wconf 89' lang='lat' dir='ltr'><strong><em>ad</em></strong></span> 
     </span>
    </p>
   </div>
   <div class='ocr_carea' id='block_1_9' title="bbox 216 859 1863 930">
    <p class='ocr_par' dir='ltr' id='par_1_9' title="bbox 216 859 1863 930">
     <span class='ocr_line' id='line_1_9' title="bbox 216 859 1863 930; baseline 0.002 -17"><span class='ocrx_word' id='word_1_59' title='bbox 216 859 479 914; x_wconf 85' lang='lat' dir='ltr'><strong><em>Tertiam</em></strong></span> <span class='ocrx_word' id='word_1_60' title='bbox 509 859 712 930; x_wconf 81' lang='lat' dir='ltr'><strong><em>legunt</em></strong></span> <span class='ocrx_word' id='word_1_61' title='bbox 745 859 1074 930; x_wconf 84' lang='lat' dir='ltr'><strong><em>passionem</em></strong></span> <span class='ocrx_word' id='word_1_62' title='bbox 1111 860 1340 916; x_wconf 88' lang='lat' dir='ltr'><strong><em>Domini</em></strong></span> <span class='ocrx_word' id='word_1_63' title='bbox 1375 860 1692 916; x_wconf 91' lang='lat' dir='ltr'><strong><em>secundum</em></strong></span> <span class='ocrx_word' id='word_1_64' title='bbox 1725 862 1863 917; x_wconf 85' lang='lat' dir='ltr'><strong><em>Mat-</em></strong></span> 
     </span>
    </p>
   </div>
   <div class='ocr_carea' id='block_1_10' title="bbox 217 951 1862 1018">
    <p class='ocr_par' dir='ltr' id='par_1_10' title="bbox 217 951 1862 1018">
     <span class='ocr_line' id='line_1_10' title="bbox 217 951 1862 1018; baseline 0.003 -13"><span class='ocrx_word' id='word_1_65' title='bbox 217 951 486 1018; x_wconf 66' lang='lat' dir='ltr'><strong><em>thmum;</em></strong></span> <span class='ocrx_word' id='word_1_66' title='bbox 519 951 593 1006; x_wconf 92' lang='lat' dir='ltr'><strong><em>ad</em></strong></span> <span class='ocrx_word' id='word_1_67' title='bbox 628 953 862 1008; x_wconf 84' lang='lat' dir='ltr'><strong><em>Sextam</em></strong></span> <span class='ocrx_word' id='word_1_68' title='bbox 901 953 1220 1008; x_wconf 88' lang='lat' dir='ltr'><strong><em>secundum</em></strong></span> <span class='ocrx_word' id='word_1_69' title='bbox 1248 955 1518 1010; x_wconf 85' lang='lat' dir='ltr'><strong><em>Marcum.</em></strong></span> <span class='ocrx_word' id='word_1_70' title='bbox 1552 957 1704 1010; x_wconf 86' lang='lat' dir='ltr'><strong><em>Hora</em></strong></span> <span class='ocrx_word' id='word_1_71' title='bbox 1727 971 1862 1010; x_wconf 90' lang='lat' dir='ltr'><strong><em>vero</em></strong></span> 
     </span>
    </p>
   </div>
   <div class='ocr_carea' id='block_1_11' title="bbox 215 1046 1866 1120">
    <p class='ocr_par' dir='ltr' id='par_1_11' title="bbox 215 1046 1866 1120">
     <span class='ocr_line' id='line_1_11' title="bbox 215 1046 1866 1120; baseline 0.002 -20"><span class='ocrx_word' id='word_1_72' title='bbox 215 1061 384 1100; x_wconf 85' lang='lat' dir='ltr'><strong><em>nona</em></strong></span> <span class='ocrx_word' id='word_1_73' title='bbox 414 1046 616 1118; x_wconf 83' lang='lat' dir='ltr'><strong><em>legunt</em></strong></span> <span class='ocrx_word' id='word_1_74' title='bbox 647 1047 956 1105; x_wconf 79' lang='lat' dir='ltr'><strong><em>lectionem</em></strong></span> <span class='ocrx_word' id='word_1_75' title='bbox 977 1047 1050 1101; x_wconf 91' lang='lat' dir='ltr'><strong><em>de</em></strong></span> <span class='ocrx_word' id='word_1_76' title='bbox 1081 1047 1224 1103; x_wconf 90' lang='lat' dir='ltr'><strong><em>Osee</em></strong></span> <span class='ocrx_word' id='word_1_77' title='bbox 1245 1049 1529 1120; x_wconf 81' lang='lat' dir='ltr'><strong><em>propheta</em></strong></span> <span class='ocrx_word' id='word_1_78' title='bbox 1561 1066 1573 1103; x_wconf 95' lang='lat'>:</span> <span class='ocrx_word' id='word_1_79' title='bbox 1608 1048 1866 1120; x_wconf 80' lang='lat' dir='ltr'><strong><em>sequitur</em></strong></span> 
     </span>
    </p>
   </div>
   <div class='ocr_carea' id='block_1_12' title="bbox 217 1136 1864 1212">
    <p class='ocr_par' dir='ltr' id='par_1_12' title="bbox 217 1136 1864 1212">
     <span class='ocr_line' id='line_1_12' title="bbox 217 1136 1864 1212; baseline 0 -15"><span class='ocrx_word' id='word_1_80' title='bbox 217 1136 268 1211; x_wconf 77' lang='grc'><strong>1</strong></span> <span class='ocrx_word' id='word_1_81' title='bbox 285 1136 423 1212; x_wconf 82' lang='lat'><strong><em>36</em></strong></span> <span class='ocrx_word' id='word_1_82' title='bbox 453 1140 704 1210; x_wconf 81' lang='lat' dir='ltr'><strong><em>gradalis</em></strong></span> <span class='ocrx_word' id='word_1_83' title='bbox 733 1157 863 1194; x_wconf 91' lang='lat' dir='ltr'><strong><em>cum</em></strong></span> <span class='ocrx_word' id='word_1_84' title='bbox 894 1139 1149 1212; x_wconf 89' lang='lat' dir='ltr'><strong><em>quinque</em></strong></span> <span class='ocrx_word' id='word_1_85' title='bbox 1173 1142 1482 1210; x_wconf 85' lang='lat' dir='ltr'><strong><em>versiculis,</em></strong></span> <span class='ocrx_word' id='word_1_86' title='bbox 1503 1144 1746 1206; x_wconf 88' lang='lat' dir='ltr'><strong><em>Domine,</em></strong></span> <span class='ocrx_word' id='word_1_87' title='bbox 1770 1158 1864 1198; x_wconf 87' lang='lat' dir='ltr'><strong><em>au-</em></strong></span> 
     </span>
    </p>
   </div>
   <div class='ocr_carea' id='block_1_13' title="bbox 213 1232 1864 1304">
    <p class='ocr_par' dir='ltr' id='par_1_13' title="bbox 213 1232 1864 1304">
     <span class='ocr_line' id='line_1_13' title="bbox 213 1232 1864 1304; baseline 0.001 -17"><span class='ocrx_word' id='word_1_88' title='bbox 213 1232 362 1287; x_wconf 74' lang='lat' dir='ltr'><strong><em>divi.</em></strong></span> <span class='ocrx_word' id='word_1_89' title='bbox 397 1233 616 1288; x_wconf 89' lang='lat' dir='ltr'><strong><em>Deinde</em></strong></span> <span class='ocrx_word' id='word_1_90' title='bbox 645 1234 839 1288; x_wconf 82' lang='lat' dir='ltr'><strong><em>Lectio</em></strong></span> <span class='ocrx_word' id='word_1_91' title='bbox 871 1233 942 1288; x_wconf 90' lang='lat' dir='ltr'><strong><em>de</em></strong></span> <span class='ocrx_word' id='word_1_92' title='bbox 975 1233 1192 1302; x_wconf 81' lang='lat' dir='ltr'><strong><em>Exodo,</em></strong></span> <span class='ocrx_word' id='word_1_93' title='bbox 1223 1238 1284 1290; x_wconf 90' lang='lat' dir='ltr'><strong><em>et</em></strong></span> <span class='ocrx_word' id='word_1_94' title='bbox 1307 1237 1557 1304; x_wconf 81' lang='lat' dir='ltr'><strong><em>Tractus,</em></strong></span> <span class='ocrx_word' id='word_1_95' title='bbox 1586 1235 1690 1301; x_wconf 84' lang='lat' dir='ltr'><strong><em>Qui</em></strong></span> <span class='ocrx_word' id='word_1_96' title='bbox 1713 1237 1864 1291; x_wconf 86' lang='lat' dir='ltr'><strong><em>habi-</em></strong></span> 
     </span>
    </p>
   </div>
   <div class='ocr_carea' id='block_1_14' title="bbox 215 1327 1861 1399">
    <p class='ocr_par' dir='ltr' id='par_1_14' title="bbox 215 1327 1861 1399">
     <span class='ocr_line' id='line_1_14' title="bbox 215 1327 1861 1399; baseline 0.002 -19"><span class='ocrx_word' id='word_1_97' title='bbox 215 1331 304 1381; x_wconf 84' lang='lat' dir='ltr'><strong><em>tat</em></strong></span> <span class='ocrx_word' id='word_1_98' title='bbox 335 1329 394 1381; x_wconf 86' lang='lat' dir='ltr'><strong><em>in</em></strong></span> <span class='ocrx_word' id='word_1_99' title='bbox 421 1327 719 1396; x_wconf 81' lang='lat' dir='ltr'><strong><em>adjutorio.</em></strong></span> <span class='ocrx_word' id='word_1_100' title='bbox 751 1328 886 1382; x_wconf 88' lang='lat' dir='ltr'><strong><em>Post</em></strong></span> <span class='ocrx_word' id='word_1_101' title='bbox 914 1327 1036 1382; x_wconf 64' lang='lat' dir='ltr'><strong><em>haec</em></strong></span> <span class='ocrx_word' id='word_1_102' title='bbox 1056 1328 1246 1399; x_wconf 84' lang='lat' dir='ltr'><strong><em>passio</em></strong></span> <span class='ocrx_word' id='word_1_103' title='bbox 1284 1328 1514 1384; x_wconf 89' lang='lat' dir='ltr'><strong>Domini</strong></span> <span class='ocrx_word' id='word_1_104' title='bbox 1545 1328 1861 1384; x_wconf 90' lang='lat' dir='ltr'><strong><em>secundum</em></strong></span> 
     </span>
    </p>
   </div>
   <div class='ocr_carea' id='block_1_15' title="bbox 213 1420 878 1492">
    <p class='ocr_par' dir='ltr' id='par_1_15' title="bbox 213 1420 878 1492">
     <span class='ocr_line' id='line_1_15' title="bbox 213 1420 878 1492; baseline 0.002 -18"><span class='ocrx_word' id='word_1_105' title='bbox 213 1420 556 1476; x_wconf 74' lang='lat' dir='ltr'><strong><em>Iohannem</em></strong></span> <span class='ocrx_word' id='word_1_106' title='bbox 585 1424 878 1492; x_wconf 79' lang='lat' dir='ltr'><strong><em>sequatur.</em></strong></span> 
     </span>
    </p>
   </div>
   <div class='ocr_carea' id='block_1_16' title="bbox 287 1513 1860 1586">
    <p class='ocr_par' dir='ltr' id='par_1_16' title="bbox 287 1513 1860 1586">
     <span class='ocr_line' id='line_1_16' title="bbox 287 1513 1860 1586; baseline 0 -16"><span class='ocrx_word' id='word_1_107' title='bbox 287 1514 516 1584; x_wconf 63' lang='lat' dir='ltr'><strong><em>Duplex</em></strong></span> <span class='ocrx_word' id='word_1_108' title='bbox 535 1513 616 1583; x_wconf 91' lang='lat' dir='ltr'><strong><em>(ut</em></strong></span> <span class='ocrx_word' id='word_1_109' title='bbox 624 1514 748 1582; x_wconf 89' lang='lat' dir='ltr'><strong><em>jam</em></strong></span> <span class='ocrx_word' id='word_1_110' title='bbox 782 1516 984 1586; x_wconf 79' lang='lat' dir='ltr'><strong><em>notavi)</em></strong></span> <span class='ocrx_word' id='word_1_111' title='bbox 997 1517 1324 1584; x_wconf 88' lang='lat' dir='ltr'><strong><em>marginalis</em></strong></span> <span class='ocrx_word' id='word_1_112' title='bbox 1343 1530 1598 1571; x_wconf 88' lang='lat' dir='ltr'><strong><em>numerus</em></strong></span> <span class='ocrx_word' id='word_1_113' title='bbox 1627 1516 1774 1572; x_wconf 83' lang='lat' dir='ltr'><strong>deest</strong></span> <span class='ocrx_word' id='word_1_114' title='bbox 1791 1517 1860 1571; x_wconf 90' lang='lat' dir='ltr'><strong><em>ab</em></strong></span> 
     </span>
    </p>
   </div>
   <div class='ocr_carea' id='block_1_17' title="bbox 213 1608 1862 1681">
    <p class='ocr_par' dir='ltr' id='par_1_17' title="bbox 213 1608 1862 1681">
     <span class='ocr_line' id='line_1_17' title="bbox 213 1608 1862 1681; baseline 0.002 -18"><span class='ocrx_word' id='word_1_115' title='bbox 213 1609 404 1677; x_wconf 76' lang='lat' dir='ltr'><strong><em>ofﬁcio</em></strong></span> <span class='ocrx_word' id='word_1_116' title='bbox 422 1609 821 1663; x_wconf 85' lang='lat' dir='ltr'><strong><em>Matutinorum</em></strong></span> <span class='ocrx_word' id='word_1_117' title='bbox 839 1625 941 1680; x_wconf 86' lang='lat' dir='ltr'><strong><em>pro</em></strong></span> <span class='ocrx_word' id='word_1_118' title='bbox 961 1608 1122 1665; x_wconf 79' lang='lat' dir='ltr'><strong><em>Ccena</em></strong></span> <span class='ocrx_word' id='word_1_119' title='bbox 1143 1612 1359 1666; x_wconf 89' lang='lat' dir='ltr'><strong><em>Domini</em></strong></span> <span class='ocrx_word' id='word_1_120' title='bbox 1375 1611 1450 1664; x_wconf 89' lang='lat' dir='ltr'><strong><em>ad</em></strong></span> <span class='ocrx_word' id='word_1_121' title='bbox 1470 1612 1708 1681; x_wconf 90' lang='lat' dir='ltr'><strong><em>ofﬁcium</em></strong></span> <span class='ocrx_word' id='word_1_122' title='bbox 1739 1613 1862 1666; x_wconf 88' lang='lat' dir='ltr'><strong><em>Ter-</em></strong></span> 
     </span>
    </p>
   </div>
   <div class='ocr_carea' id='block_1_18' title="bbox 214 1703 1856 1775">
    <p class='ocr_par' dir='ltr' id='par_1_18' title="bbox 214 1703 1856 1775">
     <span class='ocr_line' id='line_1_18' title="bbox 214 1703 1856 1775; baseline 0.002 -20"><span class='ocrx_word' id='word_1_123' title='bbox 214 1703 313 1756; x_wconf 72' lang='lat' dir='ltr'><strong><em>tiae</em></strong></span> <span class='ocrx_word' id='word_1_124' title='bbox 323 1717 432 1773; x_wconf 89' lang='lat' dir='ltr'><strong><em>pro</em></strong></span> <span class='ocrx_word' id='word_1_125' title='bbox 461 1703 775 1757; x_wconf 80' lang='lat' dir='ltr'><strong><em>Parasceve.</em></strong></span> <span class='ocrx_word' id='word_1_126' title='bbox 808 1704 965 1757; x_wconf 88' lang='lat' dir='ltr'><strong><em>Prior</em></strong></span> <span class='ocrx_word' id='word_1_127' title='bbox 991 1719 1058 1757; x_wconf 81' lang='lat' dir='ltr'><strong><em>ea:</em></strong></span> <span class='ocrx_word' id='word_1_128' title='bbox 1081 1704 1167 1758; x_wconf 85' lang='lat' dir='ltr'><strong><em>his</em></strong></span> <span class='ocrx_word' id='word_1_129' title='bbox 1191 1704 1469 1774; x_wconf 88' lang='lat' dir='ltr'><strong><em>aptandus</em></strong></span> <span class='ocrx_word' id='word_1_130' title='bbox 1493 1705 1711 1760; x_wconf 80' lang='lat' dir='ltr'><strong><em>videtur</em></strong></span> <span class='ocrx_word' id='word_1_131' title='bbox 1734 1707 1856 1775; x_wconf 89' lang='lat' dir='ltr'><strong><em>ofﬁ-</em></strong></span> 
     </span>
    </p>
   </div>
   <div class='ocr_carea' id='block_1_19' title="bbox 1965 485 3596 556">
    <p class='ocr_par' dir='ltr' id='par_1_19' title="bbox 1965 485 3596 556">
     <span class='ocr_line' id='line_1_19' title="bbox 1965 485 3596 556; baseline 0.006 -17"><span class='ocrx_word' id='word_1_132' title='bbox 1965 485 2316 554; x_wconf 88' lang='lat' dir='ltr'><strong><em>Gregoriano,</em></strong></span> <span class='ocrx_word' id='word_1_133' title='bbox 2347 487 2408 540; x_wconf 90' lang='lat' dir='ltr'><strong><em>in</em></strong></span> <span class='ocrx_word' id='word_1_134' title='bbox 2437 485 2596 540; x_wconf 82' lang='lat' dir='ltr'><strong><em>Coma</em></strong></span> <span class='ocrx_word' id='word_1_135' title='bbox 2625 487 2846 556; x_wconf 81' lang='lat' dir='ltr'><strong><em>quidem</em></strong></span> <span class='ocrx_word' id='word_1_136' title='bbox 2869 490 3088 543; x_wconf 87' lang='lat' dir='ltr'><strong><em>Domini</em></strong></span> <span class='ocrx_word' id='word_1_137' title='bbox 3116 494 3167 544; x_wconf 93' lang='lat' dir='ltr'><strong><em>et</em></strong></span> <span class='ocrx_word' id='word_1_138' title='bbox 3203 492 3264 544; x_wconf 90' lang='lat' dir='ltr'><strong><em>in</em></strong></span> <span class='ocrx_word' id='word_1_139' title='bbox 3301 491 3596 549; x_wconf 78' lang='lat' dir='ltr'><strong><em>Parasceve</em></strong></span> 
     </span>
    </p>
   </div>
   <div class='ocr_carea' id='block_1_20' title="bbox 1964 579 3596 652">
    <p class='ocr_par' dir='ltr' id='par_1_20' title="bbox 1964 579 3596 652">
     <span class='ocr_line' id='line_1_20' title="bbox 1964 579 3596 652; baseline 0.006 -21"><span class='ocrx_word' id='word_1_140' title='bbox 1964 579 2232 642; x_wconf 88' lang='lat' dir='ltr'><strong><em>omnibus,</em></strong></span> <span class='ocrx_word' id='word_1_141' title='bbox 2264 581 2324 632; x_wconf 91' lang='lat' dir='ltr'><strong><em>in</em></strong></span> <span class='ocrx_word' id='word_1_142' title='bbox 2346 580 2539 646; x_wconf 82' lang='lat' dir='ltr'><strong><em>vigilia</em></strong></span> <span class='ocrx_word' id='word_1_143' title='bbox 2561 580 2783 634; x_wconf 57' lang='lat' dir='ltr'><strong><em>Pascha</em></strong></span> <span class='ocrx_word' id='word_1_144' title='bbox 2805 595 2986 636; x_wconf 85' lang='lat' dir='ltr'><strong><em>recens</em></strong></span> <span class='ocrx_word' id='word_1_145' title='bbox 3015 582 3322 652; x_wconf 80' lang='lat' dir='ltr'><strong><em>baptizatis.</em></strong></span> <span class='ocrx_word' id='word_1_146' title='bbox 3349 585 3444 640; x_wconf 80' lang='lat' dir='ltr'><strong><em>An</em></strong></span> <span class='ocrx_word' id='word_1_147' title='bbox 3472 601 3596 641; x_wconf 79' lang='lat' dir='ltr'><strong><em>vero</em></strong></span> 
     </span>
    </p>
   </div>
   <div class='ocr_carea' id='block_1_21' title="bbox 1963 672 3597 746">
    <p class='ocr_par' dir='ltr' id='par_1_21' title="bbox 1963 672 3597 746">
     <span class='ocr_line' id='line_1_21' title="bbox 1963 672 3597 746; baseline 0.006 -20"><span class='ocrx_word' id='word_1_148' title='bbox 1963 673 2049 727; x_wconf 84' lang='lat' dir='ltr'><strong><em>hic</em></strong></span> <span class='ocrx_word' id='word_1_149' title='bbox 2077 687 2190 726; x_wconf 90' lang='lat' dir='ltr'><strong><em>mos</em></strong></span> <span class='ocrx_word' id='word_1_150' title='bbox 2215 674 2275 726; x_wconf 88' lang='lat' dir='ltr'><strong><em>in</em></strong></span> <span class='ocrx_word' id='word_1_151' title='bbox 2301 672 2496 727; x_wconf 87' lang='lat' dir='ltr'><strong><em>Galliis</em></strong></span> <span class='ocrx_word' id='word_1_152' title='bbox 2522 677 2648 727; x_wconf 84' lang='lat' dir='ltr'><strong><em>ante</em></strong></span> <span class='ocrx_word' id='word_1_153' title='bbox 2672 672 2920 742; x_wconf 82' lang='lat' dir='ltr'><strong><em>Gregorii</em></strong></span> <span class='ocrx_word' id='word_1_154' title='bbox 2937 676 3132 742; x_wconf 82' lang='lat' dir='ltr'><strong><em>Magni</em></strong></span> <span class='ocrx_word' id='word_1_155' title='bbox 3153 680 3396 746; x_wconf 86' lang='lat' dir='ltr'><strong><em>tempora</em></strong></span> <span class='ocrx_word' id='word_1_156' title='bbox 3419 694 3597 734; x_wconf 79' lang='lat' dir='ltr'><strong><em>serva-</em></strong></span> 
     </span>
    </p>
   </div>
   <div class='ocr_carea' id='block_1_22' title="bbox 1961 766 3597 841">
    <p class='ocr_par' dir='ltr' id='par_1_22' title="bbox 1961 766 3597 841">
     <span class='ocr_line' id='line_1_22' title="bbox 1961 766 3597 841; baseline 0.005 -21"><span class='ocrx_word' id='word_1_157' title='bbox 1961 770 2134 828; x_wconf 84' lang='lat' dir='ltr'><strong><em>retur,</em></strong></span> <span class='ocrx_word' id='word_1_158' title='bbox 2170 781 2280 819; x_wconf 91' lang='lat' dir='ltr'><strong><em>non</em></strong></span> <span class='ocrx_word' id='word_1_159' title='bbox 2317 767 2398 819; x_wconf 90' lang='lat' dir='ltr'><strong><em>ita</em></strong></span> <span class='ocrx_word' id='word_1_160' title='bbox 2437 766 2624 834; x_wconf 60' lang='lat' dir='ltr'><strong><em>liwet.</em></strong></span> <span class='ocrx_word' id='word_1_161' title='bbox 2661 767 2729 820; x_wconf 90' lang='lat' dir='ltr'><strong><em>Id</em></strong></span> <span class='ocrx_word' id='word_1_162' title='bbox 2764 771 2942 822; x_wconf 86' lang='lat' dir='ltr'><strong><em>tamen</em></strong></span> <span class='ocrx_word' id='word_1_163' title='bbox 2977 769 3252 837; x_wconf 88' lang='lat' dir='ltr'><strong><em>colligitur</em></strong></span> <span class='ocrx_word' id='word_1_164' title='bbox 3299 787 3368 825; x_wconf 78' lang='lat' dir='ltr'><strong><em>ea:</em></strong></span> <span class='ocrx_word' id='word_1_165' title='bbox 3403 773 3597 841; x_wconf 89' lang='lat' dir='ltr'><strong><em>regula</em></strong></span> 
     </span>
    </p>
   </div>
   <div class='ocr_carea' id='block_1_23' title="bbox 1962 859 3591 928">
    <p class='ocr_par' dir='ltr' id='par_1_23' title="bbox 1962 859 3591 928">
     <span class='ocr_line' id='line_1_23' title="bbox 1962 859 3591 928; baseline 0.006 -16"><span class='ocrx_word' id='word_1_166' title='bbox 1962 860 2218 926; x_wconf 80' lang='lat' dir='ltr'><strong><em>Magistri</em></strong></span> <span class='ocrx_word' id='word_1_167' title='bbox 2239 860 2300 912; x_wconf 86' lang='lat' dir='ltr'><strong><em>in</em></strong></span> <span class='ocrx_word' id='word_1_168' title='bbox 2327 873 2447 928; x_wconf 85' lang='lat' dir='ltr'><strong><em>cap.</em></strong></span> <span class='ocrx_word' id='word_1_169' title='bbox 2473 861 2560 924; x_wconf 84' lang='lat'><strong><em>53,</em></strong></span> <span class='ocrx_word' id='word_1_170' title='bbox 2590 859 2687 913; x_wconf 87' lang='lat' dir='ltr'><strong><em>ubi</em></strong></span> <span class='ocrx_word' id='word_1_171' title='bbox 2710 859 2776 913; x_wconf 91' lang='lat' dir='ltr'><strong><em>de</em></strong></span> <span class='ocrx_word' id='word_1_172' title='bbox 2794 863 2939 926; x_wconf 86' lang='lat' dir='ltr'><strong><em>feria</em></strong></span> <span class='ocrx_word' id='word_1_173' title='bbox 2963 867 3118 916; x_wconf 67' lang='lat' dir='ltr'><strong><em>sexta</em></strong></span> <span class='ocrx_word' id='word_1_174' title='bbox 3135 865 3429 919; x_wconf 59' lang='lat' dir='ltr'><strong><em>Dominicis</em></strong></span> <span class='ocrx_word' id='word_1_175' title='bbox 3459 867 3591 922; x_wconf 91' lang='lat' dir='ltr'><strong><em>Pas-</em></strong></span> 
     </span>
    </p>
   </div>
   <div class='ocr_carea' id='block_1_24' title="bbox 1962 953 3596 1026">
    <p class='ocr_par' dir='ltr' id='par_1_24' title="bbox 1962 953 3596 1026">
     <span class='ocr_line' id='line_1_24' title="bbox 1962 953 3596 1026; baseline 0.006 -21"><span class='ocrx_word' id='word_1_176' title='bbox 1962 953 2150 1015; x_wconf 89' lang='lat' dir='ltr'><strong><em>sionis,</em></strong></span> <span class='ocrx_word' id='word_1_177' title='bbox 2179 968 2343 1022; x_wconf 89' lang='lat' dir='ltr'><strong><em>quam</em></strong></span> <span class='ocrx_word' id='word_1_178' title='bbox 2371 954 2488 1006; x_wconf 86' lang='lat' dir='ltr'><strong><em>sine</em></strong></span> <span class='ocrx_word' id='word_1_179' title='bbox 2511 953 2800 1019; x_wconf 78' lang='lat' dir='ltr'><strong><em>refectione</em></strong></span> <span class='ocrx_word' id='word_1_180' title='bbox 2837 957 3072 1022; x_wconf 84' lang='lat' dir='ltr'><strong><em>transigi</em></strong></span> <span class='ocrx_word' id='word_1_181' title='bbox 3091 958 3362 1026; x_wconf 58' lang='lat' dir='ltr'><strong><em>pracipit.</em></strong></span> <span class='ocrx_word' id='word_1_182' title='bbox 3387 960 3477 1015; x_wconf 86' lang='lat' dir='ltr'><strong><em>Sic</em></strong></span> <span class='ocrx_word' id='word_1_183' title='bbox 3500 974 3596 1014; x_wconf 84' lang='lat' dir='ltr'><strong><em>au-</em></strong></span> 
     </span>
    </p>
   </div>
   <div class='ocr_carea' id='block_1_25' title="bbox 1964 1045 3595 1121">
    <p class='ocr_par' dir='ltr' id='par_1_25' title="bbox 1964 1045 3595 1121">
     <span class='ocr_line' id='line_1_25' title="bbox 1964 1045 3595 1121; baseline 0.004 -22"><span class='ocrx_word' id='word_1_184' title='bbox 1964 1049 2068 1099; x_wconf 90' lang='lat' dir='ltr'><strong><em>tem</em></strong></span> <span class='ocrx_word' id='word_1_185' title='bbox 2096 1045 2283 1100; x_wconf 84' lang='lat' dir='ltr'><strong><em>subdit</em></strong></span> <span class='ocrx_word' id='word_1_186' title='bbox 2317 1063 2334 1098; x_wconf 87' lang='lat'><strong><em>:</em></strong></span> <span class='ocrx_word' id='word_1_187' title='bbox 2379 1066 2406 1094; x_wconf 84' lang='lat'><strong>«</strong></span> <span class='ocrx_word' id='word_1_188' title='bbox 2453 1045 2826 1100; x_wconf 82' lang='lat' dir='ltr'><strong><em>Sacramenta</em></strong></span> <span class='ocrx_word' id='word_1_189' title='bbox 2867 1062 3000 1101; x_wconf 90' lang='lat' dir='ltr'><strong><em>vero</em></strong></span> <span class='ocrx_word' id='word_1_190' title='bbox 3040 1048 3235 1102; x_wconf 87' lang='lat' dir='ltr'><strong><em>altaris</em></strong></span> <span class='ocrx_word' id='word_1_191' title='bbox 3277 1049 3335 1103; x_wconf 90' lang='lat' dir='ltr'><strong><em>in</em></strong></span> <span class='ocrx_word' id='word_1_192' title='bbox 3379 1054 3595 1121; x_wconf 86' lang='lat' dir='ltr'><strong><em>patena</em></strong></span> 
     </span>
    </p>
   </div>
   <div class='ocr_carea' id='block_1_26' title="bbox 1962 1138 3594 1209">
    <p class='ocr_par' dir='ltr' id='par_1_26' title="bbox 1962 1138 3594 1209">
     <span class='ocr_line' id='line_1_26' title="bbox 1962 1138 3594 1209; baseline 0.004 -17"><span class='ocrx_word' id='word_1_193' title='bbox 1962 1138 2184 1209; x_wconf 77' lang='lat' dir='ltr'><strong>majore</strong></span> <span class='ocrx_word' id='word_1_194' title='bbox 2210 1138 2392 1193; x_wconf 88' lang='lat' dir='ltr'><strong><em>vitrea</em></strong></span> <span class='ocrx_word' id='word_1_195' title='bbox 2412 1139 2719 1194; x_wconf 85' lang='lat' dir='ltr'><strong><em>ﬁniantur:</em></strong></span> <span class='ocrx_word' id='word_1_196' title='bbox 2745 1143 2807 1193; x_wconf 90' lang='lat' dir='ltr'><strong><em>ut</em></strong></span> <span class='ocrx_word' id='word_1_197' title='bbox 2829 1156 2958 1194; x_wconf 91' lang='lat' dir='ltr'><strong><em>cum</em></strong></span> <span class='ocrx_word' id='word_1_198' title='bbox 2980 1144 3138 1195; x_wconf 85' lang='lat' dir='ltr'><strong><em>sexta</em></strong></span> <span class='ocrx_word' id='word_1_199' title='bbox 3157 1141 3301 1196; x_wconf 86' lang='lat' dir='ltr'><strong><em>feria</em></strong></span> <span class='ocrx_word' id='word_1_200' title='bbox 3317 1143 3497 1198; x_wconf 72' lang='lat' dir='ltr'><strong><em>Judaei</em></strong></span> <span class='ocrx_word' id='word_1_201' title='bbox 3519 1144 3594 1199; x_wconf 87' lang='lat' dir='ltr'><strong><em>ad</em></strong></span> 
     </span>
    </p>
   </div>
   <div class='ocr_carea' id='block_1_27' title="bbox 1961 1231 3588 1303">
    <p class='ocr_par' dir='ltr' id='par_1_27' title="bbox 1961 1231 3588 1303">
     <span class='ocr_line' id='line_1_27' title="bbox 1961 1231 3588 1303; baseline 0.004 -18"><span class='ocrx_word' id='word_1_202' title='bbox 1961 1231 2290 1302; x_wconf 88' lang='lat' dir='ltr'><strong><em>passionem</em></strong></span> <span class='ocrx_word' id='word_1_203' title='bbox 2312 1231 2601 1287; x_wconf 85' lang='lat' dir='ltr'><strong><em>Christum</em></strong></span> <span class='ocrx_word' id='word_1_204' title='bbox 2623 1231 2972 1303; x_wconf 68' lang='lat' dir='ltr'><strong><em>quaesierint,</em></strong></span> <span class='ocrx_word' id='word_1_205' title='bbox 2993 1232 3066 1286; x_wconf 88' lang='lat' dir='ltr'><strong><em>sit</em></strong></span> <span class='ocrx_word' id='word_1_206' title='bbox 3084 1232 3207 1303; x_wconf 91' lang='lat' dir='ltr'><strong><em>ipso</em></strong></span> <span class='ocrx_word' id='word_1_207' title='bbox 3233 1234 3324 1288; x_wconf 91' lang='lat' dir='ltr'><strong><em>die</em></strong></span> <span class='ocrx_word' id='word_1_208' title='bbox 3346 1235 3405 1290; x_wconf 91' lang='lat' dir='ltr'><strong><em>in</em></strong></span> <span class='ocrx_word' id='word_1_209' title='bbox 3425 1253 3588 1292; x_wconf 87' lang='lat' dir='ltr'><strong><em>men-</em></strong></span> 
     </span>
    </p>
   </div>
   <div class='ocr_carea' id='block_1_28' title="bbox 1961 1322 3590 1398">
    <p class='ocr_par' dir='ltr' id='par_1_28' title="bbox 1961 1322 3590 1398">
     <span class='ocr_line' id='line_1_28' title="bbox 1961 1322 3590 1398; baseline 0.005 -22"><span class='ocrx_word' id='word_1_210' title='bbox 1961 1322 2112 1378; x_wconf 88' lang='lat' dir='ltr'><strong><em>tibus</em></strong></span> <span class='ocrx_word' id='word_1_211' title='bbox 2141 1324 2352 1380; x_wconf 83' lang='lat' dir='ltr'><strong><em>nostris</em></strong></span> <span class='ocrx_word' id='word_1_212' title='bbox 2380 1326 2654 1393; x_wconf 88' lang='lat' dir='ltr'><strong><em>reclusus,</em></strong></span> <span class='ocrx_word' id='word_1_213' title='bbox 2693 1329 2755 1379; x_wconf 87' lang='lat' dir='ltr'><strong><em>ut</em></strong></span> <span class='ocrx_word' id='word_1_214' title='bbox 2784 1325 3035 1380; x_wconf 90' lang='lat' dir='ltr'><strong><em>Sabbato</em></strong></span> <span class='ocrx_word' id='word_1_215' title='bbox 3066 1327 3231 1381; x_wconf 86' lang='lat' dir='ltr'><strong><em>nobis</em></strong></span> <span class='ocrx_word' id='word_1_216' title='bbox 3260 1344 3365 1398; x_wconf 91' lang='lat' dir='ltr'><strong><em>per</em></strong></span> <span class='ocrx_word' id='word_1_217' title='bbox 3400 1345 3590 1384; x_wconf 87' lang='lat' dir='ltr'><strong><em>resur-</em></strong></span> 
     </span>
    </p>
   </div>
   <div class='ocr_carea' id='block_1_29' title="bbox 1960 1417 3593 1494">
    <p class='ocr_par' dir='ltr' id='par_1_29' title="bbox 1960 1417 3593 1494">
     <span class='ocr_line' id='line_1_29' title="bbox 1960 1417 3593 1494; baseline 0.006 -24"><span class='ocrx_word' id='word_1_218' title='bbox 1960 1417 2277 1473; x_wconf 82' lang='lat' dir='ltr'><strong><em>rectionem</em></strong></span> <span class='ocrx_word' id='word_1_219' title='bbox 2319 1419 2378 1472; x_wconf 92' lang='lat' dir='ltr'><strong><em>in</em></strong></span> <span class='ocrx_word' id='word_1_220' title='bbox 2420 1434 2568 1474; x_wconf 87' lang='lat' dir='ltr'><strong><em>novo</em></strong></span> <span class='ocrx_word' id='word_1_221' title='bbox 2604 1422 2966 1473; x_wconf 88' lang='lat' dir='ltr'><strong><em>sacramento</em></strong></span> <span class='ocrx_word' id='word_1_222' title='bbox 2999 1423 3295 1491; x_wconf 86' lang='lat' dir='ltr'><strong><em>appareat.</em></strong></span> <span class='ocrx_word' id='word_1_223' title='bbox 3335 1423 3461 1478; x_wconf 80' lang='lat' dir='ltr'><strong><em>lam</em></strong></span> <span class='ocrx_word' id='word_1_224' title='bbox 3495 1423 3593 1494; x_wconf 86' lang='lat' dir='ltr'><strong><em>qui</em></strong></span> 
     </span>
    </p>
   </div>
   <div class='ocr_carea' id='block_1_30' title="bbox 1961 1510 3594 1580">
    <p class='ocr_par' dir='ltr' id='par_1_30' title="bbox 1961 1510 3594 1580">
     <span class='ocr_line' id='line_1_30' title="bbox 1961 1510 3594 1580; baseline 0.004 -16"><span class='ocrx_word' id='word_1_225' title='bbox 1961 1515 2117 1564; x_wconf 88' lang='lat' dir='ltr'><strong><em>sexta</em></strong></span> <span class='ocrx_word' id='word_1_226' title='bbox 2169 1510 2313 1565; x_wconf 87' lang='lat' dir='ltr'><strong><em>feria</em></strong></span> <span class='ocrx_word' id='word_1_227' title='bbox 2353 1511 2625 1566; x_wconf 86' lang='lat' dir='ltr'><strong><em>refecturi</em></strong></span> <span class='ocrx_word' id='word_1_228' title='bbox 2663 1515 2814 1580; x_wconf 89' lang='lat' dir='ltr'><strong><em>sunt,</em></strong></span> <span class='ocrx_word' id='word_1_229' title='bbox 2843 1511 2965 1566; x_wconf 89' lang='lat' dir='ltr'><strong><em>sine</em></strong></span> <span class='ocrx_word' id='word_1_230' title='bbox 3017 1514 3424 1569; x_wconf 87' lang='lat' dir='ltr'><strong><em>communione</em></strong></span> <span class='ocrx_word' id='word_1_231' title='bbox 3467 1515 3594 1570; x_wconf 83' lang='lat' dir='ltr'><strong><em>refi-</em></strong></span> 
     </span>
    </p>
   </div>
   <div class='ocr_carea' id='block_1_31' title="bbox 1959 1602 3588 1676">
    <p class='ocr_par' dir='ltr' id='par_1_31' title="bbox 1959 1602 3588 1676">
     <span class='ocr_line' id='line_1_31' title="bbox 1959 1602 3588 1676; baseline 0.001 -20"><span class='ocrx_word' id='word_1_232' title='bbox 1959 1602 2115 1657; x_wconf 88' lang='lat' dir='ltr'><strong><em>ciant</em></strong></span> <span class='ocrx_word' id='word_1_233' title='bbox 2143 1619 2156 1658; x_wconf 90' lang='lat'><strong>:</strong></span> <span class='ocrx_word' id='word_1_234' title='bbox 2184 1607 2248 1656; x_wconf 89' lang='lat' dir='ltr'><strong><em>ut</em></strong></span> <span class='ocrx_word' id='word_1_235' title='bbox 2283 1607 2631 1674; x_wconf 86' lang='lat' dir='ltr'><strong><em>agnoscatur</em></strong></span> <span class='ocrx_word' id='word_1_236' title='bbox 2675 1604 2884 1676; x_wconf 88' lang='lat' dir='ltr'><strong><em>injuste</em></strong></span> <span class='ocrx_word' id='word_1_237' title='bbox 2922 1606 3079 1660; x_wconf 85' lang='lat' dir='ltr'><strong><em>reﬁci</em></strong></span> <span class='ocrx_word' id='word_1_238' title='bbox 3116 1607 3239 1660; x_wconf 89' lang='lat' dir='ltr'><strong><em>sine</em></strong></span> <span class='ocrx_word' id='word_1_239' title='bbox 3283 1606 3526 1662; x_wconf 86' lang='lat' dir='ltr'><strong><em>Christo.</em></strong></span> <span class='ocrx_word' id='word_1_240' title='bbox 3559 1629 3588 1658; x_wconf 83' lang='lat'><strong>»</strong></span> 
     </span>
    </p>
   </div>
   <div class='ocr_carea' id='block_1_32' title="bbox 2029 1695 3598 1770">
    <p class='ocr_par' dir='ltr' id='par_1_32' title="bbox 2029 1695 3598 1770">
     <span class='ocr_line' id='line_1_32' title="bbox 2029 1695 3598 1770; baseline 0.004 -20"><span class='ocrx_word' id='word_1_241' title='bbox 2029 1698 2117 1751; x_wconf 90' lang='lat' dir='ltr'><strong><em>Ita</em></strong></span> <span class='ocrx_word' id='word_1_242' title='bbox 2147 1695 2326 1751; x_wconf 66' lang='lat' dir='ltr'><strong><em>Codex</em></strong></span> <span class='ocrx_word' id='word_1_243' title='bbox 2341 1697 2692 1752; x_wconf 87' lang='lat' dir='ltr'><strong><em>Corbeiensis.</em></strong></span> <span class='ocrx_word' id='word_1_244' title='bbox 2727 1698 2859 1752; x_wconf 88' lang='lat' dir='ltr'><strong><em>Cum</em></strong></span> <span class='ocrx_word' id='word_1_245' title='bbox 2885 1715 3008 1766; x_wconf 87' lang='lat' dir='ltr'><strong><em>ergo</em></strong></span> <span class='ocrx_word' id='word_1_246' title='bbox 3027 1701 3088 1753; x_wconf 84' lang='lat' dir='ltr'><strong><em>in</em></strong></span> <span class='ocrx_word' id='word_1_247' title='bbox 3106 1715 3327 1768; x_wconf 72' lang='lat' dir='ltr'><strong><em>poenam</em></strong></span> <span class='ocrx_word' id='word_1_248' title='bbox 3349 1703 3598 1770; x_wconf 89' lang='lat' dir='ltr'><strong><em>percepti</em></strong></span> 
     </span>
    </p>
   </div>
   <div class='ocr_carea' id='block_1_33' title="bbox 213 1783 3591 1868">
    <p class='ocr_par' dir='ltr' id='par_1_33' title="bbox 213 1783 3591 1868">
     <span class='ocr_line' id='line_1_33' title="bbox 213 1783 3591 1868; baseline 0.002 -25"><span class='ocrx_word' id='word_1_249' title='bbox 213 1797 304 1850; x_wconf 72' lang='lat' dir='ltr'><strong><em>cio</em></strong></span> <span class='ocrx_word' id='word_1_250' title='bbox 339 1797 523 1850; x_wconf 72' lang='lat' dir='ltr'><strong><em>missa:</em></strong></span> <span class='ocrx_word' id='word_1_251' title='bbox 563 1797 624 1850; x_wconf 76' lang='lat' dir='ltr'><strong><em>in</em></strong></span> <span class='ocrx_word' id='word_1_252' title='bbox 663 1795 824 1851; x_wconf 72' lang='lat' dir='ltr'><strong><em>(Jama</em></strong></span> <span class='ocrx_word' id='word_1_253' title='bbox 854 1799 1101 1864; x_wconf 76' lang='lat' dir='ltr'><strong><em>Domini;</em></strong></span> <span class='ocrx_word' id='word_1_254' title='bbox 1130 1799 1402 1868; x_wconf 71' lang='lat' dir='ltr'><strong><em>posterior</em></strong></span> <span class='ocrx_word' id='word_1_255' title='bbox 1445 1798 1519 1852; x_wconf 79' lang='lat' dir='ltr'><strong><em>ad</em></strong></span> <span class='ocrx_word' id='word_1_256' title='bbox 1559 1800 1858 1854; x_wconf 71' lang='grc' dir='ltr'><strong><em>Μαιητεηοε</em></strong></span> <span class='ocrx_word' id='word_1_257' title='bbox 1877 1783 1934 1855; x_wconf 86' lang='grc' dir='ltr'><strong>Β</strong></span> <span class='ocrx_word' id='word_1_258' title='bbox 1957 1789 2066 1843; x_wconf 89' lang='lat' dir='ltr'><strong><em>cibi</em></strong></span> <span class='ocrx_word' id='word_1_259' title='bbox 2085 1791 2347 1857; x_wconf 88' lang='lat' dir='ltr'><strong><em>Magister</em></strong></span> <span class='ocrx_word' id='word_1_260' title='bbox 2371 1790 2643 1845; x_wconf 85' lang='lat' dir='ltr'><strong><em>abstinere</em></strong></span> <span class='ocrx_word' id='word_1_261' title='bbox 2671 1807 2705 1844; x_wconf 91' lang='lat' dir='ltr'><strong><em>a</em></strong></span> <span class='ocrx_word' id='word_1_262' title='bbox 2735 1793 3104 1846; x_wconf 87' lang='lat' dir='ltr'><strong><em>communione</em></strong></span> <span class='ocrx_word' id='word_1_263' title='bbox 3129 1794 3229 1847; x_wconf 87' lang='lat' dir='ltr'><strong><em>hac</em></strong></span> <span class='ocrx_word' id='word_1_264' title='bbox 3262 1794 3350 1848; x_wconf 87' lang='lat' dir='ltr'><strong><em>die</em></strong></span> <span class='ocrx_word' id='word_1_265' title='bbox 3362 1794 3591 1863; x_wconf 83' lang='lat' dir='ltr'><strong><em>jubeat;</em></strong></span> 
     </span>
    </p>
   </div>
   <div class='ocr_carea' id='block_1_34' title="bbox 216 1889 1858 1961">
    <p class='ocr_par' dir='ltr' id='par_1_34' title="bbox 216 1889 1858 1961">
     <span class='ocr_line' id='line_1_34' title="bbox 216 1889 1858 1961; baseline 0.001 -17"><span class='ocrx_word' id='word_1_266' title='bbox 216 1889 336 1944; x_wconf 81' lang='lat' dir='ltr'><strong><em>diei</em></strong></span> <span class='ocrx_word' id='word_1_267' title='bbox 360 1890 660 1960; x_wconf 77' lang='lat' dir='ltr'><strong><em>sequentis.</em></strong></span> <span class='ocrx_word' id='word_1_268' title='bbox 689 1889 898 1960; x_wconf 84' lang='lat' dir='ltr'><strong><em>Quippe</em></strong></span> <span class='ocrx_word' id='word_1_269' title='bbox 923 1891 1302 1959; x_wconf 81' lang='lat' dir='ltr'><strong><em>Evangelium,</em></strong></span> <span class='ocrx_word' id='word_1_270' title='bbox 1330 1891 1478 1961; x_wconf 89' lang='lat' dir='ltr'><strong><em>quod</em></strong></span> <span class='ocrx_word' id='word_1_271' title='bbox 1511 1907 1578 1945; x_wconf 71' lang='lat' dir='ltr'><strong><em>ex</em></strong></span> <span class='ocrx_word' id='word_1_272' title='bbox 1603 1893 1858 1947; x_wconf 65' lang='lat' dir='ltr'><strong><em>Matthzo</em></strong></span> 
     </span>
    </p>
   </div>
   <div class='ocr_carea' id='block_1_35' title="bbox 217 1983 1860 2054">
    <p class='ocr_par' dir='ltr' id='par_1_35' title="bbox 217 1983 1860 2054">
     <span class='ocr_line' id='line_1_35' title="bbox 217 1983 1860 2054; baseline 0.002 -17"><span class='ocrx_word' id='word_1_273' title='bbox 217 1983 428 2051; x_wconf 80' lang='lat' dir='ltr'><strong><em>legitur</em></strong></span> <span class='ocrx_word' id='word_1_274' title='bbox 450 1983 529 2038; x_wconf 88' lang='lat' dir='ltr'><strong><em>ad</em></strong></span> <span class='ocrx_word' id='word_1_275' title='bbox 559 1983 775 2038; x_wconf 67' lang='lat' dir='ltr'><strong><em>Canam</em></strong></span> <span class='ocrx_word' id='word_1_276' title='bbox 811 1986 1048 2047; x_wconf 88' lang='lat' dir='ltr'><strong><em>Domini,</em></strong></span> <span class='ocrx_word' id='word_1_277' title='bbox 1073 1986 1319 2039; x_wconf 69' lang='lat' dir='ltr'><strong><em>existimo</em></strong></span> <span class='ocrx_word' id='word_1_278' title='bbox 1349 1987 1622 2054; x_wconf 87' lang='lat' dir='ltr'><strong><em>pertinere</em></strong></span> <span class='ocrx_word' id='word_1_279' title='bbox 1647 1985 1722 2040; x_wconf 91' lang='lat' dir='ltr'><strong><em>ad</em></strong></span> <span class='ocrx_word' id='word_1_280' title='bbox 1743 1987 1860 2040; x_wconf 88' lang='lat' dir='ltr'><strong><em>Ma-</em></strong></span> 
     </span>
    </p>
   </div>
   <div class='ocr_carea' id='block_1_36' title="bbox 217 2077 1860 2148">
    <p class='ocr_par' dir='ltr' id='par_1_36' title="bbox 217 2077 1860 2148">
     <span class='ocr_line' id='line_1_36' title="bbox 217 2077 1860 2148; baseline 0.002 -17"><span class='ocrx_word' id='word_1_281' title='bbox 217 2079 451 2140; x_wconf 86' lang='lat' dir='ltr'><strong><em>tutinos,</em></strong></span> <span class='ocrx_word' id='word_1_282' title='bbox 483 2082 668 2148; x_wconf 86' lang='lat' dir='ltr'><strong><em>utpote</em></strong></span> <span class='ocrx_word' id='word_1_283' title='bbox 716 2078 861 2147; x_wconf 89' lang='lat' dir='ltr'><strong><em>quod</em></strong></span> <span class='ocrx_word' id='word_1_284' title='bbox 894 2080 1010 2146; x_wconf 88' lang='lat' dir='ltr'><strong><em>agit</em></strong></span> <span class='ocrx_word' id='word_1_285' title='bbox 1052 2079 1118 2132; x_wconf 91' lang='lat' dir='ltr'><strong><em>de</em></strong></span> <span class='ocrx_word' id='word_1_286' title='bbox 1155 2077 1358 2133; x_wconf 85' lang='lat' dir='ltr'><strong><em>Christi</em></strong></span> <span class='ocrx_word' id='word_1_287' title='bbox 1395 2079 1860 2148; x_wconf 82' lang='lat' dir='ltr'><strong><em>comprehensione</em></strong></span> 
     </span>
    </p>
   </div>
   <div class='ocr_carea' id='block_1_37' title="bbox 213 2171 1860 2241">
    <p class='ocr_par' dir='ltr' id='par_1_37' title="bbox 213 2171 1860 2241">
     <span class='ocr_line' id='line_1_37' title="bbox 213 2171 1860 2241; baseline 0 -15"><span class='ocrx_word' id='word_1_288' title='bbox 213 2172 373 2238; x_wconf 83' lang='lat' dir='ltr'><strong><em>facta</em></strong></span> <span class='ocrx_word' id='word_1_289' title='bbox 400 2187 508 2241; x_wconf 89' lang='lat' dir='ltr'><strong><em>per</em></strong></span> <span class='ocrx_word' id='word_1_290' title='bbox 550 2171 785 2226; x_wconf 63' lang='lat' dir='ltr'><strong><em>Iudaeos.</em></strong></span> <span class='ocrx_word' id='word_1_291' title='bbox 819 2171 997 2226; x_wconf 86' lang='lat' dir='ltr'><strong><em>Aliud</em></strong></span> <span class='ocrx_word' id='word_1_292' title='bbox 1030 2172 1387 2239; x_wconf 81' lang='lat' dir='ltr'><strong><em>Evangelium</em></strong></span> <span class='ocrx_word' id='word_1_293' title='bbox 1425 2171 1500 2224; x_wconf 91' lang='lat' dir='ltr'><strong><em>ad</em></strong></span> <span class='ocrx_word' id='word_1_294' title='bbox 1541 2173 1762 2226; x_wconf 87' lang='lat' dir='ltr'><strong><em>missam</em></strong></span> <span class='ocrx_word' id='word_1_295' title='bbox 1793 2187 1860 2226; x_wconf 79' lang='lat' dir='ltr'><strong><em>ea:</em></strong></span> 
     </span>
    </p>
   </div>
   <div class='ocr_carea' id='block_1_38' title="bbox 216 2265 1860 2335">
    <p class='ocr_par' dir='ltr' id='par_1_38' title="bbox 216 2265 1860 2335">
     <span class='ocr_line' id='line_1_38' title="bbox 216 2265 1860 2335; baseline 0 -15"><span class='ocrx_word' id='word_1_296' title='bbox 216 2265 522 2333; x_wconf 78' lang='lat' dir='ltr'><strong><em>anngelio</em></strong></span> <span class='ocrx_word' id='word_1_297' title='bbox 548 2267 776 2320; x_wconf 87' lang='lat' dir='ltr'><strong><em>Joannis</em></strong></span> <span class='ocrx_word' id='word_1_298' title='bbox 802 2265 868 2320; x_wconf 90' lang='lat' dir='ltr'><strong><em>de</em></strong></span> <span class='ocrx_word' id='word_1_299' title='bbox 897 2265 1058 2320; x_wconf 69' lang='lat' dir='ltr'><strong><em>Coena</em></strong></span> <span class='ocrx_word' id='word_1_300' title='bbox 1085 2267 1258 2333; x_wconf 87' lang='lat' dir='ltr'><strong><em>magis</em></strong></span> <span class='ocrx_word' id='word_1_301' title='bbox 1288 2265 1547 2335; x_wconf 87' lang='lat' dir='ltr'><strong><em>quadrat.</em></strong></span> <span class='ocrx_word' id='word_1_302' title='bbox 1576 2266 1782 2320; x_wconf 88' lang='lat' dir='ltr'><strong><em>Deinde</em></strong></span> <span class='ocrx_word' id='word_1_303' title='bbox 1811 2268 1860 2320; x_wconf 89' lang='lat' dir='ltr'><strong><em>si</em></strong></span> 
     </span>
    </p>
   </div>
   <div class='ocr_carea' id='block_1_39' title="bbox 219 2359 1860 2428">
    <p class='ocr_par' dir='ltr' id='par_1_39' title="bbox 219 2359 1860 2428">
     <span class='ocr_line' id='line_1_39' title="bbox 219 2359 1860 2428; baseline 0.001 -15"><span class='ocrx_word' id='word_1_304' title='bbox 219 2359 369 2428; x_wconf 84' lang='lat' dir='ltr'><strong><em>quod</em></strong></span> <span class='ocrx_word' id='word_1_305' title='bbox 393 2359 557 2413; x_wconf 85' lang='lat' dir='ltr'><strong><em>aliud</em></strong></span> <span class='ocrx_word' id='word_1_306' title='bbox 569 2361 810 2428; x_wconf 88' lang='lat' dir='ltr'><strong><em>ofﬁcium</em></strong></span> <span class='ocrx_word' id='word_1_307' title='bbox 836 2373 1058 2414; x_wconf 87' lang='lat' dir='ltr'><strong><em>numero</em></strong></span> <span class='ocrx_word' id='word_1_308' title='bbox 1078 2360 1376 2428; x_wconf 87' lang='lat' dir='ltr'><strong><em>marginali</em></strong></span> <span class='ocrx_word' id='word_1_309' title='bbox 1399 2363 1534 2414; x_wconf 82' lang='lat' dir='ltr'><strong><em>esset</em></strong></span> <span class='ocrx_word' id='word_1_310' title='bbox 1557 2360 1860 2415; x_wconf 86' lang='lat' dir='ltr'><strong><em>notandum</em></strong></span> 
     </span>
    </p>
   </div>
   <div class='ocr_carea' id='block_1_40' title="bbox 211 2453 1859 2523">
    <p class='ocr_par' dir='ltr' id='par_1_40' title="bbox 211 2453 1859 2523">
     <span class='ocr_line' id='line_1_40' title="bbox 211 2453 1859 2523; baseline 0.001 -17"><span class='ocrx_word' id='word_1_311' title='bbox 211 2469 320 2523; x_wconf 80' lang='lat' dir='ltr'><strong><em>pro</em></strong></span> <span class='ocrx_word' id='word_1_312' title='bbox 347 2453 437 2507; x_wconf 84' lang='lat' dir='ltr'><strong><em>die</em></strong></span> <span class='ocrx_word' id='word_1_313' title='bbox 463 2454 784 2508; x_wconf 77' lang='lat' dir='ltr'><strong><em>Parasceces</em></strong></span> <span class='ocrx_word' id='word_1_314' title='bbox 801 2457 927 2522; x_wconf 87' lang='lat' dir='ltr'><strong><em>post</em></strong></span> <span class='ocrx_word' id='word_1_315' title='bbox 951 2455 1272 2517; x_wconf 82' lang='lat' dir='ltr'><strong><em>Matutinos,</em></strong></span> <span class='ocrx_word' id='word_1_316' title='bbox 1305 2471 1414 2509; x_wconf 90' lang='lat' dir='ltr'><strong><em>non</em></strong></span> <span class='ocrx_word' id='word_1_317' title='bbox 1442 2455 1601 2509; x_wconf 87' lang='lat' dir='ltr'><strong><em>aliud</em></strong></span> <span class='ocrx_word' id='word_1_318' title='bbox 1623 2456 1859 2510; x_wconf 88' lang='lat' dir='ltr'><strong><em>occurrit</em></strong></span> 
     </span>
    </p>
   </div>
   <div class='ocr_carea' id='block_1_41' title="bbox 219 2548 1854 2617">
    <p class='ocr_par' dir='ltr' id='par_1_41' title="bbox 219 2548 1854 2617">
     <span class='ocr_line' id='line_1_41' title="bbox 219 2548 1854 2617; baseline 0.001 -16"><span class='ocrx_word' id='word_1_319' title='bbox 219 2562 388 2617; x_wconf 85' lang='lat' dir='ltr'><strong><em>quam</em></strong></span> <span class='ocrx_word' id='word_1_320' title='bbox 419 2549 662 2616; x_wconf 85' lang='lat' dir='ltr'><strong><em>ofﬁcium</em></strong></span> <span class='ocrx_word' id='word_1_321' title='bbox 701 2548 915 2610; x_wconf 66' lang='lat' dir='ltr'><strong><em>Primae,</em></strong></span> <span class='ocrx_word' id='word_1_322' title='bbox 955 2548 1102 2617; x_wconf 87' lang='lat' dir='ltr'><strong><em>quod</em></strong></span> <span class='ocrx_word' id='word_1_323' title='bbox 1131 2550 1191 2602; x_wconf 89' lang='lat' dir='ltr'><strong><em>in</em></strong></span> <span class='ocrx_word' id='word_1_324' title='bbox 1225 2549 1322 2602; x_wconf 82' lang='lat' dir='ltr'><strong><em>hoc</em></strong></span> <span class='ocrx_word' id='word_1_325' title='bbox 1349 2550 1690 2603; x_wconf 89' lang='lat' dir='ltr'><strong><em>Lectionario</em></strong></span> <span class='ocrx_word' id='word_1_326' title='bbox 1724 2564 1854 2604; x_wconf 89' lang='lat' dir='ltr'><strong><em>nus-</em></strong></span> 
     </span>
    </p>
   </div>
   <div class='ocr_carea' id='block_1_42' title="bbox 221 2643 1860 2712">
    <p class='ocr_par' dir='ltr' id='par_1_42' title="bbox 221 2643 1860 2712">
     <span class='ocr_line' id='line_1_42' title="bbox 221 2643 1860 2712; baseline 0.001 -16"><span class='ocrx_word' id='word_1_327' title='bbox 221 2656 386 2711; x_wconf 84' lang='lat' dir='ltr'><strong><em>quam</em></strong></span> <span class='ocrx_word' id='word_1_328' title='bbox 427 2645 744 2710; x_wconf 87' lang='lat' dir='ltr'><strong><em>comparet:</em></strong></span> <span class='ocrx_word' id='word_1_329' title='bbox 791 2643 1006 2696; x_wconf 87' lang='lat' dir='ltr'><strong><em>tametsi</em></strong></span> <span class='ocrx_word' id='word_1_330' title='bbox 1047 2643 1332 2712; x_wconf 89' lang='lat' dir='ltr'><strong><em>aptissima</em></strong></span> <span class='ocrx_word' id='word_1_331' title='bbox 1373 2643 1493 2711; x_wconf 86' lang='lat' dir='ltr'><strong><em>ejus</em></strong></span> <span class='ocrx_word' id='word_1_332' title='bbox 1535 2643 1860 2710; x_wconf 87' lang='lat' dir='ltr'><strong><em>assignandi</em></strong></span> 
     </span>
    </p>
   </div>
   <div class='ocr_carea' id='block_1_43' title="bbox 220 2736 1856 2806">
    <p class='ocr_par' dir='ltr' id='par_1_43' title="bbox 220 2736 1856 2806">
     <span class='ocr_line' id='line_1_43' title="bbox 220 2736 1856 2806; baseline 0 -16"><span class='ocrx_word' id='word_1_333' title='bbox 220 2737 428 2790; x_wconf 78' lang='lat' dir='ltr'><strong><em>occasio</em></strong></span> <span class='ocrx_word' id='word_1_334' title='bbox 453 2739 593 2798; x_wconf 89' lang='lat' dir='ltr'><strong><em>erat,</em></strong></span> <span class='ocrx_word' id='word_1_335' title='bbox 612 2736 919 2804; x_wconf 61' lang='lat' dir='ltr'><strong><em>presertim</em></strong></span> <span class='ocrx_word' id='word_1_336' title='bbox 943 2737 1002 2789; x_wconf 92' lang='lat' dir='ltr'><strong><em>in</em></strong></span> <span class='ocrx_word' id='word_1_337' title='bbox 1029 2736 1214 2790; x_wconf 86' lang='lat' dir='ltr'><strong><em>triduo</em></strong></span> <span class='ocrx_word' id='word_1_338' title='bbox 1242 2737 1618 2804; x_wconf 82' lang='lat' dir='ltr'><strong><em>Rogationum,</em></strong></span> <span class='ocrx_word' id='word_1_339' title='bbox 1645 2738 1705 2790; x_wconf 88' lang='lat' dir='ltr'><strong><em>in</em></strong></span> <span class='ocrx_word' id='word_1_340' title='bbox 1733 2739 1856 2806; x_wconf 84' lang='lat' dir='ltr'><strong><em>qui-</em></strong></span> 
     </span>
    </p>
   </div>
   <div class='ocr_carea' id='block_1_44' title="bbox 225 2828 1858 2899">
    <p class='ocr_par' dir='ltr' id='par_1_44' title="bbox 225 2828 1858 2899">
     <span class='ocr_line' id='line_1_44' title="bbox 225 2828 1858 2899; baseline 0.001 -16"><span class='ocrx_word' id='word_1_341' title='bbox 225 2828 322 2883; x_wconf 85' lang='lat' dir='ltr'><strong><em>bus</em></strong></span> <span class='ocrx_word' id='word_1_342' title='bbox 338 2835 472 2899; x_wconf 88' lang='lat' dir='ltr'><strong><em>post</em></strong></span> <span class='ocrx_word' id='word_1_343' title='bbox 490 2830 730 2898; x_wconf 88' lang='lat' dir='ltr'><strong><em>ofﬁcium</em></strong></span> <span class='ocrx_word' id='word_1_344' title='bbox 746 2828 816 2882; x_wconf 89' lang='lat' dir='ltr'><strong><em>ad</em></strong></span> <span class='ocrx_word' id='word_1_345' title='bbox 837 2829 1134 2884; x_wconf 78' lang='lat' dir='ltr'><strong><em>Matutinos</em></strong></span> <span class='ocrx_word' id='word_1_346' title='bbox 1145 2831 1330 2884; x_wconf 87' lang='lat' dir='ltr'><strong><em>statim</em></strong></span> <span class='ocrx_word' id='word_1_347' title='bbox 1344 2830 1601 2884; x_wconf 88' lang='lat' dir='ltr'><strong><em>subditur</em></strong></span> <span class='ocrx_word' id='word_1_348' title='bbox 1619 2831 1858 2898; x_wconf 90' lang='lat' dir='ltr'><strong><em>ofﬁcium</em></strong></span> 
     </span>
    </p>
   </div>
   <div class='ocr_carea' id='block_1_45' title="bbox 219 2922 1860 2993">
    <p class='ocr_par' dir='ltr' id='par_1_45' title="bbox 219 2922 1860 2993">
     <span class='ocr_line' id='line_1_45' title="bbox 219 2922 1860 2993; baseline -0.001 -16"><span class='ocrx_word' id='word_1_349' title='bbox 219 2922 290 2977; x_wconf 83' lang='lat' dir='ltr'><strong><em>ad</em></strong></span> <span class='ocrx_word' id='word_1_350' title='bbox 317 2922 589 2977; x_wconf 82' lang='lat' dir='ltr'><strong><em>Tertiam.</em></strong></span> <span class='ocrx_word' id='word_1_351' title='bbox 617 2923 809 2992; x_wconf 89' lang='lat' dir='ltr'><strong><em>Itaque</em></strong></span> <span class='ocrx_word' id='word_1_352' title='bbox 838 2924 1076 2993; x_wconf 90' lang='lat' dir='ltr'><strong><em>ofﬁcium</em></strong></span> <span class='ocrx_word' id='word_1_353' title='bbox 1112 2924 1510 2979; x_wconf 89' lang='lat' dir='ltr'><strong><em>Matutinorum</em></strong></span> <span class='ocrx_word' id='word_1_354' title='bbox 1543 2924 1860 2990; x_wconf 87' lang='lat' dir='ltr'><strong><em>assignatur</em></strong></span> 
     </span>
    </p>
   </div>
   <div class='ocr_carea' id='block_1_46' title="bbox 214 3016 1855 3092">
    <p class='ocr_par' dir='ltr' id='par_1_46' title="bbox 214 3016 1855 3092">
     <span class='ocr_line' id='line_1_46' title="bbox 214 3016 1855 3092; baseline 0.001 -22"><span class='ocrx_word' id='word_1_355' title='bbox 214 3031 320 3087; x_wconf 84' lang='lat' dir='ltr'><strong><em>pro</em></strong></span> <span class='ocrx_word' id='word_1_356' title='bbox 345 3017 484 3071; x_wconf 87' lang='lat' dir='ltr'><strong><em>hora</em></strong></span> <span class='ocrx_word' id='word_1_357' title='bbox 504 3017 722 3080; x_wconf 74' lang='lat' dir='ltr'><strong><em>Primae,</em></strong></span> <span class='ocrx_word' id='word_1_358' title='bbox 749 3031 870 3071; x_wconf 88' lang='lat' dir='ltr'><strong><em>cum</em></strong></span> <span class='ocrx_word' id='word_1_359' title='bbox 893 3017 981 3092; x_wconf 84' lang='lat' dir='ltr'><strong><em>hic</em></strong></span> <span class='ocrx_word' id='word_1_360' title='bbox 1004 3018 1367 3088; x_wconf 87' lang='lat' dir='ltr'><strong><em>subsequatur</em></strong></span> <span class='ocrx_word' id='word_1_361' title='bbox 1389 3018 1630 3087; x_wconf 86' lang='lat' dir='ltr'><strong><em>ofﬁcium</em></strong></span> <span class='ocrx_word' id='word_1_362' title='bbox 1657 3016 1728 3071; x_wconf 90' lang='lat' dir='ltr'><strong><em>ad</em></strong></span> <span class='ocrx_word' id='word_1_363' title='bbox 1755 3016 1855 3072; x_wconf 89' lang='lat' dir='ltr'><strong><em>Se-</em></strong></span> 
     </span>
    </p>
   </div>
   <div class='ocr_carea' id='block_1_47' title="bbox 221 3109 495 3164">
    <p class='ocr_par' dir='ltr' id='par_1_47' title="bbox 221 3109 495 3164">
     <span class='ocr_line' id='line_1_47' title="bbox 221 3109 495 3164; baseline 0 0"><span class='ocrx_word' id='word_1_364' title='bbox 221 3109 495 3164; x_wconf 74' lang='lat' dir='ltr'><strong><em>eundem.</em></strong></span> 
     </span>
    </p>
   </div>
   <div class='ocr_carea' id='block_1_48' title="bbox 1957 1886 3589 1956">
    <p class='ocr_par' dir='ltr' id='par_1_48' title="bbox 1957 1886 3589 1956">
     <span class='ocr_line' id='line_1_48' title="bbox 1957 1886 3589 1956; baseline 0.004 -20"><span class='ocrx_word' id='word_1_365' title='bbox 1957 1897 2282 1952; x_wconf 88' lang='lat' dir='ltr'><strong><em>consequens</em></strong></span> <span class='ocrx_word' id='word_1_366' title='bbox 2311 1888 2390 1938; x_wconf 91' lang='lat' dir='ltr'><strong><em>est</em></strong></span> <span class='ocrx_word' id='word_1_367' title='bbox 2418 1886 2838 1940; x_wconf 87' lang='lat' dir='ltr'><strong><em>communionem</em></strong></span> <span class='ocrx_word' id='word_1_368' title='bbox 2863 1887 2932 1938; x_wconf 87' lang='lat' dir='ltr'><strong><em>iis</em></strong></span> <span class='ocrx_word' id='word_1_369' title='bbox 2953 1887 3053 1954; x_wconf 88' lang='lat' dir='ltr'><strong><em>qui</em></strong></span> <span class='ocrx_word' id='word_1_370' title='bbox 3075 1891 3245 1940; x_wconf 92' lang='lat' dir='ltr'><strong><em>totum</em></strong></span> <span class='ocrx_word' id='word_1_371' title='bbox 3275 1887 3416 1941; x_wconf 88' lang='lat' dir='ltr'><strong><em>diem</em></strong></span> <span class='ocrx_word' id='word_1_372' title='bbox 3435 1887 3589 1956; x_wconf 84' lang='lat' dir='ltr'><strong><em>jeju-</em></strong></span> 
     </span>
    </p>
   </div>
   <div class='ocr_carea' id='block_1_49' title="bbox 1959 1977 3592 2048">
    <p class='ocr_par' dir='ltr' id='par_1_49' title="bbox 1959 1977 3592 2048">
     <span class='ocr_line' id='line_1_49' title="bbox 1959 1977 3592 2048; baseline 0.004 -19"><span class='ocrx_word' id='word_1_373' title='bbox 1959 1977 2168 2030; x_wconf 89' lang='lat' dir='ltr'><strong><em>nabant</em></strong></span> <span class='ocrx_word' id='word_1_374' title='bbox 2216 1978 2548 2046; x_wconf 77' lang='lat' dir='ltr'><strong><em>impertitum</em></strong></span> <span class='ocrx_word' id='word_1_375' title='bbox 2598 1980 2791 2045; x_wconf 89' lang='lat' dir='ltr'><strong><em>fuisse.</em></strong></span> <span class='ocrx_word' id='word_1_376' title='bbox 2824 1980 2891 2032; x_wconf 92' lang='lat' dir='ltr'><strong><em>In</em></strong></span> <span class='ocrx_word' id='word_1_377' title='bbox 2938 1981 3213 2048; x_wconf 87' lang='lat' dir='ltr'><strong><em>Hispania</em></strong></span> <span class='ocrx_word' id='word_1_378' title='bbox 3257 1985 3436 2035; x_wconf 89' lang='lat' dir='ltr'><strong><em>tamen</em></strong></span> <span class='ocrx_word' id='word_1_379' title='bbox 3481 1979 3592 2036; x_wconf 68' lang='lat' dir='ltr'><strong><em>haec</em></strong></span> 
     </span>
    </p>
   </div>
   <div class='ocr_carea' id='block_1_50' title="bbox 1959 2071 3592 2142">
    <p class='ocr_par' dir='ltr' id='par_1_50' title="bbox 1959 2071 3592 2142">
     <span class='ocr_line' id='line_1_50' title="bbox 1959 2071 3592 2142; baseline 0.004 -20"><span class='ocrx_word' id='word_1_380' title='bbox 1959 2071 2256 2124; x_wconf 89' lang='lat' dir='ltr'><strong><em>communio</em></strong></span> <span class='ocrx_word' id='word_1_381' title='bbox 2281 2072 2340 2124; x_wconf 86' lang='lat' dir='ltr'><strong><em>in</em></strong></span> <span class='ocrx_word' id='word_1_382' title='bbox 2377 2071 2464 2124; x_wconf 90' lang='lat' dir='ltr'><strong><em>die</em></strong></span> <span class='ocrx_word' id='word_1_383' title='bbox 2491 2072 2812 2126; x_wconf 76' lang='lat' dir='ltr'><strong><em>Parasceves</em></strong></span> <span class='ocrx_word' id='word_1_384' title='bbox 2846 2077 2897 2126; x_wconf 90' lang='lat' dir='ltr'><strong><em>et</em></strong></span> <span class='ocrx_word' id='word_1_385' title='bbox 2930 2072 3166 2126; x_wconf 89' lang='lat' dir='ltr'><strong><em>Sabbato</em></strong></span> <span class='ocrx_word' id='word_1_386' title='bbox 3203 2076 3451 2142; x_wconf 89' lang='lat' dir='ltr'><strong><em>sequenti</em></strong></span> <span class='ocrx_word' id='word_1_387' title='bbox 3482 2089 3592 2130; x_wconf 91' lang='lat' dir='ltr'><strong><em>non</em></strong></span> 
     </span>
    </p>
   </div>
   <div class='ocr_carea' id='block_1_51' title="bbox 1955 2163 3592 2235">
    <p class='ocr_par' dir='ltr' id='par_1_51' title="bbox 1955 2163 3592 2235">
     <span class='ocr_line' id='line_1_51' title="bbox 1955 2163 3592 2235; baseline 0.005 -19"><span class='ocrx_word' id='word_1_388' title='bbox 1955 2163 2174 2217; x_wconf 77' lang='lat' dir='ltr'><strong><em>videtur</em></strong></span> <span class='ocrx_word' id='word_1_389' title='bbox 2194 2165 2368 2231; x_wconf 90' lang='lat' dir='ltr'><strong><em>fuisse</em></strong></span> <span class='ocrx_word' id='word_1_390' title='bbox 2398 2166 2458 2218; x_wconf 90' lang='lat' dir='ltr'><strong><em>in</em></strong></span> <span class='ocrx_word' id='word_1_391' title='bbox 2481 2179 2585 2218; x_wconf 88' lang='lat' dir='ltr'><strong><em>usu</em></strong></span> <span class='ocrx_word' id='word_1_392' title='bbox 2619 2169 2854 2234; x_wconf 88' lang='lat' dir='ltr'><strong><em>tempore</em></strong></span> <span class='ocrx_word' id='word_1_393' title='bbox 2884 2166 3100 2220; x_wconf 90' lang='lat' dir='ltr'><strong><em>concilii</em></strong></span> <span class='ocrx_word' id='word_1_394' title='bbox 3125 2182 3178 2219; x_wconf 86' lang='grc' dir='ltr'><strong><em>ιν</em></strong></span> <span class='ocrx_word' id='word_1_395' title='bbox 3205 2167 3469 2235; x_wconf 88' lang='lat' dir='ltr'><strong><em>Toletani,</em></strong></span> <span class='ocrx_word' id='word_1_396' title='bbox 3497 2168 3592 2224; x_wconf 87' lang='lat' dir='ltr'><strong><em>hoc</em></strong></span> 
     </span>
    </p>
   </div>
   <div class='ocr_carea' id='block_1_52' title="bbox 1959 2257 3588 2333">
    <p class='ocr_par' dir='ltr' id='par_1_52' title="bbox 1959 2257 3588 2333">
     <span class='ocr_line' id='line_1_52' title="bbox 1959 2257 3588 2333; baseline 0.005 -23"><span class='ocrx_word' id='word_1_397' title='bbox 1959 2260 2037 2310; x_wconf 91' lang='lat' dir='ltr'><strong><em>est</em></strong></span> <span class='ocrx_word' id='word_1_398' title='bbox 2059 2257 2251 2311; x_wconf 73' lang='lat' dir='ltr'><strong><em>saeculo</em></strong></span> <span class='ocrx_word' id='word_1_399' title='bbox 2281 2273 2376 2320; x_wconf 85' lang='lat' dir='ltr'><strong><em>vn,</em></strong></span> <span class='ocrx_word' id='word_1_400' title='bbox 2405 2262 2468 2312; x_wconf 91' lang='lat' dir='ltr'><strong><em>ut</em></strong></span> <span class='ocrx_word' id='word_1_401' title='bbox 2493 2257 2769 2325; x_wconf 87' lang='lat' dir='ltr'><strong><em>colligitur</em></strong></span> <span class='ocrx_word' id='word_1_402' title='bbox 2797 2274 2864 2312; x_wconf 77' lang='lat' dir='ltr'><strong><em>ea:</em></strong></span> <span class='ocrx_word' id='word_1_403' title='bbox 2887 2259 3064 2314; x_wconf 78' lang='lat' dir='ltr'><strong><em>verbis</em></strong></span> <span class='ocrx_word' id='word_1_404' title='bbox 3091 2263 3314 2316; x_wconf 89' lang='lat' dir='ltr'><strong><em>canonis</em></strong></span> <span class='ocrx_word' id='word_1_405' title='bbox 3354 2265 3588 2333; x_wconf 82' lang='lat' dir='ltr'><strong><em>septimi,</em></strong></span> 
     </span>
    </p>
   </div>
   <div class='ocr_carea' id='block_1_53' title="bbox 1959 2352 3588 2424">
    <p class='ocr_par' dir='ltr' id='par_1_53' title="bbox 1959 2352 3588 2424">
     <span class='ocr_line' id='line_1_53' title="bbox 1959 2352 3588 2424; baseline 0.005 -20"><span class='ocrx_word' id='word_1_406' title='bbox 1959 2365 2078 2418; x_wconf 69' lang='lat' dir='ltr'><strong><em>quae</em></strong></span> <span class='ocrx_word' id='word_1_407' title='bbox 2112 2352 2400 2420; x_wconf 69' lang='lat' dir='ltr'><strong><em>prmissa</em></strong></span> <span class='ocrx_word' id='word_1_408' title='bbox 2441 2352 2868 2422; x_wconf 88' lang='lat' dir='ltr'><strong><em>subsequuntur.</em></strong></span> <span class='ocrx_word' id='word_1_409' title='bbox 2904 2353 3052 2417; x_wconf 87' lang='lat' dir='ltr'><strong><em>Ideo,</em></strong></span> <span class='ocrx_word' id='word_1_410' title='bbox 3085 2356 3348 2424; x_wconf 89' lang='lat' dir='ltr'><strong><em>inquiunt</em></strong></span> <span class='ocrx_word' id='word_1_411' title='bbox 3379 2357 3588 2421; x_wconf 85' lang='lat' dir='ltr'><strong><em>Patres,</em></strong></span> 
     </span>
    </p>
   </div>
   <div class='ocr_carea' id='block_1_54' title="bbox 1957 2445 3594 2520">
    <p class='ocr_par' dir='ltr' id='par_1_54' title="bbox 1957 2445 3594 2520">
     <span class='ocr_line' id='line_1_54' title="bbox 1957 2445 3594 2520; baseline 0.006 -23"><span class='ocrx_word' id='word_1_412' title='bbox 1957 2449 2162 2512; x_wconf 90' lang='lat' dir='ltr'><strong><em>oportet</em></strong></span> <span class='ocrx_word' id='word_1_413' title='bbox 2187 2445 2366 2499; x_wconf 89' lang='lat' dir='ltr'><strong><em>eodem</em></strong></span> <span class='ocrx_word' id='word_1_414' title='bbox 2400 2445 2488 2499; x_wconf 90' lang='lat' dir='ltr'><strong><em>die</em></strong></span> <span class='ocrx_word' id='word_1_415' title='bbox 2522 2447 2844 2500; x_wconf 77' lang='lat' dir='ltr'><strong><em>Parasceves</em></strong></span> <span class='ocrx_word' id='word_1_416' title='bbox 2875 2449 3194 2516; x_wconf 80' lang='lat' dir='ltr'><strong><em>mysterium</em></strong></span> <span class='ocrx_word' id='word_1_417' title='bbox 3221 2452 3416 2513; x_wconf 87' lang='lat' dir='ltr'><strong><em>crucis,</em></strong></span> <span class='ocrx_word' id='word_1_418' title='bbox 3447 2451 3594 2520; x_wconf 88' lang='lat' dir='ltr'><strong><em>quod</em></strong></span> 
     </span>
    </p>
   </div>
   <div class='ocr_carea' id='block_1_55' title="bbox 1957 2538 3590 2613">
    <p class='ocr_par' dir='ltr' id='par_1_55' title="bbox 1957 2538 3590 2613">
     <span class='ocr_line' id='line_1_55' title="bbox 1957 2538 3590 2613; baseline 0.006 -23"><span class='ocrx_word' id='word_1_419' title='bbox 1957 2538 2074 2606; x_wconf 90' lang='lat' dir='ltr'><strong><em>ipse</em></strong></span> <span class='ocrx_word' id='word_1_420' title='bbox 2097 2540 2357 2592; x_wconf 89' lang='lat' dir='ltr'><strong><em>Dominus</em></strong></span> <span class='ocrx_word' id='word_1_421' title='bbox 2393 2541 2598 2593; x_wconf 90' lang='lat' dir='ltr'><strong><em>cunctis</em></strong></span> <span class='ocrx_word' id='word_1_422' title='bbox 2639 2541 3010 2596; x_wconf 85' lang='lat' dir='ltr'><strong><em>nuntiandum</em></strong></span> <span class='ocrx_word' id='word_1_423' title='bbox 3043 2543 3236 2606; x_wconf 80' lang='lat' dir='ltr'><strong><em>voluit,</em></strong></span> <span class='ocrx_word' id='word_1_424' title='bbox 3271 2544 3590 2613; x_wconf 58' lang='lat' dir='ltr'><strong><em>pradicari,</em></strong></span> 
     </span>
    </p>
   </div>
   <div class='ocr_carea' id='block_1_56' title="bbox 1957 2631 3588 2708">
    <p class='ocr_par' dir='ltr' id='par_1_56' title="bbox 1957 2631 3588 2708">
     <span class='ocr_line' id='line_1_56' title="bbox 1957 2631 3588 2708; baseline 0.006 -24"><span class='ocrx_word' id='word_1_425' title='bbox 1957 2635 2120 2700; x_wconf 91' lang='lat' dir='ltr'><strong><em>atque</em></strong></span> <span class='ocrx_word' id='word_1_426' title='bbox 2148 2631 2544 2698; x_wconf 87' lang='lat' dir='ltr'><strong><em>indulgentiam</em></strong></span> <span class='ocrx_word' id='word_1_427' title='bbox 2575 2635 2862 2688; x_wconf 89' lang='lat' dir='ltr'><strong><em>criminum</em></strong></span> <span class='ocrx_word' id='word_1_428' title='bbox 2904 2636 3057 2689; x_wconf 89' lang='lat' dir='ltr'><strong><em>clara</em></strong></span> <span class='ocrx_word' id='word_1_429' title='bbox 3085 2652 3209 2690; x_wconf 81' lang='lat' dir='ltr'><strong><em>voce</em></strong></span> <span class='ocrx_word' id='word_1_430' title='bbox 3242 2653 3448 2692; x_wconf 90' lang='lat' dir='ltr'><strong><em>omnem</em></strong></span> <span class='ocrx_word' id='word_1_431' title='bbox 3486 2653 3588 2708; x_wconf 35' lang='lat' dir='ltr'><strong><em>pos</em></strong></span> 
     </span>
    </p>
   </div>
   <div class='ocr_carea' id='block_1_57' title="bbox 1905 2724 3592 2798">
    <p class='ocr_par' dir='ltr' id='par_1_57' title="bbox 1905 2724 3592 2798">
     <span class='ocr_line' id='line_1_57' title="bbox 1905 2724 3592 2798; baseline 0.005 -21"><span class='ocrx_word' id='word_1_432' title='bbox 1905 2788 1910 2794; x_wconf 90' lang='lat'>_</span> <span class='ocrx_word' id='word_1_433' title='bbox 1951 2724 2148 2794; x_wconf 88' lang='lat' dir='ltr'><strong><em>pulum</em></strong></span> <span class='ocrx_word' id='word_1_434' title='bbox 2175 2725 2502 2794; x_wconf 88' lang='lat' dir='ltr'><strong><em>postulare:</em></strong></span> <span class='ocrx_word' id='word_1_435' title='bbox 2541 2731 2602 2781; x_wconf 88' lang='lat' dir='ltr'><strong><em>ut</em></strong></span> <span class='ocrx_word' id='word_1_436' title='bbox 2629 2729 2966 2795; x_wconf 58' lang='lat' dir='ltr'><strong><em>paenitentia</em></strong></span> <span class='ocrx_word' id='word_1_437' title='bbox 2999 2733 3402 2798; x_wconf 88' lang='lat' dir='ltr'><strong><em>compunctione</em></strong></span> <span class='ocrx_word' id='word_1_438' title='bbox 3439 2745 3592 2785; x_wconf 85' lang='lat' dir='ltr'><strong><em>mun-</em></strong></span> 
     </span>
    </p>
   </div>
   <div class='ocr_carea' id='block_1_58' title="bbox 1959 2817 3682 2888">
    <p class='ocr_par' dir='ltr' id='par_1_58' title="bbox 1959 2817 3682 2888">
     <span class='ocr_line' id='line_1_58' title="bbox 1959 2817 3682 2888; baseline 0.006 -18"><span class='ocrx_word' id='word_1_439' title='bbox 1959 2817 2096 2880; x_wconf 87' lang='lat' dir='ltr'><strong><em>dati,</em></strong></span> <span class='ocrx_word' id='word_1_440' title='bbox 2143 2818 2502 2872; x_wconf 82' lang='lat' dir='ltr'><strong><em>venerabilem</em></strong></span> <span class='ocrx_word' id='word_1_441' title='bbox 2545 2819 2684 2873; x_wconf 91' lang='lat' dir='ltr'><strong><em>diem</em></strong></span> <span class='ocrx_word' id='word_1_442' title='bbox 2726 2819 3008 2874; x_wconf 72' lang='lat' dir='ltr'><strong><em>dominicae</em></strong></span> <span class='ocrx_word' id='word_1_443' title='bbox 3045 2825 3476 2888; x_wconf 86' lang='lat' dir='ltr'><strong><em>resurrectionis,</em></strong></span> <span class='ocrx_word' id='word_1_444' title='bbox 3512 2839 3592 2878; x_wconf 82' lang='lat' dir='ltr'><strong><em>re-</em></strong></span> <span class='ocrx_word' id='word_1_445' title='bbox 3673 2851 3682 2856; x_wconf 61' lang='grc' dir='ltr'>ν</span> 
     </span>
    </p>
   </div>
   <div class='ocr_carea' id='block_1_59' title="bbox 1957 2911 3591 2988">
    <p class='ocr_par' dir='ltr' id='par_1_59' title="bbox 1957 2911 3591 2988">
     <span class='ocr_line' id='line_1_59' title="bbox 1957 2911 3591 2988; baseline 0.006 -24"><span class='ocrx_word' id='word_1_446' title='bbox 1957 2912 2136 2965; x_wconf 87' lang='lat' dir='ltr'><strong><em>missis</em></strong></span> <span class='ocrx_word' id='word_1_447' title='bbox 2161 2911 2568 2981; x_wconf 86' lang='lat' dir='ltr'><strong><em>iniquitatibus,</em></strong></span> <span class='ocrx_word' id='word_1_448' title='bbox 2595 2913 2865 2981; x_wconf 90' lang='lat' dir='ltr'><strong><em>suscipere</em></strong></span> <span class='ocrx_word' id='word_1_449' title='bbox 2887 2929 3220 2982; x_wconf 88' lang='lat' dir='ltr'><strong><em>mereamur;</em></strong></span> <span class='ocrx_word' id='word_1_450' title='bbox 3246 2919 3591 2988; x_wconf 87' lang='lat' dir='ltr'><strong><em>corporisque</em></strong></span> 
     </span>
    </p>
   </div>
   <div class='ocr_carea' id='block_1_60' title="bbox 1958 3003 3593 3078">
    <p class='ocr_par' dir='ltr' id='par_1_60' title="bbox 1958 3003 3593 3078">
     <span class='ocr_line' id='line_1_60' title="bbox 1958 3003 3593 3078; baseline 0.004 -20"><span class='ocrx_word' id='word_1_451' title='bbox 1958 3003 2076 3073; x_wconf 87' lang='lat' dir='ltr'><strong><em>ejus</em></strong></span> <span class='ocrx_word' id='word_1_452' title='bbox 2111 3008 2162 3058; x_wconf 92' lang='lat' dir='ltr'><strong><em>et</em></strong></span> <span class='ocrx_word' id='word_1_453' title='bbox 2199 3007 2486 3072; x_wconf 87' lang='lat' dir='ltr'><strong><em>sanguinis</em></strong></span> <span class='ocrx_word' id='word_1_454' title='bbox 2520 3011 2916 3061; x_wconf 89' lang='lat' dir='ltr'><strong><em>sacramentum</em></strong></span> <span class='ocrx_word' id='word_1_455' title='bbox 2955 3009 3152 3065; x_wconf 88' lang='lat' dir='ltr'><strong><em>mundi</em></strong></span> <span class='ocrx_word' id='word_1_456' title='bbox 3175 3025 3209 3062; x_wconf 91' lang='lat' dir='ltr'><strong><em>a</em></strong></span> <span class='ocrx_word' id='word_1_457' title='bbox 3231 3011 3466 3078; x_wconf 88' lang='lat' dir='ltr'><strong><em>peccatis</em></strong></span> <span class='ocrx_word' id='word_1_458' title='bbox 3504 3026 3593 3065; x_wconf 88' lang='lat' dir='ltr'><strong><em>su-</em></strong></span> 
     </span>
    </p>
   </div>
   <div class='ocr_carea' id='block_1_61' title="bbox 1957 3098 3594 3173">
    <p class='ocr_par' dir='ltr' id='par_1_61' title="bbox 1957 3098 3594 3173">
     <span class='ocr_line' id='line_1_61' title="bbox 1957 3098 3594 3173; baseline 0.004 -21"><span class='ocrx_word' id='word_1_459' title='bbox 1957 3113 2186 3152; x_wconf 90' lang='lat' dir='ltr'><strong><em>mamus.</em></strong></span> <span class='ocrx_word' id='word_1_460' title='bbox 2218 3098 2391 3153; x_wconf 86' lang='lat' dir='ltr'><strong><em>Iidem</em></strong></span> <span class='ocrx_word' id='word_1_461' title='bbox 2435 3114 2637 3154; x_wconf 89' lang='lat' dir='ltr'><strong><em>canone</em></strong></span> <span class='ocrx_word' id='word_1_462' title='bbox 2674 3102 2922 3170; x_wconf 87' lang='lat' dir='ltr'><strong><em>sequenti</em></strong></span> <span class='ocrx_word' id='word_1_463' title='bbox 2964 3105 3208 3170; x_wconf 89' lang='lat' dir='ltr'><strong><em>arguunt</em></strong></span> <span class='ocrx_word' id='word_1_464' title='bbox 3241 3117 3348 3166; x_wconf 90' lang='lat' dir='ltr'><strong><em>eos,</em></strong></span> <span class='ocrx_word' id='word_1_465' title='bbox 3388 3105 3486 3173; x_wconf 89' lang='lat' dir='ltr'><strong><em>qui</em></strong></span> <span class='ocrx_word' id='word_1_466' title='bbox 3518 3103 3594 3158; x_wconf 86' lang='lat' dir='ltr'><strong><em>ad</em></strong></span> 
     </span>
    </p>
   </div>
   <div class='ocr_carea' id='block_1_62' title="bbox 289 3159 3594 3274">
    <p class='ocr_par' dir='ltr' id='par_1_62' title="bbox 289 3159 3594 3274">
     <span class='ocr_line' id='line_1_62' title="bbox 289 3159 3594 3274; baseline 0.003 -16"><span class='ocrx_word' id='word_1_467' title='bbox 289 3206 362 3259; x_wconf 91' lang='lat' dir='ltr'><strong><em>In</em></strong></span> <span class='ocrx_word' id='word_1_468' title='bbox 378 3205 718 3260; x_wconf 81' lang='lat' dir='ltr'><strong><em>Mozarabico</em></strong></span> <span class='ocrx_word' id='word_1_469' title='bbox 738 3207 796 3259; x_wconf 85' lang='lat' dir='ltr'><strong><em>in</em></strong></span> <span class='ocrx_word' id='word_1_470' title='bbox 815 3205 902 3260; x_wconf 89' lang='lat' dir='ltr'><strong><em>die</em></strong></span> <span class='ocrx_word' id='word_1_471' title='bbox 922 3204 1093 3260; x_wconf 63' lang='lat' dir='ltr'><strong><em>Comm</em></strong></span> <span class='ocrx_word' id='word_1_472' title='bbox 1106 3205 1480 3274; x_wconf 76' lang='lat' dir='ltr'><strong><em>praescribitur</em></strong></span> <span class='ocrx_word' id='word_1_473' title='bbox 1501 3205 1859 3274; x_wconf 80' lang='lat' dir='ltr'><strong><em>Evangelium</em></strong></span> <span class='ocrx_word' id='word_1_474' title='bbox 1879 3159 1934 3235; x_wconf 67' lang='grc' dir='ltr'>Ο</span> <span class='ocrx_word' id='word_1_475' title='bbox 1958 3193 2146 3247; x_wconf 63' lang='lat' dir='ltr'><strong><em>horam</em></strong></span> <span class='ocrx_word' id='word_1_476' title='bbox 2185 3209 2385 3247; x_wconf 76' lang='grc' dir='ltr'><strong><em>ηοηαηι</em></strong></span> <span class='ocrx_word' id='word_1_477' title='bbox 2426 3194 2550 3263; x_wconf 61' lang='lat' dir='ltr'><strong><em>ipsa</em></strong></span> <span class='ocrx_word' id='word_1_478' title='bbox 2599 3194 2688 3248; x_wconf 61' lang='lat' dir='ltr'><strong><em>die</em></strong></span> <span class='ocrx_word' id='word_1_479' title='bbox 2727 3195 3010 3264; x_wconf 60' lang='lat' dir='ltr'><strong><em>jejunium</em></strong></span> <span class='ocrx_word' id='word_1_480' title='bbox 3055 3197 3292 3261; x_wconf 59' lang='lat' dir='ltr'><strong><em>80mm&quot;</em></strong></span> <span class='ocrx_word' id='word_1_481' title='bbox 3329 3212 3520 3267; x_wconf 68' lang='grc' dir='ltr'><strong><em>εοεριιε</em></strong></span> <span class='ocrx_word' id='word_1_482' title='bbox 3558 3213 3594 3252; x_wconf 78' lang='grc' dir='ltr'>α</span> 
     </span>
    </p>
   </div>
   <div class='ocr_carea' id='block_1_63' title="bbox 223 3288 1862 3368">
    <p class='ocr_par' dir='ltr' id='par_1_63' title="bbox 223 3297 1860 3368">
     <span class='ocr_line' id='line_1_63' title="bbox 223 3297 1860 3368; baseline 0.001 -16"><span class='ocrx_word' id='word_1_483' title='bbox 223 3313 291 3352; x_wconf 74' lang='lat' dir='ltr'><strong><em>ea:</em></strong></span> <span class='ocrx_word' id='word_1_484' title='bbox 323 3299 485 3352; x_wconf 73' lang='lat' dir='ltr'><strong><em>Lucae</em></strong></span> <span class='ocrx_word' id='word_1_485' title='bbox 511 3315 632 3368; x_wconf 89' lang='lat' dir='ltr'><strong><em>cap.</em></strong></span> <span class='ocrx_word' id='word_1_486' title='bbox 663 3314 794 3360; x_wconf 78' lang='lat' dir='ltr'><strong><em>mi,</em></strong></span> <span class='ocrx_word' id='word_1_487' title='bbox 823 3297 1132 3368; x_wconf 86' lang='lat' dir='ltr'><strong><em>incipiendo</em></strong></span> <span class='ocrx_word' id='word_1_488' title='bbox 1161 3313 1196 3352; x_wconf 91' lang='lat' dir='ltr'><strong><em>a</em></strong></span> <span class='ocrx_word' id='word_1_489' title='bbox 1229 3299 1583 3354; x_wconf 87' lang='lat' dir='ltr'><strong><em>celebratione</em></strong></span> <span class='ocrx_word' id='word_1_490' title='bbox 1607 3315 1786 3363; x_wconf 66' lang='lat' dir='ltr'><strong><em>canae,</em></strong></span> <span class='ocrx_word' id='word_1_491' title='bbox 1809 3305 1860 3354; x_wconf 91' lang='lat' dir='ltr'><strong><em>et</em></strong></span> 
     </span>
    </p>
   </div>
   <div class='ocr_carea' id='block_1_64' title="bbox 1972 3288 2915 3368">
    <p class='ocr_par' dir='ltr' id='par_1_64' title="bbox 1972 3288 2915 3356">
     <span class='ocr_line' id='line_1_64' title="bbox 1972 3288 2915 3356; baseline 0.002 -14"><span class='ocrx_word' id='word_1_492' title='bbox 1972 3288 2208 3356; x_wconf 70' lang='lat' dir='ltr'><strong><em>paschali</em></strong></span> <span class='ocrx_word' id='word_1_493' title='bbox 2233 3289 2601 3342; x_wconf 88' lang='lat' dir='ltr'><strong><em>communione</em></strong></span> <span class='ocrx_word' id='word_1_494' title='bbox 2625 3294 2915 3344; x_wconf 76' lang='lat' dir='ltr'><strong><em>removent.</em></strong></span> 
     </span>
    </p>
   </div>
   <div class='ocr_carea' id='block_1_65' title="bbox 224 3391 1859 3462">
    <p class='ocr_par' dir='ltr' id='par_1_65' title="bbox 224 3391 1859 3462">
     <span class='ocr_line' id='line_1_65' title="bbox 224 3391 1859 3462; baseline 0.001 -15"><span class='ocrx_word' id='word_1_495' title='bbox 224 3391 521 3447; x_wconf 83' lang='lat' dir='ltr'><strong><em>desinendo</em></strong></span> <span class='ocrx_word' id='word_1_496' title='bbox 542 3393 604 3446; x_wconf 86' lang='lat' dir='ltr'><strong><em>in</em></strong></span> <span class='ocrx_word' id='word_1_497' title='bbox 651 3393 918 3462; x_wconf 81' lang='lat' dir='ltr'><strong><em>lacrymas</em></strong></span> <span class='ocrx_word' id='word_1_498' title='bbox 943 3393 1094 3447; x_wconf 79' lang='lat' dir='ltr'><strong><em>Petri</em></strong></span> <span class='ocrx_word' id='word_1_499' title='bbox 1116 3411 1133 3446; x_wconf 92' lang='lat'><strong><em>:</em></strong></span> <span class='ocrx_word' id='word_1_500' title='bbox 1165 3394 1224 3446; x_wconf 87' lang='lat' dir='ltr'><strong><em>in</em></strong></span> <span class='ocrx_word' id='word_1_501' title='bbox 1251 3393 1448 3462; x_wconf 90' lang='lat' dir='ltr'><strong><em>quibus</em></strong></span> <span class='ocrx_word' id='word_1_502' title='bbox 1480 3395 1735 3462; x_wconf 81' lang='lat' dir='ltr'><strong><em>lacrymis</em></strong></span> <span class='ocrx_word' id='word_1_503' title='bbox 1773 3395 1859 3448; x_wconf 90' lang='lat' dir='ltr'><strong><em>de-</em></strong></span> 
     </span>
    </p>
   </div>
   <div class='ocr_carea' id='block_1_66' title="bbox 223 3485 1855 3556">
    <p class='ocr_par' dir='ltr' id='par_1_66' title="bbox 223 3485 1855 3556">
     <span class='ocr_line' id='line_1_66' title="bbox 223 3485 1855 3556; baseline 0.001 -16"><span class='ocrx_word' id='word_1_504' title='bbox 223 3489 361 3540; x_wconf 82' lang='lat' dir='ltr'><strong><em>sinit</em></strong></span> <span class='ocrx_word' id='word_1_505' title='bbox 383 3487 712 3541; x_wconf 87' lang='lat' dir='ltr'><strong><em>Lectionarii</em></strong></span> <span class='ocrx_word' id='word_1_506' title='bbox 735 3488 908 3541; x_wconf 87' lang='lat' dir='ltr'><strong><em>nostri</em></strong></span> <span class='ocrx_word' id='word_1_507' title='bbox 933 3487 1174 3556; x_wconf 86' lang='lat' dir='ltr'><strong><em>ofﬁcium</em></strong></span> <span class='ocrx_word' id='word_1_508' title='bbox 1202 3485 1275 3540; x_wconf 90' lang='lat' dir='ltr'><strong><em>ad</em></strong></span> <span class='ocrx_word' id='word_1_509' title='bbox 1305 3486 1608 3542; x_wconf 87' lang='lat' dir='ltr'><strong><em>Matutinos</em></strong></span> <span class='ocrx_word' id='word_1_510' title='bbox 1636 3488 1746 3542; x_wconf 89' lang='lat' dir='ltr'><strong><em>diei</em></strong></span> <span class='ocrx_word' id='word_1_511' title='bbox 1774 3503 1855 3542; x_wconf 86' lang='lat' dir='ltr'><strong><em>se-</em></strong></span> 
     </span>
    </p>
   </div>
   <div class='ocr_carea' id='block_1_67' title="bbox 225 3580 1858 3650">
    <p class='ocr_par' dir='ltr' id='par_1_67' title="bbox 225 3580 1858 3650">
     <span class='ocr_line' id='line_1_67' title="bbox 225 3580 1858 3650; baseline 0.001 -16"><span class='ocrx_word' id='word_1_512' title='bbox 225 3581 460 3650; x_wconf 87' lang='lat' dir='ltr'><strong><em>quentis.</em></strong></span> <span class='ocrx_word' id='word_1_513' title='bbox 496 3580 648 3634; x_wconf 87' lang='lat' dir='ltr'><strong><em>Idem</em></strong></span> <span class='ocrx_word' id='word_1_514' title='bbox 671 3580 1074 3635; x_wconf 80' lang='lat' dir='ltr'><strong><em>Mozarabicum</em></strong></span> <span class='ocrx_word' id='word_1_515' title='bbox 1118 3581 1206 3634; x_wconf 86' lang='lat' dir='ltr'><strong><em>die</em></strong></span> <span class='ocrx_word' id='word_1_516' title='bbox 1247 3581 1571 3635; x_wconf 79' lang='lat' dir='ltr'><strong><em>Parasceves</em></strong></span> <span class='ocrx_word' id='word_1_517' title='bbox 1612 3583 1858 3649; x_wconf 87' lang='lat' dir='ltr'><strong><em>assignat</em></strong></span> 
     </span>
    </p>
   </div>
   <div class='ocr_carea' id='block_1_68' title="bbox 223 3675 1860 3744">
    <p class='ocr_par' dir='ltr' id='par_1_68' title="bbox 223 3675 1860 3744">
     <span class='ocr_line' id='line_1_68' title="bbox 223 3675 1860 3744; baseline 0 -15"><span class='ocrx_word' id='word_1_518' title='bbox 223 3675 585 3742; x_wconf 77' lang='lat' dir='ltr'><strong><em>Evangelium</em></strong></span> <span class='ocrx_word' id='word_1_519' title='bbox 609 3691 678 3729; x_wconf 74' lang='lat' dir='ltr'><strong><em>ea:</em></strong></span> <span class='ocrx_word' id='word_1_520' title='bbox 701 3675 947 3730; x_wconf 61' lang='lat' dir='ltr'><strong><em>Matthxi</em></strong></span> <span class='ocrx_word' id='word_1_521' title='bbox 981 3691 1102 3744; x_wconf 88' lang='lat' dir='ltr'><strong><em>cap.</em></strong></span> <span class='ocrx_word' id='word_1_522' title='bbox 1140 3690 1288 3728; x_wconf 82' lang='lat' dir='ltr'><strong><em>xxvu</em></strong></span> <span class='ocrx_word' id='word_1_523' title='bbox 1320 3691 1355 3728; x_wconf 90' lang='lat' dir='ltr'><strong><em>a</em></strong></span> <span class='ocrx_word' id='word_1_524' title='bbox 1380 3689 1541 3728; x_wconf 78' lang='lat' dir='ltr'><strong><em>versu</em></strong></span> <span class='ocrx_word' id='word_1_525' title='bbox 1571 3677 1592 3728; x_wconf 87' lang='grc'><strong>1</strong></span> <span class='ocrx_word' id='word_1_526' title='bbox 1642 3690 1656 3728; x_wconf 88' lang='lat'><strong>:</strong></span> <span class='ocrx_word' id='word_1_527' title='bbox 1698 3675 1860 3730; x_wconf 87' lang='lat' dir='ltr'><strong><em>Mane</em></strong></span> 
     </span>
    </p>
   </div>
   <div class='ocr_carea' id='block_1_69' title="bbox 222 3767 1862 3838">
    <p class='ocr_par' dir='ltr' id='par_1_69' title="bbox 222 3767 1862 3838">
     <span class='ocr_line' id='line_1_69' title="bbox 222 3767 1862 3838; baseline -0.001 -15"><span class='ocrx_word' id='word_1_528' title='bbox 222 3772 406 3823; x_wconf 84' lang='lat' dir='ltr'><strong><em>autem</em></strong></span> <span class='ocrx_word' id='word_1_529' title='bbox 443 3770 613 3837; x_wconf 88' lang='lat' dir='ltr'><strong><em>facto,</em></strong></span> <span class='ocrx_word' id='word_1_530' title='bbox 641 3770 862 3824; x_wconf 86' lang='lat' dir='ltr'><strong><em>insertis</em></strong></span> <span class='ocrx_word' id='word_1_531' title='bbox 893 3768 1221 3838; x_wconf 85' lang='lat' dir='ltr'><strong><em>quibusdam</em></strong></span> <span class='ocrx_word' id='word_1_532' title='bbox 1254 3767 1431 3822; x_wconf 79' lang='lat' dir='ltr'><strong><em>verbis</em></strong></span> <span class='ocrx_word' id='word_1_533' title='bbox 1471 3767 1546 3822; x_wconf 92' lang='lat' dir='ltr'><strong><em>ad</em></strong></span> <span class='ocrx_word' id='word_1_534' title='bbox 1585 3769 1668 3823; x_wconf 85' lang='lat' dir='ltr'><strong><em>rei</em></strong></span> <span class='ocrx_word' id='word_1_535' title='bbox 1701 3773 1862 3836; x_wconf 78' lang='lat' dir='ltr'><strong><em>gestae</em></strong></span> 
     </span>
    </p>
   </div>
   <div class='ocr_carea' id='block_1_70' title="bbox 223 3860 1862 3932">
    <p class='ocr_par' dir='ltr' id='par_1_70' title="bbox 223 3860 1862 3932">
     <span class='ocr_line' id='line_1_70' title="bbox 223 3860 1862 3932; baseline 0 -16"><span class='ocrx_word' id='word_1_536' title='bbox 223 3861 472 3917; x_wconf 82' lang='lat' dir='ltr'><strong><em>ordinem</em></strong></span> <span class='ocrx_word' id='word_1_537' title='bbox 496 3862 830 3930; x_wconf 87' lang='lat' dir='ltr'><strong><em>signandum</em></strong></span> <span class='ocrx_word' id='word_1_538' title='bbox 859 3877 872 3916; x_wconf 92' lang='lat'>:</span> <span class='ocrx_word' id='word_1_539' title='bbox 895 3863 1058 3917; x_wconf 88' lang='lat' dir='ltr'><strong><em>Mane</em></strong></span> <span class='ocrx_word' id='word_1_540' title='bbox 1075 3863 1222 3930; x_wconf 90' lang='lat' dir='ltr'><strong><em>facto</em></strong></span> <span class='ocrx_word' id='word_1_541' title='bbox 1243 3877 1390 3916; x_wconf 79' lang='lat' dir='ltr'><strong><em>ccena</em></strong></span> <span class='ocrx_word' id='word_1_542' title='bbox 1425 3877 1569 3932; x_wconf 90' lang='lat' dir='ltr'><strong><em>pura</em></strong></span> <span class='ocrx_word' id='word_1_543' title='bbox 1599 3860 1754 3932; x_wconf 91' lang='lat' dir='ltr'><strong><em>quod</em></strong></span> <span class='ocrx_word' id='word_1_544' title='bbox 1777 3863 1862 3916; x_wconf 90' lang='lat' dir='ltr'><strong><em>est</em></strong></span> 
     </span>
    </p>
   </div>
   <div class='ocr_carea' id='block_1_71' title="bbox 226 3954 1859 4027">
    <p class='ocr_par' dir='ltr' id='par_1_71' title="bbox 226 3954 1859 4027">
     <span class='ocr_line' id='line_1_71' title="bbox 226 3954 1859 4027; baseline -0.001 -16"><span class='ocrx_word' id='word_1_545' title='bbox 226 3959 362 4011; x_wconf 86' lang='lat' dir='ltr'><strong><em>ante</em></strong></span> <span class='ocrx_word' id='word_1_546' title='bbox 390 3954 706 4011; x_wconf 87' lang='lat' dir='ltr'><strong><em>Sabbatum</em></strong></span> <span class='ocrx_word' id='word_1_547' title='bbox 729 3955 869 4026; x_wconf 69' lang='lat' dir='ltr'><strong><em>(quae</em></strong></span> <span class='ocrx_word' id='word_1_548' title='bbox 898 3955 1064 4011; x_wconf 79' lang='lat' dir='ltr'><strong><em>verba</em></strong></span> <span class='ocrx_word' id='word_1_549' title='bbox 1086 3957 1274 4026; x_wconf 86' lang='lat' dir='ltr'><strong><em>utique</em></strong></span> <span class='ocrx_word' id='word_1_550' title='bbox 1307 3971 1342 4010; x_wconf 91' lang='lat' dir='ltr'><strong><em>a</em></strong></span> <span class='ocrx_word' id='word_1_551' title='bbox 1375 3956 1615 4024; x_wconf 89' lang='lat' dir='ltr'><strong><em>Vulgata</em></strong></span> <span class='ocrx_word' id='word_1_552' title='bbox 1643 3955 1859 4027; x_wconf 89' lang='lat' dir='ltr'><strong><em>absunt)</em></strong></span> 
     </span>
    </p>
   </div>
   <div class='ocr_carea' id='block_1_72' title="bbox 225 4048 1862 4106">
    <p class='ocr_par' dir='ltr' id='par_1_72' title="bbox 225 4048 1862 4106">
     <span class='ocr_line' id='line_1_72' title="bbox 225 4048 1862 4106; baseline -0.001 -1"><span class='ocrx_word' id='word_1_553' title='bbox 225 4049 534 4106; x_wconf 88' lang='lat' dir='ltr'><strong><em>concilium</em></strong></span> <span class='ocrx_word' id='word_1_554' title='bbox 584 4050 850 4105; x_wconf 84' lang='lat' dir='ltr'><strong><em>fecerunt</em></strong></span> <span class='ocrx_word' id='word_1_555' title='bbox 876 4049 1088 4104; x_wconf 90' lang='lat' dir='ltr'><strong><em>summi</em></strong></span> <span class='ocrx_word' id='word_1_556' title='bbox 1133 4048 1458 4104; x_wconf 88' lang='lat' dir='ltr'><strong><em>sacerdotes</em></strong></span> <span class='ocrx_word' id='word_1_557' title='bbox 1503 4052 1562 4104; x_wconf 88' lang='lat' dir='ltr'><strong><em>et</em></strong></span> <span class='ocrx_word' id='word_1_558' title='bbox 1606 4049 1862 4105; x_wconf 87' lang='lat' dir='ltr'><strong><em>seniores</em></strong></span> 
     </span>
    </p>
   </div>
   <div class='ocr_carea' id='block_1_73' title="bbox 223 4143 1863 4222">
    <p class='ocr_par' dir='ltr' id='par_1_73' title="bbox 223 4143 1863 4222">
     <span class='ocr_line' id='line_1_73' title="bbox 223 4143 1863 4222; baseline 0 -24"><span class='ocrx_word' id='word_1_559' title='bbox 223 4143 425 4217; x_wconf 87' lang='lat' dir='ltr'><strong><em>populi</em></strong></span> <span class='ocrx_word' id='word_1_560' title='bbox 457 4143 528 4198; x_wconf 90' lang='lat' dir='ltr'><strong><em>de</em></strong></span> <span class='ocrx_word' id='word_1_561' title='bbox 553 4145 707 4208; x_wconf 78' lang='lat' dir='ltr'><strong><em>Iesu,</em></strong></span> <span class='ocrx_word' id='word_1_562' title='bbox 737 4147 800 4198; x_wconf 89' lang='lat' dir='ltr'><strong><em>ut</em></strong></span> <span class='ocrx_word' id='word_1_563' title='bbox 823 4143 1217 4199; x_wconf 84' lang='lat' dir='ltr'><strong><em>interficerent</em></strong></span> <span class='ocrx_word' id='word_1_564' title='bbox 1243 4159 1396 4212; x_wconf 91' lang='lat' dir='ltr'><strong><em>eum,</em></strong></span> <span class='ocrx_word' id='word_1_565' title='bbox 1434 4147 1565 4214; x_wconf 88' lang='lat' dir='ltr'><strong><em>etc.,</em></strong></span> <span class='ocrx_word' id='word_1_566' title='bbox 1594 4159 1764 4222; x_wconf 82' lang='lat' dir='ltr'><strong><em>usque</em></strong></span> <span class='ocrx_word' id='word_1_567' title='bbox 1788 4144 1863 4198; x_wconf 91' lang='lat' dir='ltr'><strong><em>ad</em></strong></span> 
     </span>
    </p>
   </div>
   <div class='ocr_carea' id='block_1_74' title="bbox 221 4238 1861 4309">
    <p class='ocr_par' dir='ltr' id='par_1_74' title="bbox 221 4238 1861 4309">
     <span class='ocr_line' id='line_1_74' title="bbox 221 4238 1861 4309; baseline -0.001 -15"><span class='ocrx_word' id='word_1_568' title='bbox 221 4242 386 4308; x_wconf 81' lang='lat' dir='ltr'><strong><em>ﬁnem</em></strong></span> <span class='ocrx_word' id='word_1_569' title='bbox 411 4240 630 4309; x_wconf 87' lang='lat' dir='ltr'><strong><em>capitis,</em></strong></span> <span class='ocrx_word' id='word_1_570' title='bbox 656 4241 934 4308; x_wconf 84' lang='lat' dir='ltr'><strong><em>signantes</em></strong></span> <span class='ocrx_word' id='word_1_571' title='bbox 974 4238 1213 4308; x_wconf 86' lang='lat' dir='ltr'><strong><em>lapidem</em></strong></span> <span class='ocrx_word' id='word_1_572' title='bbox 1236 4254 1356 4294; x_wconf 90' lang='lat' dir='ltr'><strong><em>cum</em></strong></span> <span class='ocrx_word' id='word_1_573' title='bbox 1381 4238 1712 4295; x_wconf 89' lang='lat' dir='ltr'><strong><em>custodibus.</em></strong></span> <span class='ocrx_word' id='word_1_574' title='bbox 1741 4240 1861 4293; x_wconf 89' lang='lat' dir='ltr'><strong><em>Non</em></strong></span> 
     </span>
    </p>
   </div>
   <div class='ocr_carea' id='block_1_75' title="bbox 221 4333 1266 4403">
    <p class='ocr_par' dir='ltr' id='par_1_75' title="bbox 221 4333 1266 4403">
     <span class='ocr_line' id='line_1_75' title="bbox 221 4333 1266 4403; baseline -0.001 -15"><span class='ocrx_word' id='word_1_575' title='bbox 221 4334 342 4388; x_wconf 81' lang='lat' dir='ltr'><strong><em>alia</em></strong></span> <span class='ocrx_word' id='word_1_576' title='bbox 359 4335 550 4403; x_wconf 85' lang='lat' dir='ltr'><strong><em>passio</em></strong></span> <span class='ocrx_word' id='word_1_577' title='bbox 574 4334 677 4388; x_wconf 84' lang='lat' dir='ltr'><strong><em>hac</em></strong></span> <span class='ocrx_word' id='word_1_578' title='bbox 707 4333 796 4387; x_wconf 88' lang='lat' dir='ltr'><strong><em>die</em></strong></span> <span class='ocrx_word' id='word_1_579' title='bbox 827 4335 884 4388; x_wconf 80' lang='lat' dir='ltr'><strong><em>in</em></strong></span> <span class='ocrx_word' id='word_1_580' title='bbox 907 4333 1266 4388; x_wconf 78' lang='lat' dir='ltr'><strong><em>Mozarabico.</em></strong></span> 
     </span>
    </p>
   </div>
   <div class='ocr_carea' id='block_1_76' title="bbox 295 4426 1863 4497">
    <p class='ocr_par' dir='ltr' id='par_1_76' title="bbox 295 4426 1863 4497">
     <span class='ocr_line' id='line_1_76' title="bbox 295 4426 1863 4497; baseline -0.001 -15"><span class='ocrx_word' id='word_1_581' title='bbox 295 4428 364 4482; x_wconf 89' lang='lat' dir='ltr'><strong><em>In</em></strong></span> <span class='ocrx_word' id='word_1_582' title='bbox 387 4426 588 4496; x_wconf 83' lang='lat' dir='ltr'><strong><em>Africa</em></strong></span> <span class='ocrx_word' id='word_1_583' title='bbox 609 4432 843 4497; x_wconf 91' lang='lat' dir='ltr'><strong><em>tempore</em></strong></span> <span class='ocrx_word' id='word_1_584' title='bbox 867 4428 1046 4482; x_wconf 85' lang='lat' dir='ltr'><strong><em>sancti</em></strong></span> <span class='ocrx_word' id='word_1_585' title='bbox 1067 4427 1370 4495; x_wconf 86' lang='lat' dir='ltr'><strong><em>Augustini</em></strong></span> <span class='ocrx_word' id='word_1_586' title='bbox 1392 4428 1557 4481; x_wconf 82' lang='lat' dir='ltr'><strong><em>unica</em></strong></span> <span class='ocrx_word' id='word_1_587' title='bbox 1585 4426 1863 4494; x_wconf 87' lang='lat' dir='ltr'><strong><em>legebatur</em></strong></span> 
     </span>
    </p>
   </div>
   <div class='ocr_carea' id='block_1_77' title="bbox 216 4520 1942 4615">
    <p class='ocr_par' dir='ltr' id='par_1_77' title="bbox 216 4520 1942 4615">
     <span class='ocr_line' id='line_1_77' title="bbox 216 4520 1942 4615; baseline 0 -41"><span class='ocrx_word' id='word_1_588' title='bbox 216 4523 435 4592; x_wconf 80' lang='lat' dir='ltr'><strong><em>passio,</em></strong></span> <span class='ocrx_word' id='word_1_589' title='bbox 468 4525 518 4576; x_wconf 88' lang='lat' dir='ltr'><strong><em>et</em></strong></span> <span class='ocrx_word' id='word_1_590' title='bbox 547 4521 766 4591; x_wconf 88' lang='lat' dir='ltr'><strong><em>quidem</em></strong></span> <span class='ocrx_word' id='word_1_591' title='bbox 795 4536 862 4576; x_wconf 72' lang='lat' dir='ltr'><strong><em>ea:</em></strong></span> <span class='ocrx_word' id='word_1_592' title='bbox 888 4521 1160 4576; x_wconf 71' lang='lat' dir='ltr'><strong><em>Matthaeo.</em></strong></span> <span class='ocrx_word' id='word_1_593' title='bbox 1194 4520 1284 4576; x_wconf 90' lang='lat' dir='ltr'><strong><em>Sic</em></strong></span> <span class='ocrx_word' id='word_1_594' title='bbox 1317 4522 1458 4576; x_wconf 87' lang='lat' dir='ltr'><strong><em>enim</em></strong></span> <span class='ocrx_word' id='word_1_595' title='bbox 1492 4520 1653 4575; x_wconf 83' lang='lat' dir='ltr'><strong><em>habet</em></strong></span> <span class='ocrx_word' id='word_1_596' title='bbox 1685 4521 1778 4574; x_wconf 88' lang='lat' dir='ltr'><strong><em>ille</em></strong></span> <span class='ocrx_word' id='word_1_597' title='bbox 1803 4521 1862 4575; x_wconf 87' lang='lat' dir='ltr'><strong><em>in</em></strong></span> <span class='ocrx_word' id='word_1_598' title='bbox 1881 4539 1942 4615; x_wconf 73' lang='grc' dir='ltr'>Β</span> 
     </span>
    </p>
   </div>
   <div class='ocr_carea' id='block_1_78' title="bbox 224 4613 1865 4684">
    <p class='ocr_par' dir='ltr' id='par_1_78' title="bbox 224 4613 1865 4684">
     <span class='ocr_line' id='line_1_78' title="bbox 224 4613 1865 4684; baseline -0.001 -15"><span class='ocrx_word' id='word_1_599' title='bbox 224 4630 471 4670; x_wconf 80' lang='lat' dir='ltr'><strong><em>senmne</em></strong></span> <span class='ocrx_word' id='word_1_600' title='bbox 505 4617 610 4670; x_wconf 78' lang='lat'><strong><em>23&#39;2</em></strong></span> <span class='ocrx_word' id='word_1_601' title='bbox 644 4630 796 4669; x_wconf 64' lang='lat' dir='ltr'><strong><em>nove</em></strong></span> <span class='ocrx_word' id='word_1_602' title='bbox 831 4614 1083 4670; x_wconf 87' lang='lat' dir='ltr'><strong><em>editionis</em></strong></span> <span class='ocrx_word' id='word_1_603' title='bbox 1114 4634 1132 4669; x_wconf 91' lang='lat'><strong><em>:</em></strong></span> <span class='ocrx_word' id='word_1_604' title='bbox 1174 4634 1201 4665; x_wconf 88' lang='lat'><strong><em>«</em></strong></span> <span class='ocrx_word' id='word_1_605' title='bbox 1241 4613 1434 4669; x_wconf 87' lang='lat' dir='ltr'><strong><em>Passio</em></strong></span> <span class='ocrx_word' id='word_1_606' title='bbox 1473 4616 1686 4682; x_wconf 88' lang='lat' dir='ltr'><strong><em>autem,</em></strong></span> <span class='ocrx_word' id='word_1_607' title='bbox 1729 4613 1865 4684; x_wconf 88' lang='lat' dir='ltr'><strong><em>quia</em></strong></span> 
     </span>
    </p>
   </div>
   <div class='ocr_carea' id='block_1_79' title="bbox 225 4707 1867 4780">
    <p class='ocr_par' dir='ltr' id='par_1_79' title="bbox 225 4707 1867 4780">
     <span class='ocr_line' id='line_1_79' title="bbox 225 4707 1867 4780; baseline -0.001 -17"><span class='ocrx_word' id='word_1_608' title='bbox 225 4725 348 4763; x_wconf 87' lang='lat' dir='ltr'><strong><em>uno</em></strong></span> <span class='ocrx_word' id='word_1_609' title='bbox 381 4708 476 4763; x_wconf 90' lang='lat' dir='ltr'><strong><em>die</em></strong></span> <span class='ocrx_word' id='word_1_610' title='bbox 507 4709 735 4779; x_wconf 79' lang='lat' dir='ltr'><strong><em>legitur,</em></strong></span> <span class='ocrx_word' id='word_1_611' title='bbox 769 4725 886 4764; x_wconf 92' lang='lat' dir='ltr'><strong><em>non</em></strong></span> <span class='ocrx_word' id='word_1_612' title='bbox 914 4709 1060 4763; x_wconf 89' lang='lat' dir='ltr'><strong><em>solet</em></strong></span> <span class='ocrx_word' id='word_1_613' title='bbox 1089 4708 1224 4780; x_wconf 85' lang='lat' dir='ltr'><strong><em>legi,</em></strong></span> <span class='ocrx_word' id='word_1_614' title='bbox 1254 4707 1363 4762; x_wconf 87' lang='lat' dir='ltr'><strong><em>nisi</em></strong></span> <span class='ocrx_word' id='word_1_615' title='bbox 1395 4707 1710 4762; x_wconf 88' lang='lat' dir='ltr'><strong><em>secundum</em></strong></span> <span class='ocrx_word' id='word_1_616' title='bbox 1734 4708 1867 4762; x_wconf 79' lang='lat' dir='ltr'><strong><em>Mat-</em></strong></span> 
     </span>
    </p>
   </div>
   <div class='ocr_carea' id='block_1_80' title="bbox 227 4801 1866 4874">
    <p class='ocr_par' dir='ltr' id='par_1_80' title="bbox 227 4801 1866 4874">
     <span class='ocr_line' id='line_1_80' title="bbox 227 4801 1866 4874; baseline -0.001 -17"><span class='ocrx_word' id='word_1_617' title='bbox 227 4803 467 4857; x_wconf 68' lang='lat' dir='ltr'><strong><em>timum.</em></strong></span> <span class='ocrx_word' id='word_1_618' title='bbox 501 4803 804 4857; x_wconf 85' lang='lat' dir='ltr'><strong><em>Volueram</em></strong></span> <span class='ocrx_word' id='word_1_619' title='bbox 831 4802 1144 4874; x_wconf 88' lang='lat' dir='ltr'><strong><em>aliquando</em></strong></span> <span class='ocrx_word' id='word_1_620' title='bbox 1179 4805 1239 4856; x_wconf 90' lang='lat' dir='ltr'><strong><em>ut</em></strong></span> <span class='ocrx_word' id='word_1_621' title='bbox 1269 4818 1372 4874; x_wconf 90' lang='lat' dir='ltr'><strong><em>per</em></strong></span> <span class='ocrx_word' id='word_1_622' title='bbox 1400 4801 1656 4872; x_wconf 81' lang='lat' dir='ltr'><strong><em>singulos</em></strong></span> <span class='ocrx_word' id='word_1_623' title='bbox 1683 4819 1866 4856; x_wconf 89' lang='lat' dir='ltr'><strong><em>annos</em></strong></span> 
     </span>
    </p>
   </div>
   <div class='ocr_carea' id='block_1_81' title="bbox 228 4895 1867 4968">
    <p class='ocr_par' dir='ltr' id='par_1_81' title="bbox 228 4895 1867 4968">
     <span class='ocr_line' id='line_1_81' title="bbox 228 4895 1867 4968; baseline -0.001 -16"><span class='ocrx_word' id='word_1_624' title='bbox 228 4897 549 4952; x_wconf 76' lang='lat' dir='ltr'><strong><em>secundum</em></strong></span> <span class='ocrx_word' id='word_1_625' title='bbox 585 4913 788 4952; x_wconf 87' lang='lat' dir='ltr'><strong><em>omnes</em></strong></span> <span class='ocrx_word' id='word_1_626' title='bbox 809 4896 1200 4968; x_wconf 80' lang='lat' dir='ltr'><strong><em>Evangelistas</em></strong></span> <span class='ocrx_word' id='word_1_627' title='bbox 1231 4896 1406 4952; x_wconf 88' lang='lat' dir='ltr'><strong><em>etiam</em></strong></span> <span class='ocrx_word' id='word_1_628' title='bbox 1434 4895 1623 4968; x_wconf 84' lang='lat' dir='ltr'><strong><em>passio</em></strong></span> <span class='ocrx_word' id='word_1_629' title='bbox 1650 4897 1867 4967; x_wconf 79' lang='lat' dir='ltr'><strong><em>legere-</em></strong></span> 
     </span>
    </p>
   </div>
   <div class='ocr_carea' id='block_1_82' title="bbox 226 4989 1868 5061">
    <p class='ocr_par' dir='ltr' id='par_1_82' title="bbox 226 4989 1868 5061">
     <span class='ocr_line' id='line_1_82' title="bbox 226 4989 1868 5061; baseline -0.001 -15"><span class='ocrx_word' id='word_1_630' title='bbox 226 4994 344 5046; x_wconf 86' lang='lat' dir='ltr'><strong><em>tur.</em></strong></span> <span class='ocrx_word' id='word_1_631' title='bbox 373 4991 606 5046; x_wconf 84' lang='lat' dir='ltr'><strong><em>Factum</em></strong></span> <span class='ocrx_word' id='word_1_632' title='bbox 635 4994 739 5048; x_wconf 87' lang='lat' dir='ltr'><strong><em>est.</em></strong></span> <span class='ocrx_word' id='word_1_633' title='bbox 768 4991 894 5046; x_wconf 82' lang='lat' dir='ltr'><strong><em>Non</em></strong></span> <span class='ocrx_word' id='word_1_634' title='bbox 921 4989 1228 5046; x_wconf 89' lang='lat' dir='ltr'><strong><em>audierunt</em></strong></span> <span class='ocrx_word' id='word_1_635' title='bbox 1257 4989 1522 5046; x_wconf 89' lang='lat' dir='ltr'><strong><em>homines</em></strong></span> <span class='ocrx_word' id='word_1_636' title='bbox 1553 4989 1709 5061; x_wconf 91' lang='lat' dir='ltr'><strong><em>quod</em></strong></span> <span class='ocrx_word' id='word_1_637' title='bbox 1738 5006 1868 5045; x_wconf 84' lang='lat' dir='ltr'><strong><em>con-</em></strong></span> 
     </span>
    </p>
   </div>
   <div class='ocr_carea' id='block_1_83' title="bbox 231 5084 1862 5157">
    <p class='ocr_par' dir='ltr' id='par_1_83' title="bbox 231 5084 1862 5157">
     <span class='ocr_line' id='line_1_83' title="bbox 231 5084 1862 5157; baseline -0.001 -17"><span class='ocrx_word' id='word_1_638' title='bbox 231 5088 557 5153; x_wconf 80' lang='lat' dir='ltr'><strong><em>sueverant,</em></strong></span> <span class='ocrx_word' id='word_1_639' title='bbox 587 5088 647 5140; x_wconf 88' lang='lat' dir='ltr'><strong><em>et</em></strong></span> <span class='ocrx_word' id='word_1_640' title='bbox 687 5084 1004 5157; x_wconf 85' lang='lat' dir='ltr'><strong><em>perturbati</em></strong></span> <span class='ocrx_word' id='word_1_641' title='bbox 1037 5088 1189 5140; x_wconf 88' lang='lat' dir='ltr'><strong><em>sunt.</em></strong></span> <span class='ocrx_word' id='word_1_642' title='bbox 1211 5103 1238 5136; x_wconf 85' lang='lat'>»</span> <span class='ocrx_word' id='word_1_643' title='bbox 1267 5087 1456 5141; x_wconf 87' lang='lat' dir='ltr'><strong><em>Patres</em></strong></span> <span class='ocrx_word' id='word_1_644' title='bbox 1473 5085 1688 5139; x_wconf 89' lang='lat' dir='ltr'><strong><em>concilii</em></strong></span> <span class='ocrx_word' id='word_1_645' title='bbox 1715 5085 1862 5140; x_wconf 81' lang='lat' dir='ltr'><strong><em>Tole-</em></strong></span> 
     </span>
    </p>
   </div>
   <div class='ocr_carea' id='block_1_84' title="bbox 231 5178 1865 5249">
    <p class='ocr_par' dir='ltr' id='par_1_84' title="bbox 231 5178 1865 5249">
     <span class='ocr_line' id='line_1_84' title="bbox 231 5178 1865 5249; baseline -0.002 -13"><span class='ocrx_word' id='word_1_646' title='bbox 231 5183 359 5236; x_wconf 83' lang='lat' dir='ltr'><strong><em>tani</em></strong></span> <span class='ocrx_word' id='word_1_647' title='bbox 388 5197 462 5248; x_wconf 79' lang='lat' dir='ltr'><strong><em>iv,</em></strong></span> <span class='ocrx_word' id='word_1_648' title='bbox 492 5195 695 5235; x_wconf 86' lang='lat' dir='ltr'><strong><em>canone</em></strong></span> <span class='ocrx_word' id='word_1_649' title='bbox 723 5182 777 5249; x_wconf 90' lang='lat'><strong><em>6,</em></strong></span> <span class='ocrx_word' id='word_1_650' title='bbox 815 5179 1109 5235; x_wconf 87' lang='lat' dir='ltr'><strong><em>nonnullas</em></strong></span> <span class='ocrx_word' id='word_1_651' title='bbox 1142 5179 1410 5235; x_wconf 87' lang='lat' dir='ltr'><strong><em>Ecclesias</em></strong></span> <span class='ocrx_word' id='word_1_652' title='bbox 1444 5178 1865 5248; x_wconf 85' lang='lat' dir='ltr'><strong><em>reprehendunt,</em></strong></span> 
     </span>
    </p>
   </div>
   <div class='ocr_carea' id='block_1_85' title="bbox 231 5272 1864 5342">
    <p class='ocr_par' dir='ltr' id='par_1_85' title="bbox 231 5272 1864 5342">
     <span class='ocr_line' id='line_1_85' title="bbox 231 5272 1864 5342; baseline -0.002 -12"><span class='ocrx_word' id='word_1_653' title='bbox 231 5275 331 5331; x_wconf 84' lang='lat' dir='ltr'><strong><em>ubi</em></strong></span> <span class='ocrx_word' id='word_1_654' title='bbox 345 5277 408 5330; x_wconf 88' lang='lat' dir='ltr'><strong><em>in</em></strong></span> <span class='ocrx_word' id='word_1_655' title='bbox 433 5275 522 5330; x_wconf 85' lang='lat' dir='ltr'><strong><em>die</em></strong></span> <span class='ocrx_word' id='word_1_656' title='bbox 543 5279 710 5330; x_wconf 61' lang='lat' dir='ltr'><strong><em>seats</em></strong></span> <span class='ocrx_word' id='word_1_657' title='bbox 735 5275 891 5342; x_wconf 71' lang='lat' dir='ltr'><strong><em>fem&#39;ae</em></strong></span> <span class='ocrx_word' id='word_1_658' title='bbox 917 5275 1197 5329; x_wconf 87' lang='lat' dir='ltr'><strong><em>Passionis</em></strong></span> <span class='ocrx_word' id='word_1_659' title='bbox 1216 5275 1455 5336; x_wconf 89' lang='lat' dir='ltr'><strong><em>Domini,</em></strong></span> <span class='ocrx_word' id='word_1_660' title='bbox 1484 5273 1684 5328; x_wconf 86' lang='lat' dir='ltr'><strong><em>clausis</em></strong></span> <span class='ocrx_word' id='word_1_661' title='bbox 1721 5272 1864 5327; x_wconf 85' lang='lat' dir='ltr'><strong><em>basi-</em></strong></span> 
     </span>
    </p>
   </div>
   <div class='ocr_carea' id='block_1_86' title="bbox 232 5353 1868 5434">
    <p class='ocr_par' dir='ltr' id='par_1_86' title="bbox 232 5353 1868 5434">
     <span class='ocr_line' id='line_1_86' title="bbox 232 5353 1868 5434; baseline -0.003 -13"><span class='ocrx_word' id='word_1_662' title='bbox 232 5365 466 5421; x_wconf 82' lang='lat' dir='ltr'><strong><em>licarum</em></strong></span> <span class='ocrx_word' id='word_1_663' title='bbox 503 5365 742 5434; x_wconf 87' lang='lat' dir='ltr'><strong><em>foribus,</em></strong></span> <span class='ocrx_word' id='word_1_664' title='bbox 777 5380 874 5420; x_wconf 88' lang='lat' dir='ltr'><strong><em>nec</em></strong></span> <span class='ocrx_word' id='word_1_665' title='bbox 917 5363 1222 5419; x_wconf 83' lang='lat' dir='ltr'><strong><em>celebratur</em></strong></span> <span class='ocrx_word' id='word_1_666' title='bbox 1262 5353 1523 5434; x_wconf 83' lang='lat' dir='ltr'><strong><em>ofﬁcium,</em></strong></span> <span class='ocrx_word' id='word_1_667' title='bbox 1559 5377 1654 5417; x_wconf 90' lang='lat' dir='ltr'><strong><em>nec</em></strong></span> <span class='ocrx_word' id='word_1_668' title='bbox 1681 5363 1868 5432; x_wconf 90' lang='lat' dir='ltr'><strong><em>passio</em></strong></span> 
     </span>
    </p>
   </div>
   <div class='ocr_carea' id='block_1_87' title="bbox 235 5463 1084 5536">
    <p class='ocr_par' dir='ltr' id='par_1_87' title="bbox 235 5463 1084 5536">
     <span class='ocr_line' id='line_1_87' title="bbox 235 5463 1084 5536; baseline -0.004 -16"><span class='ocrx_word' id='word_1_669' title='bbox 235 5465 454 5520; x_wconf 77' lang='lat' dir='ltr'><strong><em>Domini</em></strong></span> <span class='ocrx_word' id='word_1_670' title='bbox 477 5463 701 5536; x_wconf 87' lang='lat' dir='ltr'><strong><em>populis</em></strong></span> <span class='ocrx_word' id='word_1_671' title='bbox 727 5463 1084 5534; x_wconf 81' lang='lat' dir='ltr'><strong><em>praedicatur.</em></strong></span> 
     </span>
    </p>
   </div>
   <div class='ocr_carea' id='block_1_88' title="bbox 301 5555 1869 5628">
    <p class='ocr_par' dir='ltr' id='par_1_88' title="bbox 301 5555 1869 5628">
     <span class='ocr_line' id='line_1_88' title="bbox 301 5555 1869 5628; baseline -0.003 -14"><span class='ocrx_word' id='word_1_672' title='bbox 301 5560 371 5615; x_wconf 84' lang='lat' dir='ltr'><strong><em>In</em></strong></span> <span class='ocrx_word' id='word_1_673' title='bbox 403 5558 501 5614; x_wconf 85' lang='lat' dir='ltr'><strong><em>hoc</em></strong></span> <span class='ocrx_word' id='word_1_674' title='bbox 540 5557 726 5612; x_wconf 87' lang='lat' dir='ltr'><strong><em>triduo</em></strong></span> <span class='ocrx_word' id='word_1_675' title='bbox 769 5557 1070 5628; x_wconf 82' lang='lat' dir='ltr'><strong><em>aliquando</em></strong></span> <span class='ocrx_word' id='word_1_676' title='bbox 1105 5558 1259 5626; x_wconf 87' lang='lat' dir='ltr'><strong><em>facta</em></strong></span> <span class='ocrx_word' id='word_1_677' title='bbox 1290 5560 1369 5611; x_wconf 90' lang='lat' dir='ltr'><strong><em>est</em></strong></span> <span class='ocrx_word' id='word_1_678' title='bbox 1407 5555 1724 5619; x_wconf 87' lang='lat' dir='ltr'><strong><em>communio,</em></strong></span> <span class='ocrx_word' id='word_1_679' title='bbox 1761 5569 1869 5610; x_wconf 84' lang='lat' dir='ltr'><strong><em>non</em></strong></span> 
     </span>
    </p>
   </div>
   <div class='ocr_carea' id='block_1_89' title="bbox 234 5649 1870 5722">
    <p class='ocr_par' dir='ltr' id='par_1_89' title="bbox 234 5649 1870 5722">
     <span class='ocr_line' id='line_1_89' title="bbox 234 5649 1870 5722; baseline -0.003 -14"><span class='ocrx_word' id='word_1_680' title='bbox 234 5654 406 5708; x_wconf 67' lang='lat' dir='ltr'><strong><em>solam</em></strong></span> <span class='ocrx_word' id='word_1_681' title='bbox 444 5655 508 5707; x_wconf 87' lang='lat' dir='ltr'><strong><em>in</em></strong></span> <span class='ocrx_word' id='word_1_682' title='bbox 535 5653 880 5707; x_wconf 86' lang='lat' dir='ltr'><strong><em>monasteriis</em></strong></span> <span class='ocrx_word' id='word_1_683' title='bbox 906 5651 1073 5722; x_wconf 90' lang='lat' dir='ltr'><strong><em>(quod</em></strong></span> <span class='ocrx_word' id='word_1_684' title='bbox 1099 5666 1167 5706; x_wconf 79' lang='lat' dir='ltr'><strong><em>ea:</em></strong></span> <span class='ocrx_word' id='word_1_685' title='bbox 1199 5649 1639 5706; x_wconf 87' lang='lat' dir='ltr'><strong><em>Cluniacensium</em></strong></span> <span class='ocrx_word' id='word_1_686' title='bbox 1672 5649 1870 5704; x_wconf 88' lang='lat' dir='ltr'><strong><em>ritibus</em></strong></span> 
     </span>
    </p>
   </div>
   <div class='ocr_carea' id='block_1_90' title="bbox 235 5744 1867 5819">
    <p class='ocr_par' dir='ltr' id='par_1_90' title="bbox 235 5744 1867 5819">
     <span class='ocr_line' id='line_1_90' title="bbox 235 5744 1867 5819; baseline -0.002 -15"><span class='ocrx_word' id='word_1_687' title='bbox 235 5748 470 5819; x_wconf 82' lang='lat' dir='ltr'><strong><em>aliisque</em></strong></span> <span class='ocrx_word' id='word_1_688' title='bbox 491 5747 722 5818; x_wconf 80' lang='lat' dir='ltr'><strong><em>constat)</em></strong></span> <span class='ocrx_word' id='word_1_689' title='bbox 741 5745 839 5802; x_wconf 86' lang='lat' dir='ltr'><strong><em>sed</em></strong></span> <span class='ocrx_word' id='word_1_690' title='bbox 857 5747 1020 5802; x_wconf 88' lang='lat' dir='ltr'><strong><em>etiam</em></strong></span> <span class='ocrx_word' id='word_1_691' title='bbox 1039 5747 1101 5802; x_wconf 89' lang='lat' dir='ltr'><strong><em>in</em></strong></span> <span class='ocrx_word' id='word_1_692' title='bbox 1127 5745 1254 5800; x_wconf 86' lang='lat' dir='ltr'><strong><em>aliis</em></strong></span> <span class='ocrx_word' id='word_1_693' title='bbox 1272 5744 1526 5807; x_wconf 86' lang='lat' dir='ltr'><strong><em>ecclesiis,</em></strong></span> <span class='ocrx_word' id='word_1_694' title='bbox 1549 5749 1680 5801; x_wconf 89' lang='lat' dir='ltr'><strong><em>teste</em></strong></span> <span class='ocrx_word' id='word_1_695' title='bbox 1703 5744 1867 5801; x_wconf 85' lang='lat' dir='ltr'><strong><em>Theo-</em></strong></span> 
     </span>
    </p>
   </div>
   <div class='ocr_carea' id='block_1_91' title="bbox 236 5838 1866 5919">
    <p class='ocr_par' dir='ltr' id='par_1_91' title="bbox 236 5838 1866 5919">
     <span class='ocr_line' id='line_1_91' title="bbox 236 5838 1866 5919; baseline -0.006 -16"><span class='ocrx_word' id='word_1_696' title='bbox 236 5842 390 5912; x_wconf 70' lang='grc' dir='ltr'><strong><em>ἀνιῙο</em></strong></span> <span class='ocrx_word' id='word_1_697' title='bbox 403 5845 651 5919; x_wconf 62' lang='lat' dir='ltr'><strong><em>episcopo</em></strong></span> <span class='ocrx_word' id='word_1_698' title='bbox 665 5841 1078 5905; x_wconf 80' lang='lat' dir='ltr'><strong><em>Aurelianensi,</em></strong></span> <span class='ocrx_word' id='word_1_699' title='bbox 1090 5843 1150 5897; x_wconf 88' lang='lat' dir='ltr'><strong><em>in</em></strong></span> <span class='ocrx_word' id='word_1_700' title='bbox 1160 5839 1518 5911; x_wconf 74' lang='lat' dir='ltr'><strong><em>Cdpitularis,</em></strong></span> <span class='ocrx_word' id='word_1_701' title='bbox 1534 5839 1766 5894; x_wconf 82' lang='lat' dir='ltr'><strong><em>artion</em></strong></span> <span class='ocrx_word' id='word_1_702' title='bbox 1778 5838 1836 5894; x_wconf 73' lang='grc'><strong>41</strong></span> <span class='ocrx_word' id='word_1_703' title='bbox 1853 5879 1866 5894; x_wconf 94' lang='grc'><strong>.</strong></span> 
     </span>
    </p>
   </div>
   <div class='ocr_carea' id='block_1_92' title="bbox 2231 3392 3324 3465">
    <p class='ocr_par' dir='ltr' id='par_1_92' title="bbox 2231 3392 3324 3465">
     <span class='ocr_line' id='line_1_92' title="bbox 2231 3392 3324 3465; baseline 0.004 -19"><span class='ocrx_word' id='word_1_704' title='bbox 2231 3392 2378 3463; x_wconf 83' lang='lat' dir='ltr'><strong><em>[LXL</em></strong></span> <span class='ocrx_word' id='word_1_705' title='bbox 2420 3409 2669 3448; x_wconf 77' lang='lat' dir='ltr'><strong><em>LEGENDA</em></strong></span> <span class='ocrx_word' id='word_1_706' title='bbox 2709 3409 2762 3448; x_wconf 83' lang='lat' dir='ltr'><strong><em>IN</em></strong></span> <span class='ocrx_word' id='word_1_707' title='bbox 2803 3409 3039 3448; x_wconf 76' lang='lat' dir='ltr'><strong><em>SABBATO</em></strong></span> <span class='ocrx_word' id='word_1_708' title='bbox 3079 3395 3324 3465; x_wconf 65' lang='lat' dir='ltr'><strong><em>suarm]</em></strong></span> 
     </span>
    </p>
   </div>
   <div class='ocr_carea' id='block_1_93' title="bbox 1958 3542 3588 3620">
    <p class='ocr_par' dir='ltr' id='par_1_93' title="bbox 1958 3542 3588 3620">
     <span class='ocr_line' id='line_1_93' title="bbox 1958 3542 3588 3620; baseline 0.005 -24"><span class='ocrx_word' id='word_1_709' title='bbox 1958 3542 2387 3597; x_wconf 89' lang='lat' dir='ltr'><strong><em>inundaverunt</em></strong></span> <span class='ocrx_word' id='word_1_710' title='bbox 2426 3546 2640 3598; x_wconf 87' lang='lat' dir='ltr'><strong><em>terram</em></strong></span> <span class='ocrx_word' id='word_1_711' title='bbox 2668 3560 2821 3599; x_wconf 93' lang='lat' dir='ltr'><strong><em>anno</em></strong></span> <span class='ocrx_word' id='word_1_712' title='bbox 2853 3546 3266 3601; x_wconf 87' lang='lat' dir='ltr'><strong><em>sexcentesimo</em></strong></span> <span class='ocrx_word' id='word_1_713' title='bbox 3307 3545 3410 3600; x_wconf 67' lang='lat' dir='ltr'><strong><em>vim</em></strong></span> <span class='ocrx_word' id='word_1_714' title='bbox 3451 3564 3588 3620; x_wconf 62' lang='lat' dir='ltr'><strong><em>suae,</em></strong></span> 
     </span>
    </p>
   </div>
   <div class='ocr_carea' id='block_1_94' title="bbox 1961 3635 3587 3709">
    <p class='ocr_par' dir='ltr' id='par_1_94' title="bbox 1961 3635 3587 3709">
     <span class='ocr_line' id='line_1_94' title="bbox 1961 3635 3587 3709; baseline 0.006 -20"><span class='ocrx_word' id='word_1_715' title='bbox 1961 3638 2092 3704; x_wconf 89' lang='lat' dir='ltr'><strong><em>etc.,</em></strong></span> <span class='ocrx_word' id='word_1_716' title='bbox 2123 3651 2294 3706; x_wconf 88' lang='lat' dir='ltr'><strong><em>usque</em></strong></span> <span class='ocrx_word' id='word_1_717' title='bbox 2323 3635 2721 3709; x_wconf 87' lang='lat' dir='ltr'><strong><em>Odoratusque</em></strong></span> <span class='ocrx_word' id='word_1_718' title='bbox 2751 3642 2836 3692; x_wconf 91' lang='lat' dir='ltr'><strong><em>est</em></strong></span> <span class='ocrx_word' id='word_1_719' title='bbox 2865 3639 3143 3694; x_wconf 90' lang='lat' dir='ltr'><strong><em>Dominus</em></strong></span> <span class='ocrx_word' id='word_1_720' title='bbox 3183 3640 3422 3697; x_wconf 90' lang='lat' dir='ltr'><strong><em>odorem</em></strong></span> <span class='ocrx_word' id='word_1_721' title='bbox 3460 3659 3587 3698; x_wconf 88' lang='lat' dir='ltr'><strong><em>sua-</em></strong></span> 
     </span>
    </p>
   </div>
   <div class='ocr_carea' id='block_1_95' title="bbox 1959 3729 3139 3806">
    <p class='ocr_par' dir='ltr' id='par_1_95' title="bbox 1959 3729 3139 3806">
     <span class='ocr_line' id='line_1_95' title="bbox 1959 3729 3139 3806; baseline 0.006 -24"><span class='ocrx_word' id='word_1_722' title='bbox 1959 3729 2166 3784; x_wconf 83' lang='lat' dir='ltr'><strong><em>vitatis.</em></strong></span> <span class='ocrx_word' id='word_1_723' title='bbox 2198 3730 2406 3802; x_wconf 89' lang='lat' dir='ltr'><strong><em>(Genes.</em></strong></span> <span class='ocrx_word' id='word_1_724' title='bbox 2435 3747 2533 3800; x_wconf 84' lang='lat' dir='ltr'><strong><em>vn,</em></strong></span> <span class='ocrx_word' id='word_1_725' title='bbox 2563 3735 2648 3800; x_wconf 83' lang='lat' dir='ltr'><strong><em>l0,</em></strong></span> <span class='ocrx_word' id='word_1_726' title='bbox 2681 3748 2851 3802; x_wconf 89' lang='lat' dir='ltr'><strong><em>usque</em></strong></span> <span class='ocrx_word' id='word_1_727' title='bbox 2875 3749 2996 3802; x_wconf 73' lang='grc' dir='ltr'><strong><em>νηί,</em></strong></span> <span class='ocrx_word' id='word_1_728' title='bbox 3028 3735 3139 3806; x_wconf 78' lang='grc'><strong><em>21.)</em></strong></span> 
     </span>
    </p>
   </div>
   <div class='ocr_carea' id='block_1_96' title="bbox 2455 3824 3118 3878">
    <p class='ocr_par' dir='ltr' id='par_1_96' title="bbox 2455 3824 3118 3878">
     <span class='ocr_line' id='line_1_96' title="bbox 2455 3824 3118 3878; baseline 0.006 -4"><span class='ocrx_word' id='word_1_729' title='bbox 2455 3827 2502 3874; x_wconf 65' lang='lat' dir='ltr'><strong><em>lo.</em></strong></span> <span class='ocrx_word' id='word_1_730' title='bbox 2529 3824 2706 3875; x_wconf 84' lang='lat' dir='ltr'><strong><em>Lectio</em></strong></span> <span class='ocrx_word' id='word_1_731' title='bbox 2733 3825 2852 3876; x_wconf 89' lang='lat' dir='ltr'><strong><em>libri</em></strong></span> <span class='ocrx_word' id='word_1_732' title='bbox 2884 3827 3118 3878; x_wconf 85' lang='lat' dir='ltr'><strong><em>Genesis.</em></strong></span> 
     </span>
    </p>
   </div>
   <div class='ocr_carea' id='block_1_97' title="bbox 2031 3905 3594 3978">
    <p class='ocr_par' dir='ltr' id='par_1_97' title="bbox 2031 3905 3594 3978">
     <span class='ocr_line' id='line_1_97' title="bbox 2031 3905 3594 3978; baseline 0.004 -18"><span class='ocrx_word' id='word_1_733' title='bbox 2031 3905 2312 3977; x_wconf 86' lang='lat' dir='ltr'><strong><em>Tempore</em></strong></span> <span class='ocrx_word' id='word_1_734' title='bbox 2344 3905 2462 3974; x_wconf 90' lang='lat' dir='ltr'><strong><em>illo,</em></strong></span> <span class='ocrx_word' id='word_1_735' title='bbox 2491 3906 2794 3978; x_wconf 85' lang='lat' dir='ltr'><strong><em>temptavit</em></strong></span> <span class='ocrx_word' id='word_1_736' title='bbox 2821 3909 2972 3963; x_wconf 91' lang='lat' dir='ltr'><strong><em>Deus</em></strong></span> <span class='ocrx_word' id='word_1_737' title='bbox 2999 3909 3314 3978; x_wconf 83' lang='lat' dir='ltr'><strong><em>Abraham,</em></strong></span> <span class='ocrx_word' id='word_1_738' title='bbox 3356 3911 3415 3966; x_wconf 89' lang='lat' dir='ltr'><strong><em>et</em></strong></span> <span class='ocrx_word' id='word_1_739' title='bbox 3453 3909 3594 3968; x_wconf 81' lang='lat' dir='ltr'><strong><em>dixit</em></strong></span> 
     </span>
    </p>
   </div>
   <div class='ocr_carea' id='block_1_98' title="bbox 1963 3997 3594 4076">
    <p class='ocr_par' dir='ltr' id='par_1_98' title="bbox 1963 3997 3594 4076">
     <span class='ocr_line' id='line_1_98' title="bbox 1963 3997 3594 4076; baseline 0.005 -24"><span class='ocrx_word' id='word_1_740' title='bbox 1963 3997 2036 4053; x_wconf 90' lang='lat' dir='ltr'><strong><em>ad</em></strong></span> <span class='ocrx_word' id='word_1_741' title='bbox 2059 4014 2192 4053; x_wconf 92' lang='lat' dir='ltr'><strong><em>eum</em></strong></span> <span class='ocrx_word' id='word_1_742' title='bbox 2227 4015 2240 4053; x_wconf 74' lang='grc' dir='ltr'>ε</span> <span class='ocrx_word' id='word_1_743' title='bbox 2270 3999 2584 4068; x_wconf 83' lang='lat' dir='ltr'><strong><em>Abraham,</em></strong></span> <span class='ocrx_word' id='word_1_744' title='bbox 2619 4003 2750 4069; x_wconf 89' lang='lat' dir='ltr'><strong><em>etc.,</em></strong></span> <span class='ocrx_word' id='word_1_745' title='bbox 2784 4017 2952 4072; x_wconf 89' lang='lat' dir='ltr'><strong><em>usque</em></strong></span> <span class='ocrx_word' id='word_1_746' title='bbox 2976 4003 3370 4076; x_wconf 80' lang='lat' dir='ltr'><strong><em>Abieruntque</em></strong></span> <span class='ocrx_word' id='word_1_747' title='bbox 3401 4005 3594 4062; x_wconf 87' lang='lat' dir='ltr'><strong><em>Bersa-</em></strong></span> 
     </span>
    </p>
   </div>
   <div class='ocr_carea' id='block_1_99' title="bbox 1961 4091 3399 4171">
    <p class='ocr_par' dir='ltr' id='par_1_99' title="bbox 1961 4091 3399 4171">
     <span class='ocr_line' id='line_1_99' title="bbox 1961 4091 3399 4171; baseline 0.003 -24"><span class='ocrx_word' id='word_1_748' title='bbox 1961 4092 2069 4147; x_wconf 90' lang='lat' dir='ltr'><strong><em>bee</em></strong></span> <span class='ocrx_word' id='word_1_749' title='bbox 2101 4091 2290 4162; x_wconf 91' lang='lat' dir='ltr'><strong><em>simul,</em></strong></span> <span class='ocrx_word' id='word_1_750' title='bbox 2319 4096 2379 4148; x_wconf 88' lang='lat' dir='ltr'><strong><em>et</em></strong></span> <span class='ocrx_word' id='word_1_751' title='bbox 2401 4092 2681 4148; x_wconf 89' lang='lat' dir='ltr'><strong><em>habitavit</em></strong></span> <span class='ocrx_word' id='word_1_752' title='bbox 2713 4093 2790 4149; x_wconf 90' lang='lat' dir='ltr'><strong><em>ibi</em></strong></span> <span class='ocrx_word' id='word_1_753' title='bbox 2819 4095 3027 4166; x_wconf 90' lang='lat' dir='ltr'><strong><em>(Genes.</em></strong></span> <span class='ocrx_word' id='word_1_754' title='bbox 3062 4113 3196 4166; x_wconf 85' lang='lat' dir='ltr'><strong><em>xxn,</em></strong></span> <span class='ocrx_word' id='word_1_755' title='bbox 3235 4098 3399 4171; x_wconf 81' lang='grc'><strong>1-19.)</strong></span> 
     </span>
    </p>
   </div>
   <div class='ocr_carea' id='block_1_100' title="bbox 2455 4186 3154 4258">
    <p class='ocr_par' dir='ltr' id='par_1_100' title="bbox 2455 4186 3154 4258">
     <span class='ocr_line' id='line_1_100' title="bbox 2455 4186 3154 4258; baseline 0.003 -22"><span class='ocrx_word' id='word_1_756' title='bbox 2455 4193 2502 4238; x_wconf 83' lang='lat'><strong><em>5.</em></strong></span> <span class='ocrx_word' id='word_1_757' title='bbox 2533 4186 2706 4238; x_wconf 85' lang='lat' dir='ltr'><strong><em>Lectio</em></strong></span> <span class='ocrx_word' id='word_1_758' title='bbox 2739 4187 2859 4237; x_wconf 86' lang='lat' dir='ltr'><strong><em>libri</em></strong></span> <span class='ocrx_word' id='word_1_759' title='bbox 2881 4190 3112 4240; x_wconf 87' lang='lat' dir='ltr'><strong><em>Genesis.</em></strong></span> <span class='ocrx_word' id='word_1_760' title='bbox 3151 4254 3154 4258; x_wconf 17' lang='grc' dir='ltr'><strong>Ι</strong></span> 
     </span>
    </p>
   </div>
   <div class='ocr_carea' id='block_1_101' title="bbox 2035 4267 3595 4344">
    <p class='ocr_par' dir='ltr' id='par_1_101' title="bbox 2035 4267 3595 4344">
     <span class='ocr_line' id='line_1_101' title="bbox 2035 4267 3595 4344; baseline -0.001 -17"><span class='ocrx_word' id='word_1_761' title='bbox 2035 4267 2228 4344; x_wconf 79' lang='grc'><strong><em>138</em></strong></span> <span class='ocrx_word' id='word_1_762' title='bbox 2251 4269 2532 4341; x_wconf 89' lang='lat' dir='ltr'><strong><em>Tempore</em></strong></span> <span class='ocrx_word' id='word_1_763' title='bbox 2565 4268 2683 4338; x_wconf 90' lang='lat' dir='ltr'><strong><em>illo,</em></strong></span> <span class='ocrx_word' id='word_1_764' title='bbox 2707 4269 2896 4323; x_wconf 87' lang='lat' dir='ltr'><strong><em>senuit</em></strong></span> <span class='ocrx_word' id='word_1_765' title='bbox 2919 4271 3094 4337; x_wconf 89' lang='lat' dir='ltr'><strong><em>Isaac,</em></strong></span> <span class='ocrx_word' id='word_1_766' title='bbox 3119 4275 3177 4325; x_wconf 89' lang='lat' dir='ltr'><strong><em>et</em></strong></span> <span class='ocrx_word' id='word_1_767' title='bbox 3202 4271 3595 4344; x_wconf 82' lang='lat' dir='ltr'><strong><em>caligaverunt</em></strong></span> 
     </span>
    </p>
   </div>
   <div class='ocr_carea' id='block_1_102' title="bbox 1963 4363 3592 4435">
    <p class='ocr_par' dir='ltr' id='par_1_102' title="bbox 1963 4363 3592 4435">
     <span class='ocr_line' id='line_1_102' title="bbox 1963 4363 3592 4435; baseline 0.001 -16"><span class='ocrx_word' id='word_1_768' title='bbox 1963 4364 2110 4419; x_wconf 91' lang='lat' dir='ltr'><strong><em>oculi</em></strong></span> <span class='ocrx_word' id='word_1_769' title='bbox 2157 4364 2300 4435; x_wconf 90' lang='lat' dir='ltr'><strong><em>ejus,</em></strong></span> <span class='ocrx_word' id='word_1_770' title='bbox 2333 4367 2464 4432; x_wconf 88' lang='lat' dir='ltr'><strong><em>etc.,</em></strong></span> <span class='ocrx_word' id='word_1_771' title='bbox 2498 4379 2668 4434; x_wconf 87' lang='lat' dir='ltr'><strong><em>usque</em></strong></span> <span class='ocrx_word' id='word_1_772' title='bbox 2698 4363 2925 4418; x_wconf 89' lang='lat' dir='ltr'><strong><em>Solvam</em></strong></span> <span class='ocrx_word' id='word_1_773' title='bbox 2962 4363 3171 4434; x_wconf 84' lang='lat' dir='ltr'><strong><em>jugum</em></strong></span> <span class='ocrx_word' id='word_1_774' title='bbox 3211 4365 3334 4435; x_wconf 88' lang='lat' dir='ltr'><strong><em>ejus</em></strong></span> <span class='ocrx_word' id='word_1_775' title='bbox 3367 4365 3438 4420; x_wconf 93' lang='lat' dir='ltr'><strong><em>de</em></strong></span> <span class='ocrx_word' id='word_1_776' title='bbox 3468 4381 3592 4420; x_wconf 89' lang='lat' dir='ltr'><strong><em>cer-</em></strong></span> 
     </span>
    </p>
   </div>
   <div class='ocr_carea' id='block_1_103' title="bbox 1962 4456 2998 4528">
    <p class='ocr_par' dir='ltr' id='par_1_103' title="bbox 1962 4456 2998 4528">
     <span class='ocr_line' id='line_1_103' title="bbox 1962 4456 2998 4528; baseline 0 -17"><span class='ocrx_word' id='word_1_777' title='bbox 1962 4456 2176 4512; x_wconf 87' lang='lat' dir='ltr'><strong><em>vicibus</em></strong></span> <span class='ocrx_word' id='word_1_778' title='bbox 2216 4457 2346 4512; x_wconf 91' lang='lat' dir='ltr'><strong><em>tuis.</em></strong></span> <span class='ocrx_word' id='word_1_779' title='bbox 2380 4457 2589 4528; x_wconf 89' lang='lat' dir='ltr'><strong><em>(Genes.</em></strong></span> <span class='ocrx_word' id='word_1_780' title='bbox 2619 4472 2788 4524; x_wconf 80' lang='lat' dir='ltr'><strong><em>xxvu,</em></strong></span> <span class='ocrx_word' id='word_1_781' title='bbox 2826 4456 2998 4528; x_wconf 63' lang='lat'><strong><em>4-40.)</em></strong></span> 
     </span>
    </p>
   </div>
   <div class='ocr_carea' id='block_1_104' title="bbox 2489 4547 3097 4601">
    <p class='ocr_par' dir='ltr' id='par_1_104' title="bbox 2489 4547 3097 4601">
     <span class='ocr_line' id='line_1_104' title="bbox 2489 4547 3097 4601; baseline 0.003 -3"><span class='ocrx_word' id='word_1_782' title='bbox 2489 4553 2538 4598; x_wconf 88' lang='lat'><strong><em>6.</em></strong></span> <span class='ocrx_word' id='word_1_783' title='bbox 2563 4547 2736 4599; x_wconf 86' lang='lat' dir='ltr'><strong><em>Lectio</em></strong></span> <span class='ocrx_word' id='word_1_784' title='bbox 2764 4547 2886 4599; x_wconf 87' lang='lat' dir='ltr'><strong><em>libri</em></strong></span> <span class='ocrx_word' id='word_1_785' title='bbox 2912 4548 3097 4601; x_wconf 79' lang='lat' dir='ltr'><strong><em>Exodi.</em></strong></span> 
     </span>
    </p>
   </div>
   <div class='ocr_carea' id='block_1_105' title="bbox 2035 4631 3596 4708">
    <p class='ocr_par' dir='ltr' id='par_1_105' title="bbox 2035 4631 3596 4708">
     <span class='ocr_line' id='line_1_105' title="bbox 2035 4631 3596 4708; baseline 0.002 -18"><span class='ocrx_word' id='word_1_786' title='bbox 2035 4637 2314 4707; x_wconf 90' lang='lat' dir='ltr'><strong><em>Tempore</em></strong></span> <span class='ocrx_word' id='word_1_787' title='bbox 2356 4631 2474 4700; x_wconf 91' lang='lat' dir='ltr'><strong><em>illo,</em></strong></span> <span class='ocrx_word' id='word_1_788' title='bbox 2509 4631 2648 4686; x_wconf 84' lang='lat' dir='ltr'><strong><em>dixit</em></strong></span> <span class='ocrx_word' id='word_1_789' title='bbox 2685 4649 2915 4705; x_wconf 90' lang='lat' dir='ltr'><strong><em>quoque</em></strong></span> <span class='ocrx_word' id='word_1_790' title='bbox 2952 4632 3229 4689; x_wconf 88' lang='lat' dir='ltr'><strong><em>Dominus</em></strong></span> <span class='ocrx_word' id='word_1_791' title='bbox 3258 4634 3332 4691; x_wconf 91' lang='lat' dir='ltr'><strong><em>ad</em></strong></span> <span class='ocrx_word' id='word_1_792' title='bbox 3366 4633 3596 4708; x_wconf 82' lang='lat' dir='ltr'><strong><em>Moysen</em></strong></span> 
     </span>
    </p>
   </div>
   <div class='ocr_carea' id='block_1_106' title="bbox 1967 4726 3592 4802">
    <p class='ocr_par' dir='ltr' id='par_1_106' title="bbox 1967 4726 3592 4802">
     <span class='ocr_line' id='line_1_106' title="bbox 1967 4726 3592 4802; baseline 0.001 -18"><span class='ocrx_word' id='word_1_793' title='bbox 1967 4733 2025 4784; x_wconf 89' lang='lat' dir='ltr'><strong><em>et</em></strong></span> <span class='ocrx_word' id='word_1_794' title='bbox 2053 4732 2245 4784; x_wconf 86' lang='lat' dir='ltr'><strong><em>Aaron</em></strong></span> <span class='ocrx_word' id='word_1_795' title='bbox 2275 4727 2334 4782; x_wconf 92' lang='lat' dir='ltr'><strong><em>in</em></strong></span> <span class='ocrx_word' id='word_1_796' title='bbox 2366 4729 2520 4782; x_wconf 88' lang='lat' dir='ltr'><strong><em>terra</em></strong></span> <span class='ocrx_word' id='word_1_797' title='bbox 2558 4726 2784 4798; x_wconf 69' lang='lat' dir='ltr'><strong><em>Egypti</em></strong></span> <span class='ocrx_word' id='word_1_798' title='bbox 2818 4744 2830 4782; x_wconf 90' lang='lat'>:</span> <span class='ocrx_word' id='word_1_799' title='bbox 2861 4727 3065 4783; x_wconf 81' lang='lat' dir='ltr'><strong><em>Mensis</em></strong></span> <span class='ocrx_word' id='word_1_800' title='bbox 3104 4728 3209 4784; x_wconf 89' lang='lat' dir='ltr'><strong><em>iste</em></strong></span> <span class='ocrx_word' id='word_1_801' title='bbox 3247 4729 3406 4785; x_wconf 79' lang='lat' dir='ltr'><strong><em>vobis</em></strong></span> <span class='ocrx_word' id='word_1_802' title='bbox 3437 4731 3592 4802; x_wconf 80' lang='lat' dir='ltr'><strong><em>prin-</em></strong></span> 
     </span>
    </p>
   </div>
   <div class='ocr_carea' id='block_1_107' title="bbox 1965 4821 3597 4896">
    <p class='ocr_par' dir='ltr' id='par_1_107' title="bbox 1965 4821 3597 4896">
     <span class='ocr_line' id='line_1_107' title="bbox 1965 4821 3597 4896; baseline 0.001 -18"><span class='ocrx_word' id='word_1_803' title='bbox 1965 4823 2180 4896; x_wconf 91' lang='lat' dir='ltr'><strong><em>cipium</em></strong></span> <span class='ocrx_word' id='word_1_804' title='bbox 2223 4821 2529 4890; x_wconf 90' lang='lat' dir='ltr'><strong><em>mensium,</em></strong></span> <span class='ocrx_word' id='word_1_805' title='bbox 2564 4825 2696 4889; x_wconf 90' lang='lat' dir='ltr'><strong><em>etc.,</em></strong></span> <span class='ocrx_word' id='word_1_806' title='bbox 2738 4838 2909 4893; x_wconf 89' lang='lat' dir='ltr'><strong><em>usque</em></strong></span> <span class='ocrx_word' id='word_1_807' title='bbox 2939 4823 3221 4878; x_wconf 87' lang='lat' dir='ltr'><strong><em>Fecerunt</em></strong></span> <span class='ocrx_word' id='word_1_808' title='bbox 3249 4841 3452 4880; x_wconf 89' lang='lat' dir='ltr'><strong><em>omnes</em></strong></span> <span class='ocrx_word' id='word_1_809' title='bbox 3495 4825 3597 4880; x_wconf 85' lang='lat' dir='ltr'><strong><em>filii</em></strong></span> 
     </span>
    </p>
   </div>
   <div class='ocr_carea' id='block_1_108' title="bbox 1967 4916 3592 4990">
    <p class='ocr_par' dir='ltr' id='par_1_108' title="bbox 1967 4916 3592 4990">
     <span class='ocr_line' id='line_1_108' title="bbox 1967 4916 3592 4990; baseline 0.001 -18"><span class='ocrx_word' id='word_1_810' title='bbox 1967 4916 2200 4985; x_wconf 86' lang='lat' dir='ltr'><strong><em>Israhel,</em></strong></span> <span class='ocrx_word' id='word_1_811' title='bbox 2235 4917 2378 4972; x_wconf 88' lang='lat' dir='ltr'><strong><em>sicut</em></strong></span> <span class='ocrx_word' id='word_1_812' title='bbox 2401 4919 2756 4989; x_wconf 68' lang='lat' dir='ltr'><strong><em>praeceperat</em></strong></span> <span class='ocrx_word' id='word_1_813' title='bbox 2792 4917 3070 4972; x_wconf 88' lang='lat' dir='ltr'><strong><em>Dominus</em></strong></span> <span class='ocrx_word' id='word_1_814' title='bbox 3096 4917 3269 4990; x_wconf 80' lang='lat' dir='ltr'><strong><em>Moysi</em></strong></span> <span class='ocrx_word' id='word_1_815' title='bbox 3297 4922 3354 4974; x_wconf 90' lang='lat' dir='ltr'><strong><em>et</em></strong></span> <span class='ocrx_word' id='word_1_816' title='bbox 3383 4921 3592 4974; x_wconf 89' lang='lat' dir='ltr'><strong><em>Aaron.</em></strong></span> 
     </span>
    </p>
   </div>
   <div class='ocr_carea' id='block_1_109' title="bbox 1969 5010 3097 5142">
    <p class='ocr_par' dir='ltr' id='par_1_109' title="bbox 1969 5010 3097 5142">
     <span class='ocr_line' id='line_1_109' title="bbox 1969 5010 3097 5142; baseline 0.004 -5"><span class='ocrx_word' id='word_1_817' title='bbox 1969 5012 2162 5082; x_wconf 46' lang='lat' dir='ltr'><strong><em>(Exod.</em></strong></span> <span class='ocrx_word' id='word_1_818' title='bbox 2195 5028 2293 5080; x_wconf 56' lang='lat' dir='ltr'><strong><em>xu,</em></strong></span> <span class='ocrx_word' id='word_1_819' title='bbox 2330 5010 2534 5142; x_wconf 47' lang='grc' dir='ltr'><strong><em>1’ὅθ’ξῖ.</em></strong></span> <span class='ocrx_word' id='word_1_820' title='bbox 2561 5091 2739 5142; x_wconf 88' lang='lat' dir='ltr'><strong><em>Lectio</em></strong></span> <span class='ocrx_word' id='word_1_821' title='bbox 2761 5089 2882 5142; x_wconf 88' lang='lat' dir='ltr'><strong><em>libri</em></strong></span> <span class='ocrx_word' id='word_1_822' title='bbox 2913 5091 3097 5142; x_wconf 80' lang='lat' dir='ltr'><strong><em>Exodi.</em></strong></span> 
     </span>
    </p>
   </div>
   <div class='ocr_carea' id='block_1_110' title="bbox 2039 5173 3628 5248">
    <p class='ocr_par' dir='ltr' id='par_1_110' title="bbox 2039 5173 3628 5248">
     <span class='ocr_line' id='line_1_110' title="bbox 2039 5173 3628 5248; baseline 0.003 -20"><span class='ocrx_word' id='word_1_823' title='bbox 2039 5175 2318 5246; x_wconf 90' lang='lat' dir='ltr'><strong><em>Tempore</em></strong></span> <span class='ocrx_word' id='word_1_824' title='bbox 2351 5173 2469 5240; x_wconf 92' lang='lat' dir='ltr'><strong><em>illo,</em></strong></span> <span class='ocrx_word' id='word_1_825' title='bbox 2498 5173 2705 5228; x_wconf 91' lang='lat' dir='ltr'><strong><em>armati</em></strong></span> <span class='ocrx_word' id='word_1_826' title='bbox 2738 5174 3122 5229; x_wconf 89' lang='lat' dir='ltr'><strong><em>ascenderunt</em></strong></span> <span class='ocrx_word' id='word_1_827' title='bbox 3148 5174 3248 5230; x_wconf 83' lang='lat' dir='ltr'><strong><em>ﬁlii</em></strong></span> <span class='ocrx_word' id='word_1_828' title='bbox 3279 5175 3493 5232; x_wconf 89' lang='lat' dir='ltr'><strong><em>Israhel</em></strong></span> <span class='ocrx_word' id='word_1_829' title='bbox 3523 5177 3595 5233; x_wconf 85' lang='lat' dir='ltr'><strong><em>de</em></strong></span> <span class='ocrx_word' id='word_1_830' title='bbox 3622 5241 3628 5248; x_wconf 90' lang='lat'><strong><em>_</em></strong></span> 
     </span>
    </p>
   </div>
   <div class='ocr_carea' id='block_1_111' title="bbox 1968 5267 3595 5344">
    <p class='ocr_par' dir='ltr' id='par_1_111' title="bbox 1968 5267 3595 5344">
     <span class='ocr_line' id='line_1_111' title="bbox 1968 5267 3595 5344; baseline 0.002 -21"><span class='ocrx_word' id='word_1_831' title='bbox 1968 5271 2124 5324; x_wconf 89' lang='lat' dir='ltr'><strong><em>terra</em></strong></span> <span class='ocrx_word' id='word_1_832' title='bbox 2151 5267 2396 5340; x_wconf 73' lang='lat' dir='ltr'><strong><em>Egypti,</em></strong></span> <span class='ocrx_word' id='word_1_833' title='bbox 2425 5267 2556 5322; x_wconf 89' lang='lat' dir='ltr'><strong><em>tulit</em></strong></span> <span class='ocrx_word' id='word_1_834' title='bbox 2587 5283 2818 5340; x_wconf 89' lang='lat' dir='ltr'><strong><em>quoque</em></strong></span> <span class='ocrx_word' id='word_1_835' title='bbox 2851 5269 3068 5340; x_wconf 83' lang='lat' dir='ltr'><strong><em>Moyses</em></strong></span> <span class='ocrx_word' id='word_1_836' title='bbox 3112 5286 3239 5325; x_wconf 89' lang='lat' dir='ltr'><strong><em>ossa</em></strong></span> <span class='ocrx_word' id='word_1_837' title='bbox 3268 5271 3480 5344; x_wconf 83' lang='lat' dir='ltr'><strong><em>loseph</em></strong></span> <span class='ocrx_word' id='word_1_838' title='bbox 3509 5288 3595 5327; x_wconf 87' lang='lat' dir='ltr'><strong><em>se-</em></strong></span> 
     </span>
    </p>
   </div>
   <div class='ocr_carea' id='block_1_112' title="bbox 1970 5361 3597 5434">
    <p class='ocr_par' dir='ltr' id='par_1_112' title="bbox 1970 5361 3597 5434">
     <span class='ocr_line' id='line_1_112' title="bbox 1970 5361 3597 5434; baseline 0.002 -16"><span class='ocrx_word' id='word_1_839' title='bbox 1970 5379 2122 5430; x_wconf 90' lang='lat' dir='ltr'><strong><em>cum,</em></strong></span> <span class='ocrx_word' id='word_1_840' title='bbox 2151 5365 2282 5428; x_wconf 91' lang='lat' dir='ltr'><strong><em>etc.,</em></strong></span> <span class='ocrx_word' id='word_1_841' title='bbox 2305 5377 2477 5432; x_wconf 87' lang='lat' dir='ltr'><strong><em>usque</em></strong></span> <span class='ocrx_word' id='word_1_842' title='bbox 2514 5363 2576 5416; x_wconf 90' lang='lat' dir='ltr'><strong><em>In</em></strong></span> <span class='ocrx_word' id='word_1_843' title='bbox 2607 5361 2805 5417; x_wconf 85' lang='lat' dir='ltr'><strong><em>castris</em></strong></span> <span class='ocrx_word' id='word_1_844' title='bbox 2843 5379 3015 5434; x_wconf 90' lang='lat' dir='ltr'><strong><em>super</em></strong></span> <span class='ocrx_word' id='word_1_845' title='bbox 3043 5380 3205 5420; x_wconf 90' lang='lat' dir='ltr'><strong><em>mare</em></strong></span> <span class='ocrx_word' id='word_1_846' title='bbox 3237 5381 3597 5422; x_wconf 89' lang='lat' dir='ltr'><strong><em>omnes.......</em></strong></span> 
     </span>
    </p>
   </div>
   <div class='ocr_carea' id='block_1_113' title="bbox 1971 5457 2874 5529">
    <p class='ocr_par' dir='ltr' id='par_1_113' title="bbox 1971 5457 2874 5529">
     <span class='ocr_line' id='line_1_113' title="bbox 1971 5457 2874 5529; baseline 0 -17"><span class='ocrx_word' id='word_1_847' title='bbox 1971 5457 2165 5529; x_wconf 62' lang='lat' dir='ltr'><strong><em>(Exod.</em></strong></span> <span class='ocrx_word' id='word_1_848' title='bbox 2199 5472 2318 5523; x_wconf 86' lang='lat' dir='ltr'><strong><em>xm,</em></strong></span> <span class='ocrx_word' id='word_1_849' title='bbox 2351 5458 2435 5523; x_wconf 85' lang='lat' dir='ltr'><strong><em>l8,</em></strong></span> <span class='ocrx_word' id='word_1_850' title='bbox 2466 5471 2636 5527; x_wconf 89' lang='lat' dir='ltr'><strong><em>usque</em></strong></span> <span class='ocrx_word' id='word_1_851' title='bbox 2660 5472 2771 5526; x_wconf 82' lang='lat' dir='ltr'><strong><em>xw,</em></strong></span> <span class='ocrx_word' id='word_1_852' title='bbox 2799 5457 2874 5528; x_wconf 91' lang='lat'><strong><em>9.)</em></strong></span> 
     </span>
    </p>
   </div>
   <div class='ocr_carea' id='block_1_114' title="bbox 2041 5531 3599 5627">
    <p class='ocr_par' dir='ltr' id='par_1_114' title="bbox 2041 5531 3599 5627">
     <span class='ocr_line' id='line_1_114' title="bbox 2041 5531 3599 5627; baseline 0.004 -22"><span class='ocrx_word' id='word_1_853' title='bbox 2041 5531 2342 5606; x_wconf 79' lang='lat' dir='ltr'><strong><em>Exortatus</em></strong></span> <span class='ocrx_word' id='word_1_854' title='bbox 2368 5564 2430 5602; x_wconf 87' lang='lat' dir='ltr'><strong><em>es</em></strong></span> <span class='ocrx_word' id='word_1_855' title='bbox 2451 5547 2509 5604; x_wconf 92' lang='lat' dir='ltr'><strong><em>in</em></strong></span> <span class='ocrx_word' id='word_1_856' title='bbox 2531 5549 2736 5606; x_wconf 88' lang='lat' dir='ltr'><strong><em>virtute</em></strong></span> <span class='ocrx_word' id='word_1_857' title='bbox 2763 5554 2882 5620; x_wconf 90' lang='lat' dir='ltr'><strong><em>tua,</em></strong></span> <span class='ocrx_word' id='word_1_858' title='bbox 2916 5555 2976 5607; x_wconf 91' lang='lat' dir='ltr'><strong><em>et</em></strong></span> <span class='ocrx_word' id='word_1_859' title='bbox 2996 5551 3054 5607; x_wconf 90' lang='lat' dir='ltr'><strong><em>in</em></strong></span> <span class='ocrx_word' id='word_1_860' title='bbox 3079 5553 3380 5627; x_wconf 79' lang='lat' dir='ltr'><strong><em>refrigerio</em></strong></span> <span class='ocrx_word' id='word_1_861' title='bbox 3403 5555 3599 5611; x_wconf 82' lang='lat' dir='ltr'><strong><em>sancto</em></strong></span> 
     </span>
    </p>
   </div>
   <div class='ocr_carea' id='block_1_115' title="bbox 1972 5643 3604 5728">
    <p class='ocr_par' dir='ltr' id='par_1_115' title="bbox 1972 5643 3604 5728">
     <span class='ocr_line' id='line_1_115' title="bbox 1972 5643 3604 5728; baseline 0.004 -28"><span class='ocrx_word' id='word_1_862' title='bbox 1972 5648 2090 5700; x_wconf 74' lang='lat' dir='ltr'><strong><em>tuo.</em></strong></span> <span class='ocrx_word' id='word_1_863' title='bbox 2125 5643 2448 5699; x_wconf 78' lang='lat' dir='ltr'><strong><em>Audierant</em></strong></span> <span class='ocrx_word' id='word_1_864' title='bbox 2478 5647 2701 5716; x_wconf 80' lang='lat' dir='ltr'><strong><em>gentes,</em></strong></span> <span class='ocrx_word' id='word_1_865' title='bbox 2725 5649 2781 5701; x_wconf 89' lang='lat' dir='ltr'><strong><em>et</em></strong></span> <span class='ocrx_word' id='word_1_866' title='bbox 2809 5645 2970 5701; x_wconf 70' lang='lat' dir='ltr'><strong><em>iratae</em></strong></span> <span class='ocrx_word' id='word_1_867' title='bbox 2995 5650 3130 5702; x_wconf 90' lang='lat' dir='ltr'><strong><em>sunt</em></strong></span> <span class='ocrx_word' id='word_1_868' title='bbox 3161 5665 3175 5703; x_wconf 90' lang='lat'><strong>:</strong></span> <span class='ocrx_word' id='word_1_869' title='bbox 3209 5647 3423 5702; x_wconf 87' lang='lat' dir='ltr'><strong><em>doloris</em></strong></span> <span class='ocrx_word' id='word_1_870' title='bbox 3449 5662 3604 5728; x_wconf 44' lang='lat' dir='ltr'><strong><em>com:</em></strong></span> 
     </span>
    </p>
   </div>
   <div class='ocr_carea' id='block_1_116' title="bbox 1971 5737 3606 5814">
    <p class='ocr_par' dir='ltr' id='par_1_116' title="bbox 1971 5737 3606 5814">
     <span class='ocr_line' id='line_1_116' title="bbox 1971 5737 3606 5814; baseline 0.004 -19"><span class='ocrx_word' id='word_1_871' title='bbox 1971 5738 2424 5814; x_wconf 65' lang='lat' dir='ltr'><strong><em>prehenderunt</em></strong></span> <span class='ocrx_word' id='word_1_872' title='bbox 2448 5737 2840 5796; x_wconf 89' lang='lat' dir='ltr'><strong><em>inhabitantes</em></strong></span> <span class='ocrx_word' id='word_1_873' title='bbox 2858 5740 3174 5812; x_wconf 80' lang='lat' dir='ltr'><strong><em>Philistym.</em></strong></span> <span class='ocrx_word' id='word_1_874' title='bbox 3196 5740 3348 5795; x_wconf 89' lang='lat' dir='ltr'><strong><em>Tunc</em></strong></span> <span class='ocrx_word' id='word_1_875' title='bbox 3364 5739 3606 5800; x_wconf 84' lang='lat' dir='ltr'><strong><em>festina-</em></strong></span> 
     </span>
    </p>
   </div>
   <div class='ocr_carea' id='block_1_117' title="bbox 1971 5833 3613 5911">
    <p class='ocr_par' dir='ltr' id='par_1_117' title="bbox 1971 5833 3613 5911">
     <span class='ocr_line' id='line_1_117' title="bbox 1971 5833 3613 5911; baseline 0.002 -23"><span class='ocrx_word' id='word_1_876' title='bbox 1971 5838 2178 5892; x_wconf 79' lang='lat' dir='ltr'><strong><em>verunt</em></strong></span> <span class='ocrx_word' id='word_1_877' title='bbox 2198 5834 2371 5890; x_wconf 89' lang='lat' dir='ltr'><strong><em>duces</em></strong></span> <span class='ocrx_word' id='word_1_878' title='bbox 2388 5833 2568 5888; x_wconf 90' lang='lat' dir='ltr'><strong><em>Edom</em></strong></span> <span class='ocrx_word' id='word_1_879' title='bbox 2591 5837 2648 5889; x_wconf 89' lang='lat' dir='ltr'><strong><em>et</em></strong></span> <span class='ocrx_word' id='word_1_880' title='bbox 2660 5834 2946 5906; x_wconf 87' lang='lat' dir='ltr'><strong><em>principes</em></strong></span> <span class='ocrx_word' id='word_1_881' title='bbox 2959 5833 3354 5890; x_wconf 81' lang='lat' dir='ltr'><strong><em>Moabitsrum.</em></strong></span> <span class='ocrx_word' id='word_1_882' title='bbox 3373 5833 3613 5911; x_wconf 65' lang='lat' dir='ltr'><strong><em>Adpre-</em></strong></span> 
     </span>
    </p>
   </div>
  </div>
