4032 6180
442 227 543 288 {95

1228 218 1557 283 APPENDIX
1576 219 1681 280 "AD
1716 218 1939 279 OPERA
1976 217 2209 280 SANCTI
2245 219 2544 279 GERMANI
2580 214 3006 279 PAHISIENSIS.

3696 218 3800 275 {96

442 340 646 397 hendit
671 352 770 396 eos
784 337 978 405 timor,
996 337 1281 393 ﬂuxerunt
1301 351 1502 390 omnes
1518 333 1908 388 inhabitantes
1933 332 2073 388 Cha-
2094 346 2153 418 Α
2173 352 2334 390 num.
2352 334 2676 390 Benedicite
2692 332 3001 391 Israhelitae
3013 326 3344 391 Dominum.
3359 330 3801 389 Benedicitefilii

440 433 858 491 naan.Decidat
877 449 1048 504 super
1059 447 1158 486 eos
1176 429 1352 484 timor
1363 432 1422 483 et
1440 428 1645 482 trimor
1656 425 2071 498 magnitudinis

441 528 661 584 brachii
678 527 777 582 tui.
804 525 967 580 Fiant
987 529 1282 594 tamquam
1310 521 1472 593 lapis,
1503 521 1687 576 donec
1715 520 1957 575 transiat
1974 536 2073 591 po-

443 623 611 693 pulus
632 625 761 675 tuus
793 618 1056 683 Domine,
1086 604 1408 687 usquedum
1437 617 1800 686 pertranseat
1828 613 2073 685 populus

441 718 573 769 tuus
589 714 681 768 hic
702 728 874 784 quem
894 710 1167 765 liberasti.
1183 709 1464 763 lnducens
1480 709 1706 779 plantas
1719 724 1817 762 eos
1834 707 1892 761 in
1911 721 2073 761 mon-

442 812 563 862 tem
592 804 928 860 hereditatis
946 806 1080 871 tuae,
1108 803 1166 856 in
1190 805 1514 873 przeparata
1538 800 1910 855 habitationis
1936 803 2068 865 tuae,

444 916 617 973 quam
639 897 973 971 praeparasti
1004 896 1267 962 Domine,
1301 895 1744 949 sanctimoniam
1774 898 1937 949 tuum
1959 894 2071 947 Do-

443 994 599 1048 mine
632 992 789 1064 quod
824 993 1293 1063 praeparaverunt
1320 1006 1528 1043 manus
1564 992 1696 1042 tuae.
1729 987 1973 1043 Domine
2011 990 2071 1040 tu

443 1102 655 1158 regnas
681 1086 740 1139 in
762 1089 1045 1139 aeternum
1070 1087 1128 1138 et
1147 1082 1206 1137 in
1232 1084 1503 1137 saeculum
1533 1080 1744 1148 saeculi,
1768 1084 1825 1135 et
1846 1080 2032 1134 adhuc
2054 1093 2069 1133 :

344 1236 351 1248 ,
446 1180 722 1252 quoniam
749 1178 982 1232 intravit
1005 1177 1292 1248 equitatus
1318 1176 1633 1231 Pharaonis
1657 1190 1786 1229 cum
1817 1173 2074 1227 curribus

445 1278 504 1328 et
533 1271 928 1328 ascensoribus
950 1271 1009 1325 in
1039 1286 1220 1337 mare,
1259 1273 1317 1323 et
1346 1268 1568 1323 induxit
1594 1267 1873 1323 Dominus
1902 1281 2074 1337 super

444 1383 544 1423 eos
572 1381 751 1437 aquas
793 1365 970 1419 maris
1003 1380 1016 1418 :
1055 1363 1155 1417 ﬁlii
1192 1366 1388 1417 autem
1432 1362 1644 1416 Israhel
1677 1361 1944 1415 abierunt
1971 1374 2077 1429 per

445 1459 656 1515 siccum
688 1475 793 1530 per
820 1457 1014 1512 medio
1043 1472 1224 1511 mare.
1248 1456 1499 1527 Sumpsit
1531 1458 1725 1509 autem
1743 1453 1917 1508 Maria
1936 1454 2073 1507 Pro-

445 1553 652 1625 phetis,
679 1568 843 1607 soror
856 1553 1068 1618 Aaron,
1084 1552 1465 1622 tymphanum
1486 1548 1545 1603 in
1566 1564 1743 1603 manu
1767 1564 1781 1601 :
1801 1551 2075 1617 egressae-

446 1662 556 1719 que
584 1649 718 1700 sunt
745 1661 946 1701 omnes
975 1644 1247 1698 mulieres
1266 1646 1397 1715 post
1426 1658 1556 1696 eam
1587 1658 1717 1696 cum
1748 1638 2077 1711 tymphanis

447 1742 506 1795 et
534 1740 740 1806 choris,
770 1739 975 1809 quibus
1002 1737 1355 1808 praecinebat
1375 1736 1572 1791 dicens
1594 1752 1607 1790 :
1632 1736 1942 1791 Cantemus
1960 1732 2072 1786 Do-
2094 1720 2152 1792 B

448 1833 630 1901 mino,
678 1832 926 1903 gloriose
968 1831 1123 1885 enim
1166 1830 1567 1901 magniﬁcatus
1615 1831 1720 1894 est,
1766 1841 1978 1897 equum
2022 1826 2081 1878 et

448 1942 811 1981 ascensorem
840 1925 962 1996 ejus
991 1924 1202 1994 dejecit
1230 1924 1288 1977 in
1309 1940 1489 1979 mare.
1525 1923 1718 1994 (Exod.
1751 1936 1842 1987 xv,
1880 1918 2078 1989 14-21.)

821 2032 867 2076 8.
894 2026 1072 2076 Lectio
1096 2024 1377 2075 Ezecbiliel
1413 2024 1702 2089 prephetaz.

516 2113 797 2184 Tempore
827 2112 946 2179 illo,
979 2112 1130 2165 facta
1165 2114 1251 2165 est
1279 2126 1452 2181 super
1470 2126 1565 2164 me
1600 2127 1807 2164 manus
1826 2108 2075 2175 Domini,

448 2210 507 2262 et
547 2207 742 2262 eduxit
784 2222 877 2260 me
921 2203 1112 2278 139
1146 2204 1206 2259 in
1251 2203 1451 2275 spiritu
1488 2203 1738 2271 Domini,
1772 2207 1832 2258 et
1865 2200 2080 2259 dimisit

447 2316 543 2355 me
569 2300 629 2355 in
659 2299 851 2355 medio
877 2298 1086 2369 campi,
1123 2301 1255 2365 etc.,
1285 2312 1455 2368 usque
1486 2298 1554 2351 Et
1586 2296 1774 2352 scietis
1810 2296 1944 2368 quia
1969 2311 2078 2366 ego

448 2394 727 2451 Dominus
767 2394 1038 2464 loquutus
1079 2410 1205 2447 sum
1244 2395 1301 2447 et
1334 2391 1463 2459 feci,
1492 2392 1572 2446 ait
1600 2390 1877 2451 Dominus
1900 2391 2074 2445 Deus.

450 2489 659 2560 (Ezech.
686 2503 892 2554 xxxvn,
930 2487 1095 2558 1-14.)

886 2592 932 2637 9.
962 2588 1137 2639 Lectio
1161 2587 1323 2639 Esaia;
1355 2587 1642 2652 prophetia.

519 2675 667 2730 Visio
708 2674 886 2729 Esaiae
926 2674 1027 2729 filii
1054 2676 1249 2742 Amos,
1292 2690 1468 2746 quam
1499 2672 1639 2729 vidit
1681 2690 1853 2745 super
1873 2672 2079 2729 Judam

449 2773 508 2824 et
528 2768 881 2823 Hierusalem
909 2765 967 2822 in
1013 2767 1213 2823 diebus
1255 2767 1422 2835 Ozias,
1453 2770 1583 2835 etc.,
1609 2783 1779 2838 usque
1803 2768 1875 2822 Ut
1900 2765 2081 2838 pulvis

451 2862 742 2929 ascendet,
773 2861 852 2916 ait
880 2861 1159 2917 Dominus
1188 2863 1358 2916 Deus.
1390 2862 1520 2931 (Isa.
1553 2878 1590 2928 ι,
1628 2860 1701 2932 i.)

841 2968 917 3012 to.
946 2962 1120 3013 Lectio
1146 2963 1268 3013 libri
1292 2963 1505 3013 Hiesum
1529 2963 1687 3012 Nave.

2171 429 2475 485 hominum
2519 428 2850 497 Dominum,
2905 430 3185 501 hymnum
3241 427 3429 484 dicite.
3476 427 3804 483 Benedicite

2171 524 2511 579 Sacerdotes
2555 522 2784 578 Domini
2827 523 3090 578 Domino.
3142 522 3472 577 Benedicite
3512 521 3656 575 servi
3688 522 3803 575 Do-

2170 617 2315 671 mini
2353 616 2619 671 Domino.
2658 616 2984 671 Benedicite
3024 616 3252 688 spiritus
3289 619 3349 670 et
3384 614 3593 670 anima:
3615 614 3804 685 justo-

2170 727 2298 765 rum
2355 709 2621 776 Domino,
2674 708 2953 780 hymnum
2999 709 3190 763 dicite.
3242 707 3567 763 Benedicite
3618 704 3808 761 sancti

2172 806 2231 858 et
2261 803 2511 857 humiles
2553 802 2725 857 corde
2756 800 3083 857 Dominum.
3119 800 3446 856 Benedicite
3483 799 3803 865 Annanias,

2170 896 2419 964 Azarias,
2449 896 2680 951 Misahel
2721 895 3054 950 Dominum.
3098 885 3515 949 Benedicamus
3545 895 3803 959 Patrem,

2173 995 2232 1045 et
2251 991 2475 1057 Filium,
2495 993 2553 1044 et
2572 989 2845 1061 Spiritum
2868 992 3130 1043 sanctum
3152 988 3485 1054 Dominum,
3514 987 3805 1058 hymnum

2173 1088 2451 1152 dicamus,
2486 1086 2544 1137 et
2583 1084 3072 1155 superexaltemus
3114 1098 3250 1136 eum
3285 1081 3344 1135 in
3390 1080 3614 1135 saecula.
3657 1078 3809 1143 Quia

2174 1179 2383 1251 eripuit
2408 1194 2513 1233 nos
2533 1177 2682 1231 Deus
2707 1175 2765 1230 in
2787 1176 3036 1242 inferno,
3061 1179 3376 1244 etc.,usque
3400 1175 3656 1228 Potestas
3677 1171 3809 1243 ejus

2173 1274 2233 1327 in
2260 1271 2697 1346 generationem
2728 1273 2786 1323 et
2804 1268 3264 1340 generationem.
3297 1268 3459 1339 (Dan.
3489 1267 3594 1336 ιιι.)

2476 1373 2705 1438 Epistola
2728 1371 2871 1422 Pauli
2893 1371 3112 1435 apostoli
3137 1370 3202 1420 ad
3228 1371 3505 1420 Romanos.

2247 1461 2489 1527 Fratres,
2537 1475 2611 1513 an
2640 1457 2938 1528 ignoratis,
2972 1455 3106 1528 quia
3149 1455 3500 1527 quicumque
3532 1453 3810 1526 baptizati

2177 1571 2393 1622 sumus,
2428 1557 2558 1620 etc.,
2585 1568 2755 1622 usque
2781 1551 3045 1605 Viventes
3089 1553 3284 1604 autem
3320 1550 3438 1603 Deo
3483 1548 3541 1602 in
3581 1545 3811 1603 Christo

2174 1650 2306 1705 Jesu
2332 1646 2580 1702 Domino
2607 1648 2823 1701 nostro.
2854 1644 3021 1715 (Rom.
3051 1659 3127 1711 vr,
3167 1642 3342 1713 3-12.)

2333 1748 2505 1798 Lectio
2530 1746 2692 1797 sancti
2722 1745 2992 1809 Evangelii
3026 1743 3311 1794 secundum
3338 1741 3649 1793 Mattheum.

2247 1836 2494 1906 Vespere
2542 1835 2738 1887 autem
2784 1830 3038 1899 Sabbati,
3083 1846 3199 1901 qua
3240 1828 3459 1883 luciscit
3500 1827 3559 1882 in
3613 1826 3812 1899 prima

2178 1928 2432 1993 Sabbati,
2464 1929 2595 1993 etc.,
2622 1941 2795 1996 usque
2813 1924 3090 1980 Omnibus
3121 1922 3323 1977 diebus
3351 1937 3530 1994 usque
3566 1920 3641 1975 ad
3673 1935 3814 1976 con-

2178 2020 2630 2078 summationem
2660 2019 2870 2074 saeculi.
2904 2017 3095 2089 (Math.
3126 2017 3340 2088 xxvm.)

2550 2127 2730 2171 ΝΟΤΛΕ
2781 2125 2861 2169 ET
2913 2124 3441 2170 OBSERVATIONES.

2248 2209 2332 2263 Ab
2359 2207 2467 2262 hoc
2501 2206 2693 2261 officio
2719 2205 2954 2262 Sabbati
2984 2206 3167 2260 sancti
3189 2204 3459 2260 inseritur
3488 2206 3671 2260 altera
3699 2221 3811 2261 nu-

2179 2317 2475 2357 merorum
2520 2299 2933 2370 marginalium
2982 2298 3041 2353 in
3090 2299 3449 2354 Lectionario
3492 2298 3670 2353 series
3723 2299 3817 2369 (ut

2180 2412 2351 2468 supra
2402 2392 2745 2464 notavimus)
2792 2392 2863 2447 ad
2910 2391 3298 2464 designandas
3354 2392 3670 2448 Lectiones.
3730 2392 3816 2446 Ex

2181 2488 2486 2544 duodecim
2511 2487 2853 2543 lectionibus
2877 2503 3005 2559 quas
3036 2487 3378 2558 legebantur
3407 2490 3541 2541 ante
3567 2486 3813 2541 missam

2180 2582 2238 2637 in
2294 2582 2540 2653 gratiam
2601 2578 3102 2652 baptiZandorum,
3155 2584 3272 2635 tres
3323 2580 3527 2652 prima:
3578 2580 3813 2635 desunt.

2179 2676 2412 2731 Easdem
2441 2676 2627 2729 ferme
2654 2678 2787 2729 sunt
2810 2674 2871 2728 in
2898 2673 3266 2741 Mozarabico,
3300 2689 3407 2728 nec
3434 2674 3680 2728 multum
3707 2672 3821 2727 dif-

2181 2770 2374 2825 ferunt
2394 2785 2427 2823 a
2448 2768 2624 2823 modo
2655 2767 2875 2822 usitatis
2894 2767 2953 2821 in
2979 2767 3182 2822 Missali
3212 2768 3474 2823 Romano
3502 2766 3813 2823 hodierno.

2082 2906 2085 2907 ν
2179 2862 2307 2918 Tria
2355 2862 2575 2917 cantica
2613 2862 2962 2929 inseruntur,
3010 2877 3220 2932 nempe
3264 2861 3429 2916 Mosis
3471 2864 3600 2932 post
3642 2860 3822 2931 septi-

2180 2972 2359 3023 mam,
2381 2958 2541 3011 Jonaa
2570 2958 2701 3027 post
2723 2954 3108 3022 undecimam,
3131 2954 3307 3008 trium
3342 2970 3654 3026 puerorum
3680 2956 3822 3025 post

521 3048 802 3120 Tempore
846 3047 963 3115 illo,
991 3050 1161 3103 Josue
1191 3048 1261 3102 de
1303 3052 1469 3103 nocte
1500 3063 1873 3118 consurgens,
1902 3046 2082 3102 movit
2104 3095 2154 3120 η
2181 3049 2609 3116 duodecimam,
2639 3051 2702 3102 ut
2724 3049 2845 3103 fere
2868 3047 2926 3101 in
2950 3046 3299 3102 Mozarabico
3328 3063 3341 3102 :
3367 3047 3475 3101 nisi
3502 3046 3658 3118 quod
3682 3047 3819 3102 loco

531 3095 800 3120 "“'I"'"
847 3095 963 3115 "'“7
992 3095 1158 3103 "'""
1194 3095 1260 3102 ““’
1303 3095 1467 3103 ""“'
1504 3095 1873 3118 "'"""“O"""
1904 3095 2081 3102 ““““⁷’“⁷
2184 3095 2609 3116 ““ν“νν“’”’“”“”⁸1
2643 3095 2701 3102 ““’
2724 3095 2843 3103 “'"
2868 3095 2926 3101 ’⁵⁵
2950 3095 3125 3102 ”““’“““’
3141 3095 3295 3101 “”’”““’“
3329 3095 3341 3102 '
3367 3095 3475 3101 """
3506 3095 3658 3118 1""—
3682 3095 3812 3102 ""

449 3145 655 3210 castra,
690 3141 1169 3213 egredientesque
1202 3142 1272 3196 de
1301 3141 1501 3210 Setim,
1534 3145 1817 3196 venerunt
1846 3140 1919 3195 ad
1954 3142 2076 3196 Jor-
2101 3095 2156 3171 C
2181 3141 2387 3197 cantici
2407 3144 2567 3198 Jonas
2598 3144 2685 3196 est
2709 3140 2994 3195 canticum
3025 3139 3288 3195 Habacuc
3320 3144 3449 3213 post
3477 3140 3816 3195 Lectiouem

452 3235 683 3304 danem,
736 3239 867 3303 etc.,
912 3251 1082 3306 usque
1127 3237 1198 3290 Ut
1241 3238 1300 3289 et
1345 3252 1445 3290 vos
1480 3235 1731 3290 timeatis
1772 3234 2084 3290 Dominum
2183 3253 2249 3290 ex
2273 3236 2480 3291 eodem
2506 3235 2808 3308 propheta.

449 3330 632 3385 Deum
657 3333 910 3384 vestrum
938 3329 1096 3385 omni
1130 3333 1410 3401 tempore.
1446 3329 1625 3401 (Josue
1656 3347 1736 3398 ill,
1770 3330 1866 3401 ιν.)

885 3434 965 3481 il.
992 3431 1167 3483 Lectio
1194 3434 1332 3483 Iona:
1356 3432 1642 3497 prOphetae.

519 3519 800 3590 Tempore
829 3518 947 3585 illo,
977 3519 1192 3574 factum
1220 3522 1305 3572 est
1343 3518 1582 3573 verbum
1625 3515 1855 3574 Domini
1883 3515 1956 3573 ad
1984 3519 2077 3574 Jo-

450 3628 607 3679 nam,
639 3612 821 3666 filium
849 3612 1100 3678 Amathi,
1125 3612 1321 3666 dicens
1350 3629 1362 3666 :
1403 3612 1606 3684 Surge,
1634 3613 1778 3667 vade
1810 3612 1869 3667 in
1908 3611 2079 3668 Neni-

450 3720 558 3759 ven
587 3704 754 3776 (Iona:
798 3703 857 3774 ι),
902 3707 1032 3771 etc.,
1064 3718 1233 3774 usque
1259 3705 1329 3758 Et
1358 3705 1541 3759 oravit
1575 3707 1721 3760 Jona
1764 3705 1837 3759 ad
1881 3705 2078 3760 Domi-

2251 3331 2313 3384 In
2342 3328 2693 3384 Mozarabico
2722 3312 3084 3383 Lectionibus
3114 3326 3234 3382 istis
3262 3327 3629 3400 prtemittitur
3658 3328 3819 3384 cerei

2180 3422 2526 3489 benedictio,
2564 3422 2723 3494 cujus
2764 3422 3015 3479 formula
3059 3421 3281 3476 diversa
3327 3425 3412 3477 est
3452 3439 3487 3476 a
3525 3423 3819 3490 Romana,

2183 3533 2311 3589 quae
2359 3516 2565 3571 eadem
2609 3519 2697 3571 est
2736 3532 2868 3572 cum
2909 3518 3102 3570 vetere
3154 3515 3463 3571 Gallicana.
3504 3515 3696 3571 Primo
3749 3515 3825 3570 ﬁt

2178 3609 2506 3666 benedictio
2522 3611 2798 3665 lucernae:
2825 3626 2953 3681 quae
2968 3609 3296 3664 benedictio
3324 3612 3619 3665 auctorem
3634 3608 3825 3664 habet

2179 3704 2482 3772 Isidorum,
2510 3708 2655 3759 teste
2687 3701 2967 3776 Elipando
2999 3703 3267 3775 episcopo
3293 3703 3590 3771 Toletano,
3619 3703 3715 3775 qui
3746 3719 3823 3758 ex

451 3814 593 3855 num
623 3797 807 3852 Deum
844 3814 1012 3851 suum
1042 3797 1111 3851 de
1145 3800 1308 3852 utero
1335 3797 1522 3869 piscis,
1555 3802 1613 3852 et
1638 3798 1795 3853 dixit.
1826 3798 2081 3854 Clamavi
2182 3816 2250 3853 eo
2290 3798 2414 3853 haec
2454 3798 2629 3853 verba
2670 3798 2852 3853 refert
2891 3797 2950 3851 in
2989 3796 3173 3869 141
3229 3796 3471 3869 epistola
3509 3797 3583 3852 ad
3621 3797 3823 3853 ΑΙοαί-

451 3890 526 3946 ad
555 3891 867 3946 Dominum
913 3890 1097 3944 Deum
1128 3907 1348 3959 meum,
1381 3894 1488 3944 etc.
1532 3891 1600 3945 Et
1631 3890 1770 3945 dixit
1803 3892 2082 3947 Dominus
2183 3908 2344 3947 num.
2388 3913 2417 3942 ι(
2463 3893 2607 3948 Nam
2654 3895 2713 3946 et
2759 3892 2863 3963 ipsi
2911 3890 3171 3947 canimus
3222 3892 3282 3946 in
3326 3891 3517 3963 vigilia
3556 3891 3820 3961 Paschm,

450 3984 610 4057 pisci,
644 3987 775 4053 etc.,
808 4000 977 4055 usque
1006 3984 1298 4056 Loquatus
1327 3984 1518 4039 fuerat
1551 3988 1616 4038 ut
1642 3985 1861 4041 faceret
1893 3985 1993 4056 eis,
2025 3988 2084 4041 et
2180 3987 2351 4041 beato
2395 3985 2611 4041 Isidoro
2656 3985 2882 4041 dicente
2937 4003 2950 4041 :
2998 3985 3189 4041 Induit
3240 4001 3498 4054 carnem,
3547 3985 3647 4040 sed
3692 4002 3821 4041 non

452 4095 569 4135 non
596 4078 749 4147 fecit,
782 4078 863 4134 ait
892 4077 1171 4133 Dominus
1195 4079 1362 4133 Deus.
2181 4080 2335 4135 exuit
2371 4079 2763 4151 majestatem;
2793 4082 3050 4135 nostram
3091 4079 3469 4135 substantiam
3516 4084 3823 4152 expetens,

846 4184 922 4230 te.
951 4178 1124 4231 Lectio
1150 4180 1367 4230 Danihel
1393 4181 1680 4246 prophetas.
2181 4173 2282 4228 sed
2311 4172 2605 4246 pr0priam
2637 4189 2755 4229 non
2785 4174 3136 4246 relinquens.
3168 4194 3196 4224 ››
3231 4174 3369 4238 Quae
3409 4173 3649 4229 totidem
3688 4187 3827 4229 ver-

450 4333 460 4341 .
519 4272 687 4326 Anno
726 4266 931 4324 octabo
971 4263 1193 4321 decimo
1241 4265 1773 4323 Nabuchodonozor
1808 4283 1907 4323 rex
1946 4267 2085 4324 fecit
2179 4267 2267 4323 bis
2307 4268 2365 4322 in
2396 4268 2746 4324 Mozarabico
2778 4270 3052 4339 leguntur
3092 4268 3167 4323 ad
3208 4267 3675 4324 benedictionem
3722 4268 3823 4324 lu-

451 4365 722 4433 statuam,
754 4362 886 4430 etc.,
914 4376 1084 4431 usque
1105 4363 1167 4416 In
1199 4363 1509 4433 conspectu
1540 4364 1637 4417 tuo
1668 4361 1841 4418 hodie
1872 4365 1936 4417 ut
1958 4363 2081 4435 pla-
2181 4378 2389 4417 cernae.
2429 4362 2557 4417 Alia
2580 4362 2913 4418 testimonia
2944 4361 3157 4417 ibidem
3195 4377 3263 4417 ex
3289 4362 3493 4418 Missali
3536 4360 3824 4419 Toletano

452 4458 736 4513 ceattibi.
782 4497 794 4510 .
841 4497 855 4510 .
899 4496 911 4510 .
958 4496 971 4509 .
1016 4496 1029 4510 .
1074 4496 1087 4510 .
1132 4497 1145 4510 .
1190 4497 1203 4511 .
1249 4497 1261 4511 .
1307 4497 1321 4511 .
1365 4497 1378 4510 .
1425 4496 1438 4511 .
1484 4497 1496 4510 .
1542 4496 1555 4511 .
1600 4496 1613 4510 .
1659 4497 1671 4510 .
1716 4458 1731 4511 ζ
1775 4497 1787 4511 .
1832 4498 1845 4511 .
1891 4498 1904 4511 .
1949 4498 1962 4510 .
2006 4498 2019 4510 .
2063 4457 2403 4545 .Dprofert
2443 4456 2599 4511 idem
2643 4456 2955 4528 Elipandus
2990 4456 3063 4511 ad
3095 4456 3364 4511 haeresim
3408 4472 3572 4511 suam
3601 4456 3825 4511 conﬁr-

452 4550 777 4606 Benedicite
801 4548 989 4603 imber
1004 4552 1061 4603 et
1072 4565 1165 4604 ros
1176 4549 1510 4605 Dominum.
1532 4549 1855 4605 Benedicite
1878 4566 2081 4605 omnes
2180 4550 2481 4617 mandam,
2505 4566 2753 4621 quorum
2777 4550 2970 4622 aliqua
2986 4550 3046 4605 in
3061 4550 3411 4607 Mozarabico
3425 4567 3543 4606 non
3565 4553 3824 4619 exstant,

451 4643 681 4716 spiritus
706 4641 1040 4698 Dominum.
1078 4643 1403 4698 Benedicite
1430 4643 1580 4715 ignis
1611 4647 1669 4698 et
1695 4644 1852 4699 calor
1882 4644 2077 4699 Domi-

452 4754 614 4806 num,
640 4738 924 4809 hymnum
949 4735 1139 4790 dicite.
1173 4735 1499 4791 Benedicite
1518 4740 1715 4792 noctes
1744 4740 1801 4791 et
1828 4737 1950 4793 dies
1975 4740 2080 4794 Do-

453 4831 698 4888 minam.
714 4831 1040 4887 Benedicite
1062 4830 1316 4885 tenebrae
1334 4831 1602 4885 etlumen
1618 4831 1888 4888 Domino.
1905 4833 2080 4889 Bene-

454 4925 622 4980 dicite
660 4925 841 4997 frigus
878 4928 936 4980 et
978 4928 1148 4979 (estus
1190 4924 1522 4991 Dominum,
1560 4925 1843 4997 hymnum
1885 4926 2074 4983 dicite.

452 5018 777 5073 Benedicite
803 5019 1010 5091 pruina
1038 5021 1097 5072 et
1121 5017 1263 5072 nivis
1281 5017 1615 5073 Dominum.
1634 5019 1959 5075 Benedicite
1976 5022 2079 5075 ful-

451 5110 596 5185 gura
607 5115 666 5167 et
684 5113 851 5168 nubis
870 5112 1201 5168 Dominum.
1222 5112 1547 5168 Benedicite
1572 5117 1723 5168 terra
1738 5114 2074 5183 Dominum,

450 5207 735 5279 hymnum
764 5207 953 5262 dicite.
985 5206 1310 5262 Benedicite
1340 5209 1570 5263 montes
1596 5211 1655 5262 et
1687 5209 1860 5264 colles
1880 5208 2073 5264 Domi-

446 5317 615 5356 num.
644 5300 970 5356 Benedicite
996 5300 1195 5356 omnia
1221 5301 1517 5356 nascentia
1542 5304 1711 5357 terrae
1739 5302 2072 5357 Dominum.

451 5394 776 5451 Benedicite
798 5395 983 5450 maria
1004 5398 1062 5450 et
1076 5395 1318 5451 ﬂumina
1338 5396 1670 5464 Dominum,
1685 5396 1967 5469 hymnum
1988 5394 2075 5451 di-

444 5488 579 5546 cite.
595 5488 645 5563 1
661 5487 786 5562 4ο
800 5488 1125 5545 Benedicite
1137 5491 1328 5545 fontes
1338 5506 1621 5561 aquarum
1634 5490 1964 5546 Dominum.
1980 5489 2077 5545 Be-

439 5583 697 5639 nedicite
716 5583 905 5656 bylua:
926 5586 986 5638 et
1005 5583 1202 5639 omnia
1224 5598 1351 5653 quae
1370 5587 1676 5639 morantur
1693 5584 1752 5639 in
1782 5584 1945 5656 aquis
1963 5585 2075 5640 Do-

439 5677 694 5733 minum.
740 5676 1030 5732 Bendicite
1059 5691 1263 5731 omnes
1298 5674 1543 5731 volucris
1580 5677 1703 5733 caeli
1743 5679 2074 5746 Dominum,

439 5769 732 5843 hymnum
755 5770 944 5827 dicite.
975 5769 1300 5826 Benedicite
1316 5769 1514 5826 bestiae
1532 5774 1591 5826 et
1601 5770 1870 5843 jumenta
1888 5772 2079 5831 Domi-

2180 4660 2389 4716 nempe
2418 4659 2547 4715 quae
2578 4661 2646 4699 ex
2673 4644 2848 4700 missa
2878 4645 2938 4699 in
2983 4646 3156 4700 Coena
3187 4644 3438 4713 Domini,
3479 4647 3538 4699 et
3577 4661 3707 4716 quae
3748 4661 3829 4701 ex

2177 4738 2323 4795 feria
2353 4738 2522 4793 tertia
2547 4739 2799 4807 Paschee,
2829 4739 3083 4811 itemque
3123 4756 3191 4793 ex
3232 4738 3409 4793 missa
3443 4739 3624 4793 sancti
3666 4739 3823 4810 Spe-

2178 4833 2307 4901 rati,
2336 4836 2395 4887 et
2415 4848 2542 4904 quae
2573 4849 2640 4887 ex
2665 4832 2839 4887 missa
2864 4833 3287 4888 defunctorum.
3315 4833 3443 4887 Alia
3470 4832 3706 4905 quidem
3738 4834 3826 4888 ab

2176 4926 2299 4998 ipso
2324 4926 2547 4997 prolata
2576 4926 2941 4998 reperiuntur
2965 4926 3023 4980 in
3054 4925 3163 4982 isto
3189 4926 3412 4993 Missali,
3442 4929 3506 4981 ut
3526 4925 3681 4997 quod
3709 4925 3825 4982 ha-

2176 5020 2275 5075 bet
2305 5036 2373 5074 ex
2399 5020 2543 5074 feria
2573 5020 2774 5092 quinta
2799 5020 3059 5088 Paschaa;
3088 5023 3149 5075 at
3169 5020 3228 5074 in
3254 5019 3516 5075 lllatione
3543 5021 3822 5092 ejusdem

2176 5113 2335 5169 ferite
2346 5115 2472 5169 loco
2489 5114 2750 5186 adoptivi,
2765 5113 2823 5169 in
2837 5114 3227 5186 editislegitur
3236 5118 3531 5187 assumpti;
3550 5115 3822 5189 itemque

2177 5208 2236 5262 in
2266 5208 2444 5263 missa
2466 5208 2540 5262 de
2563 5208 2912 5265 Ascensione
2943 5210 3385 5280 asswnptionem,
3419 5225 3537 5264 non
3565 5208 3649 5281 (ut
3684 5209 3822 5281 ipse

2176 5303 2337 5375 legit)
2382 5303 2744 5375 adoptionem.
2781 5303 2892 5357 Has
2921 5302 3162 5359 omnino
3193 5302 3632 5359 emendationes
3671 5319 3821 5377 sug-

2178 5399 2480 5469 gesserunt
2509 5396 2567 5451 in
2606 5396 2751 5452 libro
2797 5414 2836 5451 ΙΙ
2882 5397 3152 5453 adversus
3193 5397 3539 5470 Elipandum
3580 5396 3827 5454 Leidra.

2176 5489 2301 5558 dus,
2338 5490 2641 5558 Nefridius,
2686 5490 2956 5563 episcopi,
2995 5494 3056 5546 et
3092 5490 3433 5547 Benedictus
3467 5491 3663 5560 abbas,
3704 5507 3825 5549 seu

2175 5583 2366 5656 potius
2393 5585 2666 5640 Alcuinus
2694 5583 2933 5656 duplicis
2957 5584 3117 5640 istius
3147 5585 3273 5640 libri
3305 5585 3567 5658 scriptor.

2246 5678 2380 5733 Post
2406 5678 2871 5736 benedictionem
2901 5681 3151 5736 lucerna:
3175 5680 3436 5753 sequitur
3458 5679 3608 5736 cerei
3632 5676 3827 5737 bene-

2178 5772 2349 5830 dictio
2384 5777 2514 5847 post
2546 5775 2765 5849 aliquas
2791 5774 3101 5846 orationes,
3129 5777 3238 5834 hoc
3266 5775 3443 5834 modo
3476 5774 3765 5852 incipiens
3798 5793 3825 5839 :
