4054 6188
207 267 322 332 197

1300 269 1388 336 DE
1425 275 1738 334 LITURGIA
1774 273 2154 334 GALLICANA'
2179 275 2386 334 LIBER
2423 275 2487 334 Il.

3471 273 3638 338 193'

210 384 377 446 Vere,
398 383 642 447 Domine,
669 384 806 440 satis
831 383 1060 453 dignum
1086 390 1136 441 et
1151 379 1446 459 pulchrum
1473 392 1570 452 est,
1601 391 1659 443 in
1683 405 1852 458 quan-
1873 403 1932 475 Α
1954 387 2216 460 gustinus
2235 388 2357 460 ipse
2377 387 2438 443 in
2459 386 2557 442 lib.
2580 403 2650 442 xv
2677 386 2750 442 de
2765 384 3006 444 Civitate
3033 385 3135 444 Dei
3161 386 3285 462 cap.
3313 389 3381 446 32
3409 406 3578 464 quos-

201 482 329 532 tum
353 493 449 532 nos
461 493 682 532 munere
695 483 785 534 tuo
801 479 1077 542 .itlustras,
1103 481 1206 535 tibi
1221 497 1428 552 semper
1441 483 1650 550 gratias
1670 498 1848 550 agere,

203 571 376 640 apud
403 585 564 640 quem
593 576 674 626 est
699 575 824 640 fons
861 575 1006 636 vita,
1038 575 1097 628 in
1130 575 1290 643 cujus
1316 577 1518 630 lumine
1551 577 1850 631 videbimus

201 665 416 726 lumen,
449 668 560 719 etc.
587 665 668 720 De
697 665 1099 722 benedictione
1122 668 1370 722 lucerna:
1402 671 1460 722 et
1487 668 1639 723 cerei
1669 672 1853 725 exstat

201 777 402 816 canon
430 777 619 817 nonus
649 763 874 818 concilii
906 781 960 818 IV
982 765 1240 820 Toletani
1275 783 1289 820 :
1323 767 1568 821 Lucerna
1596 771 1647 821 et
1669 783 1850 823 cereus

195 858 260 910 in
281 857 618 925 prmigiliis
641 857 861 912 Pascha:
885 859 1038 927 apud
1062 860 1329 929 quasdam
1349 860 1614 915 Ecclesias
1636 877 1744 914 non
1769 863 1850 916 be-

197 949 577 1012 nedicuntur:
623 955 674 1004 et
716 967 814 1005 cur
850 968 886 1006 a
928 953 1082 1006 nobis
1123 953 1510 1008 benedicuntur
1535 957 1844 1024 inquirunt.

193 1043 443 1112 Propter
470 1045 764 1112 gloriosum
790 1048 932 1100 enim
956 1049 1126 1101 noctis
1154 1049 1329 1116 ipsius
1349 1053 1746 1104 sacramentum
1769 1065 1850 1104 so-

194 1136 462 1192 lemniter
480 1138 592 1192 haec
618 1137 1000 1202 benedicimus,
1016 1144 1077 1194 ut
1089 1155 1258 1195 sacra:
1271 1143 1683 1196 resurrectionis
1701 1143 1849 1198 Chri-

191 1231 272 1284 sti
287 1231 638 1298 mysterium,
664 1231 809 1301 quod
829 1236 1062 1301 tempore
1086 1233 1252 1301 hujus
1276 1235 1468 1288 votivae
1496 1236 1666 1288 noctis
1691 1217 1848 1290 adve-

193 1326 305 1386 nit,
361 1322 730 1378 benedictione
771 1327 1096 1395 sanctificati
1139 1328 1360 1381 luminis
1391 1329 1740 1398 accipiamus.
1777 1331 1848 1385 Et

190 1417 342 1486 quia
365 1417 480 1471 haec
499 1417 801 1472 observatio
814 1433 917 1488 per
927 1419 1224 1474 multarum
1244 1421 1360 1474 loca
1381 1426 1651 1478 terrarum
1675 1423 1844 1490 regio-

189 1524 412 1580 nesque
429 1512 715 1580 Hispaniae
728 1513 788 1566 in
802 1513 1054 1567 Ecclesiis
1077 1514 1502 1577 commendatur,
1521 1506 1748 1584 dignum
1769 1521 1847 1571 est

188 1609 254 1658 ut
269 1609 516 1674 propter
543 1606 808 1660 unitatem
826 1606 983 1674 pacis
1015 1608 1076 1660 in
1110 1606 1412 1662 Gallicanis
1439 1609 1694 1665 Ecclesiis
1719 1626 1844 1665 con-

187 1701 470 1752 servetur.
503 1697 609 1752 Ubi
639 1697 874 1770 quidam
895 1699 1048 1753 male
1077 1699 1377 1756 Gallicanis
1406 1702 1718 1773 legendum
1738 1720 1844 1774 pu-

1953 481 2088 537 dam
2113 498 2310 538 versus
2341 483 2539 548 refert,
2571 497 2714 554 quos
2739 502 2766 531 ‹‹
2796 481 2856 536 in
2885 482 3058 538 laude
3093 483 3346 556 quadam
3379 487 3577 542 cerei»

1950 575 2195 646 scripsit,
2227 578 2290 630 ut
2313 578 2474 646 patet
2507 591 2574 629 ex
2605 591 2754 630 nova
2779 575 3053 644 editione,
3084 577 3179 632 ubi
3203 578 3360 633 locus
3387 579 3493 634 iste
3514 597 3581 636 ex

1947 667 2074 723 Mss.
2103 667 2401 723 restitutus
2427 670 2514 722 est
2541 684 2574 722 a
2599 667 2827 724 nostris.
2856 669 2920 722 In
2950 672 3194 740 utraque
3223 671 3373 726 cerei
3401 671 3578 729 bene-

1951 760 2204 816 dictione
2235 760 2530 816 Ennodius
2555 764 2817 828 testatur,
2851 777 2916 816 ex
2946 778 3113 818 cereo
3142 763 3446 820 benedicto
3479 766 3579 822 de-

1949 858 2175 926 eerptas
2215 872 2250 909 a
2274 855 2541 909 ﬁdelibus
2576 854 2748 908 fuisse
2788 855 3095 926 particulas
3123 859 3324 912 contra
3355 861 3578 929 procel-

1948 947 2051 1002 las.
2085 947 2224 1002 Inde
2246 949 2544 1018 Agnorum
2574 946 2677 1000 Dei
2707 962 3007 1002 cereorum
3037 948 3220 1020 origo.

2017 1043 2222 1096 Postea
2260 1041 2320 1095 in
2352 1040 2628 1112 praedicto
2656 1039 2862 1095 Missali
2887 1041 3124 1097 Gothico
3153 1042 3580 1116 subsequuntur

1948 1134 2117 1188 varias
2147 1134 2527 1190 Collectiones
2557 1151 2656 1189 seu
2687 1133 2977 1189 orationes
3003 1133 3240 1192 omnino
3275 1135 3578 1193 duodecim

1947 1244 2078 1282 cum
2121 1227 2362 1283 totidem
2407 1227 2862 1299 praefationibus,
2899 1243 3146 1298 quarum
3177 1229 3414 1301 singulae
3450 1235 3580 1302 post

1947 1321 2201 1392 singulas
2247 1323 2523 1376 lectiones
2557 1321 2882 1393 praemissas
2920 1321 3150 1377 recitari
3185 1323 3416 1379 debent.
3453 1326 3576 1381 Una

1947 1419 2033 1469 est
2073 1431 2176 1486 pro
2227 1415 2518 1486 spiritibus
2570 1415 2938 1486 pausantium
2990 1432 3092 1470 seu
3151 1415 3572 1474 defunctorum.

1946 1507 2164 1562 Deinde
2192 1507 2507 1563 succedunt
2527 1507 2828 1564 Orationes
2855 1507 2928 1563 ad
2954 1508 3342 1564 Christianum
3368 1511 3578 1566 facien-

1947 1601 2106 1669 dum,
2139 1601 2213 1656 ad
2252 1602 2441 1656 fontes
2479 1601 2928 1670 benedicendos,
2964 1605 3136 1673 atque
3170 1603 3244 1658 ad
3280 1603 3576 1674 baptizan-

1947 1694 2106 1762 dum,
2133 1711 2276 1766 quas
2309 1695 2568 1766 sequitur
2601 1695 2778 1750 missa
2802 1695 2860 1750 in
2885 1695 3102 1766 Vigiliis
3129 1697 3381 1766 Paschaa,
3417 1697 3578 1768 cujus

191 1793 344 1844 tant.
374 1791 446 1844 In
478 1789 762 1862 Hispaniis
795 1792 1096 1863 antiquum
1127 1810 1250 1848 esse
1285 1772 1666 1851 benedicendi
1692 1772 1844 1852 cerei
1865 1772 1921 1844 B
1943 1788 2118 1843 missa
2145 1788 2460 1860 Ερὶδιοιειιη
2492 1792 2550 1843 ει
2575 1789 2951 1861 Evangelium
2979 1789 3240 1860 superius
3268 1808 3334 1845 ex
3356 1791 3574 1846 Lectio-

189 1899 538 1951 morem,ex
552 1883 862 1940 Prudentia
887 1887 1150 1941 nonnulli
1178 1887 1473 1958 colligunt,
1496 1889 1656 1960 cujus
1684 1891 1844 1962 hym-

193 1994 338 2032 num
377 1977 482 2032 Ad
513 1979 790 2032 incensum
824 1981 962 2033 cerei
989 1981 1273 2048 paschalis
1307 1982 1690 2052 compositum
1719 1983 1841 2038 lau-

191 2068 362 2124 dant.
399 2071 474 2124 Et
503 2070 659 2126 hunc
684 2071 916 2142 quidem
949 2071 1229 2143 hymnum
1269 2073 1342 2128 ad
1373 2075 1840 2131 benedictionem

193 2163 350 2219 cerei
363 2164 655 2236 paschalis
671 2159 898 2219 ex'hibet
913 2168 1074 2220 vetus
1091 2165 1244 2222 Ordo
1263 2167 1576 2236 Romanus,
1601 2172 1658 2224 et
1677 2171 1843 2240 Hym-

191 2258 434 2312 narium
467 2257 790 2329 antiquum,
829 2258 1026 2320 Romae
1073 2277 1226 2315 anno
1265 2261 1559 2333 superiore
1598 2263 1840 2334 impres-

192 2368 345 2406 sum.
371 2353 446 2406 At
465 2351 602 2423 quia
628 2351 875 2422 hymnus
898 2351 1026 2420 iste,
1047 2353 1143 2424 qui
1161 2353 1218 2408 in
1245 2355 1652 2411 Cathemerino
1681 2357 1842 2427 quin-

195 2448 288 2498 tus
314 2449 428 2512 est,
453 2443 788 2510 inscribitur
812 2445 870 2499 in
893 2447 1283 2502 membraneis
1303 2447 1480 2516 libris,
1504 2451 1747 2518 Hymnus
1768 2451 1842 2504 ad

191 2540 484 2594 incensum
504 2539 757 2601 lucernae,
787 2555 904 2594 non
935 2541 1074 2594 cerei
1090 2541 1400 2611 paschalis;
1431 2542 1566 2598 hinc
1587 2543 1842 2598 Sirmun-

195 2631 305 2686 dus
335 2631 398 2686 in
431 2631 583 2686 notis
611 2631 684 2686 ad
714 2632 1060 2700 Ennodium,
1085 2637 1144 2687 et
1166 2634 1469 2689 Menardus
1503 2635 1563 2689 in
1589 2637 1838 2692 Concor-

195 2723 357 2780 diam
389 2726 724 2797 regularum
752 2725 1029 2793 inferunt,
1055 2727 1327 2782 eumdem
1346 2729 1628 2798 hymnum
1655 2729 1729 2784 ad
1745 2746 1838 2784 ac-

193 2816 535 2874 cendendas
573 2819 634 2874 in
664 2819 1009 2874 Lucernario
1049 2837 1150 2875 seu
1190 2821 1452 2892 Vesperis
1490 2821 1841 2893 quotidianis

193 2911 466 2968 lucernas
511 2913 892 2984 compositum
947 2913 1140 2968 fuisse.
1188 2916 1250 2969 In
1299 2915 1504 2970 eadem
1552 2917 1841 2971 sententia

193 3009 282 3062 est
313 3006 584 3062 Nicolaus
621 3004 882 3062 Heinsius
923 3007 982 3061 in
1030 3024 1179 3062 nova
1221 3008 1516 3063 Prudentii
1562 3009 1836 3078 editione,

194 3098 245 3172 1
262 3098 400 3172 42
427 3099 524 3154 ubi
551 3099 698 3154 cerei
715 3100 996 3170 paschalis
1016 3101 1189 3155 ritum
1213 3101 1510 3157 Prudentii
1531 3119 1650 3158 {evo
1677 3103 1838 3175 igno-

195 3195 322 3247 tum
355 3192 532 3247 fuisse
557 3197 754 3247 censet
783 3193 971 3264 colligi
994 3210 1060 3247 ex
1089 3193 1524 3264 antiquitatibus
1543 3196 1833 3250 ecclesias-

193 3284 345 3340 ticis.
373 3286 588 3341 Verum
611 3287 841 3341 lucernae
864 3287 1203 3342 vocabulum
1227 3287 1285 3341 in
1306 3288 1471 3342 titulo
1497 3288 1698 3360 hymni
1720 3305 1836 3344 non

193 3379 414 3434 sufﬁcit
459 3377 760 3451 probando
787 3380 844 3434 id
875 3379 1032 3451 quod
1063 3380 1122 3434 hi
1154 3381 1256 3436 viri
1292 3381 1443 3437 docti
1482 3381 1834 3438 intendunt:

195 3473 678 3545 quandoquidem
699 3474 754 3528 in
767 3472 1212 3545 VigiliaPascha:
1225 3475 1552 3531 benedictio
1570 3478 1744 3532 etiam
1761 3477 1840 3533 lu-

195 3583 396 3622 cerna
413 3567 606 3634 ﬁebat,
632 3584 698 3622 ex
716 3568 899 3623 dictis.
922 3568 1213 3624 Deindein
1236 3569 1332 3625 illo
1345 3569 1563 3641 hymno
1586 3571 1651 3626 ﬁt
1673 3588 1836 3626 men-

190 3659 277 3716 tio
303 3659 380 3714 de
397 3659 603 3716 Christi
625 3661 1310 3730 Dominiresurrectione,
1328 3663 1483 3734 quod
1510 3663 1686 3734 priori
1707 3681 1837 3719 sen-

189 3755 404 3808 tentiae
429 3753 840 3810 conﬁrmandae
867 3753 1160 3826 quoddam
1184 3757 1361 3810 robur
1387 3755 1602 3810 addere
1629 3759 1834 3828 potest.

192 3846 314 3903 Sed
336 3848 454 3903 alia
485 3847 648 3916 ratio,
673 3866 848 3920 quam
869 3839 1172 3904 Menardus
1199 3852 1394 3904 noster
1423 3847 1609 3918 affert,
1630 3850 1838 3905 melius

191 3943 414 4015 probat
444 3943 722 4013 hymnum
744 3940 896 3998 hunc
917 3939 989 3997 de
1022 3942 1366 3998 Lucernario
1391 3943 1730 4014 quotidiano
1758 3945 1840 4000 in-

192 4036 664 4110 terpretandum,
686 4053 894 4108 nempe
912 4037 924 4090 i
931 4053 1032 4109 pse
1048 4036 1244 4091 titulus
1257 4036 1384 4092 libri
1406 4035 1835 4102 Cathemerinon,

193 4147 318 4204 quo
355 4129 750 4202 signiﬁcantur
775 4147 844 4184 ea
883 4147 1010 4202 quae
1048 4146 1154 4202 per
1183 4131 1338 4186 diem
1379 4134 1647 4204 aguntur.
1679 4132 1838 4188 Idem

189 4223 411 4280 suadet
427 4220 600 4278 etiam
627 4219 756 4278 libri
773 4222 947 4295 ipsius
969 4222 1131 4291 ordo,
1151 4223 1210 4278 in
1227 4241 1341 4296 quo
1355 4225 1571 4297 primus
1592 4225 1840 4298 hymnus

189 4320 284 4373 cst
334 4316 436 4372 Ad
476 4317 611 4384 galli
652 4323 889 4380 cantum,
933 4317 1218 4377 secundus
1266 4319 1595 4382 Matutinus,
1638 4318 1840 4374 tertius

185 4410 352 4468 Ante
379 4409 574 4475 cibum,
612 4414 849 4483 quartus
877 4412 1002 4467 Post
1027 4411 1222 4475 cibum,
1256 4411 1490 4484 quintus
1527 4412 1622 4466 Ad
1653 4412 1834 4467 incen-

1857 3143 1912 3218 C

1941 1881 2104 1936 nario
2124 1881 2520 1936 indicavimus.
2547 1882 2819 1954 Baptismi
2846 1883 3103 1938 solemne
3122 1886 3350 1956 tempus
3367 1887 3492 1939 erat
3515 1884 3576 1939 in

1940 1975 2156 2046 Vigiliis
2186 1976 2420 2030 Pascha:
2453 1978 2511 2030 et
2537 1977 2922 2044 Pentecostes,
2961 1976 3274 2048 aliquando
3311 1976 3486 2032 etiam
3515 1977 3575 2032 in

1939 2068 2143 2138 Vigilia
2169 2069 2382 2122 Natalis
2407 2069 2666 2136 Domini,
2690 2072 2746 2124 et
2787 2070 2846 2124 in
2886 2069 3064 2124 natali
3097 2069 3279 2124 sancti
3315 2070 3570 2126 Joannis.

1939 2161 2078 2216 Huic
2107 2161 2191 2216 rei
2219 2161 2534 2233 probanda!
2566 2179 2714 2216 unus
2739 2163 2861 2218 fere
2895 2163 3105 2218 sufficit
3129 2162 3387 2235 Gregorii
3418 2164 3576 2220 locus

1941 2271 2008 2308 ex
2037 2255 2135 2310 lib.
2175 2271 2294 2322 vm,
2339 2272 2464 2327 cap.
2507 2259 2558 2323 9,
2597 2255 2691 2310 ubi
2737 2256 3200 2312 Guntchramnus
3243 2273 3340 2312 rex
3378 2253 3459 2312 ita
3488 2257 3575 2312 lo-

1941 2348 2136 2420 quitur
2167 2365 2181 2402 :
2219 2371 2248 2398 «
2279 2349 2598 2404 Germanus
2628 2366 2793 2404 meus
2827 2350 3180 2422 Chilpericus
3206 2349 3460 2406 moriens
3487 2349 3573 2405 diu

1940 2441 2088 2496 citur
2105 2440 2153 2514 1
2171 2441 2296 2516 43
2319 2441 2500 2496 filium
2515 2443 2836 2515 reliquisse,
2868 2443 3028 2515 cujus
3054 2444 3365 2499 nutritores
3389 2449 3573 2501 matre

1941 2535 2289 2606 deprecante
2318 2535 2629 2608 petierunt,
2663 2541 2725 2591 ut
2756 2553 2889 2592 eum
2920 2537 2991 2592 de
3023 2541 3220 2593 sancto
3250 2539 3476 2593 lavacro
3515 2539 3575 2593 in

1939 2633 2222 2688 Dominici
2248 2633 2463 2688 Natalis
2495 2635 2860 2690 solemnitate
2882 2635 3157 2690 deberem
3181 2636 3438 2708 excipere
3470 2653 3483 2692 :
3517 2638 3576 2691 et

1940 2743 2057 2780 non
2089 2729 2389 2780 venerunt.
2426 2727 2795 2798 Rogaverunt
2825 2727 3098 2800 deinceps
3129 2731 3192 2783 ut
3213 2729 3285 2783 ad
3311 2732 3574 2784 sanctum

1937 2800 2156 2874 Pascha
2187 2819 2618 2890 baptizaretur;
2667 2820 2768 2874 sed
2807 2837 2922 2874 nec
2958 2824 3094 2876 tunc
3135 2821 3338 2876 allatus
3373 2824 3460 2876 est
3491 2821 3574 2876 in-

1938 2913 2086 2968 fans.
2114 2912 2416 2985 Dcprecati
2461 2916 2594 2967 sunt
2623 2917 2820 2968 autem
2860 2914 3052 2982 tertio,
3087 2917 3150 2968 ut
3183 2914 3258 2970 ad
3295 2914 3571 2970 festivita-

1938 3009 2057 3062 tem
2088 3006 2271 3062 sancti
2303 3005 2542 3062 Joannis
2571 3005 2975 3074 exhiberetur;
3009 3007 3112 3062 sed
3151 3024 3257 3062 nec
3301 3011 3437 3063 tunc
3475 3024 3570 3064 ve-

1938 3099 2041 3154 nit.
2073 3123 2104 3150 »
2146 3099 2544 3156 Chilbebertus
2585 3116 2742 3168 vero,
2775 3099 3061 3170 Sigeberti
3097 3100 3266 3168 ﬁlius,
3304 3123 3331 3150 ‹‹
3355 3102 3573 3174 baptis-

1937 3210 2100 3248 mum
2122 3193 2181 3248 in
2216 3193 2307 3248 die
2337 3197 2536 3250 sancto
2561 3195 2928 3248 Pentecostes
2954 3193 3193 3265 accepit,
3221 3211 3290 3248 ex
3313 3195 3574 3265 ejusdem

1937 3285 2067 3342 libri
2111 3304 2236 3359 cap.
2275 3287 2327 3342 4.
2379 3288 2591 3342 Verum
2635 3287 2834 3341 Patres
2881 3286 3086 3358 synodi
3124 3287 3570 3355 Matisconensis,

1939 3397 2162 3436 canone
2180 3383 2233 3448 2,
2249 3383 2702 3452 conqueruntur,
2729 3379 2884 3450 quod
2896 3395 3038 3450 pene
3064 3395 3170 3450 per
3185 3381 3428 3450 singulos
3457 3382 3572 3438 dies

1937 3491 2002 3530 ac
2027 3475 2238 3530 natales
2275 3479 2583 3544 martyrum
2620 3473 2940 3544 baptismus
2979 3473 3369 3541 conferretur;
3413 3477 3570 3529 vete-

1936 3584 2178 3638 remque
2207 3583 2374 3622 usum
2405 3567 2479 3621 ad
2504 3566 2723 3622 Pascha
2738 3569 3030 3621 revocant.

1941 3661 2120 3733 [XLIL
2162 3676 2410 3716 LEGENDA
2447 3677 2502 3716 IN
2540 3676 2632 3715 ora
2679 3675 2883 3714 SANCTO
2933 3674 3174 3729 pascua,
3213 3676 3284 3716 sn
3331 3659 3569 3736 iusqu

2209 3847 2440 3911 Epistola
2461 3845 2604 3896 Pauli
2631 3845 2855 3910 apostoli
2887 3846 2952 3897 ad
2977 3846 3290 3898 Corinthios.

2009 3934 2218 3989 Notum
2277 3935 2471 3986 autem
2517 3931 2677 3986 vobis
2717 3931 2886 4000 facio,
2929 3933 3156 4001 fratres,
3196 3932 3572 4005 Evangelium

1940 4021 2095 4100 quod
2111 4023 2415 4098 prsedicavi
2437 4025 2616 4094 vobis,
2647 4025 2801 4098 quod
2828 4029 2888 4081 et
2913 4027 3376 4100 accepistis,etc.,
3403 4043 3574 4098 usque

1936 4119 2370 4177 Miserabiliores
2389 4137 2586 4175 sumus
2602 4119 2870 4175 omnibus
2886 4120 3236 4177 hominibus.
3256 4120 3441 4194 (LCor.
3456 4120 3570 4195 xv.)

2158 4221 2333 4272 Lectio
2358 4221 2524 4272 sancti
2550 4220 2818 4284 Evangelii
2843 4222 3130 4272 secundum
3157 4225 3366 4272 Lucam.

2008 4303 2220 4363 Diebus
2249 4307 2380 4375 illis,
2408 4323 2524 4362 una
2553 4303 2787 4363 Sabbati
2813 4307 2979 4362 valde
3011 4307 3260 4363 diluculo
3286 4309 3570 4363 venerunt

1937 4400 2208 4455 mulieres
2239 4400 2313 4455 ad
2352 4403 2914 4457 monumentum.....
2955 4399 3144 4472 ipsum
3181 4416 3314 4456 vero
3341 4417 3459 4456 non
3487 4397 3569 4454 vi-

191 4521 326 4562 sum
357 4504 607 4568 lucerna,
634 4507 824 4560 sextus
859 4503 1006 4561 Ante
1043 4521 1306 4560 somnum.
1343 4501 1448 4560 Ubi
1491 4504 1724 4577 quintus
1766 4505 1836 4560 de
1855 4521 1916 4594 D
1939 4494 2260 4551 derunt-im
2291 4493 2423 4567 (Luc
2446 4511 2595 4562 XX”,
2629 4493 2702 4565 1ο)

192 4598 478 4672 Vesperis
515 4598 746 4654 indubie
797 4598 1203 4671 intelligendus
1247 4602 1352 4667 est,
1397 4596 1456 4654 in
1498 4599 1702 4671 quibus
1746 4615 1836 4655 so-

195 4692 392 4750 lemni
420 4709 580 4747 more
613 4693 670 4747 in
693 4692 816 4748 dies
836 4693 1070 4751 accendi
1091 4694 1356 4748 lucernas
1377 4696 1512 4748 tunc
1542 4710 1668 4750 mos
1695 4696 1838 4761 erat,

195 4791 262 4842 ut
295 4789 464 4842 recte
501 4787 799 4842 Menardus
831 4786 1046 4842 ibidem
1077 4787 1303 4858 probat,
1341 4787 1614 4842 nimirum
1644 4787 1702 4842 in
1747 4803 1838 4843 ca-

193 4887 310 4954 put
352 4881 422 4936 24
469 4879 800 4936 ϐοῆσαι-ἀίω
844 4879 1260 4953 regularum,§
1308 4885 1359 4936 2.
1404 4881 1599 4953 Neque
1645 4885 1841 4937 tamen

195 4979 522 5049 prOpterea
543 4977 660 5029 tam
687 4990 866 5029 novus
887 4977 974 5028 est
995 4973 1147 5029 cerei
1174 4970 1233 5028 in
1251 4970 1467 5046 Vigiliis
1481 4974 1842 5046 paschalibus

194 5068 594 5125 benedicendi
630 5068 792 5139 ritus,
825 5068 906 5124 uti
935 5067 1164 5124 Heinsio
1194 5067 1376 5124 visum
1416 5071 1504 5124 est
1533 5082 1546 5124 :
1581 5085 1711 5124 cum
1735 5069 1844 5124 En-

199 5161 442 5231 nodius,
469 5159 778 5218 Ticinensis
808 5165 943 5217 ante
987 5179 1206 5218 annum
1241 5164 1344 5219 520
1389 5161 1707 5234 episcopus,
1741 5177 1840 5233 ge-

198 5257 436 5313 minam
464 5251 614 5312 cerei
638 5255 920 5329 paschalis
948 5253 1414 5312 benedictionem
1443 5254 1750 5330 scripserit.

273 5351 341 5407 In
368 5349 580 5406 Missali
594 5351 734 5406 item
759 5349 1283 5422 Gothicogallicano
1305 5349 1521 5407 occurit
1537 5349 1842 5406 Benedictio

196 5462 342 5504 cera:
368 5443 519 5502 beati
549 5445 854 5514 Augustini
877 5447 1133 5517 episcopi,
1161 5461 1326 5516 quam
1362 5446 1541 5502 adhuc
1579 5445 1842 5500 diaconus

198 5559 330 5600 ann
352 5545 510 5603 esset,
540 5539 712 5595 edidit
733 5543 784 5595 et
811 5541 1020 5603 cecinit,
1048 5539 1151 5594 sub
1175 5539 1284 5594 hoc
1307 5539 1570 5596 exordio:
1593 5538 1844 5594 Exsultat

188 5637 322 5706 jam
355 5635 608 5703 angelica
649 5633 812 5689 turba
846 5634 1116 5702 caelorum,
1159 5637 1292 5702 etc.,
1336 5637 1400 5689 ut
1440 5632 1616 5689 modo
1649 5632 1707 5688 in
1739 5649 1842 5688 usu

201 5729 476 5784 habetur.
505 5730 566 5784 In
591 5727 716 5785 Mss.
740 5727 1052 5796 nonnullis,
1076 5731 1214 5800 puta
1233 5727 1292 5784 in
1314 5727 1678 5784 Noviomensi
1699 5727 1844 5782 aliis-

203 5841 344 5901 que,
371 5821 532 5883 idem
569 5822 732 5880 istius
767 5821 1188 5882 benedictionis
1214 5823 1414 5880 titulus
1450 5821 1697 5898 legitur;
1727 5823 1843 5881 Au-

2323 4603 2504 4651 NOTlE
2545 4604 2624 4649 ET
2665 4601 3192 4653 OBSERVATIONES.

2010 4691 2217 4748 Avulso
2241 4707 2356 4746 uno
2382 4687 2522 4746 item
2544 4688 2704 4758 folio,
2729 4690 2892 4746 deest
2910 4691 3100 4763 prima
3129 4690 3320 4748 Lectio
3341 4692 3415 4748 ad
3434 4691 3574 4750 mis-

1941 4802 2085 4853 sam,
2109 4802 2237 4858 qua:
2263 4783 2432 4840 lectio
2466 4783 2704 4840 indubie
2735 4787 2862 4840 erat
2886 4802 2954 4840 ex
2980 4785 3302 4858 Apocalysi,
3339 4786 3486 4843 sicut
3517 4791 3592 4846 et.

1942 4879 2069 4935 aliae
2096 4882 2422 4951 sequentes,
2456 4879 2631 4935 etiam
2670 4875 2729 4934 in
2757 4879 3129 4948 Mozarabico,
3163 4879 3221 4934 in
3258 4897 3372 4952 quo
3404 4879 3572 4936 lectio

1941 4973 2131 5046 prima
2150 4973 2210 5028 in
2227 4972 2320 5028 die
2337 4969 2792 5028 Resurrectionis
2813 4971 3042 5028 Domini
3060 4973 3304 5028 sumitur
3322 4990 3391 5028 ex
3413 4972 3572 5046 prin-

1942 5064 2090 5140 cipio
2111 5065 2500 5139 Apocalypsis,
2524 5066 2778 5122 secunda
2799 5082 2866 5122 ex
2893 5065 3081 5138 capite
3110 5083 3149 5121 ιι
3177 5068 3421 5122 Actuum
3441 5084 3576 5141 apo-

1942 5162 2250 5228 stolorum;
2279 5160 2653 5232 Evangelium
2681 5177 2748 5214 ex
2773 5159 3012 5215 Joannis
3033 5177 3159 5232 cap.
3191 5177 3280 5216 xx.
3313 5163 3392 5217 Ex
3424 5163 3576 5219 notis

1943 5254 2252 5311 numericis
2283 5256 2527 5327 apparet
2555 5253 2614 5309 in
2634 5253 2994 5310 Lectionario
3028 5257 3224 5312 nostro
3255 5256 3441 5312 nullas
3468 5274 3573 5330 pro

1943 5349 2240 5406 Dominica
2254 5348 2485 5404 Paschaa
2501 5347 2775 5404 lectiones
2787 5348 2862 5404 ad
2873 5347 3104 5421 Vigilias
3123 5364 3225 5405 seu
3234 5349 3576 5408 Matutinum

1943 5443 2264 5517 assignatas
2300 5442 2474 5522 fuisse
2499 5457 2513 5509 ;
2544 5457 2650 5498 nec
2679 5442 2924 5498 fortasse
2953 5446 3182 5516 tempus
3209 5443 3331 5500 istis
3357 5445 3576 5518 Vigiliis

1937 5537 2303 5594 celebrandis
2331 5536 2621 5610 reliquum
2642 5552 2766 5592 esse
2794 5538 3042 5609 poterat,
3065 5554 3194 5594 cum
3221 5538 3418 5596 omnia
3447 5553 3575 5610 quae

1943 5631 2204 5705 superius
2234 5631 2306 5687 de
2347 5631 2600 5688 Sabbato
2639 5634 2840 5688 sancto
2877 5631 3196 5701 retulimus,
3235 5633 3294 5688 in
3331 5631 3574 5686 multam

1944 5728 2177 5784 noctem
2201 5725 2696 5798 protraherentur.
2729 5725 2857 5783 Alia
2885 5725 3031 5782 ratio
3064 5730 3150 5780 est
3180 5725 3251 5780 de
3289 5718 3580 5781 monaste-

1945 5820 2066 5895 riis,
2097 5821 2157 5877 in
2183 5821 2389 5896 quibus
2414 5818 2734 5896 baptismus
2759 5838 2878 5880 non
2902 5817 3326 5879 conferebatur.
3359 5817 3422 5874 In
3446 5817 3578 5878 Nis-
