4054 6188
479 271 590 327 ’199

487 479 681 534 Postea
708 481 758 533 si
778 479 952 547 fuerit
974 477 1176 540 oblata,
1195 476 1416 544 agendas
1435 480 1564 530 sunt
1589 477 1785 538 missa,
1808 480 1859 530 et
1888 491 2116 530 commu-

1273 268 1608 327 APPENDIX
1643 267 1732 325 AD
1767 267 1991 326 OPERA
2025 267 2258 326 SANCTI
2293 266 2593 326 GERMANI
2629 266 3054 325 PARISIENSIS.

489 377 592 434 sali
621 373 922 435 Gelasiauo
961 377 1222 435 notanda
1255 380 1343 432 est
1386 377 1616 432 rubrica
1653 377 1726 432 de
1767 376 2070 449 baptizatis
2101 394 2114 432 :
2137 393 2198 467 Α

3740 266 3852 322 200

2496 374 2728 440 Epistola
2749 373 2893 425 Pauli
2915 370 3137 438 apostoli
3163 370 3230 423 ad
3252 369 3567 423 Corinthios.

2291 459 2534 526 Fratres,
2568 457 2788 530 primus
2834 456 3010 512 homo
3055 455 3128 510 de
3185 457 3342 509 terra
3383 457 3668 520 terrenus,
3714 455 3852 520 etc.,

488 546 784 638 nicat;sin
800 577 999 634 autem,
1019 571 1176 625 dabis
1195 571 1244 624 ei
1263 573 1476 624 tantum
1501 569 1857 624 Sacramenta
1878 571 2116 640 corporis
2214 568 2384 622 usque
2426 551 2614 607 Labor
2665 552 2854 605 VeSter
2919 565 3036 604 non
3094 551 3182 603 θδί
3228 547 3416 603 inanis
3472 546 3533 601 in
3579 546 3852 602 Domino'

489 671 541 720 et
587 667 873 734 sanguinis
925 665 1143 725 Christi,
1186 663 1368 717 dicens
1403 681 1420 718 :
1456 665 1660 732 Corpus
1687 665 1903 718 Domini
1944 665 2120 718 nostri

493 757 543 831 1
559 757 685 829 44
705 760 829 812 Jesu
841 757 1041 811 Christi
1057 758 1130 810 sit
1158 756 1258 811 tibi
1279 758 1339 810 in
1357 758 1525 810 vitam
1543 761 1818 811 azternam.
1840 756 1945 811 Ubi
1967 772 2118 810 com-

491 851 690 905 munio
719 849 822 903 sub
862 865 978 902 una
1011 848 1196 920 specie
1235 849 1571 904 Scramenta
1601 849 1856 920 corporis
1892 852 1952 903 et
1983 865 2112 903 san-

493 942 680 1014 guinis
705 941 912 998 Christi
944 943 1282 1013 appellatur.
1305 941 1413 1007 Qui
1439 943 1594 997 locus
1619 943 1908 997 notandus
1932 945 2020 996 est
2043 941 2118 996 ad

491 1035 854 1108 probandam
893 1036 996 1090 sub
1037 1053 1153 1090 una
1183 1035 1370 1107 specie
1411 1037 1902 1103 communionem,
1945 1040 2004 1089 et
2045 1035 2118 1090 ad

492 1129 707 1184 similes
740 1130 895 1185 locos
926 1129 1310 1200 explicandos,
1347 1129 1443 1184 ubi
1495 1131 1826 1185 communio
1865 1129 2119 1200 corporis

493 1225 552 1276 et
575 1223 872 1294 sanguinis
897 1222 1102 1278 Christi
1133 1239 1251 1277 non
1282 1239 1414 1277 raro
1445 1240 1548 1294 pro
1581 1240 1696 1277 una
1733 1223 1898 1294 panis
1930 1221 2118 1294 specie

491 1316 754 1372 sumitur.
804 1323 816 1332 '

559 1409 906 1465 Praeclarum
941 1411 1125 1464 exstat
1153 1409 1548 1481 fragmentum
1581 1425 1648 1464 ex
1679 1426 1947 1465 sermone
1973 1409 2119 1464 Aviti

493 1502 742 1575 episcopi
773 1502 1130 1570 Viennensis,
1159 1502 1218 1556 in
1246 1503 1339 1558 die
1369 1503 1618 1571 Paschse,
1651 1503 1748 1558 ubi
1786 1504 1907 1558 haec
1947 1503 2122 1558 verba

491 1595 698 1652 Christi
728 1595 964 1651 nomine
993 1596 1066 1651 ad
1096 1597 1413 1668 apostolos:
1433 1596 1762 1652 «Universis
1785 1597 1961 1668 igitur
1975 1597 2119 1650 ferte

493 1705 621 1761 quin
641 1689 880 1744 sumitis.
899 1689 1063 1754 Quod
1075 1706 1291 1745 mensas
1313 1689 1796 1762 apposui,mundo
1806 1687 2118 1745 transmisi.

2217 646 2266 718 (Ι
2289 648 2408 702 Cor.
2431 664 2522 713 xv,
2551 645 2756 716 47-58.)

2385 738 2561 789 Lectio
2585 737 2753 788 sancti
2777 735 3033 800 Evangilii
3053 735 3343 787 secundum
3366 735 3680 786 Johannem.

2289 819 2498 874 Diebus
2525 819 2652 885 illis,
2681 821 2808 872 erat
2827 821 3021 872 autem
3041 817 3275 888 quidam
3297 817 3580 888 languens
3608 817 3861 871 Lazarus

2219 930 2253 968 a
2284 912 2581 979 Bethania,
2605 915 2736 978 etc.,
2757 927 2927 981 usque
2951 911 3021 964 Et
3037 910 3302 964 viderant
3328 927 3454 981 quae
3480 909 3635 978 fecit,
3665 907 3860 964 credi-

2220 1007 2430 1060 derunt
2455 1005 2514 1060 in
2545 1022 2698 1060 eum.
2724 1006 2899 1076 (Joan.
2928 1021 3004 1072 xl,
3041 1003 3214 1075 1-45.)

2596 1113 2778 1157 ΝΟΤΑΕ
2819 1113 2896 1156 ET
2939 1111 3470 1158 OBSERVATIONES.

2293 1191 2485 1266 146
2512 1194 2573 1246 Ιιι
2601 1191 2954 1248 Mozarabico
2989 1208 3193 1246 omnes
3221 1191 3422 1263 primae
3451 1191 3755 1247 Lectiones
3783 1191 3865 1247 ad

2220 1287 2455 1342 missam
2483 1304 2549 1342 ex
2575 1287 2937 1360 Apocalypsi,
2971 1287 3237 1342 secunda:
3269 1303 3338 1340 ex
3364 1287 3596 1342 Actibus
3621 1291 3864 1359 aposto-

2220 1383 2428 1450 lorum,
2462 1400 2496 1436 a
2529 1383 2752 1437 Pascha
2781 1382 2856 1437 ad
2895 1381 3306 1436 Ascensionem
3341 1399 3353 1436 :
3394 1382 3454 1436 in
3491 1382 3863 1438 Lectionario

2223 1481 2419 1533 nostro
2445 1478 2526 1532 ita
2553 1477 2786 1549 passim,
2825 1493 2942 1532 non
2969 1480 3166 1532 tamen
3195 1493 3442 1548 semper.
3477 1477 3716 1533 Concilii
3748 1479 3866 1532 To-

2219 1571 2396 1626 letani
2428 1587 2482 1624 IV
2508 1587 2696 1626 canon
2730 1573 2794 1625 16
2821 1570 2924 1626 sub
2957 1569 3114 1641 gravi
3149 1570 3622 1626 interminatione
3653 1569 3869 1625 deﬁnit

2222 1667 2286 1718 ut
2309 1664 2454 1718 liber
2481 1663 2852 1736 Apocalypsis
2891 1681 2924 1718 a
2948 1663 3159 1719 Pascha
3198 1679 3368 1734 usque
3405 1664 3481 1719 ad
3511 1665 3877 1727 Pentecosten,

492 1783 668 1852 Calix,
701 1799 875 1856 quem
893 1800 993 1838 vos
1017 1783 1280 1854 gaudetis
1306 1787 1584 1856 gustasse,
1605 1787 1942 1839 cunctorum
1964 1785 2068 1838 est.
2091 1804 2120 1834 »

2249 1760 2515 1814 nissarum
2540 1763 2774 1827 tempore
2805 1757 2864 1811 in
2884 1757 3148 1812 Ecclesiis
3176 1757 3538 1828 praedicetur.

594 1895 802 1966 [XLIIL
843 1911 1093 1951 LEGENDA
1131 1911 1288 1951 FERIA
1329 1913 1368 1950 ιι
1408 1913 1640 1964 ΡΑεειιλε,
1680 1913 1750 1951 AD
1789 1895 2028 1965 MISSAHJ

702 1988 878 2038 Lectio
906 1988 1246 2054 Apocalypsis
1274 1988 1414 2040 beati
1437 1989 1646 2040 Ioannis
1666 1987 1906 2054 apostoli.

495 2130 724 2188 candidi
749 2134 1030 2203 tanquam
1053 2132 1188 2186 lana
1213 2132 1363 2198 alba,
1388 2134 1446 2186 et
1465 2135 1746 2203 tanquam
1767 2131 1882 2199 nix,
1903 2135 1959 2186 et
1979 2131 2126 2186 oculi

496 2223 618 2296 ejus
659 2225 814 2280 velut
851 2225 1089 2280 ﬂamma
1130 2224 1301 2296 ignis,
1350 2229 1482 2293 etc.,
1535 2241 1705 2295 usque
1741 2224 1906 2290 Quod
1949 2227 2036 2279 est
2066 2224 2124 2279 in

495 2316 762 2389 paradiso
793 2318 895 2373 Dei
925 2317 1060 2372 mei.
1095 2317 1288 2389 (Apoc.
1324 2335 1362 2385 ι,
1395 2317 1537 2389 2-7.)

893 2410 1068 2460 Lectio
1097 2414 1318 2460 Actuum
1353 2410 1726 2474 apostolorum.

566 2491 847 2563 Tempore
876 2488 994 2559 illo,
1029 2495 1186 2546 stans
1217 2495 1412 2546 autem
1443 2493 1642 2546 Petrus
1673 2508 1802 2546 cum
1835 2490 2124 2560 undecim,

493 2585 702 2641 levavit
731 2600 931 2639 vocem
957 2601 1141 2653 suam,
1175 2587 1306 2653 etc.,
1341 2601 1511 2656 usque
1545 2585 1899 2640 Testilicatus
1933 2588 2037 2653 est,
2071 2589 2130 2640 et

499 2677 909 2734 exhortabatur
933 2695 1050 2733 eos.
1082 2678 1224 2748 (Act.
1261 2696 1320 2746 ιι,
1355 2678 1563 2751 14-20.)

685 2769 858 2820 Lectio
883 2771 1051 2820 sancti
1075 2770 1343 2836 Evangelii
1367 2771 1657 2822 secundum
1692 2773 1940 2822 Marcum.

567 2855 630 2908 In
661 2851 758 2907 illo
784 2855 1066 2922 tempore,
1095 2851 1272 2906 Maria
1291 2856 1486 2907 autem
1511 2851 1847 2924 Magdalene
1875 2856 1934 2908 et
1956 2852 2129 2908 Maria

493 2945 708 3017 Joseph
735 2944 1108 3016 aspiciebant,
1145 2945 1240 2999 ubi
1279 2948 1595 3016 poneretur
1633 2946 1910 3001 Dominus
1945 2948 2126 3015 Jesus,

473 3041 630 3106 etc.,
660 3053 831 3107 usque
854 3038 980 3092 Non
1007 3037 1379 3092 crediderunt
1403 3039 1474 3093 ei.
1500 3039 1690 3111 (Marc.
1725 3056 1815 3108 xv,
1848 3041 1936 3107 47,
1960 3056 2130 3111 usque

497 3146 610 3186 xvr.
643 3133 726 3185 11.

643 3133 726 3185 11.

597 3173 610 3200 ’
735 3129 752 3201 )
874 3219 1054 3264 NOTAE
1105 3221 1182 3264 ΕΤ
1225 3221 1757 3267 OBSERVATIONES.

570 3299 640 3355 Et
671 3297 763 3355 hic
793 3300 1050 3354 avulsum
1093 3303 1179 3354 est
1218 3317 1398 3356 unum
1436 3301 1660 3369 folium,
1690 3302 1962 3374 deestque
2003 3301 2132 3356 ﬁnis

497 3393 790 3467 Evangelii
822 3393 1300 3466 quodlegebatur
1327 3395 1386 3450 in
1418 3395 1510 3450 die
1534 3396 1784 3464 Paschee,
1813 3413 1942 3451 cum
1967 3395 2130 3451 initio

493 3488 780 3546 Lectionis
801 3505 868 3542 ex
881 3488 1222 3560 Apocalypsi
1241 3505 1346 3561 pro
1383 3489 1528 3544 feria
1549 3489 1820 3545 secunda.
1843 3493 1904 3544 In
1927 3490 2130 3545 Missali

497 3583 734 3639 Gothico
774 3598 875 3636 seu
917 3581 1209 3638 Gallicano
1254 3583 1377 3637 haec
1422 3583 1596 3638 missa
1639 3583 1718 3638 ita
1759 3583 2126 3640 inscribitur:

495 3677 668 3732 Missa
692 3676 1040 3732 matutinalis
1066 3692 1170 3746 per
1203 3681 1370 3732 totam
1401 3678 1608 3733 Pascha
1632 3693 1739 3748 pro
1751 3669 2005 3748 parvu‘lis
2034 3680 2133 3749 qui

496 3772 681 3824 renati
707 3774 852 3824 sunt.

680 3909 682 3911 ›
749 3870 920 3926 XLIV.
947 3881 956 3886 '
985 3886 1232 3926 LEGENDA
1302 3889 1460 3927 ream
1525 3889 1586 3928 ιιι
1648 3889 1878 3930 pascua.

793 3960 970 4013 Lectio
999 3962 1300 4028 Apocalysis
1329 3964 1581 4015 Johannis
1603 3967 1842 4030 apostoli.

573 4041 622 4118 1
638 4043 763 4118 45
783 4045 902 4116 Ego
917 4043 1196 4100 Johannis
1209 4043 1289 4099 fui
1307 4044 1366 4098 in
1392 4044 1613 4116 spiritu,
1643 4051 1702 4101 et
1726 4047 1915 4102 audivi
1930 4064 2130 4104 vocem

501 4138 792 4195 dicentem
829 4137 971 4192 mihi
1005 4153 1019 4192 :
1051 4138 1273 4210 Angelo
1322 4137 1587 4195 Zimirna:
1633 4141 1886 4196 ecclesiae
1925 4142 2126 4211 scribe,

501 4237 818 4304 etc.,usque
847 4231 1139 4288 Calcolum
1165 4231 1571 4302 candidum,et
1592 4233 1649 4288 in
1677 4235 1892 4291 calcolo
1915 4253 2130 4292 nomen

498 4343 732 4384 novum.
766 4327 956 4399 (Apoc.
993 4341 1052 4393 ιι,
1083 4325 1257 4398 8-17).
1289 4327 1494 4383 Eadem
1518 4329 1577 4383 in
1601 4330 1960 4386 Mozarabico.

492 4424 500 4429 '
901 4416 1077 4471 Lectio
1103 4422 1322 4470 Actuum
1349 4421 1726 4485 apostolorum.

2295 1853 2356 1906 In
2381 1851 2573 1906 Africa
2603 1855 2864 1922 tempore
2890 1851 3072 1906 sancti
3095 1851 3398 1922 Augustini
3425 1854 3673 1923 quatuor
3689 1868 3867 1908 evan-

2225 1945 2443 2018 gelista:
2461 1962 2495 2000 a
2523 1945 2615 2000 die
2635 1944 2927 2000 Paschatis
2947 1944 3309 2015 legebantur,
3325 1962 3471 2000 unus
3491 1949 3620 2017 post
3639 1947 3826 2000 alium
3849 1963 3863 2000 :

2229 2060 2258 2088 ‹‹
2288 2039 2480 2093 Prima
2520 2038 2676 2092 enim
2721 2037 2814 2092 die
2843 2038 2991 2092 lecta
3025 2041 3110 2091 est
3156 2039 3498 2094 resurrectio
3538 2037 3867 2093 secundum

2223 2132 2554 2210 Ma‘tthaaum
2575 2148 2588 2198 ;
2612 2130 2724 2186 alio
2748 2130 2840 2184 die
2863 2129 3180 2185 secundum
3199 2131 3440 2198 Lucam;
3462 2132 3633 2186 tertio
3659 2147 3870 2186 secun-

2228 2225 2365 2280 dum
2394 2225 2644 2280 Marcum
2669 2243 2682 2293 ;
2721 2227 2946 2296 quarto,
2989 2223 3050 2277 id
3081 2227 3185 2291 est,
3213 2224 3506 2293 hesterno,
3537 2226 3868 2280 secundum

2223 2325 2528 2378 Joannem.
2562 2345 2590 2372 »
2624 2325 2708 2378 Ita
2748 2322 3101 2394 Augustinus
3131 2323 3189 2378 in
3232 2341 3500 2380 sermone
3541 2325 3644 2378 247
3696 2340 3868 2379 novae

2227 2408 2515 2484 editio'nis,
2557 2416 2654 2487 qui
2703 2419 2790 2470 est
2829 2419 2893 2471 18
2923 2417 2982 2471 in
3025 2417 3226 2472 diebus
3259 2417 3638 2488 paschalibus.
3681 2419 3869 2472 Paulo

2227 2511 2395 2565 aliter
2418 2510 2902 2581 evangelistarum
2924 2509 3066 2566 ordo
3085 2527 3144 2564 se
3169 2511 3347 2566 habet
3371 2511 3430 2566 in
3455 2511 3717 2582 ejusdem
3737 2528 3864 2566 ser-

2227 2619 2400 2658 mone
2431 2607 2553 2659 232.

2492 2717 2665 2770 XLVI.
2729 2733 2976 2774 LEGENDA
3037 2734 3194 2774 FERIA
3249 2735 3284 2772 v
3347 2735 3576 2774 pascua.

2533 2809 2708 2860 Lectio
2733 2811 3073 2875 Apocalypsis
3096 2810 3302 2862 Ioannis
3320 2811 3558 2876 apostoli.

2297 2892 2580 2962 Tempore
2620 2891 2736 2958 illo,
2767 2908 2876 2963 ego
2919 2891 3197 2947 Johannis
3225 2893 3358 2960 vidi,
3389 2896 3448 2946 et
3491 2909 3618 2948 ecce
3659 2895 3868 2965 Agnus

2229 2984 2417 3039 stabat
2445 3001 2616 3056 super
2644 2989 2904 3040 montem
2933 2985 3092 3054 Sion,
3124 2989 3256 3054 etc.,
3289 3002 3458 3057 usque
3493 2988 3561 3041 Et
3595 3003 3758 3042 mare
3809 2992 3873 3042 et

2230 3078 2420 3133 fontes
2448 3095 2750 3150 aquarum.
2785 3081 2973 3151 (Apoc.
3002 3097 3114 3148 xiv,
3151 3080 3280 3152 1-7.)

2633 3173 2805 3223 Lectio
2829 3176 3052 3224 Actuum
3072 3174 3444 3238 apostolorum.

2300 3253 2579 3326 Tempore
2611 3254 2730 3322 illo,
2760 3255 2961 3309 Petrus
2991 3259 3049 3310 et
3075 3255 3350 3310 Johannis
3378 3255 3775 3310 ascendebant
3805 3256 3866 3312 in

2229 3349 2530 3418 templum,
2565 3351 2695 3416 etc.,
2734 3363 2902 3419 usque
2933 3351 3002 3404 Et
3026 3349 3428 3404 convertimini
3467 3353 3530 3404 ut
3554 3349 3870 3406 deleantur

2229 3445 2466 3512 peccata
2493 3445 2700 3497 vestra.
2735 3441 2879 3515 (Act.
2915 3460 2997 3512 ιιι,
3029 3443 3193 3515 1-19.)

2387 3534 2562 3585 Lectio
2588 3535 2752 3585 sancti
2779 3536 3044 3601 Evangelii
3075 3536 3368 3588 secundum
3394 3536 3700 3588 Iohannem.

2303 3615 2511 3671 Diebus
2543 3616 2671 3684 illis,
2700 3633 2815 3672 una
2846 3617 3080 3672 Sabbati
3105 3619 3278 3673 Maria
3321 3619 3656 3691 Magdalene
3703 3621 3868 3675 venit

2229 3727 2403 3766 mane
2434 3727 2564 3765 cum
2594 3710 2780 3784 adhuc
2809 3711 3064 3767 tenebrae
3103 3717 3313 3781 essent,
3347 3717 3478 3780 etc.,
3513 3728 3684 3784 usque
3714 3712 3868 3778 Quia

2232 3805 2508 3876 oporteril'.
2534 3821 2668 3859 eum
2697 3822 2732 3860 a
2769 3806 3010 3860 mortuis
3050 3823 3184 3862 eum
3213 3823 3536 3878 resurgere.
3565 3808 3744 3879 (Joan.
3769 3823 3864 3876 xx,

2233 3901 2340 3952 1-9.

2347 3899 2364 3970 )
2522 3971 2717 4026 XLVII.
2759 3987 3007 4027 LEGENDA
3045 3989 3202 4028 FERIA
3239 3988 3294 4026 v1
3334 3989 3564 4028 ΡΑεειω.

2453 4063 2630 4114 Lectio
2687 4065 3027 4130 Apocalypsis
3092 4065 3343 4116 Iohannis
3398 4065 3639 4131 apostoli.

2299 4145 2577 4216 Tempore
2610 4144 2727 4214 illo,
2751 4162 2861 4218 ego
2889 4147 3167 4202 Johannis
3191 4147 3380 4203 audivi
3406 4165 3605 4204 vocem
3633 4148 3703 4204 de
3721 4149 3870 4206 sede
3893 4151 3900 4158 ’

2232 4242 2446 4311 dicens,
2480 4246 2612 4312 etc.,
2640 4261 2811 4315 usque
2839 4247 2903 4300 In
2932 4246 3152 4302 femore
3179 4263 3281 4302 suo
3307 4247 3602 4316 scribtum,
3620 4247 3740 4303 Rex
3771 4265 3869 4304 re-

2233 4349 2390 4406 gum,
2432 4337 2490 4388 et
2517 4335 2796 4390 Dominus
2833 4335 3278 4392 dominantium.
3305 4337 3496 4410 (Apoc.
3537 4353 3649 4405 xxx,
3683 4339 3872 4411 5-16.)

2637 4434 2810 4486 Lectio
2839 4438 3058 4486 Actunm
3081 4436 3453 4500 apostolorum.

570 4504 851 4580 Tempore
874 4501 991 4570 illo,
1019 4517 1332 4573 exsurgens
1356 4501 1558 4558 Petrus
1581 4501 1640 4558 in
1671 4504 1865 4560 medio
1887 4505 2208 4588 fratrumD
2303 4513 2490 4586 147
2531 4515 2810 4587 Tempore
2849 4516 2968 4584 illo,
3009 4533 3322 4590 exsurgens
3361 4522 3556 4573 autem
3593 4518 3878 4592 princeps

504 4595 662 4663 dixit,
695 4599 820 4650 erat
849 4597 1042 4651 autem
1059 4595 1228 4650 turba
1243 4595 1566 4665 hominum,
1595 4601 1726 4667 etc.,
1746 4613 1917 4669 usque
1933 4600 2001 4654 Et
2026 4617 2129 4655 an-

503 4692 839 4744 numeratus
859 4691 946 4744 est
961 4704 1093 4744 cum
1109 4686 1378 4743 undecim
1399 4691 1692 4761 apostulis.
1713 4691 1854 4762 (Act.
1871 4709 1910 4760 I,
1931 4693 2130 4766 15-26.)

691 4783 866 4832 Lectio
887 4781 1052 4833 sancti
1080 4781 1346 4846 Evangelii
1370 4783 1660 4833 secundum
1696 4785 1944 4836 Marcum.

573 4865 636 4918 In
657 4863 766 4918 illis
793 4863 1014 4930 diebus,
1049 4862 1271 4917 duobus
1302 4862 1590 4934 discipulis
1617 4864 1846 4920 Domini
1865 4868 1997 4922 Jesu
2017 4883 2134 4922 am-

501 4957 833 5014 bulantibus
863 4959 1127 5012 ostensus
1173 4957 1259 5010 est
1291 4954 1350 5009 in
1393 4955 1505 5010 alia
1546 4957 1760 5028 effigie,
1797 4963 1928 5029 etc.,
1963 4977 2133 5031 usque

503 5051 848 5108 Sermonem
873 5050 1255 5106 conﬁrmante
1294 5049 1666 5120 sequentibus
1702 5051 1898 5124 signis.
1938 5053 2129 5126 (Marc.

501 5160 614 5212 xvx,
659 5143 870 5214 12-20.)
897 5145 966 5198 In
1010 5143 1348 5198 Mozarabico
1385 5145 1740 5212 Evangelium
1773 5162 1842 5200 ea:
1879 5148 2028 5203 Luca
2067 5149 2134 5204 de

503 5236 710 5292 duobus
740 5237 1028 5306 discipulis
1057 5236 1308 5291 euntibus
1332 5237 1391 5292 in
1414 5227 1761 5294 Emmaunta.

824 5348 972 5404 XLV.
1013 5365 1260 5404 LEGENDA
1299 5365 1456 5406 manu
1496 5366 1551 5404 IV
1589 5365 1818 5408 pascam.

753 5435 928 5487 Lectio
971 5436 1313 5502 Apocalypsis
1353 5438 1599 5490 Iohannis
1643 5440 1884 5506 apostoli.

572 5517 854 5590 Tempore
896 5517 994 5573 illo
1026 5534 1136 5590 ego
1164 5519 1440 5574 Johannis
1475 5519 1590 5576 vidi
1621 5521 1681 5577 in
1719 5521 2014 5580 dexteram
2043 5541 2132 5580 se-

503 5611 692 5669 dentis
738 5627 910 5685 supra
961 5613 1237 5668 thronum
1281 5613 1511 5682 librum,
1566 5619 1698 5684 etc.,
1731 5632 1902 5689 usque
1943 5618 2134 5676 Gloria

503 5709 563 5766 et
585 5707 840 5781 potestas
871 5706 931 5763 in
956 5707 1165 5763 saecula
1198 5707 1556 5776 seculorum,
1587 5725 1777 5768 amen.
1816 5711 2007 5784 (Apoc.
2040 5730 2130 5783 xv,

493 5807 680 5883 1—13.)

2231 4609 2614 4677 sacerdotum,
2667 4612 2725 4664 et
2771 4627 2972 4666 omnes
3015 4611 3113 4682 qui
3157 4628 3288 4666 cum
3339 4612 3436 4667 illo
3485 4616 3671 4680 erant,
3727 4616 3875 4682 etc.,

2231 4718 2402 4772 usque
2448 4703 2556 4758 Pro
2602 4703 2836 4759 nomine
2887 4706 3019 4760 Jesu
3070 4705 3277 4761 Christi
3330 4705 3665 4762 contumilia
3718 4707 3872 4778 pati.

2233 4795 2377 4867 (Act.
2410 4812 2465 4864 ν,
2494 4797 2694 4869 17-41.)

2389 4889 2564 4940 Lectio
2587 4891 2752 4942 sancti
2788 4890 3054 4957 Evangelii
3077 4895 3366 4946 secundum
3399 4895 3702 4947 Iohannem.

2303 4968 2514 5025 Diebus
2546 4971 2674 5039 illis,
2701 4973 2875 5028 Maria
2904 4975 3094 5030 stabat
3135 4977 3208 5032 ad
3249 4984 3693 5036 monumentum
3725 4981 3885 5038 foris

2232 5065 2486 5136 plorans,
2537 5068 2668 5134 etc.,
2708 5083 2879 5138 usque
2917 5068 3042 5124 Vidi
3085 5071 3416 5143 Dominum,
3456 5077 3512 5128 et
3558 5075 3684 5130 hinc
3725 5076 3888 5133 dixit

2232 5159 2395 5214 mihi.
2429 5159 2604 5231 (Joan.
2627 5177 2717 5229 xx,
2749 5163 2950 5234 11-18.)

2465 5274 2682 5329 XLVIII.
2724 5292 2972 5332 LEGENDA
3009 5294 3099 5334 DIE
3139 5296 3360 5337 SABBATI
3399 5296 3631 5339 pascua.

2505 5367 2680 5418 Lectio
2704 5370 3044 5436 Apocalypsis
3063 5372 3310 5424 Iohannis
3345 5377 3584 5440 apostoli.

2303 5448 2583 5522 Tempore
2613 5450 2732 5520 illo,
2755 5467 2865 5524 ego
2890 5453 3169 5511 Johannis
3192 5455 3308 5512 vidi
3333 5458 3538 5514 caelum
3563 5474 3786 5514 novum
3817 5465 3894 5516 et

2233 5543 2457 5614 terram.
2493 5560 2722 5613 novam,
2756 5548 2888 5615 etc.,
2918 5563 3089 5629 usque
3120 5549 3362 5607 Ardenti
3389 5551 3512 5624 igni
3543 5556 3602 5608 et
3627 5552 3888 5625 solfore,

2234 5636 2390 5706 quod
2412 5641 2498 5692 est
2524 5654 2682 5694 mors
2711 5640 2982 5697 secunda.
3008 5641 3200 5715 (Apoc.
3223 5661 3336 5714 xxI,
3367 5647 3506 5719 1-8.)

2503 5732 2731 5798 Epistola
2753 5735 2900 5786 Pauli
2923 5737 3144 5802 apostoli
3168 5739 3235 5788 ad
3259 5740 3575 5792 Corinthios.

2306 5814 2548 5883 Fratres,
2563 5817 2796 5872 cottidie
2819 5820 3038 5876 morior
3055 5837 3161 5893 per
3174 5827 3424 5882 vestram
3438 5826 3708 5898 gloriam,
3734 5835 3863 5890 etc.
3877 5875 3894 5904 ,
