4054 6188
172 265 281 319 205

1271 258 1358 319 DE
1396 259 1707 318 LITURGIA
1743 259 2115 317 GALLICANA
2152 259 2350 316 LIBER
2389 259 2453 314 II.

3445 259 3547 314 206

174 371 444 439 Magister
475 370 628 434 bone,
667 369 804 442 quid
833 371 1044 439 faciens
1091 373 1262 428 vitam
1293 376 1549 426 aeternam
1570 370 1899 454 posside-.A
1919 368 2228 441 TheOphile
2281 357 2414 437 etc.,
2459 382 2631 438 usque
2653 363 3140 432 Quemadmodum
3165 363 3380 421 vidistis
3417 381 3548 421 eum

184 465 292 519 bo?
320 467 434 519 etc.

245 557 435 613 Tertia
460 553 575 628 die‘,
597 557 936 630 supplicatio
956 558 1278 614 instituitur
1301 574 1405 630 per
1429 557 1698 614 undecim
1725 573 1818 613 ec-

179 651 408 720 clesias;
440 655 498 707 et
522 651 584 706 in
608 652 828 724 quinta,
873 669 1000 724 quae
1042 655 1127 708 est
1163 653 1236 708 ad
1271 656 1531 708 sanctum
1567 653 1817 708 Lauren-

181 745 346 812 tium,
376 745 590 801 dicitur
614 745 752 800 item
778 763 812 800 a
835 745 1106 801 diacono:
1130 747 1341 804 Parcite
1358 745 1592 814 fabulis,
1617 748 1675 799 et
1693 744 1821 800 reli-

181 855 290 910 qua
315 843 382 894 ut
406 855 610 910 supra;
632 844 826 910 postea
849 839 1218 912 Evangelium
1246 839 1562 895 secundum
1588 839 1817 906 Lucam,

179 934 348 987 Homo
371 933 602 1003 quidam
617 934 808 988 habuit
832 933 966 988 duos
990 935 1153 1004 ﬁlios,
1181 937 1288 989 etc.
1317 934 1444 988 Haec
1467 947 1583 987 non
1613 948 1818 1004 parum

179 1025 512 1082 conducunt
551 1027 624 1082 ad
661 1026 1065 1084 illustrandum
1108 1026 1524 1084 Lectionarium
1560 1029 1820 1082 nostrum

179 1119 552 1176 Gallicanum.

245 1214 392 1270 Aliis
425 1215 597 1270 etiam
627 1215 825 1270 diebus
849 1215 1063 1271 ﬁebant
1090 1215 1149 1270 in
1172 1215 1362 1272 Galliis
1390 1214 1668 1286 ejusmodi
1681 1230 1816 1286 sup-

177 1303 540 1375 plicationes,
567 1303 630 1358 in
657 1303 994 1376 Epiphania,
1025 1304 1383 1372 Ascensione,
1411 1309 1468 1359 et
1509 1303 1696 1375 prima
1729 1302 1819 1358 die

177 1397 540 1453 Novembris.
570 1398 648 1453 De
677 1396 995 1470 Epiphania
1021 1399 1178 1454 testis
1199 1403 1282 1454 est
1300 1395 1609 1468 Gregorius
1637 1396 1696 1450 in
1719 1395 1816 1450 Ili-

177 1492 374 1547 storiae
401 1491 502 1546 lib.
535 1509 567 1543 v
591 1507 716 1562 cap.
745 1491 777 1546 4
807 1511 820 1546 :
855 1511 883 1543 «
913 1491 1144 1548 Interim
1181 1490 1408 1546 advenit
1441 1490 1562 1546 dies
1596 1493 1820 1544 sanctus

177 1585 540 1658 Epiphaniae,
571 1589 630 1640 et
658 1584 750 1639 hic
779 1586 1168 1657 (Roccolenus)
1189 1584 1374 1657 magis
1401 1600 1464 1639 ac
1488 1583 1673 1655 magis
1697 1589 1817 1638 tor-

176 1677 348 1750 queri
405 1677 598 1750 coapit.
638 1677 890 1751 Denique
938 1694 1070 1734 cum
1121 1679 1423 1750 psallentes
1465 1677 1534 1733 de
1587 1677 1823 1732 ecclesia

1921 466 2150 518 euntem
2172 462 2233 517 in
2259 463 2484 517 coelum.
2517 461 2659 529 (Act.
2685 479 2722 530 ι,
2757 461 2932 531 1-11).

2217 563 2447 628 Epistola
2469 562 2615 614 Pauli
2637 561 2860 626 apostoli
2884 560 2950 610 ad
2975 560 3246 624 Ephesios.

1991 651 2230 719 Fratres,
2265 649 2495 705 obsecro
2520 665 2617 703 vos
2643 665 2749 720 ego
2774 647 2994 702 vinctus
3027 645 3086 700 in
3115 645 3379 715 Domino,
3409 649 3541 715 etc.,

1919 759 2088 814 usque
2104 744 2162 798 In
2176 759 2503 798 mensuram
2515 741 2694 797 aetatis
2705 739 3073 814 plenitudinis
3088 737 3312 794 Christi.
3323 739 3338 809 (
3349 740 3546 808 Ephes.

1921 853 1993 908 Iv,
2025 838 2196 910 1-13).

2083 937 2259 990 Lectio
2283 938 2450 988 sancti
2471 934 2742 1001 Evangelii
2766 935 3054 987 secundum
3079 935 3386 986 Iohannem.

1993 1026 2052 1078 In
2095 1024 2192 1078 illo
2233 1029 2510 1096 tempore,
2561 1022 2704 1078 dixit
2746 1021 3022 1076 Dominus
3061 1024 3220 1077 Jesus
3266 1018 3552 1092 discipulis

1919 1118 2070 1174 suis:
2112 1117 2313 1186 Filioli,
2365 1117 2552 1172 adhuc
2587 1101 2881 1172 modicum
2926 1115 3216 1170 vobiscum
3250 1130 3398 1184 sum,
3444 1117 3551 1168 etc.

1921 1212 2098 1282 (Joan.
2145 1229 2266 1281 xm,
2314 1212 2526 1282 33-35.)
2585 1212 2717 1264 Tum
2769 1213 2926 1266 Joan.
2983 1225 3095 1278 xxv,
3145 1208 3308 1276 1-14;
3353 1223 3416 1262 ac
3459 1207 3548 1261 de-

1917 1323 2064 1362 mum
2101 1307 2231 1360 Luc.
2277 1321 2424 1375 XXIV,
2460 1305 2654 1372 49-53,
2703 1304 2953 1360 desinens
2993 1305 3114 1357 sic:
3149 1300 3465 1356 Laudantes
3499 1304 3555 1354 et

1919 1399 2315 1456 benedicentes
2336 1399 2538 1454 Deum.

2031 1504 2158 1558 LIX.
2199 1517 2445 1556 LEGENDA
2478 1516 2566 1554 DIE
2604 1516 2866 1555 DOMINICO
2895 1515 3019 1554 POST
3042 1513 3433 1553 ASCENSIONEH.

2325 1593 2500 1644 Lectio
2528 1597 2750 1644 Actuum
2775 1592 3150 1657 apostolorum.

1989 1683 2264 1752 Tempore
2286 1679 2406 1747 illo,
2437 1695 2568 1734 cum
2589 1678 2836 1733 venisset
2850 1677 3059 1732 Paulus
3087 1677 3396 1748 Ephesum,
3421 1680 3553 1744 etc.,

175 1771 398 1845 egressi
425 1773 498 1828 ad
537 1773 828 1828 basilicam
869 1773 1095 1844 (nempe
1133 1772 1203 1828 de
1241 1771 1475 1827 ecclesia
1513 1752 1896 1826 cathedraliB
1920 1791 2089 1845 usque
2129 1773 2372 1848 Spiritus
2423 1788 2672 1844 nequam
2713 1771 3154 1842 egrediebantur
3197 1787 3303 1840 per
3346 1785 3558 1825 nomen

176 1865 506 1920 Turonensi
535 1866 606 1920 ad
633 1865 922 1920 basilicam
949 1865 1129 1920 sancti
1158 1864 1396 1938 Martini)
1428 1869 1818 1936 properarent,

179 1957 275 2013 hic
303 1963 436 2030 post
461 1975 710 2026 crucem,
732 1958 1185 2030 praseedentibus
1210 1957 1410 2030 signis,
1439 1973 1588 2029 equo
1622 1973 1819 2029 super-

180 2052 406 2124 positus
442 2051 749 2108 ferebatur.
785 2073 813 2100 n
853 2053 1045 2124 Itaque
1081 2051 1142 2106 in
1181 2051 1288 2105 illis
1321 2050 1824 2122 supplicationibus

179 2145 640 2218 praeferebantur
661 2160 800 2200 crux
829 2149 886 2200 et
911 2145 1093 2216 signa,
1120 2144 1208 2200 uti
1232 2143 1404 2198 etiam
1436 2159 1608 2213 nunc,
1641 2143 1701 2198 id
1737 2147 1823 2198 est

183 2239 412 2296 vexilla.
447 2236 600 2294 Idem
624 2239 924 2310 Gregorius
949 2238 1017 2293 de
1057 2237 1392 2294 Ascensione
1428 2237 1488 2292 in
1530 2238 1660 2292 libri
1684 2237 1822 2292 item

186 2350 216 2386 v
240 2350 370 2406 cap.
404 2336 462 2389 ll
493 2351 508 2388 :
541 2351 570 2385 α
599 2331 699 2387 Die
723 2336 914 2387 autem
939 2331 1126 2400 beato,
1157 2331 1366 2403 inquit,
1394 2348 1507 2404 quo
1547 2331 1823 2386 Dominus

188 2428 259 2484 ad
286 2427 455 2483 caelos
483 2429 613 2500 post
637 2426 1000 2496 redemptum
1025 2425 1322 2480 hominem
1342 2424 1596 2480 ascendit
1623 2425 1825 2496 glorio-

185 2539 309 2592 sus,
357 2538 492 2578 eum
532 2520 795 2576 sacerdos
835 2520 900 2592 (Is
939 2521 1023 2575 est
1061 2518 1255 2574 Avitus
1286 2518 1585 2591 episcopus
1619 2522 1820 2575 Arver—

187 2616 400 2686 nensis)
427 2615 498 2670 de
525 2614 754 2670 ecclesia
797 2615 869 2670 ad
899 2613 1187 2669 basilicam
1222 2613 1515 2684 psallendo
1552 2614 1822 2685 procede-

190 2715 302 2776 ret,
347 2712 456 2764 etc.
501 2710 581 2764 Ex
615 2709 708 2764 his
759 2707 1083 2780 colligimus
1121 2705 1180 2760 in
1217 2706 1513 2762 Gallicanis
1555 2706 1694 2762 olim
1734 2723 1822 2762 ec-

191 2804 375 2860 clesiis
397 2802 574 2858 moris
591 2803 761 2858 fuisse
782 2807 847 2858 ut
866 2801 1080 2857 similes
1103 2799 1540 2872 supplicationes
1563 2800 1625 2854 in
1645 2801 1824 2872 majo-

1919 1867 2140 1924 Domini
2163 1869 2294 1922 Jesu
2323 1865 2548 1922 Christi.
2581 1866 2722 1937 (Act.
2751 1881 2906 1935 xvm,
2941 1867 3032 1934 22,
3063 1879 3232 1934 usque
3268 1880 3380 1934 x1x,
3412 1866 3516 1934 l2).

2086 1968 2262 2020 Lectio
2291 1967 2456 2018 sancti
2477 1966 2748 2032 Evangelii
2771 1964 3062 2016 secundum
3087 1965 3392 2015 Iohannem.

1995 2058 2055 2110 ln
2109 2055 2203 2108 illo
2249 2059 2524 2125 tempore,
2570 2051 2804 2108 elevavit
2842 2051 3115 2106 Dominus
3161 2052 3318 2106 Jesus
3365 2049 3560 2105 oculos

1923 2165 2052 2204 suos
2081 2149 2140 2202 in
2165 2147 2369 2202 coelum
2397 2153 2452 2202 et
2494 2145 2678 2201 dixit:
2719 2147 2884 2201 Pater
2922 2145 3078 2200 venit
3117 2143 3277 2214 hora,
3320 2143 3561 2198 clariﬁca

1924 2241 2132 2298 Filium
2156 2246 2341 2309 tuum,
2371 2244 2502 2311 etc.,
2527 2255 2697 2310 usque
2717 2241 2786 2295 Ut
2806 2237 3031 2294 dilectio
3051 2254 3163 2310 qua
3183 2237 3428 2293 dilexisti
3445 2253 3558 2309 me,

1923 2337 1982 2392 in
2001 2336 2136 2408 ipsis
2156 2336 2246 2405 sit,
2269 2340 2326 2391 et
2352 2351 2458 2406 ego
2484 2334 2544 2388 in
2570 2333 2724 2404 ipsis.
2755 2333 2942 2403 (Joan.
2957 2349 3090 2402 xvu,
3118 2333 3295 2402 1-26.)

2303 2451 2482 2496 NOTAE
2523 2450 2603 2494 ET
2645 2448 3156 2495 OBSERVATIONES
3167 2477 3179 2490 .

1999 2531 2190 2606 156
2222 2534 2284 2586 In
2319 2530 2492 2585 missa
2532 2528 2896 2584 Ascensionis
2927 2528 3114 2600 prima
3147 2527 3336 2582 Lectio
3375 2530 3462 2582 est
3495 2543 3560 2581 ex

1925 2629 2079 2682 Novo
2118 2627 2506 2690 Testamento,
2550 2623 2608 2676 id
2649 2625 2734 2676 est
2773 2639 2839 2676 ex
2867 2621 3102 2675 Actibus
3129 2621 3560 2690 apostolorum;

1927 2721 1985 2776 in
2014 2717 2363 2774 Mozarabico
2391 2733 2458 2770 ex
2483 2715 2669 2786 capite
2703 2731 2757 2768 IV
2775 2713 3164 2784 Apocalypsis,
3193 2715 3306 2780 Ego
3328 2715 3562 2768 Joannes

1925 2817 2015 2883 fui
2033 2816 2091 2868 in
2120 2813 2342 2882 spiritu,
2367 2815 2417 2865 et
2439 2809 2576 2871 vidi,
2611 2811 2718 2862 etc.
2741 2806 2932 2861 Lectio
2956 2805 3210 2860 secunda
3231 2803 3291 2859 in
3315 2805 3563 2861 Mozara-

191 2898 348 2954 ribus
372 2898 552 2967 festis,
579 2902 644 2952 ut
677 2897 868 2965 modo,
901 2897 1122 2952 ﬁerent.
1158 2897 1309 2952 Alias
1343 2894 1586 2950 Litanias
1623 2893 1830 2950 indixit
1928 2906 2054 2961 bico
2082 2905 2288 2960 eadem
2323 2906 2410 2958 est
2443 2918 2572 2956 cum
2609 2903 2806 2955 nostra
2832 2899 3051 2970 prima;
3083 2898 3458 2969 Evangelium
3497 2913 3562 2952 ex

193 2992 498 3047 concilium
543 2989 918 3060 Lugdunense
961 3006 998 3044 ιι
1052 3006 1265 3046 canone
1314 2992 1344 3044 6
1377 3007 1390 3044 :
1438 2991 1504 3044 Ut
1545 2990 1604 3042 in
1647 2990 1826 3060 prima

1945 2999 2162 3054 Ioannis
2183 2997 2367 3069 capite
2399 3012 2510 3062 xv1,
2544 2995 2697 3050 Vado
2714 2993 2788 3048 ad
2813 3009 2933 3048 eum
2949 2994 3045 3062 qui
3067 2993 3216 3046 misit
3239 3007 3340 3046 me.
3365 2989 3566 3045 Diﬁ'ert

195 3086 533 3141 hebdomada
571 3088 703 3140 noni
739 3087 960 3148 mensis,
997 3085 1094 3139 hoc
1133 3090 1210 3140 est
1249 3087 1376 3140 ante
1409 3082 1552 3138 diem
1584 3083 1826 3136 Domini-

205 3196 216 3198 -
240 3196 250 3198 _
277 3197 301 3198 η
383 3196 390 3198 l
412 3195 488 3198 η.-
536 3195 561 3198 μ-
576 3181 669 3198 αι--
686 3195 699 3198 -
760 3181 809 3198 ΕΑ-
870 3180 979 3198 3,---
1036 3195 1077 3198 μ-
1096 3194 1147 3198 ---
1162 3194 1178 3198 -
1193 3194 1207 3198 ,
1257 3178 1503 3198 _'l‘l--_-_-_°A
1581 3177 1604 3198 τ
1620 3176 1806 3198 ἐΔημέμ

1945 3093 2105 3148 etiam
2137 3091 2196 3146 in
2222 3089 2573 3148 Mozarabico
2611 3085 2866 3142 ofﬁcium
2910 3085 3098 3139 missae
3129 3101 3236 3156 pro
3267 3083 3565 3139 Dominica

2039 3190 2048 3198 .
2109 3187 2120 3198 Α
2311 3183 2321 3194 ο
2577 3181 2586 3191 ⁸
2694 3196 2787 3198 κη-
2848 3178 2977 3198 JdA-
3026 3181 3243 3198 L-_L-__-
3291 3177 3563 3198 I--11_----

194 3196 330 3244 cam,
368 3195 492 3250 qua:
525 3181 706 3249 primo
755 3181 814 3233 in
866 3180 984 3249 ipso
1031 3194 1210 3233 mense
1253 3178 1522 3238 iunxerit,
1573 3176 1825 3239 Litanize,

195 3275 333 3328 sicut
359 3277 490 3328 ante
513 3272 898 3327 Ascensionem
925 3273 1144 3326 Domini
1167 3273 1345 3327 sancti
1377 3272 1564 3325 Patres
1589 3271 1709 3340 ﬁeri
1735 3269 1826 3323 de-

197 3371 498 3432 creverunt,
531 3367 785 3436 deinceps
812 3366 881 3420 ab
908 3365 1157 3420 omnibus
1183 3365 1415 3420 ecclesiis
1445 3379 1537 3418 seu
1555 3362 1832 3433 parochiis

196 3462 551 3516 celebrentur.
585 3460 665 3514 lta
692 3463 966 3514 statutum
1001 3474 1152 3514 anno
1178 3461 1300 3514 567.
1330 3456 1579 3528 Denique
1607 3459 1832 3510 sanctus

197 3554 385 3610 Gallus
410 3558 797 3609 Arvernorum
836 3552 1090 3622 antistes,
1121 3568 1254 3607 cum
1287 3570 1314 3603 «
1341 3551 1463 3604 lues
1506 3548 1833 3621 inguinaria

199 3647 317 3716 (suo
339 3649 622 3720 tempore)
651 3662 756 3718 per
779 3645 1026 3720 diversas
1054 3635 1396 3716 (Galliarum)
1435 3643 1702 3712 regiones
1733 3642 1827 3697 de-

199 3742 438 3810 seviret,
460 3716 816 3812 Itogationes
847 3716 973 3794 illas
1009 3738 1274 3809 instituit,
1297 3743 1361 3792 ut
1379 3735 1565 3791 media
1581 3735 1829 3800 Quadra-

198 3836 432 3908 gesima,
455 3833 750 3905 psallendo
769 3833 840 3888 ad
861 3832 1154 3887 basilicam
1176 3831 1323 3886 beati
1341 3829 1548 3886 Iuliani
1566 3828 1832 3900 martyris

195 3927 399 3984 itinere
416 3927 668 4000 pedestri
696 3926 976 3982 venirent.
1006 3926 1149 3982 Sunt
1172 3929 1364 3980 autem
1392 3923 1452 3978 in
1483 3923 1588 3978 hoc
1629 3922 1832 3978 itinere

197 4021 357 4096 quasi
379 4021 568 4077 stadia
595 4023 718 4076 300.
749 4041 777 4069 ››
810 4019 974 4092 Apud
999 4018 1333 4092 Gregorium
1360 4017 1420 4072 in
1448 4017 1702 4072 Historia:
1728 4015 1825 4070 lib.

197 4132 252 4170 ιν
278 4133 402 4188 cap.
426 4119 480 4171 5.
519 4115 673 4170 Idem
702 4114 762 4168 in
789 4114 889 4169 lib.
912 4113 981 4168 de
1001 4113 1142 4168 Vitis
1161 4114 1414 4180 Patrum,
1433 4127 1557 4184 cap.
1588 4114 1638 4180 6,
1668 4126 1826 4165 men-

196 4209 413 4266 tionem
439 4209 576 4264 facit
603 4208 672 4264 de
707 4207 1116 4279 Rogationibus
1150 4205 1258 4260 illis
1293 4228 1320 4256 ‹‹
1354 4222 1482 4278 quae
1525 4203 1830 4278 quotannis

197 4301 410 4377 ubique
435 4303 502 4358 in
525 4301 792 4358 Paschate
810 4301 976 4356 ﬁunt.
1006 4321 1034 4350 »
1057 4299 1164 4355 Sed
1183 4299 1278 4354 hic
1297 4297 1578 4354 Paschatis
1596 4297 1832 4352 nomine

196 4393 638 4469 intelligendum
667 4399 753 4451 est
770 4388 994 4467 tempus
1013 4393 1154 4449 illud
1176 4392 1328 4466 quod
1349 4409 1383 4446 a
1401 4390 1830 4448 Resurrectione

1929 3190 2058 3258 post
2094 3183 2523 3249 Ascensionem,
2573 3181 2632 3236 in
2682 3196 2796 3252 quo
2839 3178 2981 3233 duas
3025 3181 3250 3232 tantum
3290 3177 3567 3232 lectiones

1928 3279 2246 3353 praescribit
2293 3275 2714 3332 Lectionarium
2743 3276 3024 3329 nostrum.
3063 3271 3230 3342 Apud
3260 3271 3562 3324 Paulinum

1929 3374 1990 3430 in
2017 3373 2192 3428 natali
2224 3374 2254 3426 9
2284 3371 2354 3425 de
2386 3373 2583 3424 sancto
2615 3367 2798 3422 Felice
2827 3364 3097 3420 Ascensio
3134 3363 3288 3418 inter
3315 3363 3566 3434 majores

1929 3466 2264 3523 festivitates
2291 3479 2410 3517 non
2436 3463 2792 3526 numeratur,
2827 3459 2927 3513 sed
2958 3460 3185 3511 tantum
3216 3457 3413 3510 Natale
3451 3456 3563 3509 Do-

1931 3560 2106 3628 mini,
2148 3555 2496 3629 Epiphania,
2543 3553 2781 3621 Pascha,
2824 3554 2881 3605 et
2918 3551 3304 3604 Pentecostes.
3345 3549 3562 3604 Confer

1933 3672 2002 3711 ea
2027 3670 2153 3725 quae
2192 3651 2435 3707 diximus
2465 3647 2628 3702 initio
2658 3645 2830 3716 hujus
2858 3643 3006 3698 libri.
3038 3645 3232 3698 Exstat
3263 3642 3562 3714 fragmen-

1930 3752 2054 3802 tum
2087 3762 2154 3800 ex
2183 3759 2448 3798 sermone
2466 3739 2611 3795 Aviti
2633 3738 2882 3812 episcopi
2895 3737 3235 3792 Viennensis
3257 3735 3328 3790 de
3348 3736 3560 3790 Ascen-

1931 3841 2091 3897 sione
2109 3836 2434 3904 Domini,de
2452 3852 2566 3907 qua
2577 3834 2753 3889 etiam
2767 3833 3016 3904 hymnus
3027 3829 3274 3886 Ennodii
3296 3829 3560 3886 habetur.

2163 3947 2264 4002 XL.
2306 3958 2554 4000 LEGENDA
2595 3958 2649 3996 IN
2689 3957 2889 3996 SANCTO
2937 3955 3322 3994 PENTECOSTEN.

2416 4035 2591 4087 Lectio
2621 4031 2768 4084 Iohel
2793 4032 3080 4098 prophetae.

2002 4128 2130 4182 Haec
2167 4122 2306 4180 dicit
2329 4121 2646 4178 Dominus:
2679 4119 2805 4175 Noli
2837 4119 3040 4174 timere
3079 4121 3255 4184 terra,
3289 4117 3478 4171 exulta
3507 4119 3565 4170 et

1930 4221 2146 4286 laetare,
2175 4221 2306 4286 etc.,
2344 4232 2514 4286 usque
2545 4213 2898 4271 lnvocaverit
2927 4227 3140 4266 nomen
3168 4208 3417 4277 Domini,
3452 4209 3562 4262 sal-

1930 4331 2030 4369 vus
2061 4313 2187 4379 erit,
2220 4311 2300 4366 ait
2323 4309 2602 4364 Dominus
2628 4309 2795 4362 Deus.
2830 4305 2979 4376 (Joel.
3019 4319 3078 4370 ιι,
3111 4301 3321 4372 21-32).

2324 4410 2502 4462 Lectio
2531 4412 2752 4460 Actuum
2779 4405 3157 4471 apostolorum.

195 4491 264 4547 ad
324 4490 748 4559 Ascensionem,
779 4489 897 4543 imo
925 4492 982 4544 et
1023 4489 1388 4543 Pentecosten
1418 4485 1686 4540 excurrit.
1723 4485 1827 4539 Ne-
1851 4499 1909 4572 D
2001 4503 2282 4572 Tempore
2325 4496 2443 4563 ίῃο,
2485 4511 2616 4550 cum
2657 4491 3086 4562 complerentur
3123 4488 3245 4543 dies
3281 4489 3560 4544 penteco-

195 4586 310 4640 scio
334 4602 411 4640 an
437 4585 510 4640 de
537 4583 629 4638 his
651 4581 1062 4655 Rogationibus
1086 4580 1490 4654 intelligendus
1509 4579 1583 4634 sit
1608 4579 1828 4634 Genna-

195 4679 274 4734 dii
297 4679 461 4734 locus
507 4694 578 4733 ex
622 4694 747 4750 cap.
794 4679 860 4732 99
903 4676 973 4731 de
1009 4675 1386 4748 Scriptoribus
1421 4671 1830 4743 ecclesiasticis,

195 4773 299 4828 ubi
320 4773 392 4828 de
415 4773 704 4827 Honorato
729 4769 1056 4827 Massiliensi
1086 4770 1346 4841 episcopo
1383 4767 1556 4823 etiam
1577 4771 1712 4822 tunc
1739 4781 1829 4821 su-

195 4865 435 4940 perstite
476 4882 673 4938 agens.
719 4887 747 4915 »
787 4863 1050 4934 Litanias,
1096 4862 1302 4934 inquit,
1351 4861 1422 4916 ad
1449 4860 1834 4916 inclinandam

197 4961 299 5016 Dei
329 4959 692 5016 clementiam
727 4974 856 5014 cum
889 4958 1057 5031 plebe
1097 4956 1204 5012 sibi
1241 4955 1452 5012 credita
1477 4971 1582 5026 pro
1621 4953 1835 5009 viribus

196 5053 340 5127 agit.
377 5077 406 5104 η
425 5054 625 5110 Avitus
644 5052 949 5108 Viennensi
969 5051 1030 5107 in
1046 5051 1140 5107 illo
1159 5049 1350 5106 triduo
1377 5047 1426 5122 1
1444 5047 1566 5122 55
1599 5047 1836 5104 totidem

200 5165 494 5205 sermones
519 5131 752 5218 habuit;
780 5163 850 5202 ex
883 5146 1088 5219 quibus
1127 5161 1278 5201 unus
1312 5143 1556 5216 integer,
1597 5141 1836 5196 aliorum

198 5259 338 5298 vero
363 5243 614 5298 duorum
641 5241 962 5313 fragmenta
985 5243 1226 5296 exstant.
1259 5239 1336 5294 De
1375 5235 1609 5292 Litaan
1644 5239 1840 5290 contra

199 5336 582 5393 barbarorum
628 5333 980 5390 incursiones
1029 5331 1366 5400 indicendis,
1421 5330 1703 5402 simulque
1769 5327 1840 5383 de

201 5431 459 5488 moribus
483 5427 837 5502 corrigendis
863 5431 1042 5484 exstat
1079 5425 1321 5500 insignis
1358 5423 1610 5498 Gregorii
1653 5421 1839 5494 Magni

203 5525 462 5599 epistola,
489 5539 704 5596 nempe
731 5522 797 5578 45
823 5522 923 5578 lib.
957 5537 1031 5577 Ix.

328 5625 507 5681 LVIII.
547 5636 799 5679 LEGENDA
838 5637 896 5676 IN
931 5635 1256 5677 ASCENSIONE
1285 5633 1476 5675 nomm
1515 5631 1704 5672 nos'm

829 5709 950 5749 JESU
989 5708 1214 5748 CHRISTI.

619 5763 798 5818 Lectio
821 5765 1043 5816 Actuum
1062 5762 1436 5828 apostolorum.

283 5835 544 5898 Primum
585 5835 819 5914 quidem
861 5851 1187 5894 sermonem
1223 5831 1331 5892 feci
1371 5833 1440 5890 de
1477 5829 1770 5902 omnibus,
1811 5847 1846 5889 ο

1932 4600 2078 4663 sten,
2101 4597 2234 4660 etc.,
2257 4605 2426 4660 usque
2476 4585 2828 4642 lnvocaverit
2858 4599 3072 4638 nomen
3093 4581 3344 4649 Domini,
3377 4582 3562 4638 salvus

1934 4689 2060 4745 erit.
2096 4687 2239 4760 (Act.
2275 4701 2334 4752 ιι,
2371 4681 2552 4758 1-21.)

2089 4765 2263 4840 Lectio
2285 4784 2454 4836 sancti
2473 4781 2740 4846 Evangelii
2771 4779 3067 4830 secundum
3091 4777 3376 4830 Iohannem

2006 4874 2214 4931 Diebus
2238 4871 2366 4939 illis,
2401 4869 2542 4925 dixit
2575 4866 2850 4924 Dominus
2886 4868 3048 4922 Jesus
3087 4863 3376 4936 discipulis
3408 4862 3558 4917 suis:

1937 4969 1993 5026 Si
2034 4966 2267 5040 diligitis
2305 4981 2422 5030 me,
2453 4961 2730 5018 mandata
2773 4977 2906 5016 mea
2936 4961 3179 5026 servate,
3227 4961 3359 5024 etc.,
3391 4971 3562 5027 usque

1935 5066 2008 5120 Ut
2055 5078 2184 5118 cum
2226 5061 2444 5116 factum
2483 5056 2674 5123 fuerit,
2708 5053 2972 5110 credatis.
3007 5053 3181 5125 (Joan.
3214 5067 3327 5113 XIV,
3361 5050 3562 5123 16-29.)

2307 5175 2488 5222 ΝΟΤᾸΞ
2529 5175 2608 5218 ΕΤ
2650 5167 3157 5216 OBSERVATIONES
3167 5199 3178 5212 .

2007 5259 2234 5314 Nullum
2260 5255 2352 5312 hic
2372 5253 2624 5312 ofﬁcium
2655 5249 3042 5323 praescribitur
3060 5267 3164 5321 pro
3194 5249 3389 5321 vigilia
3415 5251 3560 5305 Pen-

1940 5356 2200 5409 tecostes.
2242 5353 2329 5406 An
2358 5346 2741 5420 repetendum
2776 5362 2840 5399 ex
2877 5343 3070 5416 vigilia
3094 5344 3323 5399 Pascha;
3344 5343 3372 5399 ?
3399 5344 3566 5400 Certe

1937 5447 2143 5519 Vigilia
2179 5445 2545 5501 Pentecostes
2583 5440 2642 5495 in
2679 5438 3030 5498 Mozarabico
3063 5441 3298 5493 notatur
3336 5437 3410 5492 ad
3453 5438 3563 5493 No-

1941 5559 2096 5598 nam.
2116 5539 2282 5606 Quod
2294 5535 2499 5610 jejunii
2524 5534 2799 5590 indicium
2821 5536 2924 5602 est,
2949 5533 3108 5604 cujus
3134 5535 3332 5588 tamen
3345 5531 3568 5584 nullum

1942 5635 2096 5709 apud
2113 5633 2394 5690 Isidorum
2414 5629 2718 5702 vestigium
2742 5627 2994 5683 invenio.
3021 5627 3186 5684 Certe
3209 5639 3397 5696 neque
3413 5621 3570 5693 apud

1942 5728 2307 5788 Ambrosium
2332 5727 2392 5783 in
2423 5739 2693 5781 sermone
2738 5725 2826 5780 60.
2857 5723 3053 5794 Neque
3091 5718 3247 5773 enim
3285 5715 3597 5774 Ambrosii

1944 5825 2169 5883 videtur
2205 5839 2328 5879 esse
2364 5837 2554 5878 sermo
2585 5817 2701 5884 ille,
2737 5817 2897 5890 cm'us
2937 5815 3292 5883 fragmntum
3326 5808 3580 5870 refertur
