4054 6188
482 313 586 367 207
1268 294 1598 354 APPENDIX
1635 291 1722 348 AD
1760 289 1982 347 OPERA
2019 287 2254 346 SANCTI
2288 267 2588 344 GERMANl
2627 279 3054 339 PARISIENSIS.
3735 265 3842 324 208
3939 231 3966 239 ε

483 417 615 474 dist.
649 418 738 484 76,
771 429 896 485 cap.
925 413 978 480 9,
1009 407 1106 465 ubi
1131 409 1330 464 auctor
1353 405 1564 460 festum
1585 401 1952 456 Pentecostes
1980 413 2110 453 cum
2131 409 2191 483 Α
2210 395 2300 450 nis
2322 393 2608 466 Baptistae,
2633 407 2740 446 nec
2761 387 2935 445 etiam
2955 382 3276 458 proVigilia
3293 379 3424 438 festi
3448 376 3848 450 apostolorum

483 471 760 568 Paschate
781 471 1192 578 coinparando,
1218 499 1298 554 ait
1317 498 1376 554 in
1396 496 1602 568 vigiliis
1621 495 1918 565 utriusque
1941 493 2112 548 fuisse
2131 471 2191 483 ﬂ
2210 489 2362 545 Petri
2383 491 2442 543 et
2463 485 2650 552 Pauli;
2680 500 2869 555 neque
2898 482 3039 537 item
3065 479 3125 534 in
3151 475 3387 533 Gothico
3406 490 3507 529 seu
3528 471 3845 535 Gallicano,

477 563 808 679 ieiunatum
839 619 853 656 :
904 563 932 649 (ἒ
962 600 1116 653 Tunc
1149 563 1324 658 enim,
1359 563 1548 663 167
1594 589 1738 644 sicut
1763 563 1938 643 modo
1973 585 2108 640 feci-
2213 584 2314 638 sed
2343 584 2568 637 tantum
2594 596 2698 652 pro
2725 578 2847 650 ipso
2876 576 2968 630 die
2995 575 3160 630 festo.
3191 574 3252 626 In
3282 569 3488 625 Codice
3517 565 3700 637 regio,
3724 563 3848 634 qui,

483 716 632 765 mus,
674 691 1061 768 jejunavimus
1103 687 1376 752 Sabbato,
1409 683 1643 755 Vigilias
1677 679 2110 746 celebravimus,
2214 694 2282 731 ex
2311 675 2610 731 Gelasiano
2645 675 2704 726 et
2746 669 3102 742 Gregoriano
3151 664 3430 720 conﬂatus
3465 663 3570 726 est,
3603 662 3720 712 tres
3758 672 3855 710 ex-

485 749 632 765 _____,
674 749 754 768 δη,
1363 749 1371 752 .
1481 749 1507 755 -

485 789 837 848 orationibus
883 783 1290 857 pernoctantes
1329 777 1656 833 institimus.
1709 797 1736 826 ››
1773 777 1834 829 In
1872 773 2115 828 Mozara—
2214 772 2370 824 stant
2395 767 2605 834 missae,
2633 781 2843 836 nempe
2873 763 3047 818 missa
3083 761 3142 815 in
3166 756 3390 828 Vigilia,
3413 755 3555 808 item
3583 750 3762 805 missa
3789 749 3852 802 in

481 882 609 936 bico
648 875 838 932 Lectio
871 873 1059 946 prima
1100 887 1206 941 pro
1255 868 1347 923 die
1385 868 1752 922 Pentecostes
1787 879 1854 918 ex
1900 863 2116 932 Apoca—
2215 861 2408 918 media
2441 861 2629 928 nocte,
2667 862 2725 912 et
2764 857 2940 912 missa
2962 855 3020 909 in
3063 853 3174 908 die.
3212 849 3456 907 Consule
3484 843 3848 928 Menardum.

482 924 608 936 ...νυ
648 924 832 932 ..νη-τ
1103 924 1121 941 ι
1949 924 1969 932 -
2617 924 2623 928 γ
3576 924 3580 928 .

480 971 654 1045 lypsis
674 987 800 1040 cap.
833 983 967 1022 xxn.
1001 963 1192 1020 Lectio
1220 960 1473 1016 secunda
1499 958 1705 1014 eadem
1735 973 1865 1012 cum
1895 956 2112 1022 nostra,
2214 959 2276 1012 In
2305 954 2580 1028 praedicto
2601 951 2805 1008 Missali
2827 949 3068 1005 Gothico
3086 948 3221 1001 ante
3245 944 3460 999 festum
3479 937 3662 994 sancti
3680 938 3857 993 Joan-

482 1065 565 1120 uti
607 1067 666 1120 et
692 1061 883 1128 tertia,
923 1076 1053 1131 quae
1095 1057 1154 1112 in
1176 1053 1528 1111 Mozarabico
1557 1051 1786 1106 brevior
1829 1051 1934 1116 est,
1965 1047 2114 1102 desi-
2216 1049 2304 1105 nis
2332 1048 2578 1103 habetur
2607 1045 2781 1101 missa
2799 1044 2860 1098 in
2890 1040 3226 1098 Inventione
3248 1039 3461 1092 sanctae
3489 1031 3693 1100 crucis,
3723 1033 3853 1084 tum

481 1158 682 1230 nitque
717 1155 777 1210 in
805 1155 928 1209 haec
957 1151 1133 1206 verba
1163 1167 1177 1204 :
1203 1151 1325 1206 Non
1350 1147 1596 1202 turbetur
1620 1159 1710 1200 cor
1735 1147 1990 1205 vestrum,
2021 1156 2114 1196 ηε·
2216 1143 2392 1198 missa
2429 1139 2610 1196 sancti
2636 1138 2872 1196 Joannis
2908 1133 3151 1207 apostoli
3191 1133 3250 1185 et
3288 1126 3674 1198 evangelista,
3713 1125 3856 1177 ante

482 1268 586 1324 que
623 1250 898 1320 formidet.
939 1248 1002 1300 In
1033 1239 1392 1299 Lectionario
1435 1241 1632 1294 nostro
1675 1237 1986 1292 Paraclitus
2028 1233 2114 1287 di-
2215 1236 2586 1307 negationes,
2635 1249 2708 1288 ne
2749 1230 2888 1303 quid
2944 1229 3133 1283 dicam
3172 1224 3244 1279 de
3296 1222 3470 1277 missa
3515 1217 3855 1274 sanctorum

482 1362 647 1400 verso
688 1341 862 1398 modo
895 1337 1176 1404 scribitur,
1209 1334 1396 1407 primo
1427 1332 1662 1404 quidem
1702 1329 1980 1384 mendose
2007 1329 2114 1382 Pa-
2217 1329 2466 1385 Ferreoli
2489 1331 2547 1383 et
2586 1323 2962 1391 Ferrucionis,
2998 1337 3126 1392 quae
3151 1319 3283 1390 post
3303 1317 3702 1371 Pentecosten.

481 1439 748 1508 raclytus,
773 1433 982 1490 deinde
1014 1429 1224 1485 rectius
1251 1427 1588 1485 Paracletus.
1611 1425 1840 1480 Nullum
1863 1420 2116 1476 ofﬁcium
2332 1437 2504 1492 LXI".
2547 1449 2792 1490 LEGENDA
2832 1449 2888 1488 1N
2927 1445 3089 1485 ηδτο
3130 1441 3442 1482 SMC-town
3481 1439 3630 1478 ρετιυ
3678 1436 3743 1475 ετ

482 1529 872 1604 praescribitur
919 1542 1024 1598 pro
1072 1521 1444 1595 sequentibus
1487 1519 1707 1586 diebus,
1751 1515 1907 1588 quod
1961 1513 2116 1568 nulla
2946 1517 3122 1556 PAULI.

482 1579 621 1680 {uno
651 1627 851 1679 octava
877 1579 1244 1676 Pentecostes
1279 1579 1704 1669 celebraretur:
1768 1579 1789 1588 -
2311 1676 2329 1680 _
2360 1594 2548 1680 Bafsig
2571 1595 2872 1680 sanctorum
2904 1589 3262 1678 apostolorum
3285 1584 3502 1680 Petrinet
3527 1579 3692 1680 Pauli.

494 1725 502 1732 ’
606 1737 731 1792 LXI.
773 1749 1018 1788 LEGENDA
1056 1744 1291 1786 pnoxnm
1326 1741 1585 1780 DOMINICA
1625 1739 1752 1778 POST
1791 1736 1983 1776 PENTE-
2218 1673 3087 1792 LA1§9_T:TPFE:IEOAEET
3117 1668 3382 1792 jfnisft
3651 1676 3853 1792 3:];-

1184 1753 1291 1782 JMA
1329 1753 1585 1780 UUMliVle
1625 1753 1744 1778 ι”υδι
1792 1753 1983 1776 rnnur
3817 1753 3829 1763 ,

1184 1813 1402 1852 εοετεκ,
2139 1794 2195 1868 Β
2218 1772 2355 1826 hem
2381 1772 2646 1844 Romam,
2675 1765 3073 1822 convenerunt
3115 1762 3189 1818 ad
3227 1777 3360 1816 eum
3403 1773 3605 1814 omnes
3644 1753 3854 1816 Judaei,

819 1894 1050 1960 Epistola
1071 1891 1217 1942 Pauli
1236 1847 1457 1954 apoeieli
1481 1887 1548 1937 ad
1569 1885 1790 1936 Galatas.
2140 1847 2195 1868 ν
2219 1866 2476 1960 (licentes
2505 1881 2518 1918 :
2547 1863 2812 1918 Nostram
2843 1859 3040 1924 fidem,
3082 1855 3140 1910 in
3182 1871 3296 1927 qua
3326 1855 3624 1960 natusoes1
3665 1847 3858 1960 ipsam

557 1986 802 2050 Fratres,
843 1993 1220 2053 quaecumque
1271 1972 1640 2029 seminaverit
1663 1971 1860 2038 homo,
1895 1969 2017 2022 haec
2064 1969 2121 2021 et
2221 1957 2488 2013 defende.
2517 1957 2643 2011 Non
2673 1958 2760 2008 est
2781 1953 2935 2007 enim
2948 1951 3191 2022 justum,
3221 1949 3284 2002 ut
3313 1963 3442 2001 cum
3482 1944 3556 1998 sis
3581 1942 3862 1998 Hebraeus

485 2081 687 2145 metet,
740 2079 872 2144 etc.,
917 2087 1086 2143 usque
1123 2069 1432 2126 Crucifixus
1473 2069 1578 2134 est,
1627 2068 1685 2120 et
1723 2081 1832 2136 ego
1875 2061 2116 2117 mundo.
2221 2069 2287 2107 ex
2308 2049 2558 2106 Hebrmis
2585 2047 2839 2114 veniens,
2873 2043 3136 2116 gentium
3167 2045 3224 2096 te
3243 2039 3587 2111 magistrum
3605 2035 3860 2108 judices,

725 2127 1012 2238 $114.3
1565 2127 1575 2134 ν
1759 2127 1790 2136 ν
2221 2148 2328 2200 etc.
2352 2146 2556 2201 Desinit
2575 2161 2592 2198 :
2613 2143 2683 2196 Et
2701 2135 3270 2212 comprehenderunt
3289 2150 3388 2188 eos
3411 2132 3472 2186 in
3499 2133 3622 2186 loco
3649 2128 3751 2200 qui
3779 2127 3867 2182 di-

643 2222 817 2319 Lectio
842 2222 1009 2315 sancti
1034 2259 1304 2325 Evangelii
1328 2257 1617 2310 secundum
1647 2253 1963 2306 Matthaum.
2221 2237 2368 2294 citur
2395 2235 2793 2300 Catacumbas,
2830 2232 2922 2287 via
2944 2229 3150 2302 Appia,
3174 2225 3440 2282 milliario
3465 2223 3666 2290 tertio;
3700 2225 3762 2276 et
3781 2222 3863 2276 ibi

487 2337 492 2342 I
558 2357 622 2408 In
650 2353 748 2408 illo
776 2355 1057 2422 tempore,
1087 2345 1393 2416 assumpsit
1415 2343 1692 2398 Dominus
1717 2341 1877 2396 Jesus
1900 2336 2117 2392 duode-
2221 2330 2502 2388 custodita
2514 2332 2647 2384 sunt
2659 2342 2903 2400 corpora
2917 2341 3070 2380 anno
3091 2340 3205 2378 uno
3225 2324 3283 2377 et
3296 2319 3590 2375 mensibus
3606 2319 3860 2388 septem,

489 2445 602 2500 cim
625 2413 932 2512 discipulos
963 2413 1094 2492 suos
1115 2413 1356 2500 secreto,
1383 2435 1440 2486 et
1469 2431 1547 2485 ait
1577 2429 1687 2484 illis
1715 2445 1729 2483 :
1753 2428 1810 2483 Si
1849 2427 1975 2498 quis
2003 2425 2122 2480 vult
2223 2441 2518 2498 quousque
2549 2421 2985 2478 fabrecarentur
3009 2419 3135 2473 loca
3163 2415 3223 2470 in
3255 2415 3460 2486 quibus
3488 2413 3724 2466 fuerunt
3753 2426 3862 2482 po-

486 2540 618 2612 post
655 2552 750 2590 me
792 2531 1008 2599 venire,
1051 2533 1182 2596 etc.,
1233 2542 1403 2598 usque
1459 2523 1775 2594 Unicuique
1805 2519 2120 2575 secundum
2223 2520 2332 2575 sita
2361 2533 2606 2589 corpora
2625 2531 2858 2582 eorum;
2883 2516 2942 2566 et
2966 2511 3046 2566 ibi
3071 2512 3336 2566 revocata
3357 2509 3490 2562 sunt
3517 2522 3651 2560 cum
3671 2504 3862 2576 gloria

488 2598 667 2703 bpera
697 2627 838 2699 ejus.
870 2623 1084 2696 (Matth.
1113 2637 1226 2688 XVI,
1259 2617 1464 2690 24-27.)
2223 2617 2281 2668 et
2306 2613 2656 2685 hymnorum
2682 2607 2925 2676 cantica,
2958 2609 3028 2675 et,
3045 2604 3232 2677 posita
3261 2601 3442 2657 sancti
3467 2599 3617 2656 Petri
3657 2598 3718 2652 in
3748 2599 3860 2652 Va-

865 2740 1047 2786 NOTAE
1089 2738 1167 2782 ET
1209 2731 1737 2781 OBSERVATIONES.
2223 2707 2434 2773 ticano,
2465 2704 2554 2759 via
2573 2702 2912 2768 Neumacia;
2937 2703 2995 2754 et
3021 2697 3201 2754 sancti
3226 2695 3378 2752 Petri
3408 2695 3466 2750 in
3489 2695 3579 2749 via
3607 2691 3861 2758 Ostensi,

556 2830 756 2886 Mirum
781 2829 868 2882 est
897 2841 1076 2879 unam
1103 2823 1194 2877 hic
1218 2817 1578 2876 Dominicam
1601 2816 2122 2888 postPentecosten
2224 2801 2296 2855 ab
2338 2799 2478 2853 urbe
2523 2799 2708 2853 Roma
2736 2794 3004 2850 milliario
3050 2790 3301 2847 secundo
3338 2807 3350 2845 :
3383 2789 3480 2844 ubi
3509 2787 3866 2860 prmstantur

486 2927 678 2980 locum
721 2879 958 2986 habere,
987 2933 1119 2971 cum
1157 2913 1408 2986 plurium
1461 2879 2018 2983 post-Epiphaniam
2068 2909 2127 2960 et
2221 2892 2506 2948 beneficia
2545 2890 2751 2947 Christi
2795 2906 2899 2962 per
2940 2886 3264 2943 orationem
3309 2899 3510 2939 eorum
3541 2881 3600 2936 in
3647 2879 3867 2934 saecula

487 3019 619 3089 post
657 3013 877 3069 Pascha
918 3008 1348 3065 Dominicarum
1396 3004 1586 3060 ofﬁcia
1625 3003 2008 3072 assignentur.
2037 3002 2124 3054 An
2225 2987 2588 3042 SiBClllOI‘um.

490 3109 602 3165 alio
627 3107 687 3162 in
712 3106 857 3160 libro
886 3119 989 3175 pro
1022 3101 1145 3156 aliis
1164 3098 1476 3155 Dominicis
1496 3095 1828 3169 praescripta
1856 3098 2024 3148 erant
2045 3094 2123 3148 of-

2515 3077 2746 3142 Epistola
2768 3075 2913 3126 Pauli
2939 3073 3161 3139 apostoli
3193 3071 3260 3123 ad
3282 3073 3556 3122 Romanos.

490 3148 602 3165 ωιυ
713 3148 856 3160 ..ων
886 3148 987 3175 ,μυ
1023 3148 1470 3156 mnu—“umn—
1781 3148 1812 3150 η
2825 3157 2835 3167 ,
3129 3154 3139 3164 .
3203 3153 3213 3163 .
3343 3152 3354 3163 .
3395 3151 3406 3161 .
3707 3149 3718 3160 .
3825 3148 3836 3160 .

488 3201 666 3257 ﬁcia?
706 3217 781 3254 an
809 3213 944 3252 vero
991 3212 1170 3250 unum
1209 3192 1462 3248 ofﬁcium
1495 3207 1600 3262 per
1628 3189 1768 3244 alias
1799 3163 2198 3244 DominicasC
2226 3254 2258 3266 η
2295 3161 2539 3265 Ϋτᾶίνξθδγ
2578 3175 2700 3264 ξιοη
2744 3173 2902 3266 θῐιιξη
2951 3157 3260 3266 3006131335.
3275 3154 3537 3266 spiritum:
3575 3153 3870 3266 servitutis

489 3291 900 3367 repetebatur?
924 3292 998 3344 At
1032 3289 1244 3343 frustra
1269 3285 1595 3358 appositum
1622 3283 1823 3338 fuisset
1851 3283 1908 3336 in
1937 3281 2120 3350 titulo,
2222 3254 2434 3310 iterum
2458 3253 2518 3309 in
2551 3253 2792 3367 timeret
2812 3253 2944 3367 etc,"
2965 3264 3132 3320 usque
3157 3245 3303 3367 Qui?
3327 3243 3642 3367 :ectmdum
3674 3244 3864 3298 Deum

2281 3349 2469 3367 ,,l,,‘l,l
2499 3363 2596 3367 _L_m
2639 3363 2766 3367 -----
2799 3345 2842 3367 Σ-
2917 3348 3037 3367 11..-...
3093 3359 3188 3367 ...σν
3295 3344 3306 3357 ⁹
3369 3345 3399 3367 ’Ἵ

490 3339 853 3367 ινιιν”ν·”·”“·-
878 3339 891 3346 “
924 3339 997 3344 "'
1032 3339 1075 3343 ““
1093 3339 1241 3343 ”““-“
1275 3339 1364 3358 "L’L
1396 3339 1405 3340 ί
2107 3339 2118 3350 1

481 3390 743 3462 proxima
782 3385 1066 3441 Dominica
1096 3387 1223 3452 post
1268 3383 1626 3435 Pentecosten.
1672 3379 1732 3431 ln
1776 3375 1980 3433 Missali
2021 3376 2125 3430 Go-

2266 3349 2476 3404 ostulat
2499 3363 2602 3418 pro
2635 3345 2864 3400 sanctis.
2890 3344 3060 3414 (Rom.
3093 3359 3208 3410 VIII,
3245 3339 3445 3410 15-27.)

2381 3443 2402 3462 τ
2424 3440 2553 3462 --A:-
2583 3437 2744 3462 --.ιιιιε
2774 3435 3038 3462 n..-n..-1::
3065 3433 3352 3462 ιςΛΛ-ιηιὶιιιω
3387 3432 3445 3462 ιι.

487 3479 932 3554 thicogallicano
979 3476 1348 3548 assignantur
1379 3491 1472 3528 sex
1503 3471 1690 3526 missae
1721 3469 2122 3526 Dominicales.

489 3577 642 3648 Ergo
674 3591 772 3628 eas
801 3571 985 3644 repeti
1011 3585 1244 3625 necesse
1278 3570 1420 3622 erat.
1464 3565 1622 3620 Idem
1662 3564 1720 3619 in
1751 3562 2123 3630 Mozarabico,

491 3669 552 3724 in
583 3685 696 3740 quo
731 3669 954 3737 septem
983 3664 1262 3718 duntaxat
1292 3661 1478 3715 missa:
1507 3659 1796 3714 habentur
1823 3661 1954 3730 post
1980 3658 2126 3711 Pen-

493 3763 752 3816 tecosten
793 3773 972 3828 usque
1019 3756 1094 3810 ad
1131 3753 1493 3810 Dominicam
1537 3755 1670 3806 ante
1697 3751 1984 3822 jejunium
2015 3750 2126 3806 Ka-

446 3893 465 3899 —
494 3853 801 3909 lendarum
851 3847 1278 3905 Novembrium.
1318 3849 1514 3918 Itaque
1563 3845 1975 3916 repetebantur
2018 3843 2128 3898 illm

496 3945 706 4012 missae,
742 3941 974 4016 quando
1014 3942 1160 3996 festa
1193 3941 1523 3994 sanctorum
1555 3937 1611 3992 in
1654 3936 1981 3993 Dominicas
2011 3953 2128 3992 non

2381 3440 2556 3491 Lectio
2583 3437 2749 3489 sancti
2774 3435 3042 3500 Evangelii
3064 3433 3358 3486 secundum
3386 3431 3703 3482 Mattbwum.

2296 3524 2360 3578 In
2403 3522 2499 3577 illo
2541 3525 2824 3592 tempore,
2871 3518 3073 3574 videns
3122 3514 3402 3572 Dominus
3439 3515 3600 3569 Iesus
3645 3512 3872 3578 turbas,

2229 3615 2486 3672 ascendit
2525 3615 2586 3670 in
2613 3615 2908 3680 montem;
2940 3615 3000 3666 et
3045 3627 3176 3666 cum
3217 3608 3475 3675 sedisset,
3504 3609 3878 3662 accesserunt

2229 3711 2304 3766 ad
2330 3727 2463 3766 eum
2484 3707 2746 3780 discipuli
2766 3708 2907 3779 ejus,
2937 3707 3070 3774 etc.,
3089 3720 3258 3775 usque
3279 3701 3612 3758 Gloriﬁcent
3635 3701 3877 3756 Patrem

2228 3805 2481 3860 vestrum
2513 3803 2610 3876 qui
2636 3802 2695 3857 in
2723 3801 2874 3856 caelis
2901 3801 3005 3855 est.
3035 3799 3253 3870 (Matth.
3283 3813 3338 3863 v,
3371 3794 3535 3866 1-16.)

2609 3913 2790 3960 NOTAE
2831 3914 2908 3958 ΕΤ
2951 3907 3488 3957 OBSERVATIONES.

2301 3992 2536 4051 Videtur
2560 3996 2685 4050 loco
2707 3993 2910 4066 primae
2935 3990 3198 4047 tectionis
3219 3987 3460 4044 recitata
3486 3985 3660 4040 fuisse
3679 3985 3879 4057 passio

496 4037 889 4095 incurrebant.

599 4147 727 4202 LX“
787 4159 1036 4200 manu
1073 4157 1129 4195 IN
1493 4157 1508 4169 η
1914 4169 1917 4171 _
2233 4091 2645 4162 apostolorum,
2686 4087 2792 4141 nisi
2839 4087 3062 4141 dicatur
3105 4084 3344 4139 recitata
3387 4081 3462 4136 ad
3507 4079 3878 4136 Matutinum.

733 4185 746 4200 .
928 4175 940 4198 ι
1167 4156 1509 4196 resrivrm'ri.
1549 4154 1734 4193 sum
1773 4153 2032 4192 IOHANNIS
2235 4184 2293 4202 η
2338 4181 2392 4202 γ,
2690 4181 2738 4202 ,η
2786 4181 2808 4202 π
2839 4179 3144 4202 ,Δίκῃ-,Α
3179 4179 3374 4202 MA“
3421 4173 3572 4202 1mm.
3616 4176 3862 4202 Μιηιη,

1183 4173 1509 4195 βιτιθιινιιειιιυ
1549 4173 1734 4193 ῠΔΑυιι
1773 4173 2032 4192 συιιιιιῐηιο

1183 4227 1460 4266 ωρτιετίε,
2233 4181 2398 4249 Quod
2446 4186 2646 4254 tamen
2689 4181 2747 4236 in
2786 4179 3148 4235 Lectionario
3179 4179 3378 4232 nostro
3421 4173 3576 4229 haud
3615 4176 3882 4228 notatur.

983 4300 1158 4353 Lectio
1185 4299 1333 4350 Esaia
1368 4297 1654 4363 pmphetm.
2232 4279 2296 4332 In
2339 4276 2428 4330 his
2461 4276 2614 4331 Actis
2646 4277 2915 4330 narratur
2957 4273 3255 4328 conﬂictus
3284 4268 3437 4324 Petri
3467 4284 3599 4322 cum
3636 4266 3885 4322 Simone

570 4386 764 4462 158
798 4388 928 4442 Haec
957 4384 1094 4440 dicit
1131 4361 1410 4438 Dominus
1439 4361 1896 4448 :PConsolamini,
1929 4395 2130 4435 conso-
2235 4388 2430 4444 mago,
2464 4371 2828 4442 referturque
2853 4369 2998 4423 falsa
3034 4365 3200 4421 Pilati
3241 4365 3312 4419 de
3340 4363 3564 4420 Christo
3591 4361 3667 4416 ad
3705 4361 3890 4416 Nero-

495 4482 718 4550 lamini,
754 4481 996 4553 populus
1015 4495 1198 4546 meus,
1220 4475 1357 4532 dicit
1380 4476 1532 4530 Deus
1559 4477 1762 4543 vester,
1797 4477 1928 4543 etc.,
1967 4489 2136 4544 usque
2155 4541 2204 4553 _
2237 4483 2374 4520 nem
2413 4463 2684 4537 epistola;
2715 4462 3036 4533 eodemque
3065 4475 3219 4514 anno
3251 4462 3309 4512 et
3335 4457 3427 4512 die
3458 4455 3610 4511 Petri
3632 4459 3690 4510 et
3717 4455 3892 4510 Pauli

497 4574 571 4631 Et
601 4541 916 4646 opusillius
947 4589 1144 4628 coram
1169 4541 1260 4638 eo,
1284 4571 1364 4625 ait
1394 4569 1672 4624 Dominus
1698 4541 1865 4624 Deus.
1895 4541 2132 4640 (ischia,
2155 4541 2215 4613 D
2238 4559 2446 4632 passio.
2475 4559 2671 4614 Altero
2717 4559 2846 4630 post
2882 4557 3118 4610 Petrum
3149 4569 3302 4608 anno
3333 4551 3492 4608 Pauli
3532 4548 3894 4620 martyrium

505 4643 672 4738 #20:)
912 4735 931 4738 _
1021 4733 1049 4738 Α
1128 4735 1135 4738 Α
1194 4737 1197 4738 ν
1492 4736 1498 4738 _
1541 4732 1555 4738 _
2238 4651 2508 4710 accidisse
2536 4651 2616 4708 ait
2641 4649 2948 4722 Gregorius
2974 4649 3034 4704 in
3065 4648 3162 4702 lib.
3196 4663 3216 4702 ι
3242 4647 3312 4701 de
3340 4643 3533 4700 Gloria
3563 4643 3895 4713 Martyrum

656 4732 664 4738 ”
911 4733 1086 4784 Lectio
1111 4735 1332 4784 Actuum
1358 4732 1730 4799 apostolorum.

2263 4765 2364 4819 :ap.
2396 4749 2484 4815 29,
2517 4743 2614 4818 qui
2643 4739 2887 4816 proinde
2919 4742 3042 4798 aliis
3075 4741 3215 4797 actis
3241 4757 3374 4794 usus
3399 4741 3503 4792 est.
3532 4737 3899 4792 Fortunatus

572 4821 784 4877 Diebus
823 4819 954 4887 illis,
985 4835 1228 4890 surgens
1258 4820 1485 4886 Paulus,
1530 4823 1588 4874 et
1623 4836 1802 4874 manu
1847 4818 2136 4874 silentium
2240 4818 2358 4896 non
2389 4841 2574 4895 solum
2619 4839 2824 4894 eodem
2858 4836 2972 4906 die,
3014 4835 3116 4890 sed
3146 4838 3204 4889 et
3242 4833 3451 4889 eodem
3489 4847 3644 4885 anno
3681 4847 3902 4902 passos

501 4915 764 4974 indicens
795 4913 893 4982 ait’
925 4914 1057 4979 etc"
1093 4927 1264 4982 usque
1293 4913 1365 4966 Ut
1393 4911 1468 4965 Sis
1492 4911 1550 4966 in
1573 4913 1816 4968 saluum
1851 4929 2030 4986 usque
2064 4911 2137 4966 ad
2239 4933 2411 4990 fuisse
2452 4932 2680 4988 videtur
2719 4947 2973 4988 asserere
3017 4929 3122 4985 sub
3163 4928 3341 4983 ﬁnem
3387 4923 3514 4980 libri
3547 4941 3607 4980 III
3644 4923 3718 4978 de
3761 4923 3904 4980 Vita

505 5013 826 5066 extremum
857 5011 1046 5062 terrae.
1077 5005 1218 5077 (Act.
1251 5021 1369 5073 XIII,
1403 5005 1603 5076 16-47.)
2241 5027 2422 5084 sancti
2451 5025 2697 5083 Martini.

713 5101 1373 5193 Fictmfancﬁummﬁelg
1395 5101 1686 5193 s‘fcundf“?
1712 5104 1922 5193 Lucam:
2096 5189 2106 5193 _
2457 5118 2570 5193 yria
2592 5132 2784 5193 nempe
2809 5117 2893 5168 die
2917 5131 3051 5192 quos
3069 5116 3448 5193 passiousancta
3463 5109 3665 5171 beavit,

577 5194 639 5245 In
671 5191 873 5246 diebus
897 5189 1138 5245 Herodis
1161 5188 1314 5261 regis
1343 5187 1556 5243 Judaeae
1588 5187 1696 5242 fuit
1727 5189 1992 5244 sacerdos
2013 5189 2125 5262 qui-

2457 5183 2523 5232 Et
2539 5195 2687 5232 sacra
2699 5174 2774 5232 sic
2792 5174 3034 5244 gemiiius
3052 5174 3276 5243 signavit
3287 5182 3526 5241 tempora
3551 5174 3760 5226 consul.

507 5285 664 5352 dam,
694 5283 929 5339 nomine
961 5283 1282 5352 Zacharias,
1323 5282 1394 5337 de
1420 5281 1541 5337 vice
1575 5281 1738 5350 Abia,
1772 5285 1880 5336 etc.
1911 5282 2058 5354 (Luc.
2099 5301 2137 5352 ι,
2243 5270 2436 5346 160
2450 5271 2648 5326 Νθδείο
2669 5266 2807 5342 quid
2821 5270 2926 5325 Sibi
2947 5265 3595 5338 veliﬁcathulﬁepistom
3619 5264 3692 5320 ad
3719 5265 3912 5321 Caro-

509 5377 676 5448 5-25.)
716 5378 918 5435 Deinde
958 5381 1084 5434 Luc.
1134 5394 1172 5445 1,
1233 5378 1435 5446 39-47;
1488 5382 1601 5432 tum
1663 5379 1788 5433 Luc.
1842 5393 1880 5444 ι,
1933 5379 2138 5446 56-67;
2241 5367 2362 5421 lum
2379 5367 2648 5437 Magnum
2679 5363 2928 5436 petentis
2950 5363 3010 5420 id
3045 5364 3116 5418 ab
3149 5379 3217 5418 eo
3247 5359 3537 5426 constitui,
3562 5363 3628 5414 ut
3652 5361 3912 5416 «sancti

503 5474 760 5543 Denique,
793 5471 1132 5525 Benedictus
1173 5470 1450 5526 Dominus
1487 5472 1637 5526 Deus
1666 5470 1899 5539 Israhel,
1922 5475 1972 5524 et
1995 5487 2138 5540 mam,
2241 5459 2393 5515 Petri
2407 5459 2736 5530 passionem
2755 5458 2814 5512 in
2825 5460 2948 5514 toto
2963 5456 3173 5530 (ipsius)
3187 5471 3370 5527 regno
3387 5452 3667 5508 celebrari
3685 5472 3715 5504 π
3731 5470 3919 5510 cura-

503 5568 654 5624 Puer
696 5568 890 5621 autem
921 5563 1232 5632 crescebat,
1281 5566 1412 5633 etc.,
1453 5568 1550 5636 qui
1591 5569 1669 5622 est
1707 5566 1933 5620 animus
1959 5580 2142 5622 υενεαε
2243 5556 2350 5622 ret,
2375 5570 2508 5608 cum
2529 5571 2597 5608 ex
2618 5553 2727 5608 hoc
2748 5551 3110 5606 Lectionario
3138 5549 3377 5620 aliisque
3399 5545 3753 5602 testimoniis
3763 5547 3918 5618 jam

507 5677 629 5735 cap.
663 5679 700 5718 I.
2243 5646 3084 5718 subMeroveadisregibushaec
3107 5641 3683 5699 celebritasinstituta
3695 5640 3920 5697 videa-

889 5747 1069 5793 ΝΟΤΑΞ
1109 5747 1188 5791 ΕΤ
1229 5747 1762 5792 OBSERVATIONES.
2243 5743 2354 5795 tur.
2377 5743 2572 5796 Exstat
2593 5741 2739 5796 Aviti
2759 5738 3099 5796 Viennensis
3123 5737 3374 5811 episcopi
3401 5736 3812 5807 fragmentum
3833 5752 3916 5792 ex

579 5837 741 5892 Nulla
766 5834 855 5890 hic
875 5833 1049 5890 missa
1077 5849 1181 5906 pro
1200 5832 1405 5907 Vigilia
1430 5833 1742 5890 nativitatis
1761 5833 1943 5890 sancti
1969 5835 2138 5890 Joan-
2242 5834 2480 5894 homilia
2507 5835 2661 5893 dicta
2686 5835 2746 5891 in
2766 5834 3003 5892 basilica
3033 5833 3214 5891 sancti
3239 5830 3412 5899 Petri,
3446 5845 3626 5903 quam
3654 5833 3922 5888 sanctus
