4032 6180
171 370 276 425 209

1271 364 1357 421 DE
1394 362 1706 421 LITURGIA
1744 361 2115 418 GALLICANA
2154 360 2353 417 LIBER
2390 357 2455 415 ll.

3437 354 3542 411 210

169 482 472 556 cpiscopus
522 481 857 538 Tarantasim
904 480 1173 538 condidit.
1219 480 1378 547 Quod
1423 480 1809 553 fragmentum
1830 487 1888 561 Α
1906 479 2119 548 laetare,
2156 483 2285 547 etc.,
2314 495 2480 549 usque
2498 480 2619 535 Non
2635 478 3013 537 confundetur
3028 476 3276 554 populus
3293 495 3456 538 meus
3479 479 3541 537 in

168 578 428 651 primum
461 581 549 632 est
572 577 633 632 in
667 576 860 632 Editis.
894 578 956 630 In
994 567 1239 631 basilicis
1267 574 1561 630 Gallicanis
1589 578 1808 630 sancto-

170 688 299 726 rum
326 671 487 727 Petri
532 674 591 727 et
630 670 787 725 Pauli
826 670 1105 742 imagines
1138 669 1302 742 pingi
1346 669 1616 723 solebant.
1654 668 1811 723 Unde

171 764 483 837 Gregorius
507 764 568 819 in
596 764 695 819 lib.
727 765 796 820 de
824 764 964 819 Vitis
988 765 1218 818 Patrum
1247 779 1367 834 cap.
1405 765 1468 817 12
1493 762 1685 817 laudat
1705 761 1813 816 ico-

169 859 321 913 nicas
362 859 788 931 apostolorum,
831 857 1186 930 aliorumque
1236 856 1597 926 Sanctorum,
1644 872 1814 927 super

166 968 308 1024 quas
337 952 679 1023 conscriptae
704 956 867 1008 erant
892 952 1115 1022 litterae,
1159 966 1359 1006 eorum
1395 949 1630 1005 nomina
1658 948 1810 1004 indi-

167 1052 364 1102 cantes
395 1047 472 1101 ad
498 1063 668 1101 usum
702 1046 1097 1118 spectantium.

301 1146 489 1201 LXIV.
529 1162 775 1201 LEGENDA
813 1162 871 1200 IN
908 1160 1160 1199 PASSIONE
1198 1159 1383 1199 SANCTI
1421 1158 1683 1198 IOHANNIS

862 1231 1141 1271 BAPTIS'I'B.

656 1295 832 1346 Lectio
863 1295 1027 1345 Esaiae
1060 1294 1344 1359 praphetm.

231 1369 377 1423 Haec
402 1367 541 1423 dicit
572 1367 842 1422 Dominus
881 1383 1079 1422 creans
1118 1370 1195 1436 te,
1244 1365 1431 1436 Jacob,
1468 1368 1525 1420 et
1560 1364 1813 1419 formans

162 1465 236 1529 te,
279 1463 528 1519 Israhel.
570 1462 692 1516 Noli
731 1461 952 1531 timere,
995 1466 1125 1529 etc.,
1169 1475 1339 1531 usque
1373 1462 1441 1516 Et
1479 1458 1541 1514 in
1579 1457 1813 1513 nomine

162 1556 403 1611 Domini
430 1555 864 1625 adsimilabitur,
897 1554 975 1609 ait
1001 1552 1275 1608 Dominus
1302 1554 1469 1609 Deus.
1499 1552 1624 1624 (Isa.
1656 1568 1809 1619 mn,

166 1650 348 1720 1-13).
391 1652 549 1713 Tum,
578 1651 786 1705 omissis
808 1652 921 1704 octo
950 1648 1214 1711 versibus,
1258 1649 1367 1702 Isa.
1416 1662 1569 1715 xum,
1613 1648 1681 1699 22
1726 1659 1814 1698 us-

164 1760 265 1814 que
292 1760 452 1813 mv,
486 1748 538 1798 5.

478 1834 709 1899 Epistala
739 1833 883 1884 Pauli
916 1832 1136 1896 apostoli
1167 1831 1233 1881 ad
1265 1832 1530 1881 Hebraeos.

230 1912 505 1979 Fratres,
559 1926 758 1965 omnes
810 1909 988 1963 sancti
1038 1924 1141 1979 per
1196 1907 1367 1963 fidem
1410 1906 1667 1961 vicerunt
1719 1919 1810 1959 re-

168 2021 299 2076 gna,
334 2009 475 2074 etc.,
504 2019 673 2074 usque
709 2005 771 2058 In
797 2001 1091 2075 disciplina
1131 2003 1509 2072 perseverate.
1540 1999 1693 2069 (Heb.
1733 2014 1809 2068 xx,

165 2101 249 2165 33,
286 2114 473 2168 usque
501 2115 599 2167 xu,
628 2098 703 2167 7.)

290 2191 483 2240 Lectio
527 2190 693 2241 sancti
722 2188 991 2253 Evangelii
1035 2187 1326 2238 secundum
1359 2184 1674 2236 Matthaeum.

232 2268 303 2320 In
331 2266 434 2320 illa
463 2271 719 2338 tempore
747 2265 964 2319 audivit
1000 2263 1245 2319 Herodes
1283 2261 1566 2317 tetrarcha
1604 2260 1814 2315 famam

168 2360 411 2416 Domini
437 2362 588 2429 Iesu,
618 2364 675 2414 et
698 2359 777 2413 ait
801 2358 992 2430 pueris
1019 2357 1157 2425 suis,
1187 2360 1319 2424 etc.,
1358 2370 1528 2425 usque
1556 2355 1625 2409 Et
1647 2369 1810 2409 cura-

164 2456 239 2510 vit
266 2453 584 2526 languidos
609 2469 832 2507 eorum.
866 2452 1081 2522 (Matth.
1113 2466 1225 2516 xw,
1257 2449 1434 2519 1-14.)

570 2564 751 2608 NOTAE
792 2563 871 2605 ΕΤ
913 2558 1416 2607 OBSERVATIONES
1427 2588 1440 2601 .

234 2642 307 2695 In
340 2638 547 2695 Missali
583 2638 865 2693 Gallicana
899 2636 1142 2691 habetur
1178 2635 1348 2689 missa
1384 2634 1445 2687 in
1490 2632 1643 2687 diem
1681 2650 1810 2705 pas-

169 2733 361 2789 sionis
388 2732 565 2786 sancti
598 2731 826 2786 Joannis
855 2729 1115 2802 Baptistae
1140 2733 1196 2784 et
1219 2728 1503 2799 martyris,
1536 2744 1709 2799 quam
1733 2743 1815 2782 se-

168 2831 461 2899 quuntur,
488 2841 614 2897 qua:
655 2823 975 2895 praecedere
1010 2823 1341 2888 debuerant,
1374 2821 1562 2876 missae
1588 2821 1657 2875 de
1682 2837 1812 2875 san-

168 2920 271 2976 ctis
311 2920 496 2987 Sixto,
533 2918 852 2986 Laurentio,
898 2916 1220 2989 Hippolyto,
1263 2919 1320 2969 et
1359 2914 1699 2970 Sinfuriano.
1751 2915 1814 2968 In

171 3012 423 3085 epistola
437 3012 507 3066 ad
528 3011 846 3079 Bibianum,
868 3026 994 3082 quae
1014 3008 1330 3081 Augustino
1342 3008 1637 3077 tribuitur,
1652 3008 1815 3063 Joan-

169 3124 269 3163 nes
297 3106 506 3161 eodem
530 3105 620 3160 die
645 3104 888 3159 traditur
915 3108 1238 3174 conceptus,
1271 3107 1328 3157 et
1353 3101 1587 3156 Herodis
1605 3101 1815 3156 funesti

172 3199 375 3273 gladio
398 3198 731 3268 trucidatus,
755 3213 963 3268 nempe
1002 3213 1098 3250 VIII
1140 3196 1257 3252 Kal.
1305 3195 1579 3251 Octobris.
1618 3197 1712 3250 Est
1758 3198 1889 3298 etC

171 3298 393 3366 praeter
406 3291 755 3347 nativitatem
771 3290 880 3345 alia
902 3289 1230 3345 salemnitas
1248 3289 1476 3344 Joannis
1499 3288 1548 3360 1
1566 3287 1681 3361 61
1716 3290 1815 3343 Ba-

172 3390 389 3459 ptista,
420 3402 476 3439 IV
502 3385 710 3440 scilicet
738 3384 1008 3439 Kalendas
1043 3381 1414 3455 Septembris,
1460 3382 1687 3454 quando
1721 3382 1812 3437 in-

172 3486 416 3537 ventum
441 3479 654 3550 legitur
677 3481 848 3549 caput
873 3476 1144 3532 dominici
1182 3475 1567 3530 Praecursoris.
1596 3476 1673 3531 De
1712 3475 1812 3530 ba-

174 3574 355 3629 silicis
376 3572 528 3644 apud
553 3571 734 3626 Gallos
763 3570 823 3625 in
848 3571 1123 3625 honorem
1150 3569 1327 3623 sancti
1351 3568 1583 3624 Joannis
1625 3567 1812 3639 Bapti-

172 3673 275 3723 stae
306 3665 510 3722 erectis
533 3666 660 3737 lege
687 3665 900 3720 librum
935 3663 1190 3735 primum
1211 3662 1490 3736 Gregorii
1526 3662 1597 3717 de
1630 3661 1815 3717 Gloria

172 3766 519 3832 martyrum.

243 3853 544 3911 Omittitur
569 3852 663 3907 hic
688 3851 898 3908 festum
926 3850 1102 3907 sancti
1128 3849 1432 3920 Laurentii,
1465 3853 1522 3905 et
1563 3848 1815 3905 ofﬁcium

174 3952 511 4004 sanctorum
559 3946 1005 4018 Agaunensium,
1060 3960 1306 4016 quorum
1349 3943 1627 3998 memoria
1663 3943 1813 4015 apud

173 4042 364 4097 Gallos
404 4056 630 4111 semper
670 4038 906 4094 celebris
950 4039 1077 4093 fuit.
1124 4039 1275 4092 Inter
1296 4036 1457 4103 (Aviti
1494 4037 1815 4109 fragmenta

173 4136 292 4192 duo
322 4134 627 4203 habentur,
656 4148 864 4204 nempe
900 4131 1136 4186 tertium
1187 4134 1246 4186 et
1288 4134 1530 4199 sextum,
1579 4147 1709 4202 quze
1743 4130 1814 4185 ad

169 4228 480 4284 hamiliam
508 4227 794 4299 pertinent
816 4226 886 4280 ab
917 4242 982 4281 ea
1002 4224 1255 4280 habitam
1268 4224 1328 4278 in
1354 4224 1577 4279 basilica
1598 4227 1813 4278 sancto-

172 4339 308 4378 rum
332 4320 764 4393 Agalmensium
790 4318 848 4373 in
872 4317 1237 4373 innovatione
1257 4317 1588 4372 monasterii
1612 4316 1810 4387 ipsius.

171 4416 230 4470 In
260 4413 448 4487 priori
473 4413 794 4485 fragmenta
830 4428 843 4465 :
878 4434 906 4462 «
937 4411 1227 4467 Ornantur
1253 4410 1455 4482 oppida
1478 4425 1598 4465 non
1622 4410 1813 4463 minus

1910 577 2208 643 aeternum,
2236 572 2314 628 ait
2340 574 2607 628 Dominus
2632 575 2799 629 Deus.
2833 574 2982 645 (Joel.
3013 593 3072 645 11,
3098 574 3316 646 21-27.)

2186 670 2415 734 Epistola
2446 652 2591 721 Pauli
2623 671 2843 735 apostoli
2874 672 2940 722 ad
2974 672 3287 723 Corinthios.

1981 752 2219 820 Fratres,
2252 751 2377 823 quis
2404 752 2608 807 militat
2634 753 2750 807 suis
2777 753 3093 824 stipendiis,
3124 757 3257 823 etc.,
3286 769 3452 826 usque
3470 754 3541 811 Ut

1912 845 2151 918 gloriam
2174 862 2365 901 meam
2389 845 2514 917 quis
2532 850 2778 902 evacuet.
2806 846 2856 917 (Ι
2878 850 2998 905 Cor.
3029 863 3103 914 Ix,
3137 848 3315 917 7-15.)

1930 974 1939 981 ρ
2052 942 2227 993 Lectio
2262 942 2426 993 sancti
2458 942 2724 1006 Evangelii
2755 943 3045 993 secundum
3075 942 3384 993 Mattheum.

1982 1026 2044 1080 In
2068 1024 2162 1080 illa
2187 1028 2442 1096 tempore
2477 1024 2617 1079 abiit
2652 1023 2921 1079 Dominus
2957 1026 3113 1079 Jesus
3157 1023 3397 1079 Sabbato
3434 1041 3542 1096 per

1911 1120 2047 1188 sata,
2100 1122 2229 1187 etc.,
2275 1135 2441 1189 usque
2493 1120 2575 1174 Ex
2614 1118 2720 1172 hac
2757 1133 2924 1189 pane,
2971 1116 3124 1172 vivet
3162 1117 3221 1172 in
3262 1122 3541 1175 aeternum

1912 1210 2128 1283 (Matth.
2186 1230 2285 1281 xu,
2347 1213 2474 1284 1-8).
2533 1216 2665 1268 Tum
2706 1213 3158 1283 consequenter:
3208 1212 3403 1267 Nonne
3444 1230 3541 1268 vos

1912 1305 2117 1377 dicitis,
2146 1310 2252 1362 etc.
2286 1305 2459 1377 (Joan.
2490 1323 2565 1369 IV,
2595 1306 2808 1375 35-38).
2851 1308 3005 1369 Tum,
3048 1306 3165 1376 Ego
3208 1322 3336 1361 sum
3377 1307 3541 1378 panis

1911 1399 2058 1469 vitae,
2091 1403 2197 1455 etc.
2230 1400 2402 1471 (Joan.
2426 1417 2500 1469 v1,
2529 1399 2743 1469 49-52.)

2298 1511 2477 1556 NOTAE
2518 1512 2596 1555 ET
2638 1511 2715 1555 ΟΒ
2723 1510 3168 1556 SERVATIONES.

1986 1590 2177 1664 162
2231 1592 2357 1647 Haec
2409 1591 2581 1647 missa
2632 1591 2896 1647 continue
2945 1592 3176 1647 missam
3229 1593 3299 1647 de
3352 1594 3542 1646 sancta

1910 1690 2121 1745 Joanne
2146 1689 2530 1760 subsequitur.
2561 1690 2850 1762 Evangelii
2866 1690 3032 1746 lectio
3052 1690 3241 1745 innuit
3259 1689 3406 1745 hanc
3426 1706 3544 1746 esse

1910 1784 2362 1839 benedictionem
2373 1800 2648 1839 novarum
2667 1784 2972 1855 spicarum.
2991 1786 3221 1839 Maturae
3240 1800 3364 1839 uvae
3378 1783 3547 1840 bene-

1832 1859 1889 1931 B
1913 1877 2084 1932 dictio
2106 1877 2166 1931 in
2188 1877 2631 1932 Sacramentaria
2659 1878 2838 1932 sancti
2879 1877 3139 1948 Gregorii
3178 1880 3412 1933 notatur
3451 1895 3546 1934 VIII

1915 1971 1993 2025 Id.
2024 1970 2284 2042 Augusti,
2315 1970 2404 2025 die
2433 1970 2604 2025 natali
2631 1970 2802 2025 sancti
2828 1970 3000 2042 Xysti,
3031 1987 3144 2041 qua
3173 1970 3262 2025 die
3288 1971 3352 2025 fit
3376 1970 3547 2026 etiam

1912 2079 2063 2118 nunc
2091 2063 2431 2135 quibusdam
2458 2063 2519 2117 in
2544 2063 2704 2118 locis.
2738 2063 2931 2118 Fiebat
2956 2063 3127 2119 etiam
3155 2080 3257 2118 sua
3284 2067 3547 2134 tempore

1912 2157 2230 2212 benedictio
2263 2173 2539 2212 novarum
2576 2158 2857 2225 fabarum,
2904 2173 3297 2228 novorumque
3340 2173 3544 2229 poma-

1913 2267 2063 2306 rum.
2091 2250 2413 2305 Udalricum
2439 2251 2628 2322 legere
2653 2267 2769 2305 non
2792 2250 3088 2322 paenitebit
3115 2250 3175 2305 in
3208 2249 3309 2305 lib.
3340 2267 3358 2306 1
3396 2250 3543 2305 Con-

1914 2343 2279 2399 suetudinum
2303 2343 2759 2399 Cluniacensium
2796 2360 2919 2416 cap.
2966 2346 3054 2399 35.
3098 2344 3256 2400 Adde
3299 2344 3549 2400 Menardi

1912 2441 2072 2493 natas
2097 2437 2158 2491 in
2192 2437 2708 2493 Sacramentarium
2732 2454 2865 2509 pag.
2903 2440 3024 2492 173.

2091 2543 2262 2598 LXVI.
2303 2559 2548 2599 LEGENDA
2587 2560 2644 2598 1N
2682 2559 2843 2599 assra
2883 2560 3043 2599 UNIUS
3077 2559 3362 2600 MARTYRIS.

2384 2630 2562 2681 Lectio
2595 2629 2758 2681 Esaiae
2791 2632 3078 2695 propheta.

1982 2712 2111 2766 Haec
2140 2712 2277 2767 dicit
2302 2711 2576 2766 Dominus
2610 2729 2623 2766 :
2653 2714 2798 2767 Leva
2821 2711 2883 2767 in
2911 2712 3151 2767 circuitu
3180 2712 3371 2768 oculos
3398 2716 3545 2781 tuas,

1914 2809 1971 2860 et
1996 2804 2143 2874 vide,
2173 2808 2305 2874 etc.,
2337 2820 2504 2875 usque
2529 2805 2879 2876 Redemptor
2900 2809 3031 2861 tuus
3056 2805 3218 2861 fortis
3243 2805 3430 2876 Jacob,
3470 2806 3552 2861 ait

1912 2897 2186 2952 Dominus
2215 2898 2378 2952 Deus.
2415 2896 2540 2967 (Isa.
2570 2913 2659 2965 1.x,
2690 2897 2867 2969 4-16.)

2146 2993 2378 3058 Epistala
2419 2993 2566 3045 Pauli
2599 2994 2820 3058 apostoli
2852 2993 2918 3044 ad
2949 2995 3296 3046 Timotheum.
3370 3066 3371 3069 η

1980 3076 2297 3146 Carissime,
2328 3076 2521 3132 labora
2550 3076 2698 3132 sicut
2721 3076 2904 3132 bonus
2932 3076 3095 3132 miles
3136 3077 3366 3149 Christi,
3416 3081 3548 3150 etc.,

1913 3185 2079 3240 usque
2101 3171 2556 3227 Persecutionem
2580 3170 2879 3243 patiuntur
2905 3170 2981 3241 (Π
3010 3173 3147 3226 Tim.
3176 3187 3235 3241 11,
3266 3170 3340 3243 3).
3370 3172 3547 3228 Avul-

1912 3278 2031 3320 sum
2056 3269 2135 3320 est
2156 3280 2323 3319 unum
2350 3266 2568 3331 folium.
2597 3266 2805 3320 Desinit
2830 3264 3079 3335 Epistola
3103 3267 3160 3321 II
3183 3267 3321 3321 Tim.
3350 3281 3431 3329 In,
3462 3269 3547 3323 12.

2059 3362 2237 3412 Lectio
2270 3361 2435 3411 sancti
2464 3361 2736 3425 Evangelii
2769 3360 3057 3411 secundum
3092 3360 3396 3413 Iohannem.

1984 3442 2192 3498 Diebus
2242 3443 2379 3509 illis,
2438 3441 2660 3496 dicebat
2725 3441 2996 3495 Dominus
3041 3443 3199 3496 Jesus
3262 3442 3550 3514 discipulis

1915 3536 2031 3591 suis
2060 3553 2073 3590 :
2106 3537 2235 3590 Haec
2263 3534 2471 3590 mando
2500 3533 2678 3603 vobis,
2718 3534 2779 3588 ul
2814 3533 3063 3604 diligatis
3102 3534 3365 3606 invicem,
3412 3538 3545 3606 etc.,

1914 3644 2079 3700 usque
2103 3626 2565 3685 Reminiscamini
2592 3626 2729 3699 quia
2747 3642 2853 3698 ego
2879 3626 2995 3682 dixi
3020 3626 3196 3684 vobis.
3242 3627 3416 3698 (Joan.
3455 3644 3543 3699 xv,

1919 3725 2003 3790 17,
2030 3737 2197 3793 usque
2221 3738 2333 3791 xvx,
2362 3720 2439 3792 4.)

2071 3827 2264 3882 LXVII.
2304 3842 2542 3897 1110111101
2582 3815 2657 3880 na
2687 3841 2882 3881 PLURES
2924 3841 3197 3881 narrans
3237 3825 3374 3899 (sic).

2380 3908 2558 3959 Lectio
2592 3907 2755 3958 Esaias
2787 3907 3073 3971 propheta.

1984 3986 2110 4040 11ωο
2127 3984 2262 4040 dicit
2278 3984 2552 4039 Dominus
2576 3999 2590 4037 :
2621 3985 2759 4038 Ecce
2779 3982 2929 4038 servi
2950 3983 3066 4039 mei
3077 3985 3394 4056 comedent,
3414 3990 3519 4042 etc.
3530 4029 3545 4056 ,

1913 4094 2078 4148 usque
2126 4079 2194 4132 Et
2228 4080 2568 4133 trementem
2602 4092 2894 4132 sermones
2938 4092 3115 4148 meas,
3162 4077 3241 4134 ait
3276 4078 3549 4134 Dominus

1912 4172 2078 4227 Deus.
2110 4171 2236 4243 (Isa.
2267 4187 2389 4241 va,
2424 4173 2511 4241 13,
2538 4186 2705 4241 usque
2733 4186 2878 4239 LXVI,
2906 4170 2984 4242 2.)

2054 4294 2071 4311 ι
2171 4267 2348 4318 Lectio
2381 4266 2721 4332 Apocalypsis
2752 4266 2997 4317 Iohannis
3029 4268 3269 4331 apostoli.

1983 4351 2256 4420 Tempore
2285 4348 2405 4419 illa,
2433 4365 2540 4420 ego
2567 4347 2831 4403 Iohannis
2854 4347 2969 4402 vidi
2993 4348 3097 4402 sub
3129 4348 3303 4402 altare
3328 4347 3546 4403 animas

1911 4443 2357 4511 interfectorum,
2388 4446 2518 4511 etc.,
2549 4457 2714 4511 usque
2741 4441 2930 4494 Honor
2969 4445 3027 4496 et
3060 4439 3238 4496 virtus
3287 4445 3345 4496 et
3379 4441 3544 4497 farti-

428 4506 920 4605 quamPal-l‘onisi
947 4506 1067 4605 ξῐξξο
1095 4504 1281 4605 Folius
1309 4503 1599 4605 iulls'jratfa
1628 4506 1814 4605 patr?
1839 4597 1877 4605 ﬁ
1912 4535 2049 4590 tudo
2078 4536 2189 4590 Dea
2216 4503 2408 4589 nostra
2432 4503 2728 4589 in'saecula
2754 4532 3109 4603 saeculorum,
3138 4550 3326 4590 amen.
3357 4534 3543 4605 (Apoc.

366 4599 514 4655 ﬁunt
541 4600 712 4655 urbes
737 4615 807 4699 ex
832 4598 1077 4699 oppidis.
1110 4618 1143 4647 ››
1171 4599 1232 4652 111
1251 4596 1563 4699 posteriori
1586 4612 1716 4651 vero
1736 4596 1813 4651 ait
1831 4597 1890 4668 D
1913 4645 1987 4696 VI,
2020 4631 2072 4696 9’
2100 4643 2264 4699 usque
2293 4644 2388 4696 vn,
2417 4627 2500 4697 17)

168 4705 400 4755 sanctas
425 4698 597 4754 fuisse
628 4720 656 4747 ‹‹
677 4698 1004 4764 decimatas,
1027 4696 1203 4751 donec
1219 4696 1388 4750 simul
1408 4695 1814 4766 colligerentur

169 4792 362 4850 electi.
392 4814 423 4843 ι)
451 4791 611 4856 Quod
644 4813 671 4840 ‹‹
699 4807 769 4846 ex
793 4789 1219 4846 consuetudinis
1247 4772 1439 4845 debita
1462 4788 1634 4844 series
1655 4789 1813 4844 lectae

168 4885 453 4959 passionis
495 4884 788 4956 explicuit.
838 4906 864 4933 »
913 4883 1071 4939 Unde
1108 4882 1383 4955 probatur
1418 4898 1545 4937 mas
1587 4881 1813 4953 legendi

169 4982 505 5035 sanctarum
525 4978 832 5050 passiones.
857 4976 1108 5048 Denique
1129 4975 1430 5045 omittitur,
1454 4975 1605 5047 quod
1624 4974 1812 5030 forsan

167 5074 229 5129 in
259 5072 614 5127 Lectionaria
639 5071 894 5143 primum
920 5071 1109 5125 locum
1130 5069 1393 5139 habebat,
1434 5068 1641 5124 festum
1692 5084 1814 5124 san-

169 5168 248 5222 cti
277 5165 528 5234 Martini,
556 5165 710 5237 quod
728 5180 833 5237 per
844 5164 1166 5220 universam
1182 5162 1416 5219 Galliam
1437 5161 1660 5218 celebre
1678 5165 1813 5217 tunc

168 5260 353 5314 fuisse
376 5258 648 5327 diximus,
673 5261 942 5330 patetque
968 5257 1029 5312 in
1054 5257 1256 5328 primis
1282 5273 1349 5312 ex
1376 5256 1649 5311 Venantia
1688 5255 1815 5310 For-

170 5358 374 5408 tunato
414 5351 474 5406 in
513 5352 614 5407 lib.
654 5368 710 5421 x,
757 5352 1010 5406 carmine
1054 5354 1140 5420 10,
1182 5350 1252 5406 ad
1291 5349 1717 5405 Childebertum
1760 5353 1816 5404 et

172 5445 607 5502 Brunichildem
632 5445 703 5501 de
726 5444 980 5500 natalitia
1007 5444 1185 5499 sancti
1210 5443 1454 5498 Martini.

364 5538 507 5589 Ecce
539 5536 843 5601 supervenit
874 5535 1161 5601 venerandi
1192 5534 1247 5585 in
1274 5536 1465 5601 saecula
1497 5534 1625 5586 civis

428 5599 635 5662 Martini
670 5600 867 5662 meritis
897 5600 1014 5662 luce
1049 5612 1282 5662 perenne
1316 5599 1445 5657 dies,

364 5664 465 5722 Qui
497 5661 657 5713 modo
692 5661 758 5711 de
790 5661 949 5712 Gallis
979 5658 1148 5712 totum
1181 5661 1311 5711 mire
1346 5663 1569 5725 occupat
1610 5658 1815 5711 orbem.

288 5753 437 5809 LXV.
478 5768 604 5807 111111
644 5768 713 5807 an
752 5767 944 5807 mssau
981 5768 1049 5807 as
1086 5768 1252 5807 novos
1290 5768 1521 5807 FRUC’I‘US
1562 5750 1698 5823 (sic).

662 5831 839 5881 Lectio
872 5831 1017 5882 Iobel
1048 5832 1339 5896 praphetaa.

257 5903 379 5962 11ωο
400 5904 538 5962 dicit
563 5903 840 5962 Dominus
871 5921 885 5961 :
917 5904 1095 5965 Nolite
1120 5905 1325 5965 timere
1348 5907 1518 5977 terra,
1550 5905 1738 5964 exulta
1763 5908 1820 5963 et

2506 4669 2522 4690 ,
2551 4629 2746 4683 omissa
2772 4629 3169 4683 enumeratione
3197 4629 3456 4684 tribuum.

2099 4724 2273 4775 Lectio
2307 4723 2473 4775 sancti
2504 4724 2775 4789 Evangelii
2807 4724 3101 4774 secundum
3160 4726 3373 4775 Lucam.

1983 4805 2031 4879 1
2049 4805 2175 4879 63
2206 4808 2269 4862 Ι11
2294 4805 2407 4861 illis
2434 4805 2652 4876 diebus,
2682 4806 2762 4861 ait
2786 4805 3062 4861 Dominus
3082 4807 3239 4861 Jesus
3261 4806 3548 4878 discipulis

1911 4900 2025 4956 suis
2053 4918 2066 4956 :
2100 4902 2243 4957 Cum
2268 4900 2557 4957 audieritis
2586 4900 2781 4972 praelia
2807 4905 2863 4956 et
2880 4899 3205 4970 seditiones,
3225 4904 3355 4968 etc.,
3378 4916 3544 4972 usque

1910 4994 2282 5051 Possedebitis
2310 4996 2530 5050 animas
2557 4999 2785 5050 vestras.
2817 4994 2961 5065 (Luc.
2988 5010 3100 5063 xx1,
3129 4995 3296 5066 9-19.)

2145 5094 2368 5149 LXVIII.
2410 5109 2651 5150 LEGENDA
2690 5109 2757 5148 aa
2796 5107 2904 5149 UNO
2947 5107 3310 5148 caspassoaa.

2183 5174 2415 5240 Epistola
2432 5173 2577 5226 Pauli
2594 5173 2815 5237 apostoli
2834 5173 2898 5224 ad
2917 5174 3266 5224 Timotheum.

1982 5256 2280 5314 Carissime
2307 5256 2490 5313 omnis
2515 5255 2791 5310 scribtura
2810 5254 3078 5310 divinitus
3096 5254 3391 5327 inspirata,
3415 5262 3546 5327 etc.,

1913 5366 2077 5421 usque
2104 5351 2199 5406 His
2239 5351 2339 5423 qui
2358 5350 2604 5422 diligunt
2641 5348 2946 5404 adventum
2985 5348 3128 5421 ejus.
3171 5349 3247 5420 (II
3288 5353 3425 5408 Tim.
3465 5369 3545 5421 111,

1917 5448 2003 5515 16,
2032 5460 2199 5517 usque
2224 5462 2298 5515 1v,
2328 5445 2406 5515 8.)

2056 5543 2231 5593 Lectio
2265 5540 2431 5592 sancti
2462 5539 2733 5604 Evangelii
2766 5538 3054 5591 secundum
3089 5540 3408 5594 Mattheum.

1988 5623 2192 5679 Diebus
2217 5622 2330 5677 illis
2354 5622 2623 5693 loquutus
2651 5626 2737 5678 est
2762 5621 3033 5677 Dominus
3057 5621 3217 5678 Jesus
3254 5623 3323 5677 ad
3356 5622 3547 5678 turbas

1918 5721 1974 5773 et
1999 5716 2070 5771 ad
2092 5714 2396 5787 discipulos
2424 5731 2554 5771 suos
2578 5715 2911 5788 parabolam
2935 5715 3103 5784 hanc,
3134 5714 3324 5769 dicens
3356 5729 3370 5768 :
3395 5714 3552 5769 Sicut

1917 5810 2089 5866 homo
2112 5824 2350 5882 peregre
2375 5808 2737 5882 proﬁciscens
2762 5807 2981 5865 vacavit
3018 5821 3206 5862 servas
3235 5821 3384 5875 suos,
3413 5809 3545 5875 etc.,

1916 5919 2081 5979 usque
2093 5904 2245 5963 Intra
2255 5903 2316 5963 in
2331 5904 2603 5979 gaudium
2616 5903 2842 5962 Domini
2852 5903 2955 5960 tui.
2975 5899 3188 5974 (Matth.
3202 5914 3330 5973 xxv,
3349 5899 3502 5958 14-23
3512 5903 3546 5976 .)
