4054 6188
457 337 550 394 211

659 445 827 503 LXIX.
868 461 1112 502 LEGENDA
1149 459 1216 500 na
1251 459 1450 499 rccass
1485 458 1864 500 comassonas.

877 534 1052 585 Lectio
1085 531 1348 584 Hierimim
1380 531 1667 597 prOphetaa.

530 619 721 674 Bonus
745 620 828 674 est
858 615 1125 670 DOminus
1150 613 1510 686 sperantibus
1534 613 1594 668 in
1631 629 1783 682 eum,
1821 617 1952 684 etc.,
1993 630 2084 669 us-

458 729 561 784 que
590 711 798 767 Idcirco
813 715 875 765 tu
894 706 1192 764 exorabilis
1214 706 1326 779 (sic)
1349 723 1429 775 es,
1447 707 1681 763 Domins
1700 709 1845 765 Deus
1871 711 2083 764 noster.

463 807 682 874 (Thren.
711 821 790 869 ιιι,
819 803 1034 872 25-42.)

685 900 913 964 Epistola
958 898 1106 949 Pauli
1159 899 1381 963 apostoli
1413 899 1478 949 ad
1519 899 1866 950 Timotheum.

526 985 840 1055 Carissime,
869 984 1012 1040 nihil
1037 984 1334 1040 intulimus
1359 985 1421 1040 in
1447 985 1602 1040 hunc
1621 985 1924 1054 mundum,
1952 989 2085 1053 etc.,

457 1096 625 1152 usque
653 1079 759 1135 Sed
779 1095 882 1134 nec
911 1079 1096 1134 videre
1127 1082 1330 1150 potest,
1358 1079 1450 1134 cui
1475 1079 1660 1134 honor
1686 1084 1742 1135 et
1779 1078 2088 1152 imperium

456 1175 517 1231 in
545 1175 749 1230 saecula
772 1173 1126 1229 staculorum.
1157 1173 1204 1243 (Ι
1234 1175 1370 1228 Tim.
1395 1190 1470 1240 γι,
1502 1173 1678 1244 7-16.)

594 1271 770 1323 Lectio
805 1269 975 1322 sancti
1006 1269 1278 1334 Evangelii
1312 1270 1603 1320 secundum
1639 1270 1945 1321 Iohannem.

527 1358 734 1414 Diebus
762 1357 892 1425 illis,
923 1355 1064 1411 dixit
1091 1355 1364 1410 Dominus
1407 1357 1566 1411 Jesus
1605 1355 1892 1427 discipulis
1927 1357 2084 1412 suis:

457 1454 575 1524 Ego
601 1460 729 1506 sum
758 1449 884 1506 vitis
908 1465 1060 1518 vera,
1100 1452 1230 1514 etc.,
1276 1465 1443 1520 usque
1480 1449 1884 1521 Quodcumque
1906 1450 2084 1520 petie-

458 1544 580 1600 ritis
589 1542 813 1600 Patrem
826 1544 886 1598 in
900 1541 1135 1597 nomine
1153 1557 1301 1612 meo,
1316 1542 1411 1596 det
1423 1542 1598 1597 vobis.
1617 1543 1790 1612 (Joan.
1805 1559 1894 1609 xv,
1913 1544 2088 1612 1-16.)

751 1695 761 1704 .
840 1659 1022 1705 NOTAE
1070 1659 1148 1702 ET
1191 1659 1720 1705 OBSERVATIONES.

529 1742 840 1796 Commune
884 1745 1207 1796 sanctorum
1243 1740 1302 1794 in
1331 1737 1530 1793 ofﬁciis
1555 1737 1938 1794 ecclesiasticis
1965 1739 2088 1810 jam

1245 335 1576 392 APPE'NDIX
1613 335 1701 390 AD
1737 334 1960 392 OPERA
1997 335 2228 393 SANCTI
2265 334 2564 392 GERMANI
2604 334 3029 392 PARISIENSIS.

3713 339 3820 394 212

2107 457 2168 530 Α
2185 443 2407 499 Domini
2421 443 2822 514 misericordia,
2839 443 2991 517 quod
3005 443 3242 502 haberet
3253 443 3550 502 defunctus
3559 443 3824 520 requiem

2185 537 2246 592 in
2258 537 2369 606 die,
2389 555 2501 610 qua
2520 537 2762 594 Domino
2777 537 3126 595 oblationem
3159 537 3208 611 1
3223 537 3348 613 65
3370 555 3474 611 pro
3491 538 3612 610 ejus
3629 539 3825 596 anima

2185 632 2502 688 delibasset.
2533 654 2560 682 n
2597 631 2749 687 Idem
2774 636 2992 704 auctor,
3024 633 3084 688 in
3113 632 3368 688 Historias
3392 633 3494 689 lib.
3519 650 3572 689 IV
3601 650 3730 706 cap.
3753 635 3824 691 34

2185 726 2282 797 ait,
2311 725 2624 781 Palladium
2648 725 2976 798 quemdam,
3005 726 3105 798 qui
3132 727 3242 782 sibi
3269 731 3515 783 mortem
3546 726 3828 783 conscive-

2187 825 2294 887 rat,
2339 841 2366 870 «
2407 835 2524 874 non
2563 819 2732 891 juxta
2775 819 3226 876 Christianorum
3252 820 3525 877 cadavera
3572 821 3828 894 positum

2187 913 2420 986 (fuisse),
2473 913 2567 968 sed
2613 930 2718 970 nec
2767 913 3069 970 missarum
3120 913 3392 970 solemnia
3440 915 3739 971 meruisse.
3795 937 3824 964 ›ι

2187 1009 2358 1063 Porro
2384 1008 2538 1062 locus
2566 1007 2626 1062 in
2655 1024 2770 1079 quo
2797 1007 2990 1062 ﬁdeles
3017 1007 3468 1076 tumulabantur,
3504 1030 3532 1058 ιι
3561 1008 3827 1064 sacerdo-

2187 1101 2284 1157 tali
2320 1101 2711 1156 benedictione
2749 1101 3004 1156 sacrati»
3047 1105 3226 1170 erant,
3277 1119 3346 1157 ex
3378 1101 3478 1157 lib.
3523 1102 3594 1158 de
3638 1102 3832 1158 Gloria

2187 1193 2570 1249 confessorum
2596 1210 2720 1266 cap.
2753 1197 2874 1250 106.
2906 1194 2988 1250 Ad
3013 1194 3157 1265 haec,
3185 1194 3450 1250 defuncto
3477 1199 3670 1250 sancto
3698 1195 3825 1251 Sal-

2187 1288 2295 1359 vio,
2319 1287 2580 1343 monachi
2601 1309 2627 1336 «
2647 1291 2872 1344 noctem
2887 1287 2945 1342 in
2958 1288 3096 1344 ﬂetu
3118 1293 3173 1344 et
3187 1287 3484 1360 psallentio
3506 1289 3773 1361 exigunt,
3794 1312 3824 1338 ιι

2186 1383 2338 1454 apud
2364 1381 2628 1436 eumdem
2656 1381 2715 1435 in
2738 1381 2837 1437 lib.
2869 1397 2944 1437 vu
2986 1399 3105 1454 cap.
3148 1387 3198 1438 1.
3243 1382 3498 1455 Denique
3540 1382 3830 1438 Baudoni-

2187 1477 2294 1546 via,
2324 1475 2382 1530 in
2416 1475 2565 1530 Actis
2603 1478 2810 1530 sancta
2854 1475 3236 1547 Badegundis,
3283 1476 3352 1531 de
3396 1477 3518 1547 ejus
3543 1476 3832 1549 exsequiis

2186 1585 2380 1640 agens,
2409 1568 2488 1624 ait
2515 1567 2975 1624 sanctimoniales
3007 1591 3035 1618 «
3079 1569 3335 1642 genitum
3362 1586 3468 1641 pro
3510 1569 3754 1626 Alleluia
3795 1591 3824 1618 ››

2187 1662 2512 1732 reddidisse,
2538 1666 2663 1717 tum
2693 1661 2886 1717 subdit
2919 1679 2932 1717 :
2969 1683 2997 1711 «
3023 1663 3260 1732 Liberae,
3293 1679 3421 1735 quae
3441 1668 3569 1719 ante
3591 1680 3720 1719 eam
3741 1681 3832 1718 ce-

2187 1773 2314 1811 reos
2364 1759 2740 1828 portaverant,
2787 1758 2918 1810 totae
2969 1755 3030 1810 in
3071 1773 3209 1827 gyro
3255 1757 3498 1828 sepulcri
3544 1757 3828 1812 astabant.

457 1835 674 1890 dudum
702 1835 763 1889 in
787 1850 894 1888 usu
920 1833 1046 1903 fuit,
1075 1838 1218 1888 teste
1247 1831 1548 1888 Braulione
1588 1831 2086 1904 Cmsaraugustano
2107 1831 2164 1903 B
2187 1851 2548 1922 Unaquaeque
2575 1849 2634 1903 in
2660 1865 2760 1903 suo
2791 1864 2954 1904 careo
2997 1865 3168 1904 suum
3210 1866 3420 1905 nomen
3467 1850 3636 1905 dabat
3682 1850 3827 1905 εει-ί-

457 1929 717 2001 episcopo
742 1929 802 1982 in
830 1928 1064 1999 prologo
1094 1926 1164 1982 de
1197 1927 1322 1981 Vita
1362 1925 1538 1980 sancti
1585 1924 1864 1980 Emiliani
1893 1941 1908 1980 :
1955 1947 1983 1975 «
2012 1927 2088 1982 De

456 2022 652 2078 eadem
679 2039 905 2094 quoque
933 2019 1288 2075 solemnitate
1317 2019 1563 2090 (nempe,
1603 2019 1755 2074 beati
1791 2019 2088 2090 Emiliani)

457 2120 522 2172 ut
545 2116 714 2171 missa
738 2115 1072 2170 recitaretur
1089 2112 1426 2182 communis,
1466 2111 1691 2181 injunxi
1729 2111 1929 2166 dilecto
1974 2113 2090 2168 ﬁlio

457 2226 584 2266 meo
607 2209 655 2282 1
675 2208 804 2282 64
826 2208 1080 2280 Eugenio
1099 2207 1353 2262 diacono.
1376 2228 1403 2254 »
1427 2205 1692 2261 Ofﬁcium
1713 2205 1782 2259 de
1803 2205 2087 2275 apostolis,

457 2303 608 2376 quod
635 2303 726 2358 hic
750 2301 1020 2373 praemitti
1039 2301 1330 2370 debuerat,
1359 2298 1804 2372 praetermissum
1851 2303 1952 2368 est,
1994 2299 2092 2354 sed

457 2396 701 2452 occurrit
728 2395 789 2450 in
825 2394 1029 2450 Missali
1057 2393 1360 2449 Gallicano.
1403 2395 1465 2447 In
1494 2391 1732 2448 concilio
1767 2391 2092 2447 Bracarensi

458 2508 517 2547 ιιι
541 2489 787 2562 graviter
803 2487 1302 2560 reprehenduntur
1317 2503 1528 2543 canone
1549 2490 1578 2541 5
1599 2485 1828 2558 quidam
1843 2484 2090 2557 episcopi

457 2583 554 2656 qui
582 2583 643 2637 in
674 2580 1122 2636 solemnitatibus
1147 2585 1464 2652 martyrum
1490 2580 1566 2635 ad
1590 2580 1864 2634 ecclesiam
1883 2593 2092 2650 proces-

453 2678 592 2740 suri,
621 2675 887 2748 reliquias
914 2674 1056 2728 collo
1083 2690 1186 2728 suo
1214 2673 1600 2745 imponebant,
1629 2688 1799 2744 seque
1841 2688 1875 2726 a
1908 2671 2093 2727 levitis

459 2769 666 2842 gestari
700 2767 961 2822 volebant
994 2769 1155 2837 quasi
1178 2768 1288 2837 ipsi
1320 2770 1508 2820 essent
1541 2766 1900 2835 reliquiarum
1937 2781 2090 2820 arca.

461 2866 522 2918 In
546 2861 891 2917 Lectionario
913 2864 1126 2926 nostro,
1159 2863 1215 2914 et
1243 2859 1303 2914 in
1329 2858 1577 2930 antiquis
1611 2857 1924 2913 Missalibus
1960 2858 2090 2914 Gal-

457 2955 653 3011 licanis
697 2954 953 3026 aliisque,
997 2969 1108 3006 una
1149 2955 1235 3006 est
1277 2951 1468 3006 classis
1507 2951 1911 3021 confessorum,
1953 2967 2094 3023 quos

460 3047 631 3102 modo
681 3045 1040 3117 distinguunt
1079 3045 1141 3099 in
1180 3045 1476 3116 pontiﬁces
1525 3049 1584 3098 et
1623 3059 1738 3098 non
1778 3043 2090 3115 pontiﬁces.

459 3140 622 3206 Quod
650 3138 962 3209 antiquitus
991 3138 1050 3193 in
1079 3153 1186 3192 usu
1223 3153 1344 3192 non
1385 3141 1523 3205 erat,
1572 3141 1636 3192 ut
1672 3141 1887 3192 veteres
1922 3138 2094 3194 etiam

460 3232 674 3289 litanite
717 3231 979 3304 probant.
1029 3231 1090 3285 In
1133 3229 1301 3284 missa
1343 3230 1514 3285 unius
1557 3229 1886 3286 confessoris
1928 3231 2096 3288 unica

462 3325 650 3382 Lectio
671 3324 972 3396 Evangelio
990 3323 1377 3396 praemittitur.
1397 3324 1551 3379 Idem
1571 3323 1818 3379 vidimus
1837 3324 1895 3378 in
1911 3324 2096 3379 ofﬁcio

462 3421 532 3476 de
559 3417 876 3474 beatissima
917 3417 1166 3489 Virgine,
1205 3421 1262 3472 et
1296 3421 1486 3472 sancta
1530 3417 1828 3473 Genovefa.
1871 3418 2096 3473 Nullum

463 3529 763 3570 commune
787 3511 1079 3585 virginum
1108 3510 1279 3566 etiam
1306 3510 1366 3564 in
1390 3510 1595 3566 Missali
1619 3510 1918 3567 Gallicano.

590 3630 736 3685 LXX.
777 3645 1016 3685 LEGENDA
1055 3645 1108 3684 IN
1149 3642 1506 3683 nsrosmose
1544 3643 1631 3684 CUI
1668 3643 1954 3684 VOLUERIS.

746 3721 976 3785 Epistola
1007 3719 1152 3769 Pauli
1183 3719 1403 3783 apostoli
1437 3719 1503 3769 ad
1535 3720 1850 3771 Corinthios.

536 3808 756 3871 Fratres
775 3821 902 3860 ecce
921 3803 1253 3876 mysterium
1278 3804 1434 3858 vobis
1454 3805 1577 3859 dico
1605 3823 1618 3860 :
1649 3822 1846 3862 omnes
1867 3807 2099 3878 quidem

467 3915 849 3971 resurgemus,
883 3902 1013 3967 etc.,
1042 3913 1208 3967 usque
1237 3898 1358 3952 Non
1387 3900 1470 3952 est
1513 3897 1696 3954 inanis
1739 3899 1799 3954 in
1838 3900 2095 3957 Domino.

469 3993 518 4064 (Ι
543 3995 662 4052 Cor.
695 3993 1006 4063 xv,51-58.)

624 4087 799 4140 Lectio
832 4087 996 4139 sancti
1031 4087 1298 4154 Evangelii
1329 4087 1619 4138 secundum
1655 4089 1958 4140 Iohannem.

538 4175 744 4232 Diebus
769 4173 882 4229 illis
908 4174 1178 4248 loquutus
1206 4179 1288 4230 est
1314 4173 1586 4229 Dominus
1609 4177 1636 4229 J
1642 4190 1768 4230 esus
1807 4175 2102 4248 discipulis

467 4269 584 4328 suis
609 4269 800 4326 dicens
828 4285 842 4324 :
873 4271 1073 4339 Amen,
1096 4283 1263 4324 amen
1285 4267 1408 4323 dico
1425 4267 1603 4338 vobis,
1623 4285 1736 4324 non
1757 4273 1940 4340 potest
1953 4269 2102 4325 illius

466 4383 500 4420 a
537 4380 594 4419 se
627 4363 812 4419 facere
860 4362 1186 4435 quicquam,
1234 4366 1365 4432 etc.,
1409 4377 1575 4432 usque
1611 4361 1717 4418 Sed
1755 4362 2102 4418 voluntatem

468 4458 590 4529 ejus
611 4457 709 4530 qui
738 4456 892 4512 misit
921 4473 1032 4512 me.
1063 4456 1238 4527 (Joan.
1268 4472 1322 4525 v,
1357 4455 1570 4526 19-30.)

855 4573 1036 4618 ΝΟΤᾸΞ
1077 4573 1157 4617 ΕΤ
1198 4572 1276 4618 OB
1284 4571 1732 4616 SERVATIONES.

543 4653 600 4706 In
629 4652 802 4707 veteri
830 4651 1030 4707 Codice
1058 4651 1150 4706 hic
1181 4652 1341 4708 deest
1361 4651 1583 4707 articuli
1610 4668 1901 4722 numerus,
1934 4669 2108 4724 quem

468 4745 731 4817 supplere
756 4744 940 4798 visum
965 4748 1068 4799 est.
1099 4745 1384 4800 Articulus
1412 4749 1479 4801 73
1526 4751 1608 4802 est
1647 4746 1717 4801 de
1756 4745 2108 4818 depositione

467 4837 734 4912 episcopi.
767 4838 828 4892 In
853 4836 1194 4893 Mozarabico
1221 4837 1406 4892 missae
1430 4843 1561 4894 sunt
1599 4839 1768 4894 etiam
1801 4839 2105 4911 particula-

470 4950 557 4989 res
586 4949 689 5005 pro
709 4931 980 5002 diaconis,
1003 4935 1128 4986 tum
1150 4947 1253 5003 pro
1279 4930 1632 4986 subdiaconis
1653 4933 1911 4989 mortuis.
1936 4935 2109 4990 Extra

469 5025 970 5100 Quadragesimam
984 5026 1226 5082 Alleluia
1254 5025 1459 5096 smpius
1474 5025 1749 5096 repetitur
1773 5026 1832 5081 in
1849 5028 2104 5098 lntroitu,

471 5123 527 5173 et
556 5125 682 5190 post
725 5119 1114 5192 Evangelium.
1155 5118 1367 5173 Deinde
1414 5118 1486 5173 ad
1520 5117 1864 5174 oblationem
1905 5121 2109 5176 dicitur

471 5215 635 5281 Kyrie
673 5213 887 5276 eleison,
937 5214 1145 5268 Christe
1192 5212 1408 5281 eleison,
1449 5214 1615 5281 Kyrie
1653 5212 1866 5277 eleison,
1901 5219 2109 5286 praeter

472 5321 711 5361 morem.
746 5305 1070 5377 Gregorius,
1101 5306 1161 5360 in
1189 5304 1447 5360 Historiae
1467 5305 1565 5361 lib.
1593 5321 1649 5360 ιν
1676 5322 1798 5378 cap.
1831 5309 1920 5376 31,
1953 5308 2109 5364 Cato-

471 5415 605 5453 nem
654 5399 1047 5471 presbyterum
1096 5402 1415 5454 Arvernum
1467 5399 1686 5468 laudat,
1737 5401 1834 5473 qui
1883 5401 1976 5456 lue
2026 5401 2108 5458 in-

473 5495 712 5564 gruente
731 5511 759 5542 «
777 5491 1054 5564 populum
1077 5491 1390 5564 sepelierat,
1413 5495 1470 5548 et
1491 5493 1686 5549 missas
1701 5493 1938 5552 viriliter
1957 5495 2108 5552 dixe-

469 5590 576 5642 rat.
612 5607 640 5637 »
674 5585 848 5655 Idem,
879 5585 938 5642 in
964 5586 1064 5642 lib.
1097 5585 1169 5642 de
1192 5585 1382 5641 Gloria
1405 5586 1810 5660 confessorum,
1853 5606 1976 5664 cap.
2013 5593 2102 5661 65,

467 5679 584 5751 agit
611 5679 681 5735 de
708 5679 968 5752 muliere,
1003 5695 1152 5753 quas,
1182 5685 1407 5736 mortuo
1432 5681 1636 5737 marito
1663 5700 1784 5753 suo,
1822 5706 1848 5733 ‹‹
1875 5701 1978 5758 per
2009 5701 2104 5740 an-

467 5788 608 5829 num
626 5773 914 5848 integrum
928 5774 1218 5830 celebrans
1232 5773 1484 5847 quotidie
1499 5776 1660 5831 missa
1668 5793 1797 5833 rum
1811 5779 2102 5848 solemnia,

468 5864 735 5924 offerebat
763 5869 1102 5926 oblationem
1129 5885 1232 5943 pro
1256 5868 1534 5928 memoria
1553 5869 1680 5941 viri,
1701 5887 1816 5928 non
1835 5871 2014 5929 difﬁsa
2035 5873 2102 5930 de

2187 1949 2352 2015 ptum
2380 1959 2393 1998 :
2422 1947 2552 1998 totae
2577 1942 2680 1997 uni
2705 1959 2773 1996 ex
2797 1942 3025 1997 famulis
3045 1959 3235 1998 cereos
3254 1943 3404 2016 ipsos
3417 1943 3581 2014 juxta
3603 1943 3833 1998 ordina-

2188 2037 2402 2092 tionem
2427 2036 2742 2092 tradebant.
2771 2036 2859 2091 Fit
2887 2037 3172 2093 contentio
3197 2037 3257 2092 in
3282 2037 3511 2109 p0pulo.
3536 2035 3647 2091 Alii
3679 2036 3833 2092 dice-

2187 2130 2344 2199 bant,
2372 2145 2562 2184 cereos
2585 2130 2736 2201 ipsos
2764 2130 2824 2185 in
2851 2131 2972 2202 ejus
3017 2135 3276 2186 sanctum
3314 2131 3636 2203 sepulcrum
3673 2130 3834 2184 mitti

2190 2223 2429 2292 debere;
2458 2223 2552 2278 alii
2581 2223 2842 2278 dicebant
2865 2240 3004 2280 non.
3035 2246 3062 2272 ››
3105 2224 3227 2279 Loti
3270 2229 3327 2280 et
3367 2223 3550 2280 vestiti
3583 2223 3832 2297 sepelie-

2189 2316 2414 2387 bantur,
2445 2332 2514 2372 ex
2543 2316 2758 2372 Sidonii
2787 2317 2885 2372 lib.
2914 2334 2974 2373 ιιι
2999 2317 3239 2389 epistola
3266 2321 3320 2374 3.

2454 2424 2624 2479 LXXI.
2663 2441 2905 2481 LEGENDA
2945 2443 2998 2482 IN
3039 2441 3241 2482 NATALE
3278 2440 3546 2481 EPISCOPI.

2482 2506 2714 2570 Epistola
2745 2507 2889 2556 Pauli
2920 2507 3144 2572 apostoli
3177 2507 3246 2557 ad
3279 2507 3542 2558 Hebraeos.

2262 2583 2500 2652 Fratres,
2515 2599 2760 2654 regnum
2773 2583 3124 2639 immobilem
3144 2583 3534 2656 suscipientes,
3551 2583 3837 2640 habemus

2193 2675 2454 2748 gratiam,
2469 2693 2574 2748 per
2588 2693 2761 2749 quam
2775 2676 3084 2732 serviamus
3111 2677 3398 2750 placentes
3420 2679 3555 2748 Deo,
3582 2682 3715 2745 etc.,
3735 2695 3834 2734 us-

2192 2786 2292 2840 que
2317 2769 2476 2834 Quod
2503 2770 2720 2842 placeat
2750 2787 2939 2825 coram
2966 2787 3024 2826 se
3045 2787 3148 2842 per
3175 2774 3200 2826 .I
3209 2788 3372 2827 esum
3400 2771 3710 2838 Christum,
3737 2774 3838 2827 cui

2195 2863 2372 2934 gloria
2407 2863 2468 2918 in
2507 2864 2712 2919 saecula
2756 2864 3113 2924 saeculorum.
3160 2865 3342 2934 (Hebr.
3382 2881 3481 2948 xu,
3522 2867 3613 2935 28,
3661 2881 3838 2936 usque

2195 2973 2309 3027 xm,
2338 2958 2451 3027 21.)

2339 3049 2515 3100 Lectio
2549 3051 2714 3101 sancti
2746 3051 3018 3114 Evangelii
3049 3051 3340 3102 secundum
3376 3050 3679 3102 Iohannem.

2267 3123 2474 3180 Diebus
2497 3125 2627 3194 illis,
2657 3126 2799 3182 dixit
2837 3127 3112 3182 Dominus
3147 3128 3305 3183 Iesus
3344 3126 3630 3198 discipulis
3665 3128 3784 3183 suis
3817 3145 3834 3182 ε

2193 3221 2397 3285 Amen,
2418 3235 2586 3274 amen
2613 3220 2738 3274 dico
2763 3219 2940 3291 vobis,
2969 3221 3069 3292 qui
3093 3237 3207 3275 non
3228 3219 3402 3275 intrat
3420 3235 3525 3292 per
3539 3220 3751 3275 ostium
3773 3221 3838 3276 in

2197 3312 2340 3368 ovile
2365 3312 2576 3383 ovium,
2607 3318 2738 3384 etc.,
2769 3329 2937 3385 usque
2965 3315 3151 3370 Unum
3178 3312 3322 3369 ovile
3347 3319 3404 3369 et
3428 3330 3578 3369 unus
3616 3318 3835 3386 pastor,

2197 3407 2371 3476 (Joan.
2398 3423 2454 3473 x,
2485 3407 2658 3479 1-16).

2434 3515 2632 3570 LXXII.
2673 3532 2800 3571 nam
2841 3533 2894 3572 IN
2936 3531 3139 3574 mrsu:
3177 3531 3577 3573 srlscoroacu.

2598 3597 2774 3648 Lectio
2808 3597 3085 3648 Ezechihel
3120 3598 3408 3662 prOphetae.

2267 3675 2539 3745 Tempore
2571 3671 2688 3742 illo,
2728 3672 2941 3728 factum
2978 3677 3063 3728 est
3097 3673 3332 3728 verbum
3361 3672 3587 3728 Domini
3609 3673 3682 3728 ad
3704 3675 3836 3730 Hie-

2199 3766 2407 3821 zechiel
2434 3765 2645 3835 dicens,
2679 3766 2781 3820 Fili
2807 3765 3078 3835 hominis,
3106 3767 3385 3838 propheta
3409 3767 3479 3822 de
3514 3767 3840 3838 pastoribus

2202 3860 2427 3927 Israhel,
2455 3863 2586 3929 etc.,
2614 3875 2781 3930 usque
2805 3861 3030 3914 Pascuaa
3055 3875 3197 3914 meae
3222 3860 3486 3915 homines
3525 3860 3680 3928 estis,
3727 3877 3840 3932 ego
3929 3921 3936 3926 ,

2200 3953 2470 4008 Dominus
2520 3953 2667 4008 Deus
2712 3958 2915 4021 vester,
2963 3953 3102 4008 dicit
3144 3953 3415 4008 Dominus
3457 3953 3837 4010 exercituum.

2201 4046 2408 4116 (Ezech.
2441 4062 2622 4115 xxxxv,
2656 4048 2832 4116 1-31.)

2427 4137 2660 4203 Epistola
2691 4137 2829 4188 beati
2879 4137 3022 4189 Petri
3055 4139 3275 4202 apostoli
3307 4139 3374 4190 ad
3407 4143 3609 4202 gentes.

2276 4211 2468 4286 166
2513 4213 2843 4268 Benedictus
2885 4215 3030 4269 Deus
3073 4218 3128 4269 et
3174 4215 3339 4270 Pater
3383 4215 3612 4270 Domini
3658 4217 3844 4272 nostri

2201 4308 2328 4362 Jesu
2349 4307 2588 4376 Christi,
2617 4307 2719 4378 qui
2760 4307 3072 4363 secundum
3100 4323 3368 4380 magnam
3393 4307 3846 4364 misericordiam

2202 4417 2362 4455 suam
2387 4399 2743 4472 regeneravit
2766 4416 2870 4454 nos
2896 4400 2954 4455 in
2982 4417 3143 4474 spem
3169 4400 3323 4470 vitae,
3350 4406 3454 4457 etc.
3464 4443 3481 4470 ,
3507 4417 3676 4472 usque
3710 4403 3846 4458 Per-

2202 4493 2419 4564 cipietis
2447 4493 2965 4549 immarciscibilem
2997 4495 3191 4566 gloriae
3219 4510 3485 4550 coronam
3515 4511 3621 4566 per
3643 4496 3845 4552 Iesum

2120 4567 2180 4640 Ῑ)
2201 4586 2489 4642 Christum
2515 4587 2825 4643 Dominum
2851 4592 3133 4642 nostrum.
3165 4587 3209 4656 (I
3233 4591 3378 4646 Petr.
3407 4605 3446 4658 1,
3470 4590 3628 4644 3-25.
3661 4591 3799 4644 I’mn
3820 4591 3846 4645 ι

2206 4683 2350 4736 Petr.
2379 4697 2434 4749 v,
2467 4681 2606 4751 1-4.)

2341 4773 2518 4823 Lectio
2549 4772 2718 4823 sancti
2749 4772 3019 4836 Evangelii
3053 4773 3344 4825 secundum
3377 4774 3693 4826 Matthmum.
3750 4793 3761 4800 -

2277 4847 2481 4902 Diebus
2507 4847 2636 4918 illis,
2665 4848 2744 4903 ait
2769 4849 3040 4904 Dominus
3069 4851 3227 4906 Jesus
3255 4849 3546 4922 discipulis
3561 4851 3678 4905 suis
3701 4867 3716 4906 :
3737 4851 3854 4906 Vos

2207 4940 2339 4996 estis
2364 4940 2444 4995 sal
2473 4944 2660 5012 terrae,
2691 4946 2798 4996 etc.
2808 4983 2822 5012 ,
2849 4957 3017 5013 usque
3041 4942 3138 4997 Hic
3163 4959 3410 5015 magnus
3453 4943 3744 4998 vocabitur
3785 4943 3852 5000 in

2208 5050 2386 5105 regno
2411 5033 2698 5090 caelorum.
2732 5034 2951 5105 (Matth.
2982 5051 3037 5106 v,
3068 5037 3280 5108 13-19.)

2594 5146 2776 5191 ΝΟΤΕ
2814 5147 2893 5191 ΕΤ
2935 5147 3466 5194 OBSERVATIONES.

2279 5221 2468 5276 Natale
2496 5220 2743 5294 episcopi
2769 5226 2855 5278 est
2879 5221 3298 5279 anniversarius
3327 5223 3448 5296 ejus
3477 5224 3855 5281 consecratio-

2207 5313 2294 5369 nis
2319 5314 2456 5370 dies.
2490 5314 2792 5387 Gregorius
2817 5316 3159 5373 Turonensis
3186 5317 3482 5390 episcopus
3519 5317 3628 5374 hoc
3675 5333 3856 5376 sensu

2206 5409 2449 5464 natalem
2475 5407 2829 5480 episcopatus
2858 5410 3037 5466 sancti
3065 5410 3290 5467 Martini
3315 5411 3562 5484 appellat
3585 5410 3646 5467 in
3680 5410 3788 5468 lib.
3833 5429 3855 5471 1

2207 5501 2276 5558 de
2302 5501 2576 5558 Miraculis
2602 5503 2780 5558 sancti
2809 5503 3036 5560 Martini
3054 5520 3178 5576 cap.
3207 5507 3238 5560 6
3264 5521 3278 5560 :
3309 5524 3338 5555 ‹‹
3361 5503 3858 5578 Sciatisquiapost

2205 5595 2312 5651 hoc
2337 5596 2592 5652 triduum
2623 5597 2822 5654 natalis
2849 5597 3204 5671 episcopatus
3233 5599 3356 5672 ejus
3390 5614 3507 5654 esse
3532 5614 3852 5656 consueve-

2205 5693 2310 5743 rat.
2341 5711 2368 5738 »
2397 5689 2480 5744 Ad
2507 5706 2639 5746 eum
2666 5691 2903 5747 modum
2928 5691 3130 5748 natalis
3157 5692 3457 5763 cathedra,
3486 5693 3690 5748 natalis
3707 5694 3852 5750 cali-

2205 5783 2281 5836 cis
2330 5781 2391 5837 in
2436 5784 2665 5840 vetustis
2714 5784 3058 5841 Kalendariis
3124 5787 3464 5858 appellatur.
3537 5786 3630 5843 Sic
3693 5786 3856 5844 infra

2203 5874 2388 5932 natale
2417 5877 2663 5935 ecclesiae
2690 5895 2796 5951 pro
2822 5878 3208 5937 anniversario
3238 5879 3628 5937 dedicationis.
3659 5880 3849 5946 Quili-
