4054 6188
214 343 316 395 213

1299 341 1384 397 DE
1426 341 1737 397 LITURGIA
1776 342 2148 398 GALLICANA
2190 343 2384 398 LIBER
2427 343 2488 396 ll.

3481 341 3581 396 2H

210 447 304 502 bet
343 446 601 520 episcopi
637 447 1088 505 anniversarium
1127 448 1500 505 ordinationis
1537 466 1654 505 sum
1695 449 1848 506 diem
1870 448 2373 536 AHierusolymis,
2423 453 2479 505 et
2504 447 2686 506 hiems
2729 452 2871 517 erat,
2913 453 3018 505 etc.
3071 448 3246 521 (Joan.
3287 463 3343 519 x,
3375 448 3578 520 22-28).

211 541 518 614 quotannis
544 543 890 613 recolebant,
917 547 973 599 et
999 560 1323 600 sermonem
1368 543 1505 616 ipsis
1541 543 1737 599 diebus
1779 546 1851 601 ad

209 635 493 706 populum
517 635 821 692 habebant.
868 639 1061 692 Exstat
1096 637 1333 693 Ennodii
1375 637 1545 692 dictio
1589 637 1650 692 in
1679 639 1850 695 natali

211 729 504 783 Laurentii
535 729 962 785 Mediolanensis
1000 725 1265 803 episcopi,
1304 730 1402 786 ubi
1429 730 1700 802 praeclara
1729 732 1850 787 haec

207 821 381 875 verba
420 839 435 876 :
474 842 502 874 (ί
547 823 666 878 Tibi
713 839 850 896 ergo
885 824 1123 880 debetur
1150 824 1559 882 venerabilium
1586 826 1851 894 jcustodia

207 931 523 985 canonum,
554 939 581 966 »
605 921 710 973 etc.

373 1029 590 1086 LXXIII.
631 1047 878 1086 LEGENDA
919 1047 974 1086 IN
1014 1047 1359 1087 DEPOSITIONE
1400 1047 1653 1087 EPISCOPI.

691 1123 866 1174 Lectio
892 1124 1052 1175 Esaia:
1077 1124 1369 1189 prophetae.

276 1209 416 1263 Haec
439 1209 574 1264 dicit
600 1209 873 1264 Dominus
904 1229 917 1265 :
941 1211 1170 1281 Aperite
1189 1214 1399 1282 portas,
1423 1214 1479 1264 et
1498 1209 1852 1282 ingrediatur

207 1317 355 1373 gens
382 1303 559 1373 justa,
589 1306 719 1371 etc.,
748 1319 919 1374 usque
947 1305 1132 1359 Donec
1163 1307 1486 1375 petranseat
1512 1304 1847 1377 indignatio,

206 1395 284 1452 ait
311 1396 592 1452 Dominus
623 1399 788 1454 Deus.
823 1399 950 1468 (Isa.
980 1414 1127 1464 xxvr,
1155 1399 1332 1470 2-20.)

491 1489 722 1554 Epistola
750 1491 896 1541 Pauli
924 1490 1149 1556 apostoli
1173 1491 1238 1541 ad
1263 1491 1574 1542 Corinthios.

276 1577 501 1631 Notum
529 1581 721 1632 autem
750 1576 908 1632 vobis
929 1577 1186 1643 facimus,
1215 1576 1436 1644 fratres,
1459 1576 1848 1649 Evangelium,

203 1670 373 1742 quod
400 1671 698 1742 praedicavi
723 1671 903 1739 vobis,
933 1676 1063 1738 etc.,
1098 1687 1268 1742 usque
1316 1673 1394 1726 Ita
1438 1675 1493 1726 et
1531 1671 1591 1726 in
1635 1671 1851 1726 Christo

205 1780 417 1819 omnes
454 1763 901 1820 viviﬁcabuntur.
929 1766 979 1835 (Ι
999 1765 1118 1821 Cor.
1151 1782 1240 1833 xv,
1278 1764 1451 1835 1-22.)

367 1858 540 1907 Lectio
573 1858 740 1908 sancti
770 1858 1041 1922 Evangelii
1073 1857 1364 1908 secundum
1397 1857 1700 1908 Iohannem.

280 1941 339 2014 1
363 1941 482 2015 67
515 1943 722 1998 Diebus
752 1943 880 2014 illis,
909 1943 1052 1999 dixit
1078 1942 1354 1999 Dominus
1383 1943 1541 1998 Jesus
1567 1940 1854 2013 discipulis

203 2037 326 2090 suis
361 2052 375 2088 ε
408 2039 526 2109 Ego
557 2053 687 2092 sum
713 2037 876 2109 panis
898 2038 1051 2107 vitm,
1092 2042 1224 2106 etc.,
1255 2053 1425 2107 usque
1453 2034 1855 2092 Honoriﬁcabit

206 2147 355 2188 eum
380 2133 546 2188 Pater
565 2147 726 2187 meus
755 2131 852 2203 qui
880 2135 964 2186 est
998 2131 1058 2186 in
1095 2131 1265 2187 caelis.
1307 2130 1482 2201 (Joan,
1521 2146 1598 2200 vr,
1637 2129 1852 2200 49-59.)

825 2243 1212 2288 OBSERVATIO
1223 2273 1235 2285 .

283 2326 357 2379 In
386 2323 736 2396 depositione
763 2340 862 2378 seu
898 2324 1054 2379 obitu
1095 2321 1485 2396 episcoporum
1525 2323 1664 2395 quid
1700 2321 1851 2393 apud

212 2420 407 2476 Gallos
433 2419 612 2486 ﬁeret,
646 2419 807 2474 docet
831 2435 935 2473 nos
961 2417 1264 2489 Gregorius
1287 2417 1347 2471 in
1368 2416 1467 2472 lib.
1491 2417 1561 2472 de
1588 2415 1724 2471 Vitis
1749 2417 1848 2470 Pa-

215 2522 378 2571 trum
410 2531 532 2586 cap.
566 2515 618 2582 6,
653 2512 749 2567 ubi
775 2513 843 2568 de
869 2511 1022 2567 Gallo
1047 2510 1311 2582 episcopo
1336 2504 1675 2565 Arvernensi
1707 2527 1720 2564 :
1755 2507 1854 2580 qui

215 2614 503 2678 mortuus,
537 2631 564 2656 ‹‹
591 2606 814 2661 ablutus
831 2609 1000 2677 atque
1023 2605 1251 2660 vestitus
1269 2603 1330 2660 in
1351 2603 1645 2660 ecclesiam
1667 2603 1848 2658 defer-

217 2711 336 2769 tur,
360 2703 540 2758 donec
561 2698 1062 2771 comprovinciales
1081 2698 1150 2752 ad
1171 2714 1303 2752 eum
1321 2697 1707 2768 sepeliendum
1726 2712 1855 2751 con-

220 2799 554 2855 venirent...
579 2794 761 2851 Iacuit
789 2797 980 2848 autem
1006 2793 1066 2847 in
1096 2791 1328 2848 ecclesia
1366 2790 1579 2860 triduo,
1630 2789 1854 2844 assiduo
1931 2796 1936 2800 ’

218 2893 468 2948 instante
481 2887 792 2963 psallentio,
810 2903 939 2940 cum
952 2901 1162 2958 magna
1170 2885 1489 2956 frequentia
1499 2883 1716 2956 populi.
1731 2882 1856 2954 Epi-

219 2987 405 3058 scopis
439 2987 631 3038 autem
660 2985 862 3053 quarta
889 2979 978 3036 die
1003 2978 1451 3049 advenientibus,
1494 2994 1626 3034 eum
1666 2978 1735 3033 de
1763 2993 1850 3046 ec-

220 3081 392 3136 clesia
442 3079 798 3144 levaverunt;
830 3077 888 3130 et
923 3076 1215 3147 portantes
1249 3073 1310 3127 in
1349 3072 1527 3127 sancti
1567 3070 1855 3127 Laurentii

1871 1861 1928 1934 B

1954 546 2106 612 Tum,
2135 548 2508 614 consequenter
2525 547 2651 601 Luc.
2682 560 2798 614 χιχ,
2824 547 2977 600 1-10.

2200 667 2388 722 LXXV.
2429 684 2669 721 LEGENDA
2712 681 2767 720 IN
2806 681 3013 720 NATALE
3051 681 3325 721 accmsm.

2412 756 2596 809 Lectio
2628 759 2768 809 Isaiae
2793 759 3082 822 prophetae.

2021 844 2226 913 Lauda,
2257 844 2482 912 sterilis,
2531 861 2657 916 qua:
2705 861 2819 898 non
2860 844 3029 916 paris.
3061 847 3171 901 Ista
3184 844 3304 913 jam
3337 848 3583 915 superius

1949 939 2006 991 in
2025 939 2230 1008 vigiliis
2244 939 2463 995 Natalis
2487 940 2702 994 Domini
2722 939 2919 994 scribta
2939 942 3034 995 est.
3065 938 3167 1008 (Ita
3193 942 3340 994 vetus
3361 939 3580 1010 Codex.)

2254 1049 2480 1113 Epistola
2505 1048 2650 1099 Pauli
2672 1049 2892 1112 apostoli
2915 1049 2981 1099 ad
3006 1049 3270 1114 Ephesios.

2021 1145 2260 1212 Fratres,
2298 1143 2475 1215 gratia
2507 1144 2662 1199 enim
2688 1144 2819 1200 estis
2845 1144 3039 1198 salvati
3069 1160 3171 1215 per
3211 1143 3402 1213 ﬁdem,
3449 1145 3578 1210 etc.,

1949 1253 2115 1307 usque
2147 1237 2584 1293 Coaediﬁcamini
2620 1238 2680 1292 in
2715 1237 3101 1293 habitaculum
3133 1237 3230 1292 Dei
3272 1237 3332 1292 in
3371 1235 3581 1309 Spiritu

1951 1335 2160 1387 sancto.
2193 1330 2406 1402 (Ephes.
2437 1348 2497 1402 ιι,
2527 1332 2705 1402 8-22.)

2120 1444 2293 1493 Lectio
2317 1444 2483 1494 sancti
2500 1443 2768 1508 Evangelii
2789 1443 3077 1494 secundum
3102 1442 3414 1493 Matthmum.

2021 1539 2227 1596 Diebus
2251 1540 2362 1594 illis
2389 1557 2519 1595 cum
2546 1539 2832 1595 introisset
2857 1539 3129 1593 Dominus
3153 1539 3310 1593 Jesus
3335 1536 3586 1591 Hieroso-

1949 1636 2182 1706 lymam,
2207 1638 2489 1690 commota
2532 1638 2616 1689 est
2643 1634 2906 1688 universa
2933 1633 3143 1702 civitas,
3173 1635 3303 1700 etc.,
3334 1645 3500 1700 usque
3526 1630 3587 1684 In

1951 1723 2301 1792 Bethaniam,
2331 1723 2521 1794 ibique
2547 1722 2774 1777 mansit.
2809 1722 3026 1791 (Matth.
3061 1737 3174 1790 xxx,
3210 1721 3383 1790 10-7.)

2146 1844 2354 1898 LXXVI.
2398 1858 2642 1897 LEGENDA
2681 1858 2737 1896 IN
2774 1857 3068 1895 VELATIONE
3106 1855 3386 1895 VIRGINUM.

2443 1935 2615 1985 Lectio
2640 1933 2784 1984 Isaite
2807 1933 3096 1998 prophetae.

2026 2030 2281 2085 Gaudens
2318 2029 2574 2100 gaudebo
2612 2028 2672 2083 in
2710 2029 2971 2097 Domino,
3007 2030 3062 2082 et
3100 2025 3374 2081 exultabit
3399 2025 3588 2080 anima

1954 2140 2078 2179 mea
2093 2123 2153 2178 in
2174 2125 2284 2178 Deo
2311 2139 2459 2193 meo,
2488 2127 2618 2191 etc.,
2647 2137 2812 2192 usque
2837 2123 3021 2176 Donec
3041 2123 3216 2192 ponat
3242 2118 3590 2175 Hierusalem

1953 2216 2177 2272 laudem
2222 2217 2282 2271 in
2325 2222 2494 2287 terra,
2535 2216 2615 2271 ait
2668 2215 2938 2270 Dominus
2987 2215 3153 2270 Deus.
3206 2213 3330 2283 (Isa.
3382 2214 3588 2281 Lx1,l0

1952 2326 2118 2381 usque
2147 2326 2274 2379 an,
2304 2311 2381 2381 7.)

2025 2406 2287 2460 Lectiones
2299 2403 2365 2458 de
2382 2403 2642 2474 Apostulo
2655 2404 2706 2457 et
2728 2402 2792 2457 de
2802 2403 2879 2456 Ev
2886 2401 3099 2471 angelio
3114 2402 3327 2471 require
3345 2401 3591 2471 superius

1953 2497 2028 2552 ad
2048 2499 2401 2565 festivitatem
2424 2501 2624 2552 sanctae
2648 2497 2934 2552 Mar-iacet
2957 2499 3156 2552 sancta
3172 2496 3455 2553 Genovevz
3479 2494 3587 2550 vir-

1953 2594 2114 2663 ginis.
2146 2591 2249 2660 (Ita
2279 2594 2429 2646 vetus
2457 2590 2674 2660 Codex.)

2037 2713 2278 2766 LXXVII.
2318 2727 2432 2766 Haec
2471 2727 2654 2766 LECTIO
2707 2726 2971 2778 LEGENDA,
3012 2724 3228 2770 QUANDO
3278 2723 3503 2762 EPISCOPI

2081 2808 2379 2848 PBEDICARE
2417 2807 2639 2858 DEBENT,
2683 2807 2749 2844 UT
2787 2805 2940 2843 PLEBS
2979 2804 3204 2842 DECIHAS
3242 2803 3465 2842 BEDDAT.

2412 2888 2588 2938 Lectio
2618 2886 2884 2937 Malachim
2909 2885 3198 2950 praphetw.

2028 2985 2076 3058 1
2094 2983 2218 3058 69
2248 2985 2375 3038 Haec
2403 2983 2536 3038 dicit
2553 2982 2829 3037 Dominus
2857 3001 2870 3038 :
2901 2976 3076 3036 Filius
3095 2981 3336 3036 honorat
3347 2982 3590 3052 patrem,

1956 3086 2012 3136 et
2038 3095 2228 3136 servus
2264 3077 2569 3133 Dominum
2605 3093 2792 3146 suum,
2837 3080 2968 3146 etc.,
2995 3091 3163 3146 usque
3192 3076 3459 3146 Magnum
3484 3089 3592 3128 no-

218 3174 536 3239 basilicam,
567 3170 646 3225 ibi
669 3169 966 3242 εθΡεῙίιωῒ·
997 3169 1119 3223 δδω
1146 3182 1277 3221 vero
1315 3165 1375 3220 in
1417 3165 1697 3238 exsequiis
1735 3166 1856 3236 eius
1887 3232 1930 3248 η
1960 3197 2091 3234 men
2125 3195 2318 3233 meum
2349 3177 2409 3231 in
2435 3175 2720 3248 gentibus,
2752 3174 2888 3231 dicit
2915 3173 3190 3230 Dominus
3217 3172 3590 3230 exercituum.

222 3272 473 3342 quantus
488 3232 764 3337 planctus,
787 3261 986 3335 quanti
1005 3259 1203 3332 populi
1220 3259 1472 3328 adfuere,
1499 3232 1856 3314 enarrarivix

1978 3232 2217 3330 sua...
2247 3289 2284 3342 ι,
2317 3232 2484 3342 sui”)

222 3367 433 3436 potest.
447 3359 708 3416 Mulieres
719 3373 848 3412 cum
859 3354 1199 3428 lugubribus
1219 3353 1568 3410 indumentis
1587 3355 1859 3426 tanquam

223 3457 266 3512 si
289 3457 444 3511 viros
470 3452 880 3526 perdidissent;
911 3449 1170 3505 similiter
1197 3452 1252 3504 et
1277 3448 1382 3503 viri
1408 3447 1628 3502 obtecto
1654 3447 1856 3519 capite,

227 3550 373 3606 utin
401 3546 660 3619 exequiis
677 3561 924 3600 uxorum
960 3560 1086 3598 mos
1123 3548 1237 3612 est;
1278 3541 1386 3614 ipsi
1423 3558 1650 3614 quoque
1683 3540 1861 3596 Judaei

225 3642 472 3699 accensis
493 3639 847 3711 lampadibus
864 3636 1188 3709 plangendo
1208 3635 1764 3708 prosequebantur...
1795 3635 1862 3688 Et

226 3739 380 3811 quia,
412 3739 478 3791 ut
505 3733 772 3800 diximus,
799 3730 1170 3804 provinciales
1201 3731 1372 3801 longe
1407 3728 1710 3798 distabant,
1756 3744 1861 3782 nec

226 3830 466 3887 celerius
485 3827 678 3883 venire
698 3829 991 3898 poterant;
1016 3829 1079 3880 ut
1096 3840 1220 3879 mos
1233 3822 1578 3878 rusticorum
1598 3821 1858 3892 habetur,

228 3925 456 3998 glebam
481 3936 652 3993 super
679 3919 910 3976 beatum
939 3934 1142 3990 corpus
1159 3933 1399 3990 posuere
1420 3915 1632 3987 ﬁdeles,
1656 3932 1769 3988 quo
1790 3914 1860 3970 ab

232 4024 378 4074 aestu
405 4033 525 4072 non
554 4016 977 4070 intumesceret.
1010 4033 1036 4064 »
1081 4011 1237 4067 Idem
1275 4011 1482 4066 factum
1515 4010 1574 4064 in
1611 4015 1861 4065 sanctam

229 4110 663 4184 Radegundem.
688 4107 847 4172 Quod
876 4105 953 4161 ait
977 4105 1302 4177 Gregorius,
1332 4105 1484 4160 viros
1503 4108 1650 4160 tecto
1682 4103 1862 4175 capite

228 4209 287 4264 in
323 4205 468 4262 Galli
505 4200 786 4275 exsequiis
816 4199 1145 4272 processise,
1185 4199 1242 4253 id
1287 4198 1458 4253 etiam
1487 4214 1640 4252 nunc
1670 4198 1858 4252 obser-

227 4307 394 4356 vatur
425 4299 486 4353 in
526 4297 726 4353 funere
768 4311 972 4366 regum
1009 4297 1337 4348 nostrorum
1366 4309 1430 4346 ac
1457 4291 1781 4364 principum
1801 4291 1862 4345 in

227 4394 466 4451 ecclesia
488 4389 1147 4462 DionysianaNCeeterum
1167 4386 1415 4458 episcopi
1430 4401 1545 4440 non
1566 4385 1676 4439 alio
1695 4384 1862 4438 modo

226 4505 405 4562 quam
430 4487 556 4542 laici
579 4487 639 4540 in
665 4483 884 4539 tumulo
913 4480 1420 4552 componebantur,
1457 4479 1515 4534 id
1554 4482 1637 4534 est
1669 4493 1864 4533 omnes

2238 3381 2466 3447 Epistola
2492 3380 2635 3430 Pauli
2662 3379 2885 3444 apostoli
2909 3377 2974 3428 ad
2997 3377 3312 3428 Corinthios.

2032 3483 2275 3549 Fratres,
2294 3479 2422 3552 quis
2437 3478 2644 3533 militat
2668 3477 2784 3532 suis
2816 3476 3107 3548 stipendiis
3134 3492 3385 3547 unquam
3401 3477 3429 3530 7
3459 3480 3592 3542 etc.,

1957 3593 2126 3647 usque
2153 3575 2231 3630 Ne
2258 3573 2411 3646 quod
2438 3572 2842 3627 olfendiculum
2870 3570 3070 3626 demus
3098 3568 3402 3641 Evangelio
3427 3568 3592 3624 Chri-

1960 3669 2051 3725 sti.
2082 3670 2130 3740 (I
2157 3671 2277 3727 Cor.
2308 3684 2381 3737 Ix,
2415 3666 2594 3737 7-12.)

2169 3778 2342 3830 Lectio
2373 3777 2540 3830 sancti
2565 3775 2832 3841 Evangelii
2856 3775 3148 3826 secundum
3175 3777 3383 3826 Lucam.

2031 3883 2306 3952 Tempore
2325 3879 2440 3948 illo,
2467 3877 2732 3933 audiente
2760 3875 2997 3930 Domino
3021 3876 3152 3931 Jesu
3179 3874 3336 3930 omni
3359 3862 3594 3947 populo,

1961 3975 2103 4031 dixit
2144 3972 2432 4044 discipulis
2459 3971 2575 4026 suis
2608 3989 2622 4025 :
2653 3969 2952 4025 Adtendite
2989 3969 3059 4024 ad
3099 3968 3324 4036 Scribis,
3362 3967 3462 4040 qui
3495 3984 3594 4022 vo-

1959 4069 2087 4125 lunt
2109 4068 2398 4124 ambulare
2423 4065 2483 4121 in
2510 4063 2674 4119 scolis
2715 4064 2847 4133 (sic),
2879 4066 2984 4118 etc.
3018 4062 3164 4132 (Luc.
3196 4079 3283 4131 xx,
3313 4063 3401 4132 45,
3431 4077 3597 4133 usque

1963 4179 2071 4233 xxx,
2099 4163 2171 4232 4).
2205 4165 2338 4219 Tum
2365 4162 2740 4230 consequenter
2763 4158 2962 4214 Matth.
2993 4173 3065 4225 v1,
3094 4157 3218 4212 2-4.

2335 4299 2515 4345 NOT/E
2557 4299 2634 4342 ET
2677 4295 3187 4342 OBSERVATIONES
3201 4323 3214 4337 .

2034 4393 2433 4450 Observatione
2454 4391 2626 4463 digna
2645 4394 2728 4446 est
2746 4391 2869 4445 haec
2890 4387 3079 4454 missa,
3102 4387 3328 4459 quando
3343 4385 3594 4460 episcopi

1963 4487 2268 4560 praedicare
2293 4485 2518 4553 debent,
2549 4488 2612 4538 ut
2631 4483 2792 4555 plebs
2817 4481 3062 4536 decimas
3087 4479 3304 4535 reddat.
3337 4479 3468 4552 Ejus
3492 4497 3590 4552 ge-

225 4583 468 4656 pedibus
493 4579 565 4634 ad
596 4577 884 4633 Orientem
907 4574 1210 4642 conversis,
1243 4573 1504 4646 exemplo
1528 4571 1736 4628 Christi
1759 4572 1942 4677 Do-D
1963 4582 2112 4636 neris
2141 4585 2225 4636 est
2258 4594 2442 4634 sermo
2484 4581 2587 4632 277
2626 4576 2685 4630 in
2728 4592 2872 4630 nova
2909 4573 3222 4646 appendice
3262 4589 3594 4652 sermonum

226 4676 395 4744 mini,
424 4674 586 4746 cujus
610 4688 816 4744 corpus
842 4671 901 4725 in
926 4667 1184 4740 sepulcro
1220 4667 1327 4722 hoc
1370 4667 1539 4722 modo
1579 4667 1862 4738 composi-

229 4776 354 4825 tum
393 4768 520 4835 fuit,
557 4771 622 4822 ut
645 4766 848 4838 probat
875 4761 1162 4820 Haimonis
1180 4761 1413 4816 homilia
1443 4762 1503 4817 in
1528 4759 1714 4833 vigilia
1742 4761 1865 4814 Pas-

227 4864 376 4933 chaa,
404 4868 460 4919 et
490 4862 765 4918 Baronius
791 4859 860 4915 ad
889 4875 1103 4914 annum
1133 4859 1222 4915 34.

574 4974 789 5029 LXXIV.
821 4989 1062 5026 LEGENDA
1090 4987 1146 5025 IN
1172 4985 1546 5044 DEDICATIONE.‘

747 5065 921 5115 Lectio
959 5063 1081 5113 libri
1115 5061 1347 5113 Genesis.

295 5157 578 5226 Tempore
602 5152 717 5221 illo,
740 5166 996 5224 egressus
1022 5149 1189 5204 Jacob
1215 5148 1285 5204 de
1309 5147 1579 5204 Bersabee
1595 5147 1866 5220 pergebat

230 5251 438 5318 Haran,
463 5253 595 5317 etc.,
624 5260 792 5317 usque
806 5243 1058 5300 Decimas
1084 5242 1317 5298 offeram
1345 5242 1466 5298 tibi.
1497 5241 1646 5312 (Gen.
1672 5258 1862 5313 xxvm,

239 5344 448 5414 11-22.)

505 5433 737 5500 Epistola
761 5431 906 5484 Pauli
934 5431 1153 5497 apostoli
1179 5430 1241 5480 ad
1269 5429 1581 5481 Corinthios.

305 5524 549 5592 Fratres,
582 5519 682 5576 Dei
712 5519 867 5576 enim
895 5535 1092 5574 sumus
1131 5517 1436 5589 adjutores,
1475 5531 1572 5570 vos
1616 5515 1865 5588 agricul-

237 5621 367 5672 tura
392 5614 548 5685 estis,
591 5618 722 5684 etc.,
758 5629 922 5685 usque
945 5611 1247 5684 Templum
1290 5610 1443 5666 enim
1484 5609 1584 5664 Dei
1609 5613 1867 5667 sanctum

239 5719 341 5785 est,
365 5714 516 5788 quod
535 5712 668 5769 estis
686 5728 804 5768 vos.
834 5712 882 5784 (Ι
903 5714 1022 5770 Cor.
1052 5727 1134 5780 III,
1164 5710 1342 5780 9-l7.)

399 5812 574 5863 Lectio
597 5810 767 5862 sancti
791 5808 1061 5874 Evangelii
1088 5806 1379 5858 secundum
1405 5805 1707 5856 Iohannem.

1965 4674 2142 4730 sancti
2187 4669 2517 4744 Augustini,
2572 4669 2814 4725 Caesarie
2867 4667 3165 4740 ascriptus.
3223 4668 3455 4724 Habitus
3513 4673 3598 4726 est

1963 4768 2132 4841 paulo
2176 4771 2306 4820 ante
2349 4763 2701 4819 nativitatem
2741 4762 2917 4818 sancti
2952 4761 3180 4818 Joannis
3209 4762 3492 4834 Baptistae,
3527 4780 3597 4818 ex

1963 4877 2124 4917 num.
2169 4861 2220 4914 4.
2253 4857 2468 4923 Quibus
2507 4874 2577 4913 ex
2618 4858 2790 4912 rebus
2831 4857 3105 4912 darentur
3144 4857 3396 4926 decimae,
3443 4861 3598 4928 patet

1965 4972 2034 5010 ex
2058 4970 2220 5009 num.
2256 4957 2276 5007 1
2315 4969 2328 5007 :
2365 4973 2391 5002 ‹‹
2425 4951 2665 5007 Decimae
2682 4951 2893 5006 tributa
2920 4951 3360 5022 suntegentium
3386 4950 3597 5004 anima-

1965 5065 2113 5103 rum.
2144 5046 2334 5102 Redde
2357 5062 2494 5118 ergo
2520 5045 2731 5102 tributa
2758 5043 3123 5117 pauperibus,
3162 5043 3301 5098 offer
3329 5042 3598 5099 libamina

1965 5140 2370 5197 sacerdotibus.
2401 5141 2560 5206 Quod
2584 5141 2631 5194 si
2671 5139 2916 5195 decimas
2944 5154 3060 5192 non
3097 5136 3270 5192 habes
3306 5137 3599 5194 fructuum

1964 5243 2346 5302 terrenorum,
2387 5235 2540 5306 quod
2581 5233 2752 5290 habet
2799 5232 3063 5304 agricola,
3102 5231 3500 5304 quodcumque
3545 5238 3599 5290 te

1965 5331 2142 5404 pascit
2187 5329 2487 5402 ingenium
2525 5328 2622 5383 Dei
2660 5331 2744 5383 est
2775 5343 2789 5381 :
2830 5331 2887 5382 et
2925 5325 3056 5381 inde
3102 5325 3320 5382 decima
3364 5327 3594 5398 expetit,

1966 5425 2118 5480 unde
2153 5423 2310 5480 vivis.
2335 5423 2412 5478 De
2441 5421 2664 5491 militia,
2687 5421 2754 5476 de
2781 5420 3033 5492 negotio,
3066 5421 3134 5476 de
3164 5419 3402 5476 artiﬁcio
3429 5421 3600 5477 redde

1968 5519 2230 5574 decimas.
2263 5541 2290 5568 ››
2320 5518 2438 5572 Huc
2477 5518 2735 5589 spectant
2762 5515 2996 5588 epistola
3025 5515 3417 5588 episcoporum
3464 5531 3596 5586 pro-

1968 5613 2164 5667 vincia:
2189 5611 2482 5667 Turonicae
2530 5609 2599 5664 ad
2626 5609 2873 5682 plebem,
2904 5609 3112 5682 scripta
3150 5609 3208 5664 in
3234 5606 3472 5663 concilio
3495 5608 3602 5664 Tu-

1970 5705 2200 5763 ronensi
2227 5723 2284 5777 ιι,
2314 5709 2370 5760 et
2397 5721 2578 5759 canon
2611 5703 2844 5776 quintus
2870 5703 3067 5777 synodi
3100 5719 3137 5758 ιι
3165 5699 3599 5757 Matisconensis.

1968 5799 2172 5855 Confer
2195 5799 2460 5873 Cypriani
2489 5798 2699 5853 librum
2733 5799 2800 5857 de
2829 5798 3021 5870 Lapsis
3042 5792 3301 5850 editionis
3320 5789 3604 5852 Oxonien-

319 5897 506 5974 168
537 5898 743 5955 Diebus
784 5896 892 5953 illis
937 5895 1078 5952 facta
1119 5899 1252 5952 sunt
1288 5896 1478 5950 autem
1523 5894 1771 5951 eucaenia
1814 5892 1870 5950 in
1971 5895 2068 5967 sis,
2099 5893 2204 5949 sub
2229 5894 2401 5952 ﬁnem
2429 5892 2578 5948 libri.
