4054 6188
457 339 560 394 215

789 339 1120 396 APPENDIX
1155 339 1244 393 AD
1279 338 1500 394 ΟΡΕΒΑ
1540 337 1772 393 SANCTI
1809 338 2080 394 GERMAN

2205 341 2571 398 lRISlENSIS.
2613 343 2700 398 DE
2739 341 3000 399 LITURG.
3042 343 3192 399 GAL.
3234 343 3358 398 LIB.
3401 343 3466 398 ll.

3712 345 3820 400 216

539 445 801 504 LXXVIII.
843 463 1085 506 LEGENDA
1125 461 1342 510 QUANDO
1381 461 1646 502 nucoxus
1686 460 2012 504 cammarus.
2103 451 2298 532 Asuis
2331 467 2344 506 :
2376 450 2509 516 Quis
2537 455 2702 523 putas
2731 455 2814 507 est
2841 447 3025 506 ﬁdelis
3053 451 3408 522 dispensator
3444 453 3500 505 et
3542 449 3818 520 prudens,

861 541 1037 591 Lectio
1073 539 1348 590 Ezechihel
1374 539 1662 602 prOpbeue.

528 625 578 698 1
595 625 723 700 70
749 627 876 684 Haec
907 625 1042 680 dicit
1065 624 1336 680 Dominus
1368 624 1573 679 Levitis
1599 625 1728 680 ﬁliis
1763 625 1956 695 Sadoc,
1985 626 2085 698 qui

435 720 842 798 custodierunt
866 717 1226 774 caeremonias
1263 719 1570 774 sanctuarii
1594 719 1729 788 mei,
1755 723 1887 788 etc.,
1917 735 2085 790 usque

457 815 524 870 Et
545 812 860 868 custodiant
888 811 1252 866 caeremonias
1277 827 1453 884 meas,
1485 812 1620 868 dicit
1647 812 1919 868 Dominus
1957 828 2080 868 om-

455 906 734 980 nipotens.
766 905 974 975 (Ezech.
1001 921 1143 976 κων,
1171 909 1256 976 l5,
1290 906 1396 976 I6.)

710 1005 938 1072 Epistola
965 1007 1104 1058 Pauli
1133 1007 1354 1072 apostoli
1379 1007 1444 1058 ad
1477 1009 1825 1059 Timotheum.

524 1095 838 1164 Carissime,
871 1093 1132 1150 diaconos
1159 1110 1279 1149 esse
1314 1099 1538 1166 oportet
1575 1095 1828 1166 pudicos,
1855 1110 1972 1150 non
1995 1093 2082 1149 bi-

449 1187 699 1261 lingues,
729 1193 860 1258 etc.,
881 1204 1050 1260 usque
1073 1189 1140 1242 Et
1159 1189 1398 1243 multam
1423 1187 1686 1243 ﬁduciam
1710 1188 1771 1244 in
1795 1187 1924 1258 ﬁde,
1956 1204 2085 1260 quae

454 1287 538 1339 est
565 1283 624 1338 in
651 1283 872 1339 Christo
905 1283 1036 1337 Jesu
1063 1282 1298 1337 Domino
1323 1286 1538 1338 nostro.
1565 1281 1612 1352 (Ι
1639 1284 1776 1338 Tim.
1809 1298 1888 1349 Ill,
1916 1281 2084 1352 8-13.)

702 1383 878 1434 Lectio
903 1383 1173 1448 Evangelii
1197 1383 1487 1433 secundum
1523 1383 1835 1434 Matthaaum.

527 1473 588 1526 In
613 1471 708 1525 illo
720 1473 996 1542 tempore,
1026 1469 1354 1524 ambulante
1369 1469 1607 1524 Domino
1624 1471 1650 1524 J
1655 1485 1755 1524 esu
1783 1485 1912 1522 cum
1927 1468 2087 1522 disci-

451 1564 600 1636 pulis
625 1563 740 1619 suis
767 1564 826 1618 in
867 1564 978 1633 via,
1010 1563 1154 1619 dixit
1180 1563 1414 1634 quidam
1441 1563 1512 1618 ad
1548 1561 1708 1618 illum
1737 1579 1750 1616 :
1791 1563 2006 1634 Sequar
2027 1565 2086 1617 te

453 1673 816 1730 quocumque
841 1657 992 1726 ieris,
1021 1661 1152 1726 etc.,
1182 1672 1348 1728 usque
1371 1657 1695 1728 Respiciens
1722 1659 1895 1724 retro,
1922 1659 2086 1727 aptus

455 1755 539 1806 est
580 1767 757 1822 regno
787 1751 904 1806 Dei.
931 1754 1040 1806 Hoc
1063 1751 1419 1819 E-vangelium
1447 1754 1526 1804 est
1559 1753 1738 1805 sancti
1757 1753 1932 1814 Lucae,
1959 1765 2082 1820 cap.

453 1861 528 1916 1x,
559 1848 750 1900 57—62.
780 1845 1000 1902 Similia
1024 1847 1084 1898 in
1109 1845 1308 1900 Matth.
1335 1859 1455 1914 cap.
1487 1859 1603 1912 vm,
1632 1847 1723 1898 20.

831 1956 1010 2000 NOTE
1051 1955 1128 1999 ΕΤ
1170 1955 1696 2000 OBSERVATIONES.

523 2037 668 2103 Quid
694 2055 728 2092 a
755 2036 1004 2092 diaconis
1021 2035 1345 2090 ordinandis
1373 2035 1626 2106 exigeret
1651 2034 1924 2090 Caesarius
1947 2037 2082 2089 Are-

451 2131 678 2186 latensis
702 2130 976 2202 pontifex,
1007 2129 1178 2184 tradit
1201 2129 1262 2184 in
1291 2129 1390 2184 lib.
1415 2145 1434 2184 ι
1459 2129 1528 2184 de
1553 2128 1678 2183 Vita
1705 2128 1827 2198 ejus
1851 2127 2084 2199 Cypria-

451 2242 558 2280 nus
587 2239 748 2280 num.
781 2227 848 2280 32
878 2240 892 2278 :
928 2245 955 2274 «
985 2222 1200 2294 Adjecit
1242 2221 1412 2278 etiam
1455 2221 1581 2291 hoc,
1611 2225 1676 2276 ut
1703 2237 2000 2291 nunquam
2025 2220 2085 2275 in

453 2317 682 2374 ecclesia
736 2333 836 2372 sua
880 2316 1174 2372 diaeonem
1223 2315 1510 2370 ordinaret
1553 2319 1684 2370 ante
1735 2295 2084 2369 tricesimum

454 2411 633 2466 aetatis
661 2427 780 2466 suae
811 2427 1050 2465 annum.
1091 2411 1302 2464 Verum
1336 2409 1508 2464 etiam
1547 2413 1604 2463 et
1627 2409 1734 2463 hoc
1759 2407 1992 2476 addidit,
2019 2411 2086 2462 ut

451 2521 555 2560 nec
579 2504 640 2560 in
665 2503 918 2576 qualibet
941 2503 1158 2574 majore
1185 2506 1349 2557 aetate
1375 2501 1754 2568 ordinaretur,
1793 2500 1904 2555 nisi
1938 2517 2082 2572 qua-

447 2603 578 2654 tuor
601 2598 813 2653 vicibus
837 2597 897 2651 in
934 2596 1132 2651 ordine
1171 2595 1344 2650 libros
1373 2595 1588 2650 Veteris
1625 2594 1964 2650 Testamenti
1997 2595 2079 2650 le-

449 2692 596 2764 gerit
631 2696 782 2760 ante,
825 2695 882 2746 et
925 2693 1170 2761 quatuor
1215 2691 1452 2744 Novum.
1501 2710 1528 2738 »
1584 2689 1837 2743 Canones
1865 2705 2082 2744 annum

449 2785 628 2841 aetatis
653 2785 993 2856 vigesimum
1014 2783 1283 2855 quintum
1304 2782 1562 2854 exigunt.
1587 2782 1982 2853 Dispensatum
1999 2783 2082 2838 ni-

447 2879 562 2936 hilo
579 2879 768 2934 miuus
791 2878 852 2932 in
872 2877 1068 2932 multis
1091 2894 1104 2932 :
1131 2893 1272 2948 quos
1291 2877 1441 2931 inter
1457 2876 1808 2948 Epiphanius
1827 2877 2082 2932 Ticinen-

447 2974 520 3028 sis
547 2989 696 3027 anno
721 2971 900 3026 aetatis
919 2975 1111 3025 octavo
1139 2970 1355 3025 decimo
1382 2969 1774 3036 subdiaconus,
1805 2970 2078 3040 vigesimo

447 3065 712 3120 diaconus
748 3063 1042 3118 ordinatus
1085 3066 1188 3130 est,
1217 3066 1356 3116 teste
1387 3061 1640 3116 Ennodio
1683 3061 1744 3115 in
1785 3062 1906 3133 ejus
1939 3063 2076 3118 Vita.

449 3157 729 3214 Nimirum
778 3175 806 3207 (ι
846 3155 1146 3210 festinabat
1169 3155 1238 3208 ad
1265 3154 1566 3209 Leviticam
1593 3155 1928 3225 dignitatem
1954 3173 2082 3211 con-

447 3239 698 3319 scientia,
729 3265 904 3321 quam
929 3264 1226 3319 nunquam
1253 3251 1378 3302 vota
1405 3253 1885 3318 praesumpserant
1913 3267 1926 3304 :
1955 3250 2076 3305 exi-

446 3344 614 3418 gebat
653 3341 998 3398 conversatio
1039 3341 1190 3412 quod
1234 3339 1512 3396 desideria
1572 3341 1801 3412 penitus
1856 3341 2081 3413 ignora-

445 3439 600 3494 bant.
635 3457 662 3490 »
707 3439 772 3492 Et
795 3435 1033 3491 inferius
1063 3451 1076 3489 :
1111 3457 1138 3484 «
1167 3433 1312 3488 Talis
1331 3433 1390 3488 in
1421 3434 1722 3490 diaconatu
1749 3453 1781 3489 a
1807 3435 2080 3508 vigesimo

444 3531 740 3604 incipiens,
774 3533 898 3586 octo
927 3545 1108 3584 annos
1145 3527 1409 3599 explevit.
1442 3549 1469 3577 »
1499 3528 1620 3582 Non
1647 3529 1820 3584 otiose
1842 3530 2082 3602 legenda

446 3629 578 3680 sunt
605 3625 774 3680 verba
814 3623 1044 3678 Catonis
1086 3620 1422 3693 presbyteri,
1451 3621 1674 3676 tametsi
1707 3639 1849 3678 vano
1891 3623 2082 3679 animo

445 3717 680 3790 prolata,
708 3717 860 3788 apud
885 3715 1224 3786 Gregorium
1252 3715 1638 3769 Turonensem
1668 3717 1994 3786 pontiﬁcem
2021 3718 2082 3772 in

345 3823 350 3828 '
445 3811 546 3866 lib.
579 3825 653 3878 ιγ,
682 3826 804 3879 cap.
847 3811 877 3863 6
919 3825 933 3862 :
983 3809 1180 3862 Lector
1206 3807 1402 3862 decem
1452 3808 1616 3862 annis
1643 3809 1745 3877 fui,
1778 3810 2078 3866 subdiaco-

447 3907 613 3960 natus
641 3902 893 3957 ofﬁcium
935 3901 1191 3974 quinque
1233 3899 1398 3954 annis
1434 3901 1852 3973 administravi;
1883 3903 1931 3976 1
1950 3904 2068 3976 71

447 3995 766 4053 diaconatui
803 4011 935 4050 vero
971 3994 1298 4066 quindecim
1328 3995 1492 4050 annis
1531 3995 1880 4066 mancipatus
1913 3997 2016 4066 fui,
2049 4017 2078 4050 ››

448 4095 554 4146 etc.
573 4089 822 4144 Diaconii
849 4091 1197 4143 sacramenta
1225 4092 1522 4160 nuncupat
1549 4089 1838 4144 Ennodius
1864 4091 2080 4162 episco-

447 4201 554 4258 pus
579 4183 887 4238 Ticineusis
915 4183 974 4236 in
999 4181 1099 4236 lib.
1135 4199 1188 4236 ιν
1217 4181 1455 4254 epistola
1479 4185 1570 4248 2i,
1599 4181 1670 4237 ad
1696 4183 2080 4240 Constantium

447 4279 795 4352 episcopum,
841 4295 876 4332 a
920 4291 1034 4348 quo
1069 4276 1211 4346 petit
1251 4275 1520 4348 Vigilium
1565 4275 1969 4332 subdiaconum
2011 4279 2082 4333 ad

446 4373 806 4428 diaconatum
837 4369 1178 4443 promoveri.

517 4467 678 4521 Nulla
701 4465 794 4520 hic
817 4465 1032 4521 mentio
1060 4465 1128 4520 de
1151 4463 1492 4520 subdiacono
1531 4461 1768 4535 aliisque
1796 4461 2078 4520 inferiori-

2101 1831 2156 1902 13

2100 3199 2155 3272 (3

2184 547 2314 612 etc.,
2360 561 2528 615 usque
2567 545 2751 616 Supra
2795 544 2985 599 omnia
3023 559 3150 616 quae
3197 543 3466 616 possidet,
3513 543 3823 600 constituet

2183 639 2364 694 illum.
2394 639 2537 709 (Luc.
2569 655 2663 708 xu,
2693 637 2897 708 42-44.)

2357 769 2544 824 LXXX.
2585 785 2824 824 LEGENDA
2877 784 2930 823 1x
2971 781 3339 822 raorrcnoxa
3385 783 3635 826 ITINERIS.

2452 870 2681 935 Epistola
2705 871 2852 922 Pauli
2877 869 3096 935 apostoli
3115 869 3179 920 ad
3203 869 3550 919 Timotheum.

2254 965 2571 1036 Carissime,
2609 967 2732 1021 haec
2775 965 2932 1020 vobis
2971 965 3174 1034 scribo,
3217 981 3450 1036 sperans
3485 981 3576 1021 me
3628 965 3826 1022 venire

2183 1060 2254 1116 ad
2298 1076 2395 1116 vos
2433 1060 2565 1129 cito,
2597 1065 2728 1126 etc.,
2771 1075 2938 1131 usque
2977 1059 3356 1130 Adsumptum
3398 1063 3482 1114 est
3513 1059 3572 1114 in
3618 1061 3822 1132 gloria.

2187 1155 2235 1224 (Ι
2262 1157 2396 1210 Tim.
2427 1171 2506 1224 In,
2543 1153 2752 1224 14-16.)

2397 1265 2570 1316 Lectio
2592 1265 2758 1316 sancti
2781 1264 3052 1330 Evangelii
3078 1263 3366 1314 secundum
3393 1265 3601 1315 Lucam.

2259 1359 2461 1416 Diebus
2499 1361 2628 1430 illis,
2655 1361 2870 1416 factum
2917 1365 3000 1415 est
3037 1360 3176 1416 dum
3223 1362 3646 1432 complerentur
3697 1361 3824 1416 dies

2185 1453 2594 1526 adsumptionis
2635 1455 2776 1526 ejus,
2807 1458 2912 1508 etc.
2952 1455 3095 1523 (Luc.
3127 1469 3202 1524 1x,
3237 1455 3448 1522 Eii-'56).
3480 1458 3610 1510 Tum
3637 1471 3822 1510 conse-

2185 1553 2406 1618 quenter
2435 1568 2452 1603 :
2485 1550 2550 1604 Et
2579 1548 2722 1603 dixit
2747 1547 2856 1602 illis
2889 1565 2903 1602 :
2933 1547 3056 1604 Sint
3079 1547 3260 1602 lumbi
3298 1548 3466 1604 vestri
3503 1547 3820 1620 praecincti,

2186 1647 2290 1698 etc.
2327 1643 2470 1712 (Luc.
2500 1659 2596 1710 v11,
2632 1643 2843 1713 35—37.)

2399 1769 2610 1823 LXXXI.
2651 1785 2890 1824 LEGENDA
2929 1785 2996 1823 ns
3033 1783 3316 1823 REDEUNDO
3356 1783 3600 1823 ITENERE.

2479 1861 2710 1925 Epistula
2735 1860 2884 1912 Pauli
2908 1860 3130 1924 apostoli
3153 1860 3220 1910 ad
3242 1863 3520 1910 Romanos.

2257 1955 2450 2030 172
2481 1957 2724 2024 Fratres,
2757 1957 2937 2012 habeo
2979 1956 3220 2027 gloriam
3255 1955 3314 2009 in
3349 1955 3566 2010 Christo
3591 1957 3724 2010 Iesu
3747 1955 3822 2009 ad

2185 2053 2384 2106 Deum.
2417 2051 2538 2104 Non
2573 2049 2726 2104 enim
2750 2051 2930 2105 audeo
2957 2049 3171 2121 aliquid
3195 2049 3370 2120 loqui,
3401 2053 3531 2119 etc.,
3561 2064 3730 2119 usque
3755 2049 3824 2102 In

2184 2144 2529 2200 abundantia
2577 2143 2984 2199 benedictionis
3017 2142 3224 2198 Christi
3248 2142 3492 2198 veniam.
3523 2143 3691 2214 (Rom.
3725 2157 3822 2210 xv,

2188 2239 2400 2308 47-29.)

2363 2347 2536 2398 Lectio
2567 2347 2732 2398 sancti
2757 2347 3026 2410 Evangelii
3051 2347 3340 2398 secundum
3371 2347 3636 2398 Iohanem.

2254 2444 2527 2514 Tempore
2553 2443 2673 2509 illo,
2702 2459 2834 2497 cum
2859 2443 3102 2497 venisset
3127 2443 3397 2497 Dominus
3431 2443 3593 2497 Iesus
3623 2441 3678 2495 in
3707 2441 3818 2496 Ga-

2181 2535 2406 2606 lilaeam,
2448 2540 2792 2608 exceperunt
2835 2535 2998 2590 illum
3039 2536 3267 2606 Galiltei,
3311 2540 3440 2605 etc.,
3483 2551 3647 2604 usque
3675 2535 3824 2590 Cum

2181 2630 2398 2685 veniret
2423 2646 2456 2684 a
2479 2629 2669 2684 Iudaea
2693 2629 2753 2684 in
2781 2629 3086 2684 Galilaeam.
3122 2629 3294 2700 (Joan.
3324 2647 3398 2696 ιγ,
3431 2629 3644 2699 45-54.)

2288 2757 2522 2812 LXXXII.
2563 2772 2835 2812 INCIPIUNT
2873 2771 3162 2812 LECTIONES
3212 2771 3529 2812 COTIDIANAS
3569 2755 3708 2824 (sic).

2645 2849 2818 2899 Lectio
2853 2849 3020 2898 Esaiae
3050 2849 3340 2912 prOphetaa.

2251 2943 2378 2997 Haec
2393 2943 2530 2998 dicit
2553 2943 2821 2998 Dominus
2841 2959 2853 2998 :
2871 2943 3292 2998 Miscrationum
3311 2941 3532 2997 Domini
3560 2943 3824 2998 recorda-

2179 3035 2301 3102 bor,
2336 3039 2468 3105 etc.,
2505 3052 2672 3106 usque
2714 3038 2847 3101 Quae
2899 3036 3230 3108 praeparasti
3267 3036 3697 3107 expectantibus
3737 3039 3821 3104 te,

2179 3129 2256 3184 ait
2283 3129 2550 3184 Dominus
2577 3131 2741 3186 Deus.
2775 3131 2900 3200 (Isa.
2931 3147 3078 3196 LXIII,
3110 3135 3163 3199 7,
3193 3145 3358 3200 usque
3387 3146 3529 3198 an',
3559 3129 3635 3198 4.)

2489 3239 2718 3304 Epistola
2741 3241 2882 3290 Pauli
2907 3241 3129 3306 apostoli
3151 3241 3216 3290 ad
3239 3241 3508 3305 Ephesios.

2251 3327 2491 3395 Fratres,
2507 3326 2742 3381 audiens
2759 3327 2930 3381 Iidem
2955 3331 3216 3394 vestram,
3245 3343 3371 3398 quae
3397 3331 3482 3381 est
3511 3326 3570 3380 in
3595 3325 3824 3380 Christo

2177 3421 2328 3488 Iesu,
2361 3424 2418 3474 et
2465 3419 2828 3474 dilectionem
2869 3421 2928 3474 in
2955 3437 3151 3475 omnes
3195 3425 3435 3490 sanctos,
3480 3423 3614 3486 etc.,
3651 3434 3826 3489 usque

2179 3512 2380 3568 Omnia
2397 3511 2457 3567 in
2483 3512 2747 3568 omnibus
2761 3512 3080 3584 adimplivit
3105 3513 3162 3568 in
3189 3513 3412 3568 Christo
3437 3513 3566 3568 Jesu
3595 3517 3816 3568 nostro.

2182 3605 2394 3677 (Ephes.
2427 3623 2466 3675 ι,
2501 3607 2698 3676 13-23.)

2364 3715 2535 3766 Lectio
2561 3717 2728 3766 sancti
2751 3716 3018 3782 Evangelii
3041 3716 3330 3766 secundum
3357 3717 3628 3772 Joannem,

2252 3813 2527 3883 Tempore
2565 3811 2682 3880 illo,
2711 3811 2850 3866 vidit
2875 3811 3146 3866 Dominus
3173 3813 3332 3866 lesus
3373 3810 3668 3866 hominem
3699 3827 3816 3865 ca:-

2184 3920 2312 3958 cum
2337 3921 2370 3958 a
2412 3905 2722 3974 nativitate,
2753 3909 2883 3972 etc.,
2912 3920 3078 3976 usque
3119 3906 3186 3960 Et
3223 3904 3520 3976 procidens
3563 3905 3822 3959 adoravit

2182 4013 2334 4054 eum.
2361 3997 2534 4068 (Joan.
2565 4014 2639 4060 1x,
2674 3999 2850 4069 1-38.)

2585 4125 2710 4165 ΙΤΕΠ
2761 4126 3042 4166 LECTIONES
3083 4127 3408 4166 COTIDIANAS.

2635 4200 2808 4250 Lectio
2832 4201 3052 4250 Malachi
3077 4201 3361 4266 prophetas.

2251 4287 2378 4340 Haec
2416 4285 2552 4341 dicit
2589 4285 2861 4340 Dominus
2901 4304 2914 4340 :
2963 4288 3142 4342 Erunt
3181 4286 3322 4341 mihi
3363 4301 3494 4340 oves
3535 4301 3700 4352 meae,
3735 4286 3822 4340 ait

2181 4379 2451 4434 Dominus
2478 4379 2851 4450 exercituum,
2881 4379 2940 4434 in
2967 4380 3056 4436 die
3081 4396 3194 4452 qua
3221 4396 3326 4452 ego
3351 4379 3520 4447 facio,
3555 4380 3610 4434 in
3637 4395 3818 4450 pecu-

2183 4473 2344 4542 lium,
2364 4477 2495 4544 etc.,
2523 4489 2688 4544 usque
2711 4472 3026 4528 Percutiam
3041 4477 3256 4528 terram
3270 4473 3649 4538 anathemate,
3681 4471 3824 4527 dicit

445 4560 552 4616 bus
577 4558 890 4613 ordinibus.
917 4561 979 4614 In
1004 4559 1214 4615 Ordine
1241 4557 1660 4628 Romano(utid
1677 4557 1737 4612 in
1751 4561 2080 4614 transcursu
2099 4571 2159 4643 D
2181 4567 2452 4622 Dominus
2493 4566 2866 4622 exercituum.
2913 4568 3110 4622 Malae.
3145 4583 3223 4636 ιιι,
3259 4570 3343 4634 17,
3382 4565 3457 4620 ad
3495 4569 3652 4634 ﬁnem
3689 4582 3824 4636 pro-

448 4652 758 4721 observem)
786 4651 1010 4706 ordines
1037 4653 1210 4706 etiam
1233 4652 1483 4706 minores
1512 4651 1948 4706 conferebantur
1981 4655 2084 4709 sub

449 4749 601 4802 certo
622 4744 804 4798 titulo.
839 4743 995 4798 Unde
1024 4743 1084 4798 in
1107 4745 1437 4800 invitatione
1473 4745 1920 4800 ordinandorum
1939 4747 2082 4819 legi-

447 4845 584 4896 tur:
613 4841 686 4893 De
711 4837 864 4892 domo
907 4841 1106 4892 sancta
1152 4839 1344 4892 Mariae
1375 4839 1622 4907 eligimus
1665 4839 1752 4894 ill.
1796 4841 1872 4894 ad
1915 4844 2082 4896 ostia-

445 4935 588 4988 rium
614 4932 689 4988 ad
712 4929 964 4988 eumdum
989 4931 1230 4985 titulum.
1263 4931 1340 4984 Ita
1367 4929 1436 4984 de
1468 4929 1676 4986 lectore
1703 4937 1758 4987 et
1785 4933 2082 4989 exorcista.

446 5027 594 5090 Quin
623 5025 796 5082 etiam
823 5023 1093 5079 monachi
1121 5023 1528 5078 ordinabantur
1559 5024 1664 5078 sub
1695 5025 1859 5081 titulo
1883 5043 2082 5082 mona-

449 5119 605 5174 sterii
633 5119 740 5188 sui,
768 5123 833 5174 ut
861 5118 1167 5190 probatum
1199 5121 1282 5172 est
1323 5115 1384 5172 in
1423 5116 1753 5188 praefatione
1793 5119 1864 5174 ad
1903 5137 2080 5176 saecu-

449 5213 571 5268 lum
597 5229 626 5264 v
655 5211 1108 5268 Benedictinum.

485 5323 693 5379 LXXIX.
737 5340 978 5380 LEGENDA
1033 5340 1248 5388 QUANDO
1307 5337 1616 5380 PRESBYTER
1669 5339 2042 5382 BENEDICITUR.

789 5413 1017 5476 Epistola
1039 5413 1182 5463 Pauli
1207 5412 1432 5476 apostoli
1455 5411 1522 5462 ad
1548 5411 1736 5462 Titum.

515 5493 722 5552 Paulus
763 5509 958 5550 servus
993 5494 1112 5564 Dei,
1139 5493 1422 5566 apostolus
1469 5498 1662 5549 autem
1713 5494 1840 5551 Jesu
1873 5493 2081 5550 Christi

445 5588 759 5646 secundum
805 5587 976 5643 ﬁdem
1025 5588 1334 5643 electorum
1375 5588 1492 5656 Dei,
1525 5593 1656 5659 etc.,
1702 5603 1870 5661 usque
1919 5587 2080 5645 Filios

445 5683 660 5740 habens
683 5681 878 5738 ﬁdeles
899 5682 963 5738 in
983 5681 1205 5738 Christo
1230 5683 1380 5738 Jesu.
1411 5681 1544 5752 (Tit.
1575 5699 1614 5753 ι,
1643 5685 1772 5754 1-6.)

647 5787 822 5838 Lectio
850 5785 1018 5838 sancti
1045 5784 1312 5850 Evangelii
1335 5784 1626 5835 secundum
1651 5786 1862 5836 Lucam.

2222 4661 2394 4716 hetiz.

2179 4677 2218 4731 Ρ
2480 4751 2708 4817 Epistola
2731 4752 2874 4802 Pauli
2897 4751 3118 4816 apostoli
3141 4751 3206 4802 ad
3237 4754 3514 4802 Romanos.

2257 4846 2448 4921 173
2479 4849 2720 4915 Fratres:
2749 4863 2922 4919 quam
2951 4847 3186 4919 speciosi
3222 4847 3396 4920 pedes
3423 4847 3822 4918 evangelizan-

2183 4941 2328 4996 tium
2353 4958 2668 5013 pacem.....
2713 4939 2852 4996 ﬁdes
2880 4957 2948 4995 ex
2977 4940 3196 5010 auditu,
3233 4939 3459 4996 auditus
3505 4944 3822 5004 autem.....

2185 5036 2353 5106 (Rom.
2385 5051 2438 5104 Χ,
2471 5035 2578 5105 16.)

2796 5121 3186 5169 OBSERVATIO
3195 5151 3208 5166 .

2249 5217 2336 5274 Sic
2362 5214 2567 5274 desinit
2594 5215 3012 5272 Lectionarium
3041 5215 3520 5290 antiquissimum,
3549 5216 3640 5270 cui
3667 5232 3822 5288 pau-

2182 5311 2308 5367 cula
2335 5311 2470 5367 folia
2499 5310 2557 5365 in
2583 5309 2696 5366 ﬁne
2726 5311 2952 5380 desunt,
2981 5327 3186 5382 nempe
3201 5309 3342 5388 .ﬁnis
3373 5309 3636 5382 Epistolas
3663 5327 3822 5382 prm-

2181 5405 2384 5476 missae,
2415 5409 2470 5461 et
2501 5403 2890 5476 Evangelium.
2931 5407 3018 5458 An
3061 5403 3184 5460 alia:
3230 5403 3500 5458 lectiones
3547 5419 3651 5475 pro
3691 5403 3826 5460 aliis

2181 5499 2350 5554 rebus
2375 5503 2688 5554 consecuta:
2707 5497 2840 5566 sint,
2863 5498 3164 5552 incertum.
3189 5497 3250 5552 In
3269 5497 3624 5552 Lectionibus
3641 5498 3826 5554 Evan-

2181 5591 2460 5664 geliorum
2507 5607 2802 5664 nunquam
2853 5591 3185 5664 simpliciter
3223 5590 3458 5647 effertur
3494 5594 3676 5654 Iesus,
3715 5593 3824 5648 sed

2178 5701 2401 5757 semper
2428 5689 2683 5742 Dominus
2709 5688 2875 5752 Jesus,
2905 5683 3134 5740 honoris
3161 5701 3224 5740 ac
3261 5684 3594 5742 reverentia:
3620 5699 3818 5742 causa.

2175 5779 2335 5844 Quod
2371 5779 2540 5835 etiam
2581 5780 2640 5834 in
2675 5779 3120 5846 Mozarahico,‘et
3165 5777 3222 5835 in
3249 5779 3374 5836 aliis
3403 5779 3695 5836 nonnullis
3723 5796 3822 5835 ve-

509 5873 782 5946 Tempore
821 5873 946 5944 illo,
993 5871 1212 5929 dicebat
1257 5869 1526 5929 Dominus
1583 5872 1740 5928 Iesus
1791 5870 2078 5944 discipulis
2174 5872 2336 5930 tustis
2361 5872 2666 5930 Missalibus
2691 5871 3036 5930 observatur.
