  <div class='ocr_page' id='page_1' title='image "/cluster/home/n/w/nwhite01/storage/ocr_20150623/72/hvd.32044054758768/114.png"; bbox 0 0 4054 6188; ppageno 0'>
   <div class='ocr_carea' id='block_1_1' title="bbox 620 631 3190 786">
    <p class='ocr_par' dir='ltr' id='par_1_1' title="bbox 620 631 3190 786">
     <span class='ocr_line' id='line_1_1' title="bbox 620 631 3190 786; baseline 0.004 -8"><span class='ocrx_word' id='word_1_1' title='bbox 620 632 872 778; x_wconf 91' lang='lat' dir='ltr'><strong>DE</strong></span> <span class='ocrx_word' id='word_1_2' title='bbox 1008 631 1956 780; x_wconf 81' lang='lat' dir='ltr'>LITURGIA</span> <span class='ocrx_word' id='word_1_3' title='bbox 2079 634 3190 786; x_wconf 84' lang='lat' dir='ltr'>GALLICANA</span> 
     </span>
    </p>
   </div>
   <div class='ocr_carea' id='block_1_2' title="bbox 1331 879 2462 1002">
    <p class='ocr_par' dir='ltr' id='par_1_2' title="bbox 1331 879 2462 1002">
     <span class='ocr_line' id='line_1_2' title="bbox 1331 879 2462 1002; baseline 0.005 -22"><span class='ocrx_word' id='word_1_4' title='bbox 1331 879 1748 985; x_wconf 83' lang='lat' dir='ltr'><strong><em>LIBER</em></strong></span> <span class='ocrx_word' id='word_1_5' title='bbox 1839 883 2108 985; x_wconf 82' lang='lat' dir='ltr'>TER</span> <span class='ocrx_word' id='word_1_6' title='bbox 2128 883 2462 1002; x_wconf 81' lang='lat' dir='ltr'>TIUS,</span> 
     </span>
    </p>
   </div>
   <div class='ocr_carea' id='block_1_3' title="bbox 875 1083 2934 1154">
    <p class='ocr_par' dir='ltr' id='par_1_3' title="bbox 875 1083 2934 1154">
     <span class='ocr_line' id='line_1_3' title="bbox 875 1083 2934 1154; baseline 0.002 -4"><span class='ocrx_word' id='word_1_7' title='bbox 875 1083 1436 1153; x_wconf 88' lang='lat' dir='ltr'>COMPLECTENS</span> <span class='ocrx_word' id='word_1_8' title='bbox 1478 1085 1669 1151; x_wconf 81' lang='lat' dir='ltr'>TRIA</span> <span class='ocrx_word' id='word_1_9' title='bbox 1709 1085 2089 1153; x_wconf 84' lang='lat' dir='ltr'>MISSALIA</span> <span class='ocrx_word' id='word_1_10' title='bbox 2131 1087 2447 1153; x_wconf 82' lang='lat' dir='ltr'>ORDINIS</span> <span class='ocrx_word' id='word_1_11' title='bbox 2492 1087 2934 1154; x_wconf 82' lang='lat' dir='ltr'>GALLICANI.</span> 
     </span>
    </p>
   </div>
   <div class='ocr_carea' id='block_1_4' title="bbox 280 1386 3573 1465">
    <p class='ocr_par' dir='ltr' id='par_1_4' title="bbox 280 1386 3573 1465">
     <span class='ocr_line' id='line_1_4' title="bbox 280 1386 3573 1465; baseline 0.001 -19"><span class='ocrx_word' id='word_1_12' title='bbox 280 1391 341 1465; x_wconf 76' lang='grc'><strong>1</strong></span> <span class='ocrx_word' id='word_1_13' title='bbox 361 1390 486 1464; x_wconf 85' lang='grc'>74</span> <span class='ocrx_word' id='word_1_14' title='bbox 519 1395 568 1446; x_wconf 99' lang='grc'>1.</span> <span class='ocrx_word' id='word_1_15' title='bbox 600 1390 886 1455; x_wconf 86' lang='lat' dir='ltr'>Quantum</span> <span class='ocrx_word' id='word_1_16' title='bbox 914 1386 1146 1442; x_wconf 87' lang='lat' dir='ltr'>subsidii</span> <span class='ocrx_word' id='word_1_17' title='bbox 1177 1387 1250 1442; x_wconf 91' lang='lat' dir='ltr'>ad</span> <span class='ocrx_word' id='word_1_18' title='bbox 1272 1386 1672 1442; x_wconf 88' lang='lat' dir='ltr'>illustrandum</span> <span class='ocrx_word' id='word_1_19' title='bbox 1697 1386 2009 1458; x_wconf 88' lang='lat' dir='ltr'>Liturgiam</span> <span class='ocrx_word' id='word_1_20' title='bbox 2036 1387 2369 1442; x_wconf 85' lang='lat' dir='ltr'>Gallicanam</span> <span class='ocrx_word' id='word_1_21' title='bbox 2394 1389 2646 1445; x_wconf 82' lang='lat' dir='ltr'>attulerit</span> <span class='ocrx_word' id='word_1_22' title='bbox 2670 1390 3085 1446; x_wconf 89' lang='lat' dir='ltr'>Lectianarium</span> <span class='ocrx_word' id='word_1_23' title='bbox 3109 1391 3472 1462; x_wconf 89' lang='lat' dir='ltr'>Luxoviense,</span> <span class='ocrx_word' id='word_1_24' title='bbox 3505 1410 3573 1449; x_wconf 90' lang='lat' dir='ltr'>ex</span> 
     </span>
    </p>
   </div>
   <div class='ocr_carea' id='block_1_5' title="bbox 204 1476 3572 1553">
    <p class='ocr_par' dir='ltr' id='par_1_5' title="bbox 204 1476 3572 1553">
     <span class='ocr_line' id='line_1_5' title="bbox 204 1476 3572 1553; baseline 0.001 -18"><span class='ocrx_word' id='word_1_25' title='bbox 204 1481 499 1552; x_wconf 76' lang='lat' dir='ltr'>superiori</span> <span class='ocrx_word' id='word_1_26' title='bbox 533 1480 677 1536; x_wconf 91' lang='lat' dir='ltr'>libro</span> <span class='ocrx_word' id='word_1_27' title='bbox 718 1478 848 1533; x_wconf 84' lang='lat' dir='ltr'>satis</span> <span class='ocrx_word' id='word_1_28' title='bbox 891 1477 1230 1548; x_wconf 77' lang='lat' dir='ltr'>intelligitur</span> <span class='ocrx_word' id='word_1_29' title='bbox 1261 1496 1273 1532; x_wconf 92' lang='lat'><strong>:</strong></span> <span class='ocrx_word' id='word_1_30' title='bbox 1306 1477 1403 1531; x_wconf 91' lang='lat' dir='ltr'>sed</span> <span class='ocrx_word' id='word_1_31' title='bbox 1432 1476 1568 1531; x_wconf 89' lang='lat' dir='ltr'>huic</span> <span class='ocrx_word' id='word_1_32' title='bbox 1605 1477 1915 1548; x_wconf 82' lang='lat' dir='ltr'>cognitioni</span> <span class='ocrx_word' id='word_1_33' title='bbox 1942 1494 2057 1533; x_wconf 92' lang='lat' dir='ltr'>non</span> <span class='ocrx_word' id='word_1_34' title='bbox 2084 1495 2288 1550; x_wconf 87' lang='lat' dir='ltr'>parum</span> <span class='ocrx_word' id='word_1_35' title='bbox 2328 1479 2561 1546; x_wconf 85' lang='lat' dir='ltr'>deesset,</span> <span class='ocrx_word' id='word_1_36' title='bbox 2592 1480 2699 1534; x_wconf 90' lang='lat' dir='ltr'>nisi</span> <span class='ocrx_word' id='word_1_37' title='bbox 2729 1481 2899 1535; x_wconf 89' lang='lat' dir='ltr'>etiam</span> <span class='ocrx_word' id='word_1_38' title='bbox 2943 1481 3080 1536; x_wconf 90' lang='lat' dir='ltr'>alios</span> <span class='ocrx_word' id='word_1_39' title='bbox 3124 1486 3338 1537; x_wconf 86' lang='lat' dir='ltr'>veteres</span> <span class='ocrx_word' id='word_1_40' title='bbox 3379 1483 3572 1553; x_wconf 89' lang='lat' dir='ltr'>libros,</span> 
     </span>
    </p>
   </div>
   <div class='ocr_carea' id='block_1_6' title="bbox 202 1566 3576 1644">
    <p class='ocr_par' dir='ltr' id='par_1_6' title="bbox 202 1566 3576 1644">
     <span class='ocr_line' id='line_1_6' title="bbox 202 1566 3576 1644; baseline 0 -19"><span class='ocrx_word' id='word_1_41' title='bbox 202 1572 309 1643; x_wconf 89' lang='lat' dir='ltr'>qui</span> <span class='ocrx_word' id='word_1_42' title='bbox 367 1575 588 1625; x_wconf 72' lang='lat' dir='ltr'>caeteras</span> <span class='ocrx_word' id='word_1_43' title='bbox 633 1569 887 1639; x_wconf 81' lang='lat' dir='ltr'>ejusdem</span> <span class='ocrx_word' id='word_1_44' title='bbox 925 1567 1190 1638; x_wconf 72' lang='lat' dir='ltr'>Liturgia:</span> <span class='ocrx_word' id='word_1_45' title='bbox 1234 1570 1418 1638; x_wconf 88' lang='lat' dir='ltr'>partes</span> <span class='ocrx_word' id='word_1_46' title='bbox 1461 1566 1769 1636; x_wconf 89' lang='lat' dir='ltr'>continent,</span> <span class='ocrx_word' id='word_1_47' title='bbox 1815 1567 2041 1622; x_wconf 85' lang='lat' dir='ltr'>aliunde</span> <span class='ocrx_word' id='word_1_48' title='bbox 2097 1568 2512 1624; x_wconf 84' lang='lat' dir='ltr'>habuissemus.</span> <span class='ocrx_word' id='word_1_49' title='bbox 2551 1570 2800 1625; x_wconf 81' lang='lat' dir='ltr'>Primam</span> <span class='ocrx_word' id='word_1_50' title='bbox 2850 1576 3042 1626; x_wconf 89' lang='lat' dir='ltr'>autem</span> <span class='ocrx_word' id='word_1_51' title='bbox 3097 1571 3267 1643; x_wconf 85' lang='lat' dir='ltr'>hujus</span> <span class='ocrx_word' id='word_1_52' title='bbox 3320 1572 3400 1627; x_wconf 92' lang='lat' dir='ltr'>rei</span> <span class='ocrx_word' id='word_1_53' title='bbox 3454 1589 3576 1644; x_wconf 88' lang='lat' dir='ltr'>gra-</span> 
     </span>
    </p>
   </div>
   <div class='ocr_carea' id='block_1_7' title="bbox 202 1656 3576 1731">
    <p class='ocr_par' dir='ltr' id='par_1_7' title="bbox 202 1656 3576 1731">
     <span class='ocr_line' id='line_1_7' title="bbox 202 1656 3576 1731; baseline 0 -16"><span class='ocrx_word' id='word_1_54' title='bbox 202 1661 362 1714; x_wconf 88' lang='lat' dir='ltr'>tiam</span> <span class='ocrx_word' id='word_1_55' title='bbox 386 1660 652 1715; x_wconf 88' lang='lat' dir='ltr'>debemus</span> <span class='ocrx_word' id='word_1_56' title='bbox 688 1658 796 1729; x_wconf 70' lang='lat' dir='ltr'>piaa</span> <span class='ocrx_word' id='word_1_57' title='bbox 827 1674 891 1710; x_wconf 91' lang='lat' dir='ltr'>ac</span> <span class='ocrx_word' id='word_1_58' title='bbox 927 1657 1072 1711; x_wconf 87' lang='lat' dir='ltr'>mihi</span> <span class='ocrx_word' id='word_1_59' title='bbox 1105 1657 1164 1711; x_wconf 93' lang='lat' dir='ltr'>in</span> <span class='ocrx_word' id='word_1_60' title='bbox 1200 1656 1400 1728; x_wconf 86' lang='lat' dir='ltr'>primis</span> <span class='ocrx_word' id='word_1_61' title='bbox 1427 1657 1760 1712; x_wconf 71' lang='lat' dir='ltr'>veneranda:</span> <span class='ocrx_word' id='word_1_62' title='bbox 1790 1657 2081 1712; x_wconf 78' lang='lat' dir='ltr'>memoriae</span> <span class='ocrx_word' id='word_1_63' title='bbox 2116 1658 2387 1712; x_wconf 90' lang='lat' dir='ltr'>cardinali</span> <span class='ocrx_word' id='word_1_64' title='bbox 2413 1661 2604 1729; x_wconf 63' lang='lat' dir='ltr'>Bonae,</span> <span class='ocrx_word' id='word_1_65' title='bbox 2637 1661 2734 1731; x_wconf 88' lang='lat' dir='ltr'>qui</span> <span class='ocrx_word' id='word_1_66' title='bbox 2759 1661 2979 1731; x_wconf 90' lang='lat' dir='ltr'>primus</span> <span class='ocrx_word' id='word_1_67' title='bbox 3008 1667 3224 1718; x_wconf 78' lang='lat' dir='ltr'>veteres</span> <span class='ocrx_word' id='word_1_68' title='bbox 3249 1661 3378 1716; x_wconf 88' lang='lat' dir='ltr'>illas</span> <span class='ocrx_word' id='word_1_69' title='bbox 3403 1661 3576 1716; x_wconf 91' lang='lat' dir='ltr'>libros</span> 
     </span>
    </p>
   </div>
   <div class='ocr_carea' id='block_1_8' title="bbox 202 1746 3577 1823">
    <p class='ocr_par' dir='ltr' id='par_1_8' title="bbox 202 1746 3577 1823">
     <span class='ocr_line' id='line_1_8' title="bbox 202 1746 3577 1823; baseline 0 -17"><span class='ocrx_word' id='word_1_70' title='bbox 202 1751 485 1806; x_wconf 87' lang='lat' dir='ltr'>indicavit</span> <span class='ocrx_word' id='word_1_71' title='bbox 524 1750 582 1804; x_wconf 92' lang='lat' dir='ltr'>in</span> <span class='ocrx_word' id='word_1_72' title='bbox 608 1765 776 1821; x_wconf 91' lang='lat' dir='ltr'>opere</span> <span class='ocrx_word' id='word_1_73' title='bbox 804 1764 904 1802; x_wconf 92' lang='lat' dir='ltr'>sua</span> <span class='ocrx_word' id='word_1_74' title='bbox 947 1763 1141 1803; x_wconf 89' lang='lat' dir='ltr'>rerum</span> <span class='ocrx_word' id='word_1_75' title='bbox 1167 1746 1581 1818; x_wconf 86' lang='lat' dir='ltr'>Liturgicarum</span> <span class='ocrx_word' id='word_1_76' title='bbox 1608 1765 1620 1801; x_wconf 94' lang='lat'>:</span> <span class='ocrx_word' id='word_1_77' title='bbox 1651 1763 1754 1802; x_wconf 91' lang='lat' dir='ltr'>nec</span> <span class='ocrx_word' id='word_1_78' title='bbox 1789 1747 2067 1819; x_wconf 90' lang='lat' dir='ltr'>imparem</span> <span class='ocrx_word' id='word_1_79' title='bbox 2093 1747 2369 1803; x_wconf 86' lang='lat' dir='ltr'>habemus</span> <span class='ocrx_word' id='word_1_80' title='bbox 2412 1749 2630 1804; x_wconf 91' lang='lat' dir='ltr'>erudito</span> <span class='ocrx_word' id='word_1_81' title='bbox 2655 1752 2893 1822; x_wconf 87' lang='lat' dir='ltr'>Jasepho</span> <span class='ocrx_word' id='word_1_82' title='bbox 2929 1753 3110 1807; x_wconf 65' lang='lat' dir='ltr'>Mariae</span> <span class='ocrx_word' id='word_1_83' title='bbox 3133 1752 3447 1820; x_wconf 89' lang='lat' dir='ltr'>Thomasio,</span> <span class='ocrx_word' id='word_1_84' title='bbox 3477 1752 3577 1823; x_wconf 90' lang='lat' dir='ltr'>qui</span> 
     </span>
    </p>
   </div>
   <div class='ocr_carea' id='block_1_9' title="bbox 202 1835 2931 1910">
    <p class='ocr_par' dir='ltr' id='par_1_9' title="bbox 202 1835 2931 1910">
     <span class='ocr_line' id='line_1_9' title="bbox 202 1835 2931 1910; baseline 0 -16"><span class='ocrx_word' id='word_1_85' title='bbox 202 1840 392 1894; x_wconf 83' lang='lat' dir='ltr'>ﬁbras</span> <span class='ocrx_word' id='word_1_86' title='bbox 435 1839 722 1909; x_wconf 85' lang='lat' dir='ltr'>indicatos,</span> <span class='ocrx_word' id='word_1_87' title='bbox 773 1837 830 1893; x_wconf 88' lang='lat' dir='ltr'>id</span> <span class='ocrx_word' id='word_1_88' title='bbox 874 1842 956 1893; x_wconf 90' lang='lat' dir='ltr'>est</span> <span class='ocrx_word' id='word_1_89' title='bbox 1003 1837 1113 1891; x_wconf 89' lang='lat' dir='ltr'>tria</span> <span class='ocrx_word' id='word_1_90' title='bbox 1155 1835 1412 1905; x_wconf 89' lang='lat' dir='ltr'>Missalia,</span> <span class='ocrx_word' id='word_1_91' title='bbox 1455 1840 1518 1890; x_wconf 88' lang='lat' dir='ltr'>ut</span> <span class='ocrx_word' id='word_1_92' title='bbox 1553 1853 1840 1907; x_wconf 88' lang='lat' dir='ltr'>vocamus,</span> <span class='ocrx_word' id='word_1_93' title='bbox 1894 1853 1924 1892; x_wconf 91' lang='lat' dir='ltr'>e</span> <span class='ocrx_word' id='word_1_94' title='bbox 1972 1837 2216 1891; x_wconf 86' lang='lat' dir='ltr'>tenebris</span> <span class='ocrx_word' id='word_1_95' title='bbox 2260 1837 2319 1891; x_wconf 87' lang='lat' dir='ltr'>in</span> <span class='ocrx_word' id='word_1_96' title='bbox 2359 1839 2543 1892; x_wconf 90' lang='lat' dir='ltr'>lucem</span> <span class='ocrx_word' id='word_1_97' title='bbox 2597 1839 2851 1910; x_wconf 89' lang='lat' dir='ltr'>protulit.</span> <span class='ocrx_word' id='word_1_98' title='bbox 2927 1901 2931 1906; x_wconf 32' lang='grc' dir='ltr'><strong>η</strong></span> 
     </span>
    </p>
   </div>
   <div class='ocr_carea' id='block_1_10' title="bbox 277 1964 3578 2040">
    <p class='ocr_par' dir='ltr' id='par_1_10' title="bbox 277 1964 3578 2040">
     <span class='ocr_line' id='line_1_10' title="bbox 277 1964 3578 2040; baseline 0 -16"><span class='ocrx_word' id='word_1_99' title='bbox 277 1971 350 2024; x_wconf 84' lang='lat'>2.</span> <span class='ocrx_word' id='word_1_100' title='bbox 389 1967 640 2022; x_wconf 86' lang='lat' dir='ltr'>Primum</span> <span class='ocrx_word' id='word_1_101' title='bbox 685 1981 754 2021; x_wconf 89' lang='lat' dir='ltr'>ex</span> <span class='ocrx_word' id='word_1_102' title='bbox 798 1964 906 2020; x_wconf 89' lang='lat' dir='ltr'>illis</span> <span class='ocrx_word' id='word_1_103' title='bbox 948 1964 1249 2021; x_wconf 90' lang='lat' dir='ltr'>Gothicum</span> <span class='ocrx_word' id='word_1_104' title='bbox 1291 1980 1391 2019; x_wconf 89' lang='lat' dir='ltr'>seu</span> <span class='ocrx_word' id='word_1_105' title='bbox 1425 1964 1774 2020; x_wconf 88' lang='lat' dir='ltr'>Gallicanum</span> <span class='ocrx_word' id='word_1_106' title='bbox 1821 1965 2082 2036; x_wconf 86' lang='lat' dir='ltr'>appellat,</span> <span class='ocrx_word' id='word_1_107' title='bbox 2125 1983 2228 2020; x_wconf 91' lang='lat' dir='ltr'>nos</span> <span class='ocrx_word' id='word_1_108' title='bbox 2265 1982 2378 2020; x_wconf 90' lang='lat' dir='ltr'>una</span> <span class='ocrx_word' id='word_1_109' title='bbox 2415 1967 2582 2021; x_wconf 86' lang='lat' dir='ltr'>verba</span> <span class='ocrx_word' id='word_1_110' title='bbox 2632 1968 3206 2039; x_wconf 87' lang='lat' dir='ltr'>Gathicagallicanum</span> <span class='ocrx_word' id='word_1_111' title='bbox 3249 1985 3578 2040; x_wconf 83' lang='lat' dir='ltr'>nuncupare</span> 
     </span>
    </p>
   </div>
   <div class='ocr_carea' id='block_1_11' title="bbox 204 2053 3578 2130">
    <p class='ocr_par' dir='ltr' id='par_1_11' title="bbox 204 2053 3578 2130">
     <span class='ocr_line' id='line_1_11' title="bbox 204 2053 3578 2130; baseline 0.001 -19"><span class='ocrx_word' id='word_1_112' title='bbox 204 2072 539 2128; x_wconf 86' lang='lat' dir='ltr'>possumus,</span> <span class='ocrx_word' id='word_1_113' title='bbox 569 2060 864 2127; x_wconf 86' lang='lat' dir='ltr'>propterea</span> <span class='ocrx_word' id='word_1_114' title='bbox 883 2055 1036 2127; x_wconf 91' lang='lat' dir='ltr'>quod</span> <span class='ocrx_word' id='word_1_115' title='bbox 1065 2054 1123 2109; x_wconf 90' lang='lat' dir='ltr'>in</span> <span class='ocrx_word' id='word_1_116' title='bbox 1165 2071 1267 2108; x_wconf 91' lang='lat' dir='ltr'>usu</span> <span class='ocrx_word' id='word_1_117' title='bbox 1286 2053 1458 2109; x_wconf 87' lang='lat' dir='ltr'>fuerit</span> <span class='ocrx_word' id='word_1_118' title='bbox 1477 2055 1630 2126; x_wconf 90' lang='lat' dir='ltr'>apud</span> <span class='ocrx_word' id='word_1_119' title='bbox 1657 2054 1864 2122; x_wconf 84' lang='lat' dir='ltr'>Gallos,</span> <span class='ocrx_word' id='word_1_120' title='bbox 1890 2055 2208 2110; x_wconf 91' lang='lat' dir='ltr'>Gothorum</span> <span class='ocrx_word' id='word_1_121' title='bbox 2230 2056 2471 2127; x_wconf 89' lang='lat' dir='ltr'>imperio</span> <span class='ocrx_word' id='word_1_122' title='bbox 2488 2057 2792 2127; x_wconf 86' lang='lat' dir='ltr'>subjectos,</span> <span class='ocrx_word' id='word_1_123' title='bbox 2822 2075 3028 2130; x_wconf 89' lang='lat' dir='ltr'>nempe</span> <span class='ocrx_word' id='word_1_124' title='bbox 3066 2059 3215 2130; x_wconf 89' lang='lat' dir='ltr'>apud</span> <span class='ocrx_word' id='word_1_125' title='bbox 3234 2057 3282 2130; x_wconf 79' lang='grc'>1</span> <span class='ocrx_word' id='word_1_126' title='bbox 3299 2057 3424 2130; x_wconf 85' lang='lat'>&#39;75</span> <span class='ocrx_word' id='word_1_127' title='bbox 3447 2059 3578 2130; x_wconf 87' lang='lat' dir='ltr'>Sep-</span> 
     </span>
    </p>
   </div>
   <div class='ocr_carea' id='block_1_12' title="bbox 205 2145 3576 2219">
    <p class='ocr_par' dir='ltr' id='par_1_12' title="bbox 205 2145 3576 2219">
     <span class='ocr_line' id='line_1_12' title="bbox 205 2145 3576 2219; baseline 0.001 -19"><span class='ocrx_word' id='word_1_128' title='bbox 205 2147 466 2200; x_wconf 88' lang='lat' dir='ltr'>timanos</span> <span class='ocrx_word' id='word_1_129' title='bbox 489 2145 573 2200; x_wconf 90' lang='lat' dir='ltr'>vel</span> <span class='ocrx_word' id='word_1_130' title='bbox 597 2146 1147 2216; x_wconf 89' lang='lat' dir='ltr'>Novemp0pulanas.</span> <span class='ocrx_word' id='word_1_131' title='bbox 1181 2145 1436 2199; x_wconf 86' lang='lat' dir='ltr'>Alterum</span> <span class='ocrx_word' id='word_1_132' title='bbox 1462 2148 1625 2198; x_wconf 87' lang='lat' dir='ltr'>vocat</span> <span class='ocrx_word' id='word_1_133' title='bbox 1653 2145 2025 2213; x_wconf 85' lang='lat' dir='ltr'>Francorum;</span> <span class='ocrx_word' id='word_1_134' title='bbox 2056 2145 2288 2200; x_wconf 89' lang='lat' dir='ltr'>tertium</span> <span class='ocrx_word' id='word_1_135' title='bbox 2327 2146 2674 2201; x_wconf 90' lang='lat' dir='ltr'>Gallicanum</span> <span class='ocrx_word' id='word_1_136' title='bbox 2699 2151 2878 2202; x_wconf 89' lang='lat' dir='ltr'>vetus.</span> <span class='ocrx_word' id='word_1_137' title='bbox 2909 2150 2970 2202; x_wconf 89' lang='lat' dir='ltr'>In</span> <span class='ocrx_word' id='word_1_138' title='bbox 3005 2148 3192 2219; x_wconf 90' lang='lat' dir='ltr'>primo</span> <span class='ocrx_word' id='word_1_139' title='bbox 3228 2165 3404 2218; x_wconf 88' lang='lat' dir='ltr'>purus</span> <span class='ocrx_word' id='word_1_140' title='bbox 3429 2148 3576 2202; x_wconf 89' lang='lat' dir='ltr'>Ordo</span> 
     </span>
    </p>
   </div>
   <div class='ocr_carea' id='block_1_13' title="bbox 205 2233 3581 2308">
    <p class='ocr_par' dir='ltr' id='par_1_13' title="bbox 205 2233 3581 2308">
     <span class='ocr_line' id='line_1_13' title="bbox 205 2233 3581 2308; baseline 0 -19"><span class='ocrx_word' id='word_1_141' title='bbox 205 2235 539 2290; x_wconf 75' lang='lat' dir='ltr'>Gallicanae</span> <span class='ocrx_word' id='word_1_142' title='bbox 571 2251 584 2289; x_wconf 89' lang='lat'><strong>:</strong></span> <span class='ocrx_word' id='word_1_143' title='bbox 632 2235 692 2289; x_wconf 89' lang='lat' dir='ltr'>in</span> <span class='ocrx_word' id='word_1_144' title='bbox 722 2234 966 2289; x_wconf 91' lang='lat' dir='ltr'>secundo</span> <span class='ocrx_word' id='word_1_145' title='bbox 1010 2238 1067 2288; x_wconf 89' lang='lat' dir='ltr'>et</span> <span class='ocrx_word' id='word_1_146' title='bbox 1110 2233 1277 2287; x_wconf 89' lang='lat' dir='ltr'>tertio</span> <span class='ocrx_word' id='word_1_147' title='bbox 1305 2233 1453 2290; x_wconf 92' lang='lat' dir='ltr'>Ordo</span> <span class='ocrx_word' id='word_1_148' title='bbox 1482 2250 1551 2289; x_wconf 88' lang='lat' dir='ltr'>ex</span> <span class='ocrx_word' id='word_1_149' title='bbox 1579 2235 1836 2289; x_wconf 85' lang='lat' dir='ltr'>Romano</span> <span class='ocrx_word' id='word_1_150' title='bbox 1863 2237 1920 2288; x_wconf 92' lang='lat' dir='ltr'>et</span> <span class='ocrx_word' id='word_1_151' title='bbox 1960 2234 2246 2289; x_wconf 89' lang='lat' dir='ltr'>Gallicana</span> <span class='ocrx_word' id='word_1_152' title='bbox 2286 2235 2487 2290; x_wconf 88' lang='lat' dir='ltr'>mistus</span> <span class='ocrx_word' id='word_1_153' title='bbox 2523 2237 2846 2292; x_wconf 91' lang='lat' dir='ltr'>exbihetur.</span> <span class='ocrx_word' id='word_1_154' title='bbox 2873 2237 3000 2291; x_wconf 88' lang='lat' dir='ltr'>Tria</span> <span class='ocrx_word' id='word_1_155' title='bbox 3027 2238 3149 2292; x_wconf 63' lang='lat' dir='ltr'>haec</span> <span class='ocrx_word' id='word_1_156' title='bbox 3174 2237 3350 2292; x_wconf 84' lang='lat' dir='ltr'>instar</span> <span class='ocrx_word' id='word_1_157' title='bbox 3377 2237 3581 2308; x_wconf 91' lang='lat' dir='ltr'>proba-</span> 
     </span>
    </p>
   </div>
   <div class='ocr_carea' id='block_1_14' title="bbox 208 2323 3582 2398">
    <p class='ocr_par' dir='ltr' id='par_1_14' title="bbox 208 2323 3582 2398">
     <span class='ocr_line' id='line_1_14' title="bbox 208 2323 3582 2398; baseline 0.001 -19"><span class='ocrx_word' id='word_1_158' title='bbox 208 2326 444 2381; x_wconf 87' lang='lat' dir='ltr'>tionum</span> <span class='ocrx_word' id='word_1_159' title='bbox 472 2325 692 2396; x_wconf 86' lang='lat' dir='ltr'>integra</span> <span class='ocrx_word' id='word_1_160' title='bbox 719 2325 830 2379; x_wconf 91' lang='lat' dir='ltr'>huc</span> <span class='ocrx_word' id='word_1_161' title='bbox 856 2324 1065 2379; x_wconf 90' lang='lat' dir='ltr'>referre</span> <span class='ocrx_word' id='word_1_162' title='bbox 1085 2323 1265 2378; x_wconf 89' lang='lat' dir='ltr'>visum</span> <span class='ocrx_word' id='word_1_163' title='bbox 1294 2326 1396 2389; x_wconf 89' lang='lat' dir='ltr'>est,</span> <span class='ocrx_word' id='word_1_164' title='bbox 1419 2340 1490 2378; x_wconf 92' lang='lat' dir='ltr'>ne</span> <span class='ocrx_word' id='word_1_165' title='bbox 1518 2323 1589 2377; x_wconf 91' lang='lat' dir='ltr'>ab</span> <span class='ocrx_word' id='word_1_166' title='bbox 1611 2323 1902 2379; x_wconf 88' lang='lat' dir='ltr'>raritatem</span> <span class='ocrx_word' id='word_1_167' title='bbox 1929 2325 2344 2397; x_wconf 82' lang='lat' dir='ltr'>exemplarium</span> <span class='ocrx_word' id='word_1_168' title='bbox 2371 2327 2644 2382; x_wconf 66' lang='lat' dir='ltr'>Romana:</span> <span class='ocrx_word' id='word_1_169' title='bbox 2671 2327 2933 2382; x_wconf 84' lang='lat' dir='ltr'>editionis</span> <span class='ocrx_word' id='word_1_170' title='bbox 2957 2344 3020 2382; x_wconf 92' lang='lat' dir='ltr'>ea</span> <span class='ocrx_word' id='word_1_171' title='bbox 3047 2327 3178 2381; x_wconf 92' lang='lat' dir='ltr'>huic</span> <span class='ocrx_word' id='word_1_172' title='bbox 3209 2327 3365 2398; x_wconf 90' lang='lat' dir='ltr'>operi</span> <span class='ocrx_word' id='word_1_173' title='bbox 3391 2328 3582 2382; x_wconf 87' lang='lat' dir='ltr'>deesse</span> 
     </span>
    </p>
   </div>
   <div class='ocr_carea' id='block_1_15' title="bbox 205 2413 3584 2488">
    <p class='ocr_par' dir='ltr' id='par_1_15' title="bbox 205 2413 3584 2488">
     <span class='ocr_line' id='line_1_15' title="bbox 205 2413 3584 2488; baseline 0 -18"><span class='ocrx_word' id='word_1_174' title='bbox 205 2415 480 2470; x_wconf 86' lang='lat' dir='ltr'>nonnulli</span> <span class='ocrx_word' id='word_1_175' title='bbox 522 2416 929 2470; x_wconf 86' lang='lat' dir='ltr'>causarentur:</span> <span class='ocrx_word' id='word_1_176' title='bbox 964 2413 1062 2468; x_wconf 91' lang='lat' dir='ltr'>sed</span> <span class='ocrx_word' id='word_1_177' title='bbox 1100 2414 1297 2469; x_wconf 78' lang='lat' dir='ltr'>breves</span> <span class='ocrx_word' id='word_1_178' title='bbox 1329 2413 1550 2468; x_wconf 89' lang='lat' dir='ltr'>natulas</span> <span class='ocrx_word' id='word_1_179' title='bbox 1576 2413 1905 2484; x_wconf 89' lang='lat' dir='ltr'>adjecimus,</span> <span class='ocrx_word' id='word_1_180' title='bbox 1943 2414 2013 2468; x_wconf 94' lang='lat' dir='ltr'>ad</span> <span class='ocrx_word' id='word_1_181' title='bbox 2057 2414 2416 2486; x_wconf 85' lang='lat' dir='ltr'>explicandas</span> <span class='ocrx_word' id='word_1_182' title='bbox 2457 2417 2728 2488; x_wconf 88' lang='lat' dir='ltr'>quosdam</span> <span class='ocrx_word' id='word_1_183' title='bbox 2770 2417 2919 2473; x_wconf 92' lang='lat' dir='ltr'>locas</span> <span class='ocrx_word' id='word_1_184' title='bbox 2962 2417 3216 2472; x_wconf 90' lang='lat' dir='ltr'>instituta</span> <span class='ocrx_word' id='word_1_185' title='bbox 3251 2419 3447 2472; x_wconf 91' lang='lat' dir='ltr'>nostra</span> <span class='ocrx_word' id='word_1_186' title='bbox 3486 2431 3584 2470; x_wconf 87' lang='lat' dir='ltr'>ne-</span> 
     </span>
    </p>
   </div>
   <div class='ocr_carea' id='block_1_16' title="bbox 207 2523 508 2565">
    <p class='ocr_par' dir='ltr' id='par_1_16' title="bbox 207 2523 508 2565">
     <span class='ocr_line' id='line_1_16' title="bbox 207 2523 508 2565; baseline -0.003 -3"><span class='ocrx_word' id='word_1_187' title='bbox 207 2523 488 2565; x_wconf 79' lang='lat' dir='ltr'>cessarxos</span> <span class='ocrx_word' id='word_1_188' title='bbox 495 2548 508 2562; x_wconf 88' lang='lat'>.</span> 
     </span>
    </p>
   </div>
   <div class='ocr_carea' id='block_1_17' title="bbox 278 2629 3580 2706">
    <p class='ocr_par' dir='ltr' id='par_1_17' title="bbox 278 2629 3580 2706">
     <span class='ocr_line' id='line_1_17' title="bbox 278 2629 3580 2706; baseline -0.001 -17"><span class='ocrx_word' id='word_1_189' title='bbox 278 2640 341 2690; x_wconf 91' lang='lat'>3.</span> <span class='ocrx_word' id='word_1_190' title='bbox 386 2635 462 2688; x_wconf 90' lang='lat' dir='ltr'>De</span> <span class='ocrx_word' id='word_1_191' title='bbox 487 2631 688 2689; x_wconf 78' lang='lat' dir='ltr'>Missali</span> <span class='ocrx_word' id='word_1_192' title='bbox 718 2629 951 2686; x_wconf 87' lang='lat' dir='ltr'>Gothica</span> <span class='ocrx_word' id='word_1_193' title='bbox 978 2630 1055 2684; x_wconf 81' lang='lat' dir='ltr'>ita</span> <span class='ocrx_word' id='word_1_194' title='bbox 1079 2629 1275 2684; x_wconf 89' lang='lat' dir='ltr'>scribit</span> <span class='ocrx_word' id='word_1_195' title='bbox 1298 2629 1596 2684; x_wconf 90' lang='lat' dir='ltr'>cardinalis</span> <span class='ocrx_word' id='word_1_196' title='bbox 1625 2631 1778 2684; x_wconf 90' lang='lat' dir='ltr'>Bona</span> <span class='ocrx_word' id='word_1_197' title='bbox 1814 2629 1872 2684; x_wconf 93' lang='lat' dir='ltr'>in</span> <span class='ocrx_word' id='word_1_198' title='bbox 1908 2629 2006 2684; x_wconf 91' lang='lat' dir='ltr'>lib.</span> <span class='ocrx_word' id='word_1_199' title='bbox 2039 2647 2054 2684; x_wconf 85' lang='lat'><strong>1</strong></span> <span class='ocrx_word' id='word_1_200' title='bbox 2093 2632 2305 2686; x_wconf 84' lang='lat' dir='ltr'>Herum</span> <span class='ocrx_word' id='word_1_201' title='bbox 2332 2632 2748 2704; x_wconf 86' lang='lat' dir='ltr'>liturgicarum,</span> <span class='ocrx_word' id='word_1_202' title='bbox 2777 2652 2898 2706; x_wconf 87' lang='lat' dir='ltr'>cap.</span> <span class='ocrx_word' id='word_1_203' title='bbox 2936 2638 3022 2701; x_wconf 69' lang='lat'>1&#39;2,</span> <span class='ocrx_word' id='word_1_204' title='bbox 3051 2651 3214 2689; x_wconf 92' lang='lat' dir='ltr'>num.</span> <span class='ocrx_word' id='word_1_205' title='bbox 3248 2638 3278 2687; x_wconf 91' lang='lat'>6</span> <span class='ocrx_word' id='word_1_206' title='bbox 3308 2653 3321 2688; x_wconf 92' lang='lat'><strong>:</strong></span> <span class='ocrx_word' id='word_1_207' title='bbox 3356 2655 3383 2681; x_wconf 90' lang='grc'><em>‹‹</em></span> <span class='ocrx_word' id='word_1_208' title='bbox 3430 2635 3580 2688; x_wconf 86' lang='lat' dir='ltr'>Unus</span> 
     </span>
    </p>
   </div>
   <div class='ocr_carea' id='block_1_18' title="bbox 206 2718 3584 2794">
    <p class='ocr_par' dir='ltr' id='par_1_18' title="bbox 206 2718 3584 2794">
     <span class='ocr_line' id='line_1_18' title="bbox 206 2718 3584 2794; baseline -0.002 -13"><span class='ocrx_word' id='word_1_209' title='bbox 206 2744 274 2782; x_wconf 85' lang='lat' dir='ltr'>ex</span> <span class='ocrx_word' id='word_1_210' title='bbox 312 2725 400 2779; x_wconf 88' lang='lat' dir='ltr'>his</span> <span class='ocrx_word' id='word_1_211' title='bbox 443 2722 723 2777; x_wconf 81' lang='lat' dir='ltr'>codicibus</span> <span class='ocrx_word' id='word_1_212' title='bbox 760 2724 939 2775; x_wconf 82' lang='lat' dir='ltr'>exstat</span> <span class='ocrx_word' id='word_1_213' title='bbox 963 2720 1022 2774; x_wconf 91' lang='lat' dir='ltr'>in</span> <span class='ocrx_word' id='word_1_214' title='bbox 1051 2719 1393 2774; x_wconf 83' lang='lat' dir='ltr'>Bibliotheca</span> <span class='ocrx_word' id='word_1_215' title='bbox 1419 2718 1792 2773; x_wconf 73' lang='lat' dir='ltr'>serenissimoe</span> <span class='ocrx_word' id='word_1_216' title='bbox 1829 2719 2135 2774; x_wconf 84' lang='lat' dir='ltr'>Succorum</span> <span class='ocrx_word' id='word_1_217' title='bbox 2164 2721 2398 2790; x_wconf 69' lang='lat' dir='ltr'>regium,</span> <span class='ocrx_word' id='word_1_218' title='bbox 2417 2728 2546 2776; x_wconf 90' lang='lat' dir='ltr'>ante</span> <span class='ocrx_word' id='word_1_219' title='bbox 2573 2740 2750 2778; x_wconf 91' lang='lat' dir='ltr'>annos</span> <span class='ocrx_word' id='word_1_220' title='bbox 2773 2726 3091 2794; x_wconf 85' lang='lat' dir='ltr'>nongentos</span> <span class='ocrx_word' id='word_1_221' title='bbox 3110 2723 3369 2793; x_wconf 88' lang='lat' dir='ltr'>scriptus,</span> <span class='ocrx_word' id='word_1_222' title='bbox 3397 2724 3462 2776; x_wconf 89' lang='lat' dir='ltr'>ut</span> <span class='ocrx_word' id='word_1_223' title='bbox 3489 2739 3584 2792; x_wconf 84' lang='lat' dir='ltr'>pe-</span> 
     </span>
    </p>
   </div>
   <div class='ocr_carea' id='block_1_19' title="bbox 210 2801 3582 2882">
    <p class='ocr_par' dir='ltr' id='par_1_19' title="bbox 210 2801 3582 2882">
     <span class='ocr_line' id='line_1_19' title="bbox 210 2801 3582 2882; baseline -0.002 -12"><span class='ocrx_word' id='word_1_224' title='bbox 210 2816 303 2871; x_wconf 88' lang='lat' dir='ltr'>riti</span> <span class='ocrx_word' id='word_1_225' title='bbox 351 2816 610 2880; x_wconf 83' lang='lat' dir='ltr'>censent,</span> <span class='ocrx_word' id='word_1_226' title='bbox 652 2810 854 2865; x_wconf 85' lang='lat' dir='ltr'>litteris</span> <span class='ocrx_word' id='word_1_227' title='bbox 895 2809 1181 2880; x_wconf 90' lang='lat' dir='ltr'>quadratis</span> <span class='ocrx_word' id='word_1_228' title='bbox 1207 2813 1264 2863; x_wconf 89' lang='lat' dir='ltr'>et</span> <span class='ocrx_word' id='word_1_229' title='bbox 1292 2809 1636 2881; x_wconf 88' lang='lat' dir='ltr'>majusculis,</span> <span class='ocrx_word' id='word_1_230' title='bbox 1667 2801 1924 2879; x_wconf 86' lang='lat' dir='ltr'>signatus</span> <span class='ocrx_word' id='word_1_231' title='bbox 1955 2825 2117 2863; x_wconf 90' lang='lat' dir='ltr'>num.</span> <span class='ocrx_word' id='word_1_232' title='bbox 2161 2812 2281 2863; x_wconf 84' lang='lat'>626.</span> <span class='ocrx_word' id='word_1_233' title='bbox 2327 2812 2505 2874; x_wconf 87' lang='lat' dir='ltr'>Quem</span> <span class='ocrx_word' id='word_1_234' title='bbox 2539 2812 2675 2865; x_wconf 91' lang='lat' dir='ltr'>olim</span> <span class='ocrx_word' id='word_1_235' title='bbox 2714 2813 2884 2866; x_wconf 85' lang='lat' dir='ltr'>fuisse</span> <span class='ocrx_word' id='word_1_236' title='bbox 2915 2812 3076 2866; x_wconf 89' lang='lat' dir='ltr'>aiunt</span> <span class='ocrx_word' id='word_1_237' title='bbox 3117 2811 3450 2882; x_wconf 89' lang='lat' dir='ltr'>amplissimi</span> <span class='ocrx_word' id='word_1_238' title='bbox 3475 2810 3582 2864; x_wconf 87' lang='lat' dir='ltr'>viri</span> 
     </span>
    </p>
   </div>
   <div class='ocr_carea' id='block_1_20' title="bbox 209 2898 3582 2973">
    <p class='ocr_par' dir='ltr' id='par_1_20' title="bbox 209 2898 3582 2973">
     <span class='ocr_line' id='line_1_20' title="bbox 209 2898 3582 2973; baseline -0.002 -13"><span class='ocrx_word' id='word_1_239' title='bbox 209 2903 427 2960; x_wconf 75' lang='lat' dir='ltr'>Petavii</span> <span class='ocrx_word' id='word_1_240' title='bbox 454 2901 734 2957; x_wconf 88' lang='lat' dir='ltr'>Senatoris</span> <span class='ocrx_word' id='word_1_241' title='bbox 761 2899 1110 2967; x_wconf 87' lang='lat' dir='ltr'>Parisiensis,</span> <span class='ocrx_word' id='word_1_242' title='bbox 1140 2903 1398 2969; x_wconf 90' lang='lat' dir='ltr'>emptum</span> <span class='ocrx_word' id='word_1_243' title='bbox 1426 2915 1559 2954; x_wconf 86' lang='lat' dir='ltr'>vero</span> <span class='ocrx_word' id='word_1_244' title='bbox 1587 2916 1621 2952; x_wconf 88' lang='lat' dir='ltr'>a</span> <span class='ocrx_word' id='word_1_245' title='bbox 1644 2898 1842 2969; x_wconf 87' lang='lat' dir='ltr'>regina</span> <span class='ocrx_word' id='word_1_246' title='bbox 1866 2903 1992 2970; x_wconf 87' lang='lat' dir='ltr'>post</span> <span class='ocrx_word' id='word_1_247' title='bbox 2019 2899 2139 2969; x_wconf 91' lang='lat' dir='ltr'>ejus</span> <span class='ocrx_word' id='word_1_248' title='bbox 2171 2899 2484 2954; x_wconf 90' lang='lat' dir='ltr'>decessum.</span> <span class='ocrx_word' id='word_1_249' title='bbox 2512 2902 2726 2956; x_wconf 91' lang='lat' dir='ltr'>Desunt</span> <span class='ocrx_word' id='word_1_250' title='bbox 2750 2901 2801 2957; x_wconf 91' lang='lat' dir='ltr'>ei</span> <span class='ocrx_word' id='word_1_251' title='bbox 2827 2901 3041 2973; x_wconf 88' lang='lat' dir='ltr'>aliquot</span> <span class='ocrx_word' id='word_1_252' title='bbox 3062 2901 3194 2956; x_wconf 85' lang='lat' dir='ltr'>folia</span> <span class='ocrx_word' id='word_1_253' title='bbox 3223 2901 3280 2956; x_wconf 90' lang='lat' dir='ltr'>in</span> <span class='ocrx_word' id='word_1_254' title='bbox 3305 2899 3582 2972; x_wconf 89' lang='lat' dir='ltr'>principio</span> 
     </span>
    </p>
   </div>
   <div class='ocr_carea' id='block_1_21' title="bbox 214 2987 3584 3062">
    <p class='ocr_par' dir='ltr' id='par_1_21' title="bbox 214 2987 3584 3062">
     <span class='ocr_line' id='line_1_21' title="bbox 214 2987 3584 3062; baseline -0.002 -12"><span class='ocrx_word' id='word_1_255' title='bbox 214 2999 267 3050; x_wconf 88' lang='lat' dir='ltr'>et</span> <span class='ocrx_word' id='word_1_256' title='bbox 300 2995 364 3048; x_wconf 91' lang='lat' dir='ltr'>in</span> <span class='ocrx_word' id='word_1_257' title='bbox 415 2992 546 3045; x_wconf 88' lang='lat' dir='ltr'>ﬁne.</span> <span class='ocrx_word' id='word_1_258' title='bbox 581 2989 746 3045; x_wconf 84' lang='lat' dir='ltr'>Initia</span> <span class='ocrx_word' id='word_1_259' title='bbox 784 2987 1052 3060; x_wconf 71' lang='lat' dir='ltr'>praeﬁxus</span> <span class='ocrx_word' id='word_1_260' title='bbox 1095 2989 1187 3043; x_wconf 88' lang='lat' dir='ltr'>hic</span> <span class='ocrx_word' id='word_1_261' title='bbox 1232 2988 1430 3042; x_wconf 90' lang='lat' dir='ltr'>titulus</span> <span class='ocrx_word' id='word_1_262' title='bbox 1475 2992 1558 3043; x_wconf 92' lang='lat' dir='ltr'>est</span> <span class='ocrx_word' id='word_1_263' title='bbox 1603 3004 1778 3042; x_wconf 90' lang='lat' dir='ltr'>manu</span> <span class='ocrx_word' id='word_1_264' title='bbox 1821 2989 2120 3042; x_wconf 89' lang='lat' dir='ltr'>recentiori</span> <span class='ocrx_word' id='word_1_265' title='bbox 2153 3005 2166 3042; x_wconf 87' lang='lat'><strong>:</strong></span> <span class='ocrx_word' id='word_1_266' title='bbox 2204 2991 2421 3046; x_wconf 69' lang='lat' dir='ltr'>Missale</span> <span class='ocrx_word' id='word_1_267' title='bbox 2451 2991 2726 3047; x_wconf 77' lang='lat' dir='ltr'>Gothicam</span> <span class='ocrx_word' id='word_1_268' title='bbox 2751 3011 2767 3045; x_wconf 93' lang='lat'><strong><em>:</em></strong></span> <span class='ocrx_word' id='word_1_269' title='bbox 2797 2995 2854 3045; x_wconf 90' lang='lat' dir='ltr'>et</span> <span class='ocrx_word' id='word_1_270' title='bbox 2881 3008 2949 3046; x_wconf 90' lang='lat' dir='ltr'>ex</span> <span class='ocrx_word' id='word_1_271' title='bbox 2979 2992 3238 3062; x_wconf 82' lang='lat' dir='ltr'>quaedam</span> <span class='ocrx_word' id='word_1_272' title='bbox 3285 2989 3584 3060; x_wconf 68' lang='lat' dir='ltr'>Liturgicaa</span> 
     </span>
    </p>
   </div>
   <div class='ocr_carea' id='block_1_22' title="bbox 210 3078 3586 3155">
    <p class='ocr_par' dir='ltr' id='par_1_22' title="bbox 210 3078 3586 3155">
     <span class='ocr_line' id='line_1_22' title="bbox 210 3078 3586 3155; baseline -0.001 -17"><span class='ocrx_word' id='word_1_273' title='bbox 210 3081 569 3155; x_wconf 86' lang='lat' dir='ltr'>precationes</span> <span class='ocrx_word' id='word_1_274' title='bbox 597 3083 877 3150; x_wconf 65' lang='lat' dir='ltr'>excerpta:</span> <span class='ocrx_word' id='word_1_275' title='bbox 917 3081 1067 3147; x_wconf 90' lang='lat' dir='ltr'>sunt,</span> <span class='ocrx_word' id='word_1_276' title='bbox 1099 3081 1154 3134; x_wconf 94' lang='lat' dir='ltr'>et</span> <span class='ocrx_word' id='word_1_277' title='bbox 1183 3083 1340 3133; x_wconf 89' lang='lat' dir='ltr'>tomo</span> <span class='ocrx_word' id='word_1_278' title='bbox 1373 3083 1532 3133; x_wconf 88' lang='lat' dir='ltr'>sexto</span> <span class='ocrx_word' id='word_1_279' title='bbox 1577 3078 1940 3132; x_wconf 70' lang='lat' dir='ltr'>Bibliotheca:</span> <span class='ocrx_word' id='word_1_280' title='bbox 1982 3082 2238 3133; x_wconf 81' lang='lat' dir='ltr'>veterum</span> <span class='ocrx_word' id='word_1_281' title='bbox 2276 3082 2505 3134; x_wconf 86' lang='lat' dir='ltr'>Patrum</span> <span class='ocrx_word' id='word_1_282' title='bbox 2535 3081 2798 3135; x_wconf 90' lang='lat' dir='ltr'>editionis</span> <span class='ocrx_word' id='word_1_283' title='bbox 2842 3081 3157 3136; x_wconf 79' lang='lat' dir='ltr'>novissimae</span> <span class='ocrx_word' id='word_1_284' title='bbox 3199 3080 3473 3135; x_wconf 87' lang='lat' dir='ltr'>Pariensis</span> <span class='ocrx_word' id='word_1_285' title='bbox 3505 3079 3586 3134; x_wconf 87' lang='lat' dir='ltr'>in-</span> 
     </span>
    </p>
   </div>
   <div class='ocr_carea' id='block_1_23' title="bbox 213 3168 3582 3244">
    <p class='ocr_par' dir='ltr' id='par_1_23' title="bbox 213 3168 3582 3244">
     <span class='ocr_line' id='line_1_23' title="bbox 213 3168 3582 3244; baseline -0.003 -13"><span class='ocrx_word' id='word_1_286' title='bbox 213 3180 380 3231; x_wconf 78' lang='lat' dir='ltr'>sertae</span> <span class='ocrx_word' id='word_1_287' title='bbox 411 3189 543 3244; x_wconf 86' lang='lat' dir='ltr'>pag.</span> <span class='ocrx_word' id='word_1_288' title='bbox 588 3174 710 3226; x_wconf 77' lang='grc'><strong>155.</strong></span> <span class='ocrx_word' id='word_1_289' title='bbox 744 3189 773 3220; x_wconf 83' lang='lat'><strong>»</strong></span> <span class='ocrx_word' id='word_1_290' title='bbox 804 3171 1082 3224; x_wconf 87' lang='lat' dir='ltr'>Hactenus</span> <span class='ocrx_word' id='word_1_291' title='bbox 1111 3169 1239 3240; x_wconf 91' lang='lat' dir='ltr'>pius</span> <span class='ocrx_word' id='word_1_292' title='bbox 1285 3172 1341 3224; x_wconf 89' lang='lat' dir='ltr'>et</span> <span class='ocrx_word' id='word_1_293' title='bbox 1369 3169 1622 3224; x_wconf 90' lang='lat' dir='ltr'>eruditus</span> <span class='ocrx_word' id='word_1_294' title='bbox 1669 3168 1984 3238; x_wconf 88' lang='lat' dir='ltr'>cardinalis,</span> <span class='ocrx_word' id='word_1_295' title='bbox 2014 3168 2341 3224; x_wconf 90' lang='lat' dir='ltr'>existimans</span> <span class='ocrx_word' id='word_1_296' title='bbox 2367 3171 2538 3242; x_wconf 90' lang='lat' dir='ltr'>(quod</span> <span class='ocrx_word' id='word_1_297' title='bbox 2567 3188 2627 3226; x_wconf 90' lang='lat' dir='ltr'>re</span> <span class='ocrx_word' id='word_1_298' title='bbox 2655 3188 2783 3226; x_wconf 87' lang='lat' dir='ltr'>vera</span> <span class='ocrx_word' id='word_1_299' title='bbox 2813 3172 2914 3241; x_wconf 85' lang='lat' dir='ltr'>est)</span> <span class='ocrx_word' id='word_1_300' title='bbox 2953 3171 3058 3225; x_wconf 93' lang='lat' dir='ltr'>hoc</span> <span class='ocrx_word' id='word_1_301' title='bbox 3101 3188 3218 3225; x_wconf 91' lang='lat' dir='ltr'>esse</span> <span class='ocrx_word' id='word_1_302' title='bbox 3259 3177 3417 3226; x_wconf 89' lang='lat' dir='ltr'>vetus</span> <span class='ocrx_word' id='word_1_303' title='bbox 3453 3169 3582 3224; x_wconf 85' lang='lat' dir='ltr'>Mis-</span> 
     </span>
    </p>
   </div>
   <div class='ocr_carea' id='block_1_24' title="bbox 214 3257 3585 3331">
    <p class='ocr_par' dir='ltr' id='par_1_24' title="bbox 214 3257 3585 3331">
     <span class='ocr_line' id='line_1_24' title="bbox 214 3257 3585 3331; baseline -0.002 -11"><span class='ocrx_word' id='word_1_304' title='bbox 214 3266 326 3320; x_wconf 86' lang='lat' dir='ltr'>sale</span> <span class='ocrx_word' id='word_1_305' title='bbox 372 3262 744 3328; x_wconf 89' lang='lat' dir='ltr'>Gallicanum,</span> <span class='ocrx_word' id='word_1_306' title='bbox 791 3260 1111 3330; x_wconf 60' lang='lat' dir='ltr'>praesertim</span> <span class='ocrx_word' id='word_1_307' title='bbox 1153 3258 1343 3313; x_wconf 67' lang='lat' dir='ltr'>Galliae</span> <span class='ocrx_word' id='word_1_308' title='bbox 1385 3257 1785 3327; x_wconf 87' lang='lat' dir='ltr'>Narbonensis,</span> <span class='ocrx_word' id='word_1_309' title='bbox 1827 3257 2136 3312; x_wconf 87' lang='lat' dir='ltr'>Gothorum</span> <span class='ocrx_word' id='word_1_310' title='bbox 2172 3258 2596 3330; x_wconf 89' lang='lat' dir='ltr'>Hispanicorum</span> <span class='ocrx_word' id='word_1_311' title='bbox 2634 3277 2812 3331; x_wconf 91' lang='lat' dir='ltr'>regno</span> <span class='ocrx_word' id='word_1_312' title='bbox 2850 3260 2986 3314; x_wconf 90' lang='lat' dir='ltr'>olim</span> <span class='ocrx_word' id='word_1_313' title='bbox 3025 3260 3324 3331; x_wconf 70' lang='lat' dir='ltr'>subjectae;</span> <span class='ocrx_word' id='word_1_314' title='bbox 3372 3263 3433 3313; x_wconf 90' lang='lat' dir='ltr'>ut</span> <span class='ocrx_word' id='word_1_315' title='bbox 3469 3274 3585 3313; x_wconf 88' lang='lat' dir='ltr'>non</span> 
     </span>
    </p>
   </div>
   <div class='ocr_carea' id='block_1_25' title="bbox 211 3347 3584 3421">
    <p class='ocr_par' dir='ltr' id='par_1_25' title="bbox 211 3347 3584 3421">
     <span class='ocr_line' id='line_1_25' title="bbox 211 3347 3584 3421; baseline -0.002 -12"><span class='ocrx_word' id='word_1_316' title='bbox 211 3361 431 3410; x_wconf 88' lang='lat' dir='ltr'>temere</span> <span class='ocrx_word' id='word_1_317' title='bbox 471 3350 771 3406; x_wconf 87' lang='lat' dir='ltr'>Gothicum</span> <span class='ocrx_word' id='word_1_318' title='bbox 798 3349 1022 3417; x_wconf 88' lang='lat' dir='ltr'>dixerit,</span> <span class='ocrx_word' id='word_1_319' title='bbox 1063 3348 1319 3420; x_wconf 89' lang='lat' dir='ltr'>quisquis</span> <span class='ocrx_word' id='word_1_320' title='bbox 1347 3348 1419 3401; x_wconf 88' lang='lat' dir='ltr'>sit</span> <span class='ocrx_word' id='word_1_321' title='bbox 1445 3347 1558 3418; x_wconf 89' lang='lat' dir='ltr'>ille,</span> <span class='ocrx_word' id='word_1_322' title='bbox 1589 3347 1686 3419; x_wconf 88' lang='lat' dir='ltr'>qui</span> <span class='ocrx_word' id='word_1_323' title='bbox 1717 3347 2093 3402; x_wconf 89' lang='lat' dir='ltr'>recentiorem</span> <span class='ocrx_word' id='word_1_324' title='bbox 2125 3348 2354 3402; x_wconf 89' lang='lat' dir='ltr'>titulum</span> <span class='ocrx_word' id='word_1_325' title='bbox 2397 3349 2586 3403; x_wconf 89' lang='lat' dir='ltr'>Codici</span> <span class='ocrx_word' id='word_1_326' title='bbox 2615 3351 2898 3421; x_wconf 89' lang='lat' dir='ltr'>apposuit.</span> <span class='ocrx_word' id='word_1_327' title='bbox 2927 3349 3258 3404; x_wconf 89' lang='lat' dir='ltr'>Thomasius</span> <span class='ocrx_word' id='word_1_328' title='bbox 3287 3348 3584 3404; x_wconf 71' lang='lat' dir='ltr'>Gallicanae</span> 
     </span>
    </p>
   </div>
   <div class='ocr_carea' id='block_1_26' title="bbox 215 3436 3584 3508">
    <p class='ocr_par' dir='ltr' id='par_1_26' title="bbox 215 3436 3584 3508">
     <span class='ocr_line' id='line_1_26' title="bbox 215 3436 3584 3508; baseline -0.002 -10"><span class='ocrx_word' id='word_1_329' title='bbox 215 3441 477 3499; x_wconf 80' lang='lat' dir='ltr'>Ecclesiae</span> <span class='ocrx_word' id='word_1_330' title='bbox 507 3442 614 3495; x_wconf 89' lang='lat' dir='ltr'>hoc</span> <span class='ocrx_word' id='word_1_331' title='bbox 643 3455 762 3494; x_wconf 90' lang='lat' dir='ltr'>esse</span> <span class='ocrx_word' id='word_1_332' title='bbox 790 3437 1003 3493; x_wconf 82' lang='lat' dir='ltr'>Missale</span> <span class='ocrx_word' id='word_1_333' title='bbox 1031 3438 1362 3508; x_wconf 85' lang='lat' dir='ltr'>comprobat</span> <span class='ocrx_word' id='word_1_334' title='bbox 1392 3453 1459 3491; x_wconf 89' lang='lat' dir='ltr'>ex</span> <span class='ocrx_word' id='word_1_335' title='bbox 1504 3436 1889 3508; x_wconf 92' lang='lat' dir='ltr'>compluribus</span> <span class='ocrx_word' id='word_1_336' title='bbox 1919 3441 2244 3490; x_wconf 89' lang='lat' dir='ltr'>sanctarum</span> <span class='ocrx_word' id='word_1_337' title='bbox 2273 3437 2461 3491; x_wconf 70' lang='lat' dir='ltr'>Gallia:</span> <span class='ocrx_word' id='word_1_338' title='bbox 2495 3438 2669 3504; x_wconf 77' lang='lat' dir='ltr'>festis,</span> <span class='ocrx_word' id='word_1_339' title='bbox 2699 3443 2759 3492; x_wconf 92' lang='lat' dir='ltr'>ut</span> <span class='ocrx_word' id='word_1_340' title='bbox 2796 3439 2973 3492; x_wconf 88' lang='lat' dir='ltr'>sancti</span> <span class='ocrx_word' id='word_1_341' title='bbox 3013 3437 3297 3493; x_wconf 87' lang='lat' dir='ltr'>Saturnini</span> <span class='ocrx_word' id='word_1_342' title='bbox 3340 3437 3584 3507; x_wconf 89' lang='lat' dir='ltr'>episcopi</span> 
     </span>
    </p>
   </div>
   <div class='ocr_carea' id='block_1_27' title="bbox 213 3526 3582 3598">
    <p class='ocr_par' dir='ltr' id='par_1_27' title="bbox 213 3526 3582 3598">
     <span class='ocr_line' id='line_1_27' title="bbox 213 3526 3582 3598; baseline -0.002 -11"><span class='ocrx_word' id='word_1_343' title='bbox 213 3531 489 3597; x_wconf 87' lang='lat' dir='ltr'>Tolosani,</span> <span class='ocrx_word' id='word_1_344' title='bbox 520 3531 841 3584; x_wconf 89' lang='lat' dir='ltr'>sanctorum</span> <span class='ocrx_word' id='word_1_345' title='bbox 871 3527 1114 3582; x_wconf 86' lang='lat' dir='ltr'>Ferreoli</span> <span class='ocrx_word' id='word_1_346' title='bbox 1143 3530 1199 3581; x_wconf 91' lang='lat' dir='ltr'>et</span> <span class='ocrx_word' id='word_1_347' title='bbox 1227 3526 1573 3581; x_wconf 87' lang='lat' dir='ltr'>Ferrutionis</span> <span class='ocrx_word' id='word_1_348' title='bbox 1601 3529 1918 3597; x_wconf 81' lang='lat' dir='ltr'>martyrum</span> <span class='ocrx_word' id='word_1_349' title='bbox 1945 3526 2496 3595; x_wconf 87' lang='lat' dir='ltr'>Vesontionensium,</span> <span class='ocrx_word' id='word_1_350' title='bbox 2527 3527 2701 3581; x_wconf 88' lang='lat' dir='ltr'>sancti</span> <span class='ocrx_word' id='word_1_351' title='bbox 2732 3526 3132 3598; x_wconf 84' lang='lat' dir='ltr'>Symphoriani</span> <span class='ocrx_word' id='word_1_352' title='bbox 3161 3526 3428 3597; x_wconf 84' lang='lat' dir='ltr'>martyris</span> <span class='ocrx_word' id='word_1_353' title='bbox 3465 3527 3582 3580; x_wconf 81' lang='lat' dir='ltr'>Au-</span> 
     </span>
    </p>
   </div>
   <div class='ocr_carea' id='block_1_28' title="bbox 215 3613 3584 3695">
    <p class='ocr_par' dir='ltr' id='par_1_28' title="bbox 215 3613 3584 3695">
     <span class='ocr_line' id='line_1_28' title="bbox 215 3613 3584 3695; baseline -0.002 -19"><span class='ocrx_word' id='word_1_354' title='bbox 215 3619 677 3695; x_wconf 83' lang='lat' dir='ltr'>gustodunensis,</span> <span class='ocrx_word' id='word_1_355' title='bbox 710 3618 961 3688; x_wconf 89' lang='lat' dir='ltr'>itemque</span> <span class='ocrx_word' id='word_1_356' title='bbox 987 3617 1163 3671; x_wconf 89' lang='lat' dir='ltr'>sancti</span> <span class='ocrx_word' id='word_1_357' title='bbox 1185 3615 1513 3686; x_wconf 89' lang='lat' dir='ltr'>Leadegarii</span> <span class='ocrx_word' id='word_1_358' title='bbox 1543 3615 1796 3686; x_wconf 88' lang='lat' dir='ltr'>ejusdem</span> <span class='ocrx_word' id='word_1_359' title='bbox 1825 3613 1979 3668; x_wconf 88' lang='lat' dir='ltr'>urbis</span> <span class='ocrx_word' id='word_1_360' title='bbox 2007 3614 2272 3685; x_wconf 80' lang='lat' dir='ltr'>epiSCOpi,</span> <span class='ocrx_word' id='word_1_361' title='bbox 2302 3619 2357 3670; x_wconf 90' lang='lat' dir='ltr'>et</span> <span class='ocrx_word' id='word_1_362' title='bbox 2385 3615 2560 3669; x_wconf 86' lang='lat' dir='ltr'>sancti</span> <span class='ocrx_word' id='word_1_363' title='bbox 2589 3615 2805 3670; x_wconf 87' lang='lat' dir='ltr'>Martini</span> <span class='ocrx_word' id='word_1_364' title='bbox 2830 3615 3187 3670; x_wconf 90' lang='lat' dir='ltr'>Turonensis.</span> <span class='ocrx_word' id='word_1_365' title='bbox 3218 3615 3383 3670; x_wconf 89' lang='lat' dir='ltr'>Aliud</span> <span class='ocrx_word' id='word_1_366' title='bbox 3412 3614 3584 3671; x_wconf 90' lang='lat' dir='ltr'>etiam</span> 
     </span>
    </p>
   </div>
   <div class='ocr_carea' id='block_1_29' title="bbox 211 3703 3585 3785">
    <p class='ocr_par' dir='ltr' id='par_1_29' title="bbox 211 3703 3585 3785">
     <span class='ocr_line' id='line_1_29' title="bbox 211 3703 3585 3785; baseline -0.003 -18"><span class='ocrx_word' id='word_1_367' title='bbox 211 3715 620 3785; x_wconf 82' lang='lat' dir='ltr'>argumentum</span> <span class='ocrx_word' id='word_1_368' title='bbox 648 3707 891 3764; x_wconf 89' lang='lat' dir='ltr'>desumit</span> <span class='ocrx_word' id='word_1_369' title='bbox 915 3723 982 3760; x_wconf 88' lang='lat' dir='ltr'>ex</span> <span class='ocrx_word' id='word_1_370' title='bbox 1023 3705 1298 3760; x_wconf 88' lang='lat' dir='ltr'>triduanis</span> <span class='ocrx_word' id='word_1_371' title='bbox 1337 3708 1468 3760; x_wconf 89' lang='lat' dir='ltr'>ante</span> <span class='ocrx_word' id='word_1_372' title='bbox 1501 3704 1891 3759; x_wconf 89' lang='lat' dir='ltr'>ascensionem</span> <span class='ocrx_word' id='word_1_373' title='bbox 1921 3703 2112 3776; x_wconf 80' lang='grc'>176</span> <span class='ocrx_word' id='word_1_374' title='bbox 2158 3705 2590 3775; x_wconf 84' lang='lat' dir='ltr'>Hogationibus,</span> <span class='ocrx_word' id='word_1_375' title='bbox 2620 3721 2747 3777; x_wconf 55' lang='lat' dir='ltr'>qua).</span> <span class='ocrx_word' id='word_1_376' title='bbox 2784 3705 2841 3760; x_wconf 91' lang='lat' dir='ltr'>in</span> <span class='ocrx_word' id='word_1_377' title='bbox 2870 3705 3058 3760; x_wconf 90' lang='lat' dir='ltr'>Galliis</span> <span class='ocrx_word' id='word_1_378' title='bbox 3089 3705 3377 3774; x_wconf 69' lang='lat' dir='ltr'>institutas,</span> <span class='ocrx_word' id='word_1_379' title='bbox 3405 3705 3585 3759; x_wconf 89' lang='lat' dir='ltr'>serius</span> 
     </span>
    </p>
   </div>
   <div class='ocr_carea' id='block_1_30' title="bbox 211 3795 3586 3869">
    <p class='ocr_par' dir='ltr' id='par_1_30' title="bbox 211 3795 3586 3869">
     <span class='ocr_line' id='line_1_30' title="bbox 211 3795 3586 3869; baseline -0.002 -11"><span class='ocrx_word' id='word_1_380' title='bbox 211 3804 278 3858; x_wconf 89' lang='lat' dir='ltr'>ad</span> <span class='ocrx_word' id='word_1_381' title='bbox 307 3802 446 3856; x_wconf 87' lang='lat' dir='ltr'>alias</span> <span class='ocrx_word' id='word_1_382' title='bbox 477 3798 747 3854; x_wconf 84' lang='lat' dir='ltr'>Ecclesias</span> <span class='ocrx_word' id='word_1_383' title='bbox 776 3800 1155 3869; x_wconf 88' lang='lat' dir='ltr'>pervenerunt</span> <span class='ocrx_word' id='word_1_384' title='bbox 1179 3815 1192 3851; x_wconf 89' lang='lat'><strong>:</strong></span> <span class='ocrx_word' id='word_1_385' title='bbox 1216 3797 1332 3850; x_wconf 93' lang='lat' dir='ltr'>imo</span> <span class='ocrx_word' id='word_1_386' title='bbox 1355 3796 1505 3866; x_wconf 91' lang='lat' dir='ltr'>apud</span> <span class='ocrx_word' id='word_1_387' title='bbox 1534 3795 1804 3867; x_wconf 82' lang='lat' dir='ltr'>Hispanos</span> <span class='ocrx_word' id='word_1_388' title='bbox 1825 3797 1955 3866; x_wconf 91' lang='lat' dir='ltr'>post</span> <span class='ocrx_word' id='word_1_389' title='bbox 1981 3795 2378 3850; x_wconf 88' lang='lat' dir='ltr'>Ascensianem</span> <span class='ocrx_word' id='word_1_390' title='bbox 2410 3796 2654 3866; x_wconf 64' lang='lat' dir='ltr'>rejectaz.</span> <span class='ocrx_word' id='word_1_391' title='bbox 2681 3797 2831 3850; x_wconf 87' lang='lat' dir='ltr'>Adeo</span> <span class='ocrx_word' id='word_1_392' title='bbox 2863 3800 2926 3850; x_wconf 88' lang='lat' dir='ltr'>ut</span> <span class='ocrx_word' id='word_1_393' title='bbox 2951 3801 3168 3850; x_wconf 88' lang='lat' dir='ltr'>certum</span> <span class='ocrx_word' id='word_1_394' title='bbox 3196 3795 3302 3849; x_wconf 90' lang='lat' dir='ltr'>sim</span> <span class='ocrx_word' id='word_1_395' title='bbox 3333 3795 3443 3850; x_wconf 92' lang='lat' dir='ltr'>hoc</span> <span class='ocrx_word' id='word_1_396' title='bbox 3464 3795 3586 3850; x_wconf 83' lang='lat' dir='ltr'>Mis-</span> 
     </span>
    </p>
   </div>
   <div class='ocr_carea' id='block_1_31' title="bbox 212 3885 3582 3958">
    <p class='ocr_par' dir='ltr' id='par_1_31' title="bbox 212 3885 3582 3958">
     <span class='ocr_line' id='line_1_31' title="bbox 212 3885 3582 3958; baseline -0.002 -11"><span class='ocrx_word' id='word_1_397' title='bbox 212 3893 325 3947; x_wconf 89' lang='lat' dir='ltr'>sale</span> <span class='ocrx_word' id='word_1_398' title='bbox 354 3908 474 3946; x_wconf 88' lang='lat' dir='ltr'>non</span> <span class='ocrx_word' id='word_1_399' title='bbox 501 3906 621 3944; x_wconf 91' lang='lat' dir='ltr'>esse</span> <span class='ocrx_word' id='word_1_400' title='bbox 650 3887 1032 3958; x_wconf 87' lang='lat' dir='ltr'>Hispanicum,</span> <span class='ocrx_word' id='word_1_401' title='bbox 1064 3886 1167 3940; x_wconf 86' lang='lat' dir='ltr'>etsi</span> <span class='ocrx_word' id='word_1_402' title='bbox 1197 3886 1256 3940; x_wconf 88' lang='lat' dir='ltr'>in</span> <span class='ocrx_word' id='word_1_403' title='bbox 1287 3902 1354 3940; x_wconf 90' lang='lat' dir='ltr'>eo</span> <span class='ocrx_word' id='word_1_404' title='bbox 1383 3885 1662 3940; x_wconf 86' lang='lat' dir='ltr'>referatur</span> <span class='ocrx_word' id='word_1_405' title='bbox 1688 3885 1856 3939; x_wconf 90' lang='lat' dir='ltr'>missa</span> <span class='ocrx_word' id='word_1_406' title='bbox 1882 3886 1941 3939; x_wconf 90' lang='lat' dir='ltr'>in</span> <span class='ocrx_word' id='word_1_407' title='bbox 1969 3885 2140 3940; x_wconf 90' lang='lat' dir='ltr'>natali</span> <span class='ocrx_word' id='word_1_408' title='bbox 2161 3891 2370 3940; x_wconf 60' lang='lat' dir='ltr'>sanctae</span> <span class='ocrx_word' id='word_1_409' title='bbox 2397 3886 2628 3942; x_wconf 62' lang='lat' dir='ltr'>Eulaliae</span> <span class='ocrx_word' id='word_1_410' title='bbox 2657 3886 2890 3956; x_wconf 83' lang='lat' dir='ltr'>virginis</span> <span class='ocrx_word' id='word_1_411' title='bbox 2914 3891 2970 3942; x_wconf 92' lang='lat' dir='ltr'>et</span> <span class='ocrx_word' id='word_1_412' title='bbox 2993 3885 3256 3958; x_wconf 81' lang='lat' dir='ltr'>martyris</span> <span class='ocrx_word' id='word_1_413' title='bbox 3282 3885 3582 3956; x_wconf 61' lang='lat' dir='ltr'>Lusitana,</span> 
     </span>
    </p>
   </div>
   <div class='ocr_carea' id='block_1_32' title="bbox 212 3974 2879 4055">
    <p class='ocr_par' dir='ltr' id='par_1_32' title="bbox 212 3974 2879 4055">
     <span class='ocr_line' id='line_1_32' title="bbox 212 3974 2879 4055; baseline -0.003 -17"><span class='ocrx_word' id='word_1_414' title='bbox 212 4000 340 4055; x_wconf 80' lang='lat' dir='ltr'>quae</span> <span class='ocrx_word' id='word_1_415' title='bbox 368 3979 524 4052; x_wconf 89' lang='lat' dir='ltr'>apud</span> <span class='ocrx_word' id='word_1_416' title='bbox 548 3979 788 4033; x_wconf 84' lang='lat' dir='ltr'>Francos</span> <span class='ocrx_word' id='word_1_417' title='bbox 813 3977 950 4031; x_wconf 90' lang='lat' dir='ltr'>alim</span> <span class='ocrx_word' id='word_1_418' title='bbox 976 3975 1210 4030; x_wconf 89' lang='lat' dir='ltr'>celebris</span> <span class='ocrx_word' id='word_1_419' title='bbox 1236 3978 1376 4042; x_wconf 91' lang='lat' dir='ltr'>erat,</span> <span class='ocrx_word' id='word_1_420' title='bbox 1409 3979 1473 4030; x_wconf 93' lang='lat' dir='ltr'>ut</span> <span class='ocrx_word' id='word_1_421' title='bbox 1499 3977 1654 4045; x_wconf 90' lang='lat' dir='ltr'>patet</span> <span class='ocrx_word' id='word_1_422' title='bbox 1677 3991 1746 4032; x_wconf 88' lang='lat' dir='ltr'>ex</span> <span class='ocrx_word' id='word_1_423' title='bbox 1778 3974 2046 4046; x_wconf 89' lang='lat' dir='ltr'>Gregorio</span> <span class='ocrx_word' id='word_1_424' title='bbox 2073 3978 2130 4030; x_wconf 89' lang='lat' dir='ltr'>et</span> <span class='ocrx_word' id='word_1_425' title='bbox 2154 3991 2221 4030; x_wconf 89' lang='lat' dir='ltr'>ex</span> <span class='ocrx_word' id='word_1_426' title='bbox 2252 3976 2523 4031; x_wconf 88' lang='lat' dir='ltr'>Venantio</span> <span class='ocrx_word' id='word_1_427' title='bbox 2553 3977 2879 4031; x_wconf 88' lang='lat' dir='ltr'>Fortunato.</span> 
     </span>
    </p>
   </div>
   <div class='ocr_carea' id='block_1_33' title="bbox 287 4101 3582 4176">
    <p class='ocr_par' dir='ltr' id='par_1_33' title="bbox 287 4101 3582 4176">
     <span class='ocr_line' id='line_1_33' title="bbox 287 4101 3582 4176; baseline -0.002 -12"><span class='ocrx_word' id='word_1_428' title='bbox 287 4110 338 4165; x_wconf 72' lang='grc'><strong>4.</strong></span> <span class='ocrx_word' id='word_1_429' title='bbox 383 4109 462 4162; x_wconf 91' lang='lat' dir='ltr'>De</span> <span class='ocrx_word' id='word_1_430' title='bbox 488 4110 742 4176; x_wconf 87' lang='lat' dir='ltr'>tempore</span> <span class='ocrx_word' id='word_1_431' title='bbox 769 4119 880 4176; x_wconf 91' lang='lat' dir='ltr'>quo</span> <span class='ocrx_word' id='word_1_432' title='bbox 907 4101 1148 4173; x_wconf 90' lang='lat' dir='ltr'>scriptus</span> <span class='ocrx_word' id='word_1_433' title='bbox 1192 4105 1276 4156; x_wconf 88' lang='lat' dir='ltr'>est</span> <span class='ocrx_word' id='word_1_434' title='bbox 1302 4101 1487 4156; x_wconf 86' lang='lat' dir='ltr'>Codex</span> <span class='ocrx_word' id='word_1_435' title='bbox 1523 4101 1639 4171; x_wconf 91' lang='lat' dir='ltr'>ille,</span> <span class='ocrx_word' id='word_1_436' title='bbox 1671 4117 1785 4156; x_wconf 92' lang='lat' dir='ltr'>non</span> <span class='ocrx_word' id='word_1_437' title='bbox 1815 4101 2047 4156; x_wconf 89' lang='lat' dir='ltr'>omnino</span> <span class='ocrx_word' id='word_1_438' title='bbox 2078 4104 2294 4156; x_wconf 88' lang='lat' dir='ltr'>constat</span> <span class='ocrx_word' id='word_1_439' title='bbox 2324 4119 2336 4157; x_wconf 92' lang='lat'>:</span> <span class='ocrx_word' id='word_1_440' title='bbox 2366 4105 2618 4158; x_wconf 89' lang='lat' dir='ltr'>attamen</span> <span class='ocrx_word' id='word_1_441' title='bbox 2645 4119 2714 4158; x_wconf 89' lang='lat' dir='ltr'>ex</span> <span class='ocrx_word' id='word_1_442' title='bbox 2738 4103 2920 4158; x_wconf 90' lang='lat' dir='ltr'>forma</span> <span class='ocrx_word' id='word_1_443' title='bbox 2946 4102 3281 4172; x_wconf 88' lang='lat' dir='ltr'>litterarum,</span> <span class='ocrx_word' id='word_1_444' title='bbox 3314 4105 3371 4157; x_wconf 90' lang='lat' dir='ltr'>et</span> <span class='ocrx_word' id='word_1_445' title='bbox 3396 4117 3464 4158; x_wconf 90' lang='lat' dir='ltr'>ex</span> <span class='ocrx_word' id='word_1_446' title='bbox 3495 4102 3582 4156; x_wconf 88' lang='lat' dir='ltr'>Li-</span> 
     </span>
    </p>
   </div>
   <div class='ocr_carea' id='block_1_34' title="bbox 212 4190 3586 4271">
    <p class='ocr_par' dir='ltr' id='par_1_34' title="bbox 212 4190 3586 4271">
     <span class='ocr_line' id='line_1_34' title="bbox 212 4190 3586 4271; baseline -0.003 -16"><span class='ocrx_word' id='word_1_447' title='bbox 212 4198 422 4271; x_wconf 66' lang='lat' dir='ltr'>turgiae</span> <span class='ocrx_word' id='word_1_448' title='bbox 470 4195 770 4251; x_wconf 80' lang='lat' dir='ltr'>Gallicanae</span> <span class='ocrx_word' id='word_1_449' title='bbox 816 4191 1200 4264; x_wconf 89' lang='lat' dir='ltr'>abrogatione,</span> <span class='ocrx_word' id='word_1_450' title='bbox 1233 4207 1359 4262; x_wconf 68' lang='lat' dir='ltr'>qua:</span> <span class='ocrx_word' id='word_1_451' title='bbox 1392 4190 1725 4262; x_wconf 81' lang='lat' dir='ltr'>pontificatu</span> <span class='ocrx_word' id='word_1_452' title='bbox 1766 4190 1997 4244; x_wconf 89' lang='lat' dir='ltr'>Adriani</span> <span class='ocrx_word' id='word_1_453' title='bbox 2027 4191 2068 4259; x_wconf 84' lang='grc' dir='ltr'>Ι,</span> <span class='ocrx_word' id='word_1_454' title='bbox 2114 4195 2390 4262; x_wconf 85' lang='lat' dir='ltr'>regnante</span> <span class='ocrx_word' id='word_1_455' title='bbox 2423 4193 2623 4248; x_wconf 84' lang='lat' dir='ltr'>Carolo</span> <span class='ocrx_word' id='word_1_456' title='bbox 2652 4209 2860 4264; x_wconf 89' lang='lat' dir='ltr'>magna</span> <span class='ocrx_word' id='word_1_457' title='bbox 2889 4197 3019 4248; x_wconf 89' lang='lat' dir='ltr'>ante</span> <span class='ocrx_word' id='word_1_458' title='bbox 3054 4209 3232 4247; x_wconf 88' lang='lat' dir='ltr'>annos</span> <span class='ocrx_word' id='word_1_459' title='bbox 3271 4193 3586 4263; x_wconf 85' lang='lat' dir='ltr'>nongentos</span> 
     </span>
    </p>
   </div>
   <div class='ocr_carea' id='block_1_35' title="bbox 212 4280 3584 4357">
    <p class='ocr_par' dir='ltr' id='par_1_35' title="bbox 212 4280 3584 4357">
     <span class='ocr_line' id='line_1_35' title="bbox 212 4280 3584 4357; baseline -0.004 -13"><span class='ocrx_word' id='word_1_460' title='bbox 212 4291 360 4344; x_wconf 78' lang='lat' dir='ltr'>facta</span> <span class='ocrx_word' id='word_1_461' title='bbox 389 4290 495 4354; x_wconf 86' lang='lat' dir='ltr'>est,</span> <span class='ocrx_word' id='word_1_462' title='bbox 523 4287 776 4357; x_wconf 88' lang='lat' dir='ltr'>apparet,</span> <span class='ocrx_word' id='word_1_463' title='bbox 805 4283 958 4337; x_wconf 88' lang='lat' dir='ltr'>hunc</span> <span class='ocrx_word' id='word_1_464' title='bbox 988 4281 1220 4336; x_wconf 90' lang='lat' dir='ltr'>ineunte</span> <span class='ocrx_word' id='word_1_465' title='bbox 1250 4281 1454 4335; x_wconf 61' lang='lat' dir='ltr'>saeculo</span> <span class='ocrx_word' id='word_1_466' title='bbox 1499 4296 1616 4349; x_wconf 85' lang='lat' dir='ltr'>vm,</span> <span class='ocrx_word' id='word_1_467' title='bbox 1646 4296 1851 4351; x_wconf 90' lang='lat' dir='ltr'>nempe</span> <span class='ocrx_word' id='word_1_468' title='bbox 1879 4280 1949 4334; x_wconf 92' lang='lat' dir='ltr'>ad</span> <span class='ocrx_word' id='word_1_469' title='bbox 1980 4281 2309 4352; x_wconf 89' lang='lat' dir='ltr'>exemplum</span> <span class='ocrx_word' id='word_1_470' title='bbox 2345 4283 2576 4337; x_wconf 90' lang='lat' dir='ltr'>alterius</span> <span class='ocrx_word' id='word_1_471' title='bbox 2600 4283 2804 4338; x_wconf 92' lang='lat' dir='ltr'>codicis</span> <span class='ocrx_word' id='word_1_472' title='bbox 2833 4282 3168 4352; x_wconf 89' lang='lat' dir='ltr'>vetustioris,</span> <span class='ocrx_word' id='word_1_473' title='bbox 3197 4280 3365 4335; x_wconf 86' lang='lat' dir='ltr'>fuisse</span> <span class='ocrx_word' id='word_1_474' title='bbox 3396 4295 3584 4334; x_wconf 85' lang='lat' dir='ltr'>exara-</span> 
     </span>
    </p>
   </div>
   <div class='ocr_carea' id='block_1_36' title="bbox 213 4369 2616 4447">
    <p class='ocr_par' dir='ltr' id='par_1_36' title="bbox 213 4369 2616 4447">
     <span class='ocr_line' id='line_1_36' title="bbox 213 4369 2616 4447; baseline -0.002 -14"><span class='ocrx_word' id='word_1_475' title='bbox 213 4385 362 4447; x_wconf 89' lang='lat' dir='ltr'>tum,</span> <span class='ocrx_word' id='word_1_476' title='bbox 393 4392 510 4431; x_wconf 90' lang='lat' dir='ltr'>non</span> <span class='ocrx_word' id='word_1_477' title='bbox 535 4375 720 4439; x_wconf 91' lang='lat' dir='ltr'>citius,</span> <span class='ocrx_word' id='word_1_478' title='bbox 748 4375 983 4444; x_wconf 91' lang='lat' dir='ltr'>propter</span> <span class='ocrx_word' id='word_1_479' title='bbox 1009 4371 1214 4426; x_wconf 86' lang='lat' dir='ltr'>festum</span> <span class='ocrx_word' id='word_1_480' title='bbox 1243 4370 1421 4425; x_wconf 88' lang='lat' dir='ltr'>sancti</span> <span class='ocrx_word' id='word_1_481' title='bbox 1445 4369 1791 4441; x_wconf 87' lang='lat' dir='ltr'>Leadegarii,</span> <span class='ocrx_word' id='word_1_482' title='bbox 1825 4370 1925 4440; x_wconf 87' lang='lat' dir='ltr'>qui</span> <span class='ocrx_word' id='word_1_483' title='bbox 1951 4386 2100 4424; x_wconf 89' lang='lat' dir='ltr'>anno</span> <span class='ocrx_word' id='word_1_484' title='bbox 2128 4373 2231 4426; x_wconf 86' lang='lat'>678</span> <span class='ocrx_word' id='word_1_485' title='bbox 2256 4377 2488 4427; x_wconf 88' lang='lat' dir='ltr'>necatus</span> <span class='ocrx_word' id='word_1_486' title='bbox 2514 4377 2616 4428; x_wconf 90' lang='lat' dir='ltr'>est.</span> 
     </span>
    </p>
   </div>
   <div class='ocr_carea' id='block_1_37' title="bbox 284 4495 3587 4571">
    <p class='ocr_par' dir='ltr' id='par_1_37' title="bbox 284 4495 3587 4571">
     <span class='ocr_line' id='line_1_37' title="bbox 284 4495 3587 4571; baseline -0.002 -12"><span class='ocrx_word' id='word_1_487' title='bbox 284 4510 342 4560; x_wconf 83' lang='lat'>5.</span> <span class='ocrx_word' id='word_1_488' title='bbox 388 4503 526 4557; x_wconf 87' lang='lat' dir='ltr'>Huic</span> <span class='ocrx_word' id='word_1_489' title='bbox 550 4499 737 4556; x_wconf 89' lang='lat' dir='ltr'>Codici</span> <span class='ocrx_word' id='word_1_490' title='bbox 763 4498 949 4571; x_wconf 87' lang='lat' dir='ltr'>aliqua</span> <span class='ocrx_word' id='word_1_491' title='bbox 976 4497 1142 4552; x_wconf 89' lang='lat' dir='ltr'>initia</span> <span class='ocrx_word' id='word_1_492' title='bbox 1183 4497 1372 4553; x_wconf 88' lang='lat' dir='ltr'>deesse</span> <span class='ocrx_word' id='word_1_493' title='bbox 1399 4512 1469 4552; x_wconf 85' lang='lat' dir='ltr'>ex</span> <span class='ocrx_word' id='word_1_494' title='bbox 1498 4495 1777 4550; x_wconf 88' lang='lat' dir='ltr'>cardinale</span> <span class='ocrx_word' id='word_1_495' title='bbox 1822 4496 1976 4550; x_wconf 87' lang='lat' dir='ltr'>Bona</span> <span class='ocrx_word' id='word_1_496' title='bbox 2004 4501 2062 4551; x_wconf 91' lang='lat' dir='ltr'>et</span> <span class='ocrx_word' id='word_1_497' title='bbox 2103 4497 2400 4552; x_wconf 88' lang='lat' dir='ltr'>Thamasio</span> <span class='ocrx_word' id='word_1_498' title='bbox 2429 4498 2729 4566; x_wconf 91' lang='lat' dir='ltr'>discimus;</span> <span class='ocrx_word' id='word_1_499' title='bbox 2760 4498 2856 4552; x_wconf 91' lang='lat' dir='ltr'>sed</span> <span class='ocrx_word' id='word_1_500' title='bbox 2897 4497 3034 4569; x_wconf 92' lang='lat' dir='ltr'>quid</span> <span class='ocrx_word' id='word_1_501' title='bbox 3081 4496 3221 4551; x_wconf 92' lang='lat' dir='ltr'>illud</span> <span class='ocrx_word' id='word_1_502' title='bbox 3264 4497 3354 4564; x_wconf 89' lang='lat' dir='ltr'>sit,</span> <span class='ocrx_word' id='word_1_503' title='bbox 3385 4497 3587 4551; x_wconf 87' lang='lat' dir='ltr'>neuter</span> 
     </span>
    </p>
   </div>
   <div class='ocr_carea' id='block_1_38' title="bbox 215 4585 3589 4668">
    <p class='ocr_par' dir='ltr' id='par_1_38' title="bbox 215 4585 3589 4668">
     <span class='ocr_line' id='line_1_38' title="bbox 215 4585 3589 4668; baseline -0.003 -17"><span class='ocrx_word' id='word_1_504' title='bbox 215 4595 489 4668; x_wconf 87' lang='lat' dir='ltr'>explicat.</span> <span class='ocrx_word' id='word_1_505' title='bbox 518 4590 650 4646; x_wconf 82' lang='lat' dir='ltr'>Mihi</span> <span class='ocrx_word' id='word_1_506' title='bbox 675 4606 808 4644; x_wconf 89' lang='lat' dir='ltr'>vero</span> <span class='ocrx_word' id='word_1_507' title='bbox 835 4605 950 4643; x_wconf 90' lang='lat' dir='ltr'>non</span> <span class='ocrx_word' id='word_1_508' title='bbox 970 4587 1194 4644; x_wconf 88' lang='lat' dir='ltr'>difﬁcile</span> <span class='ocrx_word' id='word_1_509' title='bbox 1220 4587 1442 4642; x_wconf 86' lang='lat' dir='ltr'>videtur</span> <span class='ocrx_word' id='word_1_510' title='bbox 1468 4585 1748 4657; x_wconf 85' lang='lat' dir='ltr'>conjicere</span> <span class='ocrx_word' id='word_1_511' title='bbox 1775 4602 1842 4641; x_wconf 86' lang='lat' dir='ltr'>ex</span> <span class='ocrx_word' id='word_1_512' title='bbox 1871 4585 2163 4640; x_wconf 90' lang='lat' dir='ltr'>numerica</span> <span class='ocrx_word' id='word_1_513' title='bbox 2188 4591 2321 4641; x_wconf 87' lang='lat' dir='ltr'>nota</span> <span class='ocrx_word' id='word_1_514' title='bbox 2342 4604 2414 4656; x_wconf 80' lang='lat' dir='ltr'>IV,</span> <span class='ocrx_word' id='word_1_515' title='bbox 2444 4604 2572 4658; x_wconf 83' lang='lat' dir='ltr'>quae</span> <span class='ocrx_word' id='word_1_516' title='bbox 2597 4587 2666 4642; x_wconf 89' lang='lat' dir='ltr'>ad</span> <span class='ocrx_word' id='word_1_517' title='bbox 2693 4587 2942 4642; x_wconf 82' lang='lat' dir='ltr'>ofﬁcium</span> <span class='ocrx_word' id='word_1_518' title='bbox 2966 4586 3171 4642; x_wconf 85' lang='lat' dir='ltr'>Natalis</span> <span class='ocrx_word' id='word_1_519' title='bbox 3195 4585 3414 4640; x_wconf 89' lang='lat' dir='ltr'>Domini</span> <span class='ocrx_word' id='word_1_520' title='bbox 3443 4601 3589 4656; x_wconf 79' lang='lat' dir='ltr'>pree-</span> 
     </span>
    </p>
   </div>
   <div class='ocr_carea' id='block_1_39' title="bbox 213 4675 3587 4758">
    <p class='ocr_par' dir='ltr' id='par_1_39' title="bbox 213 4675 3587 4758">
     <span class='ocr_line' id='line_1_39' title="bbox 213 4675 3587 4758; baseline -0.003 -17"><span class='ocrx_word' id='word_1_521' title='bbox 213 4686 434 4758; x_wconf 83' lang='lat' dir='ltr'>ﬁgitur.</span> <span class='ocrx_word' id='word_1_522' title='bbox 468 4685 598 4738; x_wconf 57' lang='lat' dir='ltr'>Hac</span> <span class='ocrx_word' id='word_1_523' title='bbox 642 4680 794 4735; x_wconf 92' lang='lat' dir='ltr'>enim</span> <span class='ocrx_word' id='word_1_524' title='bbox 823 4683 955 4734; x_wconf 88' lang='lat' dir='ltr'>nota</span> <span class='ocrx_word' id='word_1_525' title='bbox 982 4677 1192 4732; x_wconf 91' lang='lat' dir='ltr'>indicat</span> <span class='ocrx_word' id='word_1_526' title='bbox 1228 4677 1334 4730; x_wconf 88' lang='lat' dir='ltr'>tria</span> <span class='ocrx_word' id='word_1_527' title='bbox 1362 4677 1554 4731; x_wconf 90' lang='lat' dir='ltr'>deesse</span> <span class='ocrx_word' id='word_1_528' title='bbox 1593 4675 1795 4745; x_wconf 87' lang='lat' dir='ltr'>ofﬁcia,</span> <span class='ocrx_word' id='word_1_529' title='bbox 1837 4692 2081 4746; x_wconf 89' lang='lat' dir='ltr'>quorum</span> <span class='ocrx_word' id='word_1_530' title='bbox 2129 4692 2305 4729; x_wconf 88' lang='lat' dir='ltr'>unum</span> <span class='ocrx_word' id='word_1_531' title='bbox 2337 4681 2420 4731; x_wconf 90' lang='lat' dir='ltr'>est</span> <span class='ocrx_word' id='word_1_532' title='bbox 2447 4676 2508 4730; x_wconf 94' lang='lat' dir='ltr'>in</span> <span class='ocrx_word' id='word_1_533' title='bbox 2540 4675 2729 4747; x_wconf 88' lang='lat' dir='ltr'>vigilia</span> <span class='ocrx_word' id='word_1_534' title='bbox 2777 4675 2984 4730; x_wconf 88' lang='lat' dir='ltr'>Natalis</span> <span class='ocrx_word' id='word_1_535' title='bbox 3013 4675 3255 4745; x_wconf 89' lang='lat' dir='ltr'>Domini,</span> <span class='ocrx_word' id='word_1_536' title='bbox 3291 4675 3349 4729; x_wconf 93' lang='lat' dir='ltr'>in</span> <span class='ocrx_word' id='word_1_537' title='bbox 3388 4675 3587 4730; x_wconf 87' lang='lat' dir='ltr'>Codice</span> 
     </span>
    </p>
   </div>
   <div class='ocr_carea' id='block_1_40' title="bbox 215 4764 3588 4846">
    <p class='ocr_par' dir='ltr' id='par_1_40' title="bbox 215 4764 3588 4846">
     <span class='ocr_line' id='line_1_40' title="bbox 215 4764 3588 4846; baseline -0.003 -17"><span class='ocrx_word' id='word_1_538' title='bbox 215 4774 640 4846; x_wconf 88' lang='lat' dir='ltr'>imperfectum.</span> <span class='ocrx_word' id='word_1_539' title='bbox 669 4771 788 4824; x_wconf 91' lang='lat' dir='ltr'>Duo</span> <span class='ocrx_word' id='word_1_540' title='bbox 815 4769 1005 4840; x_wconf 89' lang='lat' dir='ltr'>itaque</span> <span class='ocrx_word' id='word_1_541' title='bbox 1049 4771 1263 4823; x_wconf 88' lang='lat' dir='ltr'>restant</span> <span class='ocrx_word' id='word_1_542' title='bbox 1305 4782 1433 4837; x_wconf 68' lang='lat' dir='ltr'>qua:</span> <span class='ocrx_word' id='word_1_543' title='bbox 1477 4765 1546 4820; x_wconf 93' lang='lat' dir='ltr'>de</span> <span class='ocrx_word' id='word_1_544' title='bbox 1593 4765 1849 4819; x_wconf 82' lang='lat' dir='ltr'>Adventu</span> <span class='ocrx_word' id='word_1_545' title='bbox 1892 4764 2060 4818; x_wconf 86' lang='lat' dir='ltr'>fuisse</span> <span class='ocrx_word' id='word_1_546' title='bbox 2091 4764 2410 4836; x_wconf 88' lang='lat' dir='ltr'>colligimus</span> <span class='ocrx_word' id='word_1_547' title='bbox 2439 4782 2509 4820; x_wconf 89' lang='lat' dir='ltr'>ex</span> <span class='ocrx_word' id='word_1_548' title='bbox 2550 4765 2715 4821; x_wconf 88' lang='lat' dir='ltr'>tertio</span> <span class='ocrx_word' id='word_1_549' title='bbox 2752 4765 2971 4835; x_wconf 85' lang='lat' dir='ltr'>Missali,</span> <span class='ocrx_word' id='word_1_550' title='bbox 3001 4765 3152 4837; x_wconf 88' lang='lat' dir='ltr'>quod</span> <span class='ocrx_word' id='word_1_551' title='bbox 3196 4765 3401 4820; x_wconf 91' lang='lat' dir='ltr'>dicitur</span> <span class='ocrx_word' id='word_1_552' title='bbox 3428 4770 3588 4820; x_wconf 89' lang='lat' dir='ltr'>vetus</span> 
     </span>
    </p>
   </div>
   <div class='ocr_carea' id='block_1_41' title="bbox 209 4853 3584 4932">
    <p class='ocr_par' dir='ltr' id='par_1_41' title="bbox 209 4853 3584 4932">
     <span class='ocr_line' id='line_1_41' title="bbox 209 4853 3584 4932; baseline -0.004 -12"><span class='ocrx_word' id='word_1_553' title='bbox 209 4864 588 4931; x_wconf 87' lang='lat' dir='ltr'>Gallicanum,</span> <span class='ocrx_word' id='word_1_554' title='bbox 615 4861 672 4916; x_wconf 92' lang='lat' dir='ltr'>in</span> <span class='ocrx_word' id='word_1_555' title='bbox 702 4876 814 4932; x_wconf 91' lang='lat' dir='ltr'>qua</span> <span class='ocrx_word' id='word_1_556' title='bbox 843 4858 970 4913; x_wconf 59' lang='lat' dir='ltr'>duae</span> <span class='ocrx_word' id='word_1_557' title='bbox 1001 4861 1221 4912; x_wconf 90' lang='lat' dir='ltr'>tantum</span> <span class='ocrx_word' id='word_1_558' title='bbox 1263 4855 1448 4910; x_wconf 71' lang='lat' dir='ltr'>missa:</span> <span class='ocrx_word' id='word_1_559' title='bbox 1485 4854 1554 4909; x_wconf 92' lang='lat' dir='ltr'>de</span> <span class='ocrx_word' id='word_1_560' title='bbox 1600 4855 1857 4909; x_wconf 83' lang='lat' dir='ltr'>Adventu</span> <span class='ocrx_word' id='word_1_561' title='bbox 1886 4853 2108 4908; x_wconf 90' lang='lat' dir='ltr'>Domini</span> <span class='ocrx_word' id='word_1_562' title='bbox 2136 4857 2267 4910; x_wconf 88' lang='lat' dir='ltr'>ante</span> <span class='ocrx_word' id='word_1_563' title='bbox 2307 4854 2556 4910; x_wconf 83' lang='lat' dir='ltr'>ofﬁcium</span> <span class='ocrx_word' id='word_1_564' title='bbox 2583 4872 2686 4927; x_wconf 92' lang='lat' dir='ltr'>pro</span> <span class='ocrx_word' id='word_1_565' title='bbox 2715 4855 2916 4927; x_wconf 88' lang='lat' dir='ltr'>Vigilia</span> <span class='ocrx_word' id='word_1_566' title='bbox 2941 4855 3146 4910; x_wconf 86' lang='lat' dir='ltr'>Natalis</span> <span class='ocrx_word' id='word_1_567' title='bbox 3187 4855 3408 4909; x_wconf 89' lang='lat' dir='ltr'>Domini</span> <span class='ocrx_word' id='word_1_568' title='bbox 3445 4854 3584 4908; x_wconf 90' lang='lat' dir='ltr'>assi-</span> 
     </span>
    </p>
   </div>
   <div class='ocr_carea' id='block_1_42' title="bbox 214 4943 3590 5026">
    <p class='ocr_par' dir='ltr' id='par_1_42' title="bbox 214 4943 3590 5026">
     <span class='ocr_line' id='line_1_42' title="bbox 214 4943 3590 5026; baseline -0.003 -19"><span class='ocrx_word' id='word_1_569' title='bbox 214 4957 489 5026; x_wconf 81' lang='lat' dir='ltr'>gnantur.</span> <span class='ocrx_word' id='word_1_570' title='bbox 519 4953 617 5007; x_wconf 66' lang='lat' dir='ltr'>Ha:</span> <span class='ocrx_word' id='word_1_571' title='bbox 645 4951 771 5006; x_wconf 66' lang='lat' dir='ltr'>dum</span> <span class='ocrx_word' id='word_1_572' title='bbox 797 4949 984 5004; x_wconf 65' lang='lat' dir='ltr'>missae</span> <span class='ocrx_word' id='word_1_573' title='bbox 1011 4947 1056 5002; x_wconf 92' lang='lat' dir='ltr'>si</span> <span class='ocrx_word' id='word_1_574' title='bbox 1082 4947 1140 5001; x_wconf 90' lang='lat' dir='ltr'>in</span> <span class='ocrx_word' id='word_1_575' title='bbox 1168 4946 1261 5000; x_wconf 86' lang='lat' dir='ltr'>illo</span> <span class='ocrx_word' id='word_1_576' title='bbox 1289 4944 1520 5000; x_wconf 89' lang='lat' dir='ltr'>Gothica</span> <span class='ocrx_word' id='word_1_577' title='bbox 1547 4945 1936 5016; x_wconf 88' lang='lat' dir='ltr'>suppleantur,</span> <span class='ocrx_word' id='word_1_578' title='bbox 1967 4943 2062 4998; x_wconf 87' lang='lat' dir='ltr'>vix</span> <span class='ocrx_word' id='word_1_579' title='bbox 2089 4943 2403 5016; x_wconf 90' lang='lat' dir='ltr'>quidquam</span> <span class='ocrx_word' id='word_1_580' title='bbox 2443 4945 2624 5000; x_wconf 92' lang='lat' dir='ltr'>deerit</span> <span class='ocrx_word' id='word_1_581' title='bbox 2654 4945 2725 5000; x_wconf 92' lang='lat' dir='ltr'>ad</span> <span class='ocrx_word' id='word_1_582' title='bbox 2767 4945 2888 5016; x_wconf 91' lang='lat' dir='ltr'>ejus</span> <span class='ocrx_word' id='word_1_583' title='bbox 2927 4944 3341 4999; x_wconf 86' lang='lat' dir='ltr'>absolutionem</span> <span class='ocrx_word' id='word_1_584' title='bbox 3382 4947 3590 5015; x_wconf 84' lang='lat' dir='ltr'>praeter</span> 
     </span>
    </p>
   </div>
   <div class='ocr_carea' id='block_1_43' title="bbox 210 5033 3588 5115">
    <p class='ocr_par' dir='ltr' id='par_1_43' title="bbox 210 5033 3588 5115">
     <span class='ocr_line' id='line_1_43' title="bbox 210 5033 3588 5115; baseline -0.003 -17"><span class='ocrx_word' id='word_1_585' title='bbox 210 5043 476 5115; x_wconf 73' lang='lat' dir='ltr'>paucula,</span> <span class='ocrx_word' id='word_1_586' title='bbox 503 5057 633 5114; x_wconf 74' lang='lat' dir='ltr'>qua:</span> <span class='ocrx_word' id='word_1_587' title='bbox 657 5041 717 5095; x_wconf 91' lang='lat' dir='ltr'>in</span> <span class='ocrx_word' id='word_1_588' title='bbox 754 5039 867 5095; x_wconf 88' lang='lat' dir='ltr'>ﬁne</span> <span class='ocrx_word' id='word_1_589' title='bbox 909 5037 1258 5094; x_wconf 89' lang='lat' dir='ltr'>exciderunt.</span> <span class='ocrx_word' id='word_1_590' title='bbox 1288 5035 1449 5090; x_wconf 85' lang='lat' dir='ltr'>Certe</span> <span class='ocrx_word' id='word_1_591' title='bbox 1492 5033 1686 5090; x_wconf 68' lang='lat' dir='ltr'>multa:</span> <span class='ocrx_word' id='word_1_592' title='bbox 1725 5033 2077 5106; x_wconf 89' lang='lat' dir='ltr'>precationes</span> <span class='ocrx_word' id='word_1_593' title='bbox 2117 5035 2348 5108; x_wconf 90' lang='lat' dir='ltr'>utrique</span> <span class='ocrx_word' id='word_1_594' title='bbox 2378 5035 2581 5091; x_wconf 84' lang='lat' dir='ltr'>Missali</span> <span class='ocrx_word' id='word_1_595' title='bbox 2612 5051 2945 5091; x_wconf 89' lang='lat' dir='ltr'>communes</span> <span class='ocrx_word' id='word_1_596' title='bbox 2989 5037 3141 5104; x_wconf 88' lang='lat' dir='ltr'>sunt,</span> <span class='ocrx_word' id='word_1_597' title='bbox 3170 5037 3236 5088; x_wconf 91' lang='lat' dir='ltr'>ut</span> <span class='ocrx_word' id='word_1_598' title='bbox 3262 5033 3407 5089; x_wconf 82' lang='lat' dir='ltr'>facta</span> <span class='ocrx_word' id='word_1_599' title='bbox 3433 5049 3588 5088; x_wconf 90' lang='lat' dir='ltr'>cam-</span> 
     </span>
    </p>
   </div>
   <div class='ocr_carea' id='block_1_44' title="bbox 212 5125 3324 5204">
    <p class='ocr_par' dir='ltr' id='par_1_44' title="bbox 212 5125 3324 5204">
     <span class='ocr_line' id='line_1_44' title="bbox 212 5125 3324 5204; baseline -0.008 -15"><span class='ocrx_word' id='word_1_600' title='bbox 212 5133 512 5204; x_wconf 85' lang='lat' dir='ltr'>paratione</span> <span class='ocrx_word' id='word_1_601' title='bbox 539 5130 733 5186; x_wconf 90' lang='lat' dir='ltr'>multis</span> <span class='ocrx_word' id='word_1_602' title='bbox 761 5129 820 5184; x_wconf 92' lang='lat' dir='ltr'>in</span> <span class='ocrx_word' id='word_1_603' title='bbox 845 5128 981 5185; x_wconf 90' lang='lat' dir='ltr'>locis</span> <span class='ocrx_word' id='word_1_604' title='bbox 1006 5125 1346 5182; x_wconf 88' lang='lat' dir='ltr'>notavimus.</span> <span class='ocrx_word' id='word_1_605' title='bbox 3322 5133 3324 5136; x_wconf 62' lang='grc' dir='ltr'><strong><em>τ</em></strong></span> 
     </span>
    </p>
   </div>
   <div class='ocr_carea' id='block_1_45' title="bbox 285 5249 3590 5324">
    <p class='ocr_par' dir='ltr' id='par_1_45' title="bbox 285 5249 3590 5324">
     <span class='ocr_line' id='line_1_45' title="bbox 285 5249 3590 5324; baseline -0.002 -7"><span class='ocrx_word' id='word_1_606' title='bbox 285 5266 343 5318; x_wconf 84' lang='grc'>6.</span> <span class='ocrx_word' id='word_1_607' title='bbox 377 5257 699 5317; x_wconf 90' lang='lat' dir='ltr'>Secundum</span> <span class='ocrx_word' id='word_1_608' title='bbox 729 5254 944 5311; x_wconf 82' lang='lat' dir='ltr'>Missale</span> <span class='ocrx_word' id='word_1_609' title='bbox 973 5253 1180 5309; x_wconf 90' lang='lat' dir='ltr'>dicitur</span> <span class='ocrx_word' id='word_1_610' title='bbox 1207 5253 1572 5320; x_wconf 87' lang='lat' dir='ltr'>Francorum,</span> <span class='ocrx_word' id='word_1_611' title='bbox 1600 5265 1716 5305; x_wconf 92' lang='lat' dir='ltr'>non</span> <span class='ocrx_word' id='word_1_612' title='bbox 1761 5249 1944 5306; x_wconf 90' lang='lat' dir='ltr'>solum</span> <span class='ocrx_word' id='word_1_613' title='bbox 1973 5252 2044 5307; x_wconf 93' lang='lat' dir='ltr'>ob</span> <span class='ocrx_word' id='word_1_614' title='bbox 2085 5252 2316 5308; x_wconf 90' lang='lat' dir='ltr'>missam</span> <span class='ocrx_word' id='word_1_615' title='bbox 2359 5253 2428 5308; x_wconf 90' lang='lat' dir='ltr'>de</span> <span class='ocrx_word' id='word_1_616' title='bbox 2471 5254 2662 5308; x_wconf 89' lang='lat' dir='ltr'>sancta</span> <span class='ocrx_word' id='word_1_617' title='bbox 2704 5251 2914 5307; x_wconf 89' lang='lat' dir='ltr'>Hilario</span> <span class='ocrx_word' id='word_1_618' title='bbox 2945 5250 3207 5323; x_wconf 91' lang='lat' dir='ltr'>episcopo</span> <span class='ocrx_word' id='word_1_619' title='bbox 3237 5250 3590 5324; x_wconf 85' lang='lat' dir='ltr'>Pictaviensi,</span> 
     </span>
    </p>
   </div>
   <div class='ocr_carea' id='block_1_46' title="bbox 213 5340 3594 5415">
    <p class='ocr_par' dir='ltr' id='par_1_46' title="bbox 213 5340 3594 5415">
     <span class='ocr_line' id='line_1_46' title="bbox 213 5340 3594 5415; baseline -0.004 -8"><span class='ocrx_word' id='word_1_620' title='bbox 213 5353 310 5408; x_wconf 77' lang='lat' dir='ltr'>sed</span> <span class='ocrx_word' id='word_1_621' title='bbox 339 5350 511 5407; x_wconf 89' lang='lat' dir='ltr'>etiam</span> <span class='ocrx_word' id='word_1_622' title='bbox 539 5349 611 5402; x_wconf 90' lang='lat' dir='ltr'>ab</span> <span class='ocrx_word' id='word_1_623' title='bbox 640 5344 989 5401; x_wconf 85' lang='lat' dir='ltr'>mentionem</span> <span class='ocrx_word' id='word_1_624' title='bbox 1019 5343 1181 5415; x_wconf 87' lang='lat' dir='ltr'>regni</span> <span class='ocrx_word' id='word_1_625' title='bbox 1208 5343 1572 5411; x_wconf 88' lang='lat' dir='ltr'>Francorum,</span> <span class='ocrx_word' id='word_1_626' title='bbox 1603 5357 1730 5412; x_wconf 83' lang='lat' dir='ltr'>quae</span> <span class='ocrx_word' id='word_1_627' title='bbox 1750 5340 1805 5395; x_wconf 89' lang='lat' dir='ltr'>in</span> <span class='ocrx_word' id='word_1_628' title='bbox 1839 5341 2231 5398; x_wconf 90' lang='lat' dir='ltr'>benedictione</span> <span class='ocrx_word' id='word_1_629' title='bbox 2250 5341 2298 5415; x_wconf 80' lang='grc'>1</span> <span class='ocrx_word' id='word_1_630' title='bbox 2316 5342 2440 5414; x_wconf 88' lang='lat'><strong>77</strong></span> <span class='ocrx_word' id='word_1_631' title='bbox 2461 5359 2664 5414; x_wconf 90' lang='lat' dir='ltr'>regum</span> <span class='ocrx_word' id='word_1_632' title='bbox 2683 5358 2798 5396; x_wconf 90' lang='lat' dir='ltr'>non</span> <span class='ocrx_word' id='word_1_633' title='bbox 2819 5341 2996 5397; x_wconf 89' lang='lat' dir='ltr'>semel</span> <span class='ocrx_word' id='word_1_634' title='bbox 3023 5341 3292 5396; x_wconf 89' lang='lat' dir='ltr'>occurrit.</span> <span class='ocrx_word' id='word_1_635' title='bbox 3310 5343 3470 5396; x_wconf 89' lang='lat' dir='ltr'>Hunc</span> <span class='ocrx_word' id='word_1_636' title='bbox 3497 5343 3594 5397; x_wconf 90' lang='lat' dir='ltr'>Co-</span> 
     </span>
    </p>
   </div>
   <div class='ocr_carea' id='block_1_47' title="bbox 215 5430 3594 5505">
    <p class='ocr_par' dir='ltr' id='par_1_47' title="bbox 215 5430 3594 5505">
     <span class='ocr_line' id='line_1_47' title="bbox 215 5430 3594 5505; baseline -0.004 -8"><span class='ocrx_word' id='word_1_637' title='bbox 215 5443 401 5497; x_wconf 87' lang='lat' dir='ltr'>dicem</span> <span class='ocrx_word' id='word_1_638' title='bbox 427 5439 648 5494; x_wconf 84' lang='lat' dir='ltr'>viderat</span> <span class='ocrx_word' id='word_1_639' title='bbox 673 5439 914 5493; x_wconf 83' lang='lat' dir='ltr'>Joannes</span> <span class='ocrx_word' id='word_1_640' title='bbox 938 5433 1205 5498; x_wconf 82' lang='lat' dir='ltr'>Marinus,</span> <span class='ocrx_word' id='word_1_641' title='bbox 1239 5431 1473 5504; x_wconf 89' lang='lat' dir='ltr'>ejusque</span> <span class='ocrx_word' id='word_1_642' title='bbox 1497 5430 1756 5486; x_wconf 88' lang='lat' dir='ltr'>notitiam</span> <span class='ocrx_word' id='word_1_643' title='bbox 1786 5433 2044 5505; x_wconf 89' lang='lat' dir='ltr'>suggerit</span> <span class='ocrx_word' id='word_1_644' title='bbox 2081 5433 2140 5488; x_wconf 90' lang='lat' dir='ltr'>in</span> <span class='ocrx_word' id='word_1_645' title='bbox 2170 5433 2314 5488; x_wconf 92' lang='lat' dir='ltr'>libro</span> <span class='ocrx_word' id='word_1_646' title='bbox 2342 5434 2410 5488; x_wconf 92' lang='lat' dir='ltr'>de</span> <span class='ocrx_word' id='word_1_647' title='bbox 2442 5432 2613 5488; x_wconf 88' lang='lat' dir='ltr'>sacris</span> <span class='ocrx_word' id='word_1_648' title='bbox 2641 5431 3120 5495; x_wconf 89' lang='lat' dir='ltr'>Ordinationibus,</span> <span class='ocrx_word' id='word_1_649' title='bbox 3149 5447 3284 5504; x_wconf 85' lang='lat' dir='ltr'>pag.</span> <span class='ocrx_word' id='word_1_650' title='bbox 3313 5435 3439 5486; x_wconf 78' lang='grc'><strong>261.</strong></span> <span class='ocrx_word' id='word_1_651' title='bbox 3474 5452 3502 5480; x_wconf 89' lang='grc'>‹‹</span> <span class='ocrx_word' id='word_1_652' title='bbox 3533 5431 3594 5484; x_wconf 86' lang='lat' dir='ltr'>In</span> 
     </span>
    </p>
   </div>
   <div class='ocr_carea' id='block_1_48' title="bbox 215 5520 3589 5598">
    <p class='ocr_par' dir='ltr' id='par_1_48' title="bbox 215 5520 3589 5598">
     <span class='ocr_line' id='line_1_48' title="bbox 215 5520 3589 5598; baseline -0.004 -12"><span class='ocrx_word' id='word_1_653' title='bbox 215 5530 565 5586; x_wconf 86' lang='lat' dir='ltr'>Bibliotheca</span> <span class='ocrx_word' id='word_1_654' title='bbox 591 5527 696 5583; x_wconf 83' lang='lat' dir='ltr'>viri</span> <span class='ocrx_word' id='word_1_655' title='bbox 731 5524 1066 5598; x_wconf 82' lang='lat' dir='ltr'>amplissimi</span> <span class='ocrx_word' id='word_1_656' title='bbox 1097 5524 1161 5578; x_wconf 82' lang='grc' dir='ltr'>ι).</span> <span class='ocrx_word' id='word_1_657' title='bbox 1191 5521 1399 5579; x_wconf 88' lang='lat' dir='ltr'>Petavii</span> <span class='ocrx_word' id='word_1_658' title='bbox 1427 5521 1700 5577; x_wconf 89' lang='lat' dir='ltr'>senatoris</span> <span class='ocrx_word' id='word_1_659' title='bbox 1724 5523 2064 5594; x_wconf 87' lang='lat' dir='ltr'>parlamenti</span> <span class='ocrx_word' id='word_1_660' title='bbox 2105 5524 2434 5579; x_wconf 89' lang='lat' dir='ltr'>Parisiensis</span> <span class='ocrx_word' id='word_1_661' title='bbox 2475 5521 2851 5595; x_wconf 86' lang='lat' dir='ltr'>integerrimi,</span> <span class='ocrx_word' id='word_1_662' title='bbox 2879 5522 3068 5577; x_wconf 88' lang='lat' dir='ltr'>Codex</span> <span class='ocrx_word' id='word_1_663' title='bbox 3092 5527 3177 5577; x_wconf 92' lang='lat' dir='ltr'>est</span> <span class='ocrx_word' id='word_1_664' title='bbox 3201 5521 3457 5576; x_wconf 90' lang='lat' dir='ltr'>omnium</span> <span class='ocrx_word' id='word_1_665' title='bbox 3483 5520 3589 5574; x_wconf 93' lang='lat' dir='ltr'>Co-</span> 
     </span>
    </p>
   </div>
   <div class='ocr_carea' id='block_1_49' title="bbox 214 5607 3593 5689">
    <p class='ocr_par' dir='ltr' id='par_1_49' title="bbox 214 5607 3593 5689">
     <span class='ocr_line' id='line_1_49' title="bbox 214 5607 3593 5689; baseline -0.004 -12"><span class='ocrx_word' id='word_1_666' title='bbox 214 5622 408 5677; x_wconf 88' lang='lat' dir='ltr'>dicum</span> <span class='ocrx_word' id='word_1_667' title='bbox 434 5617 753 5687; x_wconf 90' lang='lat' dir='ltr'>ritualium,</span> <span class='ocrx_word' id='word_1_668' title='bbox 780 5633 921 5689; x_wconf 90' lang='lat' dir='ltr'>quas</span> <span class='ocrx_word' id='word_1_669' title='bbox 946 5613 1109 5671; x_wconf 87' lang='lat' dir='ltr'>nobis</span> <span class='ocrx_word' id='word_1_670' title='bbox 1150 5612 1338 5668; x_wconf 88' lang='lat' dir='ltr'>videre</span> <span class='ocrx_word' id='word_1_671' title='bbox 1382 5611 1639 5684; x_wconf 89' lang='lat' dir='ltr'>contigit,</span> <span class='ocrx_word' id='word_1_672' title='bbox 1671 5612 2123 5685; x_wconf 80' lang='lat' dir='ltr'>antiquissimus;</span> <span class='ocrx_word' id='word_1_673' title='bbox 2153 5617 2415 5668; x_wconf 86' lang='lat' dir='ltr'>accurate</span> <span class='ocrx_word' id='word_1_674' title='bbox 2436 5613 2745 5668; x_wconf 89' lang='lat' dir='ltr'>admodum</span> <span class='ocrx_word' id='word_1_675' title='bbox 2771 5613 3011 5684; x_wconf 85' lang='lat' dir='ltr'>scriptus</span> <span class='ocrx_word' id='word_1_676' title='bbox 3036 5611 3239 5666; x_wconf 90' lang='lat' dir='ltr'>litteris</span> <span class='ocrx_word' id='word_1_677' title='bbox 3280 5607 3593 5663; x_wconf 86' lang='lat' dir='ltr'>uncialibus</span> 
     </span>
    </p>
   </div>
   <div class='ocr_carea' id='block_1_50' title="bbox 215 5696 3590 5782">
    <p class='ocr_par' dir='ltr' id='par_1_50' title="bbox 215 5696 3590 5782">
     <span class='ocr_line' id='line_1_50' title="bbox 215 5696 3590 5782; baseline -0.004 -17"><span class='ocrx_word' id='word_1_678' title='bbox 215 5710 551 5782; x_wconf 87' lang='lat' dir='ltr'>majoribus,</span> <span class='ocrx_word' id='word_1_679' title='bbox 581 5707 725 5763; x_wconf 91' lang='lat' dir='ltr'>bene</span> <span class='ocrx_word' id='word_1_680' title='bbox 754 5705 1061 5779; x_wconf 88' lang='lat' dir='ltr'>quadratis,</span> <span class='ocrx_word' id='word_1_681' title='bbox 1093 5701 1540 5776; x_wconf 87' lang='lat' dir='ltr'>splendidissime</span> <span class='ocrx_word' id='word_1_682' title='bbox 1568 5700 1892 5758; x_wconf 82' lang='lat' dir='ltr'>eﬁ‘armatis.</span> <span class='ocrx_word' id='word_1_683' title='bbox 1919 5704 1979 5758; x_wconf 87' lang='lat' dir='ltr'>lu</span> <span class='ocrx_word' id='word_1_684' title='bbox 2007 5703 2252 5776; x_wconf 87' lang='lat' dir='ltr'>gratiam</span> <span class='ocrx_word' id='word_1_685' title='bbox 2286 5703 2546 5759; x_wconf 72' lang='lat' dir='ltr'>Ecclesiae</span> <span class='ocrx_word' id='word_1_686' title='bbox 2573 5702 2938 5760; x_wconf 87' lang='lat' dir='ltr'>Pictaviensis</span> <span class='ocrx_word' id='word_1_687' title='bbox 2966 5700 3189 5756; x_wconf 85' lang='lat' dir='ltr'>videtur</span> <span class='ocrx_word' id='word_1_688' title='bbox 3212 5698 3346 5752; x_wconf 90' lang='lat' dir='ltr'>olim</span> <span class='ocrx_word' id='word_1_689' title='bbox 3375 5696 3590 5750; x_wconf 85' lang='lat' dir='ltr'>descri-</span> 
     </span>
    </p>
   </div>
   <div class='ocr_carea' id='block_1_51' title="bbox 217 5783 3593 5873">
    <p class='ocr_par' dir='ltr' id='par_1_51' title="bbox 217 5783 3593 5873">
     <span class='ocr_line' id='line_1_51' title="bbox 217 5783 3593 5873; baseline -0.004 -19"><span class='ocrx_word' id='word_1_690' title='bbox 217 5805 373 5873; x_wconf 87' lang='lat' dir='ltr'>ptus.</span> <span class='ocrx_word' id='word_1_691' title='bbox 400 5798 622 5855; x_wconf 86' lang='lat' dir='ltr'>Nullius</span> <span class='ocrx_word' id='word_1_692' title='bbox 647 5796 803 5854; x_wconf 88' lang='lat' dir='ltr'>enim</span> <span class='ocrx_word' id='word_1_693' title='bbox 833 5796 1007 5851; x_wconf 88' lang='lat' dir='ltr'>sancti</span> <span class='ocrx_word' id='word_1_694' title='bbox 1021 5797 1232 5867; x_wconf 82' lang='lat' dir='ltr'>praeter</span> <span class='ocrx_word' id='word_1_695' title='bbox 1258 5791 1435 5847; x_wconf 89' lang='lat' dir='ltr'>sancti</span> <span class='ocrx_word' id='word_1_696' title='bbox 1462 5791 1652 5846; x_wconf 88' lang='lat' dir='ltr'>Hilarii</span> <span class='ocrx_word' id='word_1_697' title='bbox 1679 5793 1908 5848; x_wconf 89' lang='lat' dir='ltr'>missam</span> <span class='ocrx_word' id='word_1_698' title='bbox 1929 5793 2244 5866; x_wconf 88' lang='lat' dir='ltr'>specialiter</span> <span class='ocrx_word' id='word_1_699' title='bbox 2269 5793 2548 5864; x_wconf 83' lang='lat' dir='ltr'>continet;</span> <span class='ocrx_word' id='word_1_700' title='bbox 2583 5793 2762 5866; x_wconf 91' lang='lat' dir='ltr'>ipsius</span> <span class='ocrx_word' id='word_1_701' title='bbox 2787 5791 3016 5848; x_wconf 90' lang='lat' dir='ltr'>nomine</span> <span class='ocrx_word' id='word_1_702' title='bbox 3042 5789 3102 5843; x_wconf 92' lang='lat' dir='ltr'>in</span> <span class='ocrx_word' id='word_1_703' title='bbox 3130 5783 3502 5853; x_wconf 87' lang='lat' dir='ltr'>orationibus,</span> <span class='ocrx_word' id='word_1_704' title='bbox 3533 5785 3593 5844; x_wconf 87' lang='lat' dir='ltr'>in</span> 
     </span>
    </p>
   </div>
   <div class='ocr_carea' id='block_1_52' title="bbox 217 5874 3594 5961">
    <p class='ocr_par' dir='ltr' id='par_1_52' title="bbox 217 5874 3594 5961">
     <span class='ocr_line' id='line_1_52' title="bbox 217 5874 3594 5961; baseline -0.004 -15"><span class='ocrx_word' id='word_1_705' title='bbox 217 5888 568 5961; x_wconf 66' lang='lat' dir='ltr'>pretatione,</span> <span class='ocrx_word' id='word_1_706' title='bbox 597 5894 654 5944; x_wconf 89' lang='lat' dir='ltr'>et</span> <span class='ocrx_word' id='word_1_707' title='bbox 694 5886 842 5944; x_wconf 83' lang='lat' dir='ltr'>infra</span> <span class='ocrx_word' id='word_1_708' title='bbox 866 5885 1145 5942; x_wconf 88' lang='lat' dir='ltr'>actionem</span> <span class='ocrx_word' id='word_1_709' title='bbox 1189 5898 1454 5957; x_wconf 87' lang='lat' dir='ltr'>expresso</span> <span class='ocrx_word' id='word_1_710' title='bbox 1487 5899 1499 5937; x_wconf 89' lang='lat'><strong>:</strong></span> <span class='ocrx_word' id='word_1_711' title='bbox 1533 5887 1736 5940; x_wconf 82' lang='lat' dir='ltr'>caetera</span> <span class='ocrx_word' id='word_1_712' title='bbox 1764 5883 1950 5941; x_wconf 75' lang='lat' dir='ltr'>missae</span> <span class='ocrx_word' id='word_1_713' title='bbox 1985 5901 2314 5945; x_wconf 89' lang='lat' dir='ltr'>communes</span> <span class='ocrx_word' id='word_1_714' title='bbox 2344 5890 2492 5942; x_wconf 89' lang='lat' dir='ltr'>sunt.</span> <span class='ocrx_word' id='word_1_715' title='bbox 2528 5886 2588 5940; x_wconf 78' lang='grc' dir='ltr'>ιη</span> <span class='ocrx_word' id='word_1_716' title='bbox 2614 5887 2876 5941; x_wconf 81' lang='lat' dir='ltr'>Memento</span> <span class='ocrx_word' id='word_1_717' title='bbox 2901 5893 3145 5953; x_wconf 87' lang='lat' dir='ltr'>quoque,</span> <span class='ocrx_word' id='word_1_718' title='bbox 3180 5878 3305 5950; x_wconf 81' lang='lat' dir='ltr'>post</span> <span class='ocrx_word' id='word_1_719' title='bbox 3330 5874 3594 5937; x_wconf 87' lang='lat' dir='ltr'>Casmam</span> 
     </span>
    </p>
   </div>
  </div>
