4054 6188
451 351 555 412 219
1237 351 1564 412 APPENDIX
1605 353 1692 410 AD
1729 351 1950 408 ΟΡΕΒΑ
1990 351 2052 405 SA

2208 351 2224 403 l
2261 349 2560 406 GERMANI
2599 347 3024 408 PARISIENSIS.
3703 351 3809 404 220

454 468 512 521 et
538 463 890 536 Damianum,
921 463 1116 523 Hilarii
1139 465 1204 520 fit
1243 462 1518 519 memoria
1546 465 1602 518 et
1627 461 1868 519 Martini.
1898 459 2159 517 Codicem
2186 459 2352 516 illum
2376 457 2650 514 Gallicum
2687 457 2858 514 fuisse
2899 457 3144 516 dubitari
3179 477 3296 518 non
3339 465 3541 535 potest,
3571 478 3704 520 cum
3749 465 3814 522 in

454 553 626 612 missa
653 574 756 629 pro
791 556 1018 628 regibus
1045 555 1411 622 Francorum,
1444 557 1500 608 et
1521 551 1582 608 in
1609 551 1774 608 variis
1801 550 2146 606 orationibus
2171 548 2482 620 imperium
2507 549 2827 604 Romanum
2859 565 3155 622 nunquam
3183 555 3682 624 commemoretur,
3711 554 3814 611 sed

451 649 727 720 perpetuo
757 648 898 702 Deus
913 645 974 700 in
1000 661 1064 699 eo
1107 660 1210 715 pro
1247 643 1412 714 regni
1437 641 1782 698 Francorum
1824 639 2196 713 prosperitate
2223 640 2508 694 exoretur.
2537 639 2730 710 Itaque
2759 637 2904 694 mihi
2940 639 3162 696 videtur
3195 641 3380 698 Codex
3421 643 3515 699 ille
3541 649 3670 715 post
3708 661 3816 700 an-

453 749 594 790 num
619 739 742 802 5H,
773 736 869 790 sed
909 737 1040 790 ante
1071 749 1288 789 annum
1313 735 1414 788 560
1439 731 1498 786 in
1524 732 1702 786 Gallia
1731 731 1992 802 scriptus,
2027 729 2306 800 Gallisque
2331 727 2588 783 nondum
2618 728 2678 782 in
2704 744 2888 783 unum
2913 731 3189 801 populum
3213 747 3346 786 cum
3374 733 3598 789 Francis
3627 735 3814 790 coale-

456 825 756 880 scentibus.
787 826 892 880 Ter
915 824 1071 878 enim
1099 840 1202 895 pro
1232 823 1396 895 regni
1425 824 1770 877 Francorum
1793 822 2025 876 nomine
2051 835 2246 892 preces
2277 819 2452 874 ﬁunt:
2483 818 2619 872 alias
2646 835 2750 890 pro
2781 819 3123 874 Francorum
3149 821 3499 894 principatu;
3526 823 3662 879 alias
3705 839 3836 896 pro-

453 911 803 982 Principibus
829 913 1203 982 Francorum;
1233 917 1289 969 et
1315 913 1490 968 semel
1521 929 1625 984 pro
1655 912 1836 966 salute
1861 914 1918 966 et
1961 908 2348 966 incolumitate
2375 907 2540 979 regni
2587 907 2953 964 Francorum.
2987 909 3176 965 Codex
3219 910 3310 966 ille
3341 915 3398 967 et
3433 915 3730 983 vetustate,
3760 919 3822 970 et

455 1002 788 1062 characteris
833 1003 1260 1075 magniﬁcentia
1295 1003 1434 1058 adeo
1461 1002 1838 1070 venerandus,
1865 1017 1895 1056 e
1932 1000 2104 1055 Gallia
2131 998 2398 1070 migravit
2436 998 2814 1054 Stokolmium
2857 999 3164 1054 Succorum
3208 1001 3446 1072 regiam,
3477 1020 3510 1057 a
3533 1003 3820 1058 Christina

453 1093 874 1164 incomparabili
902 1095 1208 1150 Succorum
1244 1092 1500 1165 principe
1527 1109 1658 1148 cum
1696 1090 2010 1147 innumeris
2035 1089 2158 1145 aliis
2187 1105 2324 1144 auro
2347 1088 2696 1160 redemptus.
2726 1107 2756 1142 ››
2793 1089 2922 1144 Haec
2963 1089 3208 1144 Marinus
3236 1107 3249 1145 :
3283 1091 3381 1162 qui
3410 1107 3480 1147 ex
3509 1108 3576 1148 eo
3613 1092 3820 1147 Codice

455 1182 708 1254 vulgavit
731 1199 860 1256 quae
887 1184 958 1240 ad
983 1200 1169 1240 sacras
1195 1183 1578 1241 ordinationes
1616 1181 1994 1256 pertinebant.
2037 1181 2195 1238 Nunc
2233 1179 2338 1237 iste
2381 1177 2568 1235 Codex
2609 1179 2806 1238 Romae
2833 1181 2920 1235 est
2945 1179 3006 1235 in
3053 1179 3398 1236 Bibliotheca
3438 1181 3818 1238 serenissimm

453 1287 686 1346 reginae.

529 1431 582 1482 7.
621 1429 776 1492 Quod
823 1429 1024 1485 attinet
1053 1430 1124 1485 ad
1168 1429 1288 1502 ejus
1331 1429 1750 1501 antiquitatem,
1783 1431 2002 1483 certum
2031 1429 2115 1483 est
2143 1427 2326 1482 multa
2351 1441 2420 1482 ex
2448 1425 2625 1480 veteri
2667 1423 2947 1480 Gallicano
2971 1425 3087 1479 ritu
3130 1424 3190 1480 in
3236 1424 3330 1480 illo
3368 1425 3642 1482 contineri
3675 1442 3688 1481 :
3719 1428 3824 1482 sed

457 1533 561 1572 nec
589 1517 946 1576 difﬁtendum
973 1521 1230 1593 quaedam
1259 1537 1378 1576 esse
1399 1521 1468 1576 ad
1493 1520 1728 1575 modum
1757 1517 1980 1574 Ordinis
2007 1517 2280 1573 Gelasiani
2308 1515 2358 1590 1
2373 1515 2501 1590 '78
2523 1521 2579 1571 et
2604 1515 2952 1588 Gregoriani.
2985 1514 3417 1571 Ordinationum
3441 1516 3650 1588 quippe
3675 1516 3824 1572 ritus

459 1610 516 1661 et
538 1609 888 1677 precationes
915 1611 1129 1666 eaedem
1157 1611 1522 1682 reperiuntur
1550 1611 1611 1665 in
1635 1609 1841 1665 Ordine
1867 1610 2120 1664 Romano
2151 1625 2164 1662 :
2195 1611 2252 1663 et
2275 1608 2467 1662 Canon
2493 1605 2644 1662 idem
2671 1609 2757 1661 est
2781 1605 2919 1661 item
2945 1621 3076 1660 cum
3103 1607 3377 1674 Romano,
3400 1605 3537 1660 adeo
3556 1609 3621 1661 ut
3647 1605 3822 1662 etiam

458 1696 628 1751 verba
657 1697 778 1752 haec
810 1717 823 1754 :
855 1703 1078 1770 Diesque
1102 1705 1308 1756 nostros
1337 1703 1395 1756 in
1423 1705 1519 1755 tua
1546 1715 1676 1771 pace
1703 1700 1977 1770 disponas,
2020 1715 2148 1770 quae
2178 1715 2210 1752 a
2236 1696 2505 1768 Gregorio
2531 1697 2730 1768 Magno
2759 1694 2946 1750 addita
2967 1695 3360 1768 perhibentur,
3388 1695 3447 1749 in
3476 1694 3571 1750 illo
3593 1696 3826 1751 Canone

457 1787 742 1858 legantur.
771 1789 926 1845 Unde
965 1791 1227 1846 Codicem
1255 1807 1370 1845 non
1400 1791 1605 1846 saeculo
1633 1807 1712 1858 γι,
1741 1807 1878 1862 pace
1897 1789 2000 1844 viri
2029 1787 2354 1855 doctissimi,
2380 1787 2477 1842 sed
2503 1786 2826 1858 insequenti
2857 1785 3236 1857 conscriptum
3261 1785 3433 1840 fuisse
3459 1785 3824 1857 intelligitur.

459 1876 529 1930 At
553 1893 668 1934 non
696 1879 873 1933 serius
899 1880 969 1934 ob
999 1881 1137 1935 duas
1173 1881 1438 1936 rationes.
1479 1881 1669 1936 Primo
1698 1880 1850 1934 enim
1875 1879 1935 1933 in
1974 1877 2367 1933 benedictione
2393 1893 2616 1948 regum,
2645 1891 2762 1931 non
2801 1875 2870 1930 de
2911 1891 3047 1946 uno,
3077 1875 3175 1930 sed
3211 1875 3280 1930 de
3308 1875 3565 1947 pluribus
3590 1874 3828 1946 regibus

462 1979 560 2019 seu
589 1966 944 2038 principibus
965 1971 1310 2026 Francorum
1338 1970 1404 2025 ﬁt
1429 1971 1664 2040 mentio,
1695 1970 1754 2025 in
1779 1970 1934 2024 hunc
1955 1969 2190 2024 modum
2223 1987 2236 2022 :
2266 1971 2594 2023 Francorum
2621 1968 2778 2036 regni
2801 1966 2984 2021 adesto
3005 1965 3376 2036 principibus;
3404 1969 3530 2019 tum
3557 1982 3570 2018 :
3599 1967 3829 2034 Protege

455 2057 612 2121 regni
629 2058 954 2114 Francorum
977 2063 1209 2116 nominis
1237 2062 1431 2130 ubique
1455 2065 1700 2129 rectores,
1729 2076 1859 2131 quae
1884 2061 2136 2130 arguunt
2153 2058 2496 2112 Francorum
2521 2055 2903 2126 principatum
2927 2059 3063 2109 tunc
3087 2069 3260 2126 penes
3283 2069 3465 2108 unum
3485 2069 3602 2108 non
3625 2051 3826 2119 fuisse,

459 2146 686 2215 quando
723 2148 812 2202 vel
855 2147 1096 2220 scriptus
1145 2153 1230 2204 est
1264 2151 1470 2219 Codex,
1499 2150 1586 2204 vel
1625 2148 1934 2220 composita
1971 2146 2377 2203 benedictionis
2419 2145 2680 2200 formula.
2713 2144 2922 2199 Deinde
2955 2144 3016 2198 in
3055 2143 3300 2211 Canone,
3343 2142 3444 2198 ubi
3482 2142 3832 2198 confessam

461 2236 805 2306 martyribus
833 2238 1230 2310 subjiciuntur,
1264 2240 1368 2294 uni
1396 2243 1766 2295 recensentur
1788 2238 2027 2294 Hilarius
2058 2242 2114 2293 et
2137 2237 2425 2306 Martinus,
2457 2251 2588 2290 cum
2628 2235 2689 2289 in
2718 2234 2910 2288 saeculi
2949 2250 3002 2289 1x
3027 2233 3322 2289 Codicibus
3344 2233 3538 2306 plures
3575 2231 3670 2289 alii
3698 2247 3826 2287 me-

460 2330 774 2396 morentur,
809 2330 871 2382 ut
898 2345 965 2383 ex
983 2328 1141 2384 libris
1167 2330 1666 2385 Sacramentorum
1694 2345 1726 2383 a
1750 2329 2011 2384 Menardo
2037 2330 2230 2383 nostro
2257 2325 2467 2394 relatis,
2500 2324 2733 2396 aliisque
2759 2322 3126 2380 manifestum
3155 2327 3258 2379 est.

533 2480 584 2530 8.
627 2479 820 2534 Restat
852 2481 1138 2552 agendum
1167 2487 1221 2537 te
1257 2483 1422 2538 tertio
1465 2482 1685 2550 Missali,
1731 2482 1882 2554 quod
1917 2480 2249 2536 Thomasius
2287 2479 2634 2534 Gallicanum
2673 2481 2836 2532 vetus
2879 2476 3142 2548 appellat,
3173 2479 3494 2549 censetque,
3523 2476 3662 2532 illud
3687 2493 3826 2549 pro-

463 2567 620 2638 prius
645 2571 908 2627 accedere
933 2574 1004 2628 ad
1029 2574 1204 2630 ritum
1229 2577 1570 2644 Romanum,
1606 2597 1632 2625 ‹‹
1660 2591 1790 2628 cum
1817 2575 1878 2628 in
1899 2573 2240 2642 orationum,
2262 2571 2466 2644 inquit,
2489 2569 2762 2624 brevitate
2789 2584 2858 2623 ex
2887 2569 3139 2622 Romano
3157 2583 3335 2637 more,
3365 2571 3489 2621 tum
3517 2567 3577 2622 in
3599 2567 3832 2622 Canone

463 2657 666 2729 missas,
698 2678 868 2732 quem
893 2679 1044 2735 saape
1069 2665 1200 2719 citat
1225 2669 1282 2720 et
1312 2665 1600 2737 supponit.
1643 2686 1670 2714 ››
1701 2666 1906 2719 Verum
1932 2668 1988 2718 et
2014 2663 2292 2718 secundus
2317 2661 2503 2716 Codex
2527 2676 2646 2714 non
2673 2658 2940 2730 supponit
2963 2658 3151 2728 modo,
3192 2657 3290 2736 sed
3318 2657 3487 2712 etiam
3525 2657 3644 2712 fere
3685 2657 3832 2713 inte-

464 2762 629 2817 grum
655 2749 826 2805 refert
859 2767 872 2804 :
907 2769 1036 2806 cum
1069 2753 1268 2808 tertius
1296 2754 1474 2808 alium
1514 2754 1799 2808 Canonem
1825 2751 2029 2806 habeat
2053 2751 2112 2806 in
2149 2749 2396 2806 secunda
2421 2749 2594 2804 missa
2618 2749 2687 2803 de
2715 2748 2994 2816 Adventu,
3023 2763 3128 2802 nec
3159 2747 3478 2802 Romanum
3519 2751 3828 2818 supponat,

461 2835 568 2888 nisi
595 2837 652 2891 in
677 2839 844 2894 Coena
871 2841 1110 2912 Domini,
1139 2847 1192 2898 et
1219 2843 1277 2897 in
1303 2843 1480 2915 priori
1503 2843 1673 2897 missa
1699 2843 1768 2898 de
1793 2841 2054 2896 Adventu
2080 2841 2199 2912 ejus
2228 2843 2470 2912 partem.
2503 2837 2714 2894 Deinde
2745 2837 2977 2892 secundi
3003 2836 3230 2890 Missalis
3257 2836 3535 2892 orationes
3565 2853 3680 2891 non
3711 2842 3832 2892 tam

463 2921 667 2981 diserte
700 2929 1046 2985 Gallicanum
1071 2949 1291 2988 morem
1315 2937 1652 3005 sequuntur,
1685 2948 1857 3004 quam
1893 2930 2046 2986 tertii
2071 2929 2300 2986 Missalis
2326 2929 2712 2984 Collectiones.
2737 2929 2800 2982 In
2820 2926 3066 2982 secundo
3087 2925 3242 2982 enim
3267 2927 3394 2981 duaa
3421 2931 3836 2998 consequenter

462 3013 738 3084 assignari
763 3017 882 3074 sine
913 3021 1076 3074 titulo
1117 3023 1315 3091 solent,
1347 3028 1412 3076 ut
1455 3021 1516 3076 in
1554 3021 1883 3076 Gelasiano:
1925 3036 2030 3074 nec
2077 3020 2287 3092 ubique
2334 3018 2613 3073 orationes
2659 3017 2788 3071 Post
2813 3015 3072 3085 Nomina,
3123 3031 3227 3070 nec
3268 3031 3507 3087 usquam
3548 3015 3834 3072 orationes

465 3102 592 3157 Post
628 3106 870 3176 Pacem;
911 3125 1014 3163 nec
1047 3110 1178 3164 ullre
1223 3110 1468 3182 denique
1513 3113 1655 3166 Ante
1693 3110 2004 3165 orationem
2053 3107 2244 3181 179
2273 3107 2642 3173 Dominicam,
2674 3121 2802 3177 quae
2841 3105 2902 3159 in
2938 3105 3103 3160 tertio
3132 3104 3353 3174 Missali,
3395 3107 3461 3160 ut
3503 3121 3729 3176 semper
3773 3106 3834 3161 in

465 3191 671 3261 primo,
701 3196 898 3252 saltem
934 3199 1234 3270 aliquando
1263 3201 1610 3255 referuntur.
1643 3201 1718 3256 De
1764 3201 1874 3255 hoc
1903 3199 2102 3255 Codice
2129 3197 2461 3254 Thomasius
2487 3197 2564 3252 ita
2589 3196 2860 3268 praefatur
2889 3211 2902 3249 :
2933 3217 2960 3244 ‹‹
2987 3197 3309 3250 Postremus
3345 3194 3528 3250 Codex
3557 3199 3640 3250 est
3667 3196 3830 3250 Pala-

461 3279 613 3336 tinus
641 3283 998 3342 bibliothecae
1029 3289 1323 3359 Vaticanze,
1352 3289 1605 3361 signatus
1631 3307 1691 3345 n.
1717 3291 1842 3360 493,
1875 3289 2291 3344 charactcribus
2317 3287 2628 3343 uncialibus
2650 3287 2764 3341 sive
2791 3284 3099 3358 quadratis,
3131 3285 3224 3339 sed
3252 3283 3654 3356 negligentiori
3677 3301 3832 3356 saepe

465 3385 636 3426 manu
663 3376 1033 3449 conscriptus,
1062 3395 1234 3449 quam
1257 3379 1520 3450 plurimis
1557 3379 1778 3451 paginis
1815 3395 2069 3448 mancus,
2099 3381 2157 3434 et
2181 3379 2466 3434 erroribus
2493 3377 2722 3448 (scilicet
2751 3373 3131 3445 amanuensis)
3172 3375 3434 3429 refertus.
3466 3375 3634 3429 Addit
3673 3375 3828 3429 Tho-

463 3461 691 3534 masius,
719 3486 746 3514 «
791 3467 1049 3522 moderni
1075 3467 1312 3538 alicujus
1339 3485 1514 3523 manu
1551 3491 1579 3518 »
1616 3468 1876 3524 Codicem
1921 3467 2256 3540 inscriptum
2285 3467 2455 3522 fuisse
2487 3483 2500 3520 :
2534 3487 2561 3516 «
2592 3467 2759 3522 Missa
2799 3469 3062 3522 Romana.
3093 3464 3213 3527 Quo
3257 3462 3442 3530 titulo,
3472 3463 3678 3536 inquit,
3705 3467 3771 3518 ut
3799 3481 3834 3517 a

461 3567 594 3606 vero
621 3552 846 3626 longius
869 3557 1186 3629 aberrante,
1215 3558 1451 3629 sublato,
1483 3559 1636 3614 hunc
1662 3557 1985 3614 suﬁ'ecimus
2017 3575 2030 3612 :
2061 3558 2280 3614 Missale
2310 3557 2670 3614 Gallicanum.
2705 3574 2732 3606 ν)
2763 3553 2983 3610 Scilicet
3022 3553 3175 3624 quod
3203 3553 3342 3607 illud
3379 3552 3590 3608 Missale
3625 3569 3830 3624 sequa-

463 3645 557 3693 tur
591 3643 766 3698 ritum
807 3647 1176 3720 Gallicanum,
1221 3667 1336 3704 non
1365 3651 1720 3720 Romanum;
1751 3649 1902 3722 quod
1947 3647 2008 3702 in
2039 3664 2104 3703 eo
2132 3647 2347 3703 mentio
2379 3647 2657 3702 habeatur
2683 3645 2841 3700 horae
2883 3642 3234 3699 duodecimae
3271 3641 3332 3696 in
3371 3642 3582 3714 Vigiliis
3627 3641 3836 3696 Natalis

466 3729 686 3785 Domini
713 3736 770 3786 et
792 3735 1041 3806 Paschee,
1077 3755 1190 3810 qua
1213 3739 1282 3794 de
1310 3739 1448 3793 hora
1475 3739 1688 3794 mentio
1719 3739 1784 3794 fit
1809 3739 1871 3794 in
1906 3737 2126 3793 concilii
2155 3755 2194 3793 ιι
2219 3735 2558 3792 Turonensis
2588 3751 2801 3790 canone
2833 3735 2919 3789 18.
2948 3731 3199 3804 Denique
3245 3731 3290 3786 si
3325 3731 3386 3786 in
3427 3746 3493 3785 eo
3517 3731 3719 3786 Missali
3761 3732 3834 3786 ad

465 3817 802 3914 Parasceven
832 3825 1007 3880 oratio
1035 3825 1132 3882 ﬁat
1173 3845 1276 3900 pro
1321 3830 1574 3884 Romano
1601 3827 1862 3900 imperio,
1894 3829 1951 3884 id
1977 3827 2050 3883 ad
2086 3827 2230 3883 illud
2257 3831 2484 3899 tempus
2527 3823 2746 3896 referri,
2775 3839 2888 3896 quo
2913 3821 3218 3877 Galliarum
3245 3821 3550 3893 provinciae
3591 3820 3834 3876 Romani

458 3907 606 3974 juris
629 3910 986 3969 exstiterunt.

538 4053 591 4106 9.
623 4053 854 4110 Constat
877 4073 1048 4130 porro
1078 4060 1184 4114 hoc
1211 4061 1424 4117 Missale
1452 4061 1719 4118 Gallicani
1748 4062 1892 4116 ritus
1930 4059 2278 4117 censendum
2322 4075 2462 4126 esse,
2495 4063 2618 4114 tum
2659 4057 2792 4130 quia
2828 4057 3188 4113 Collectiones
3215 4056 3297 4126 (ut
3321 4073 3454 4112 mox
3489 4056 3836 4128 dicebamus)

467 4141 664 4198 eodem
693 4145 861 4201 modo
888 4147 949 4202 in
991 4165 1056 4204 eo
1083 4151 1398 4221 procedunt
1423 4155 1594 4224 atque
1621 4152 1682 4206 in
1708 4151 1893 4223 primo
1926 4151 2147 4218 Missali,
2180 4150 2333 4222 quod
2362 4149 2596 4204 indubie
2621 4164 2824 4220 parum
2857 4147 3091 4202 exhibet
3133 4146 3402 4202 Ordinem
3438 4147 3792 4202 Gallicanum
3816 4167 3834 4218 ;

465 4237 587 4287 tum
614 4234 747 4306 quia
775 4237 1078 4310 utrobique
1121 4242 1318 4296 eodem
1357 4242 1526 4297 modo
1569 4241 1925 4314 appellantur
1954 4240 2341 4304 Collectiones,
2375 4241 2502 4295 Post
2542 4238 2802 4308 Nomina,
2831 4239 2960 4293 Post
2999 4239 3220 4306 Pacem,
3253 4237 3614 4308 Contestatio,
3653 4237 3837 4292 oratio

463 4323 605 4378 Ante
631 4329 687 4379 et
709 4327 840 4381 Post
863 4329 1176 4386 orationem
1205 4331 1587 4403 Dominicam;
1619 4332 1948 4403 eaedemque
1975 4330 2277 4402 aliquando
2303 4329 2581 4385 orationes
2605 4331 2940 4400 repetuntur
2967 4345 2980 4382 :
3013 4330 3136 4380 tum
3163 4325 3406 4399 denique
3429 4327 3564 4400 quia
3591 4328 3652 4382 in
3682 4333 3839 4382 utro-

462 4427 573 4481 que
598 4413 670 4469 ad
697 4415 1000 4474 Sabbatum
1025 4421 1251 4476 Paschae
1277 4426 1404 4493 post
1429 4422 1778 4494 baptismum
1804 4421 1869 4476 ﬁt
1904 4419 2118 4475 mentio
2147 4419 2216 4474 de
2253 4419 2462 4475 lotione
2499 4419 2710 4490 pedum
2740 4434 2753 4472 :
2797 4433 2970 4488 quem
2996 4415 3174 4471 ritum
3203 4433 3238 4470 a
3263 4417 3519 4472 Romano
3545 4417 3834 4474 diversum

463 4515 582 4556 esse
606 4507 844 4561 testatur
864 4509 1214 4582 Ambrosius,
1243 4527 1342 4567 seu
1369 4512 1623 4584 quisquis
1651 4513 1734 4567 est
1761 4509 2000 4582 scriptor
2038 4509 2222 4580 operis
2253 4509 2321 4563 de
2361 4506 2732 4563 Sacramentis
2765 4505 2824 4560 in
2849 4506 2947 4560 lib.
2976 4523 3054 4576 III,
3086 4522 3207 4577 cap.
3247 4510 3266 4560 1
3306 4523 3319 4559 :
3356 4525 3384 4558 ί(
3413 4507 3730 4562 Ascendisti
3763 4509 3836 4564 de

461 4587 651 4659 fonte;
683 4596 818 4664 quid
843 4603 1098 4655 secutum
1124 4604 1246 4657 est?
1285 4603 1500 4658 Audisti
1525 4602 1846 4670 lectionem,
1879 4599 2193 4654 succinctus
2225 4603 2310 4654 est
2345 4613 2603 4652 summus
2638 4596 2918 4664 sacerdos,
2957 4595 3127 4666 pedes
3154 4595 3254 4650 tibi
3287 4595 3438 4650 lavit.
3473 4617 3499 4645 ››
3539 4596 3607 4651 Et
3635 4597 3788 4652 infra
3815 4617 3831 4653 :

468 4697 494 4724 ιι
523 4677 642 4734 Non
667 4681 992 4752 ignoramus
1017 4691 1168 4760 quod
1197 4693 1438 4747 Ecclesia
1481 4694 1734 4748 Romana
1760 4691 1904 4746 hanc
1932 4687 2402 4744 consuetudinem
2427 4703 2544 4741 non
2579 4687 2804 4754 habeat,
2835 4686 2995 4756 cujus
3023 4689 3223 4757 typum
3252 4685 3312 4739 in
3353 4685 3616 4740 omnibus
3637 4688 3834 4759 sequi-

463 4782 595 4823 mur
619 4775 674 4825 et
697 4771 961 4831 formam.
989 4779 1141 4833 Hanc
1185 4785 1375 4836 tamen
1409 4781 1874 4837 consuetudinem
1910 4777 2102 4852 180
2129 4794 2247 4833 non
2289 4777 2461 4832 habet
2489 4780 2550 4831 ut
2575 4776 2747 4848 pedes
2773 4775 2938 4829 lavet.
2967 4773 3103 4828 Vide
3143 4791 3282 4846 ergo
3321 4791 3393 4830 ne
3425 4775 3569 4829 forte
3599 4782 3838 4848 prepter

464 4861 888 4920 multitudinem
914 4866 1228 4924 declinarit.
1245 4870 1384 4926 Sunt
1400 4875 1588 4926 tamen
1603 4872 1702 4943 qui
1717 4871 1904 4926 dicant
1927 4875 1984 4926 et
2009 4883 2278 4924 excusare
2303 4871 2600 4934 conentur,
2620 4866 2752 4938 quia
2765 4865 2872 4919 hoc
2891 4881 3008 4919 non
3027 4865 3088 4919 in
3103 4863 3370 4935 mysterio
3383 4863 3706 4920 faciendum
3729 4871 3834 4934 est,

468 4965 580 5006 non
609 4953 668 5009 in
693 4955 1050 5029 baptismate,
1093 4974 1208 5012 non
1238 4958 1296 5013 in
1327 4961 1790 5030 regeneratione;
1822 4959 1918 5014 sed
1946 4959 2106 5031 quasi
2150 4956 2358 5030 hospiti
2401 4956 2572 5028 pedes
2596 4955 2817 5010 lavandi
2847 4958 2997 5009 sunt.
3031 4975 3058 5003 ››
3089 4954 3364 5009 Eumdem
3393 4953 3568 5009 ritum
3608 4954 3840 5010 lotionis

465 5045 675 5113 pedum
699 5049 827 5117 post
849 5045 1194 5118 baptismum
1220 5047 1280 5102 in
1309 5048 1539 5102 ecclesia
1562 5048 1958 5105 Mediolanensi
1985 5049 2259 5104 usitatum
2285 5047 2454 5102 fuisse
2481 5047 2644 5102 docet
2669 5044 2996 5100 Ambrosius
3021 5044 3080 5099 in
3109 5044 3358 5116 genuino
3382 5061 3552 5116 Opere
3581 5045 3650 5101 de
3687 5046 3836 5116 Mys-

469 5135 642 5202 teriis,
675 5153 798 5208 cap.
827 5141 878 5193 6.
907 5137 1014 5202 Qui
1061 5137 1214 5192 haud
1240 5137 1351 5192 scio
1377 5155 1449 5194 an
1495 5137 1747 5192 dicturus
1785 5139 2000 5209 fuisset,
2031 5139 2182 5210 quod
2211 5137 2592 5210 praelaudatus
2619 5139 2815 5191 auctor
2847 5133 3008 5204 dixit,
3037 5149 3198 5188 suam
3228 5133 3520 5189 ecclesiam
3561 5135 3841 5190 Romanae

471 5227 716 5296 «typum
741 5226 800 5280 in
825 5227 1088 5282 omnibus
1114 5228 1274 5300 sequi
1299 5231 1356 5284 et
1373 5229 1636 5296 formam,
1655 5249 1684 5276 »
1705 5229 2163 5300 quandoquidem
2187 5228 2355 5283 multi
2369 5228 2513 5282 ritus
2539 5226 2598 5280 in
2614 5223 3010 5281 Mediolanensi
3036 5227 3332 5279 servantur
3349 5223 3554 5278 diversi
3575 5240 3610 5278 a
3635 5225 3842 5280 Roma-

463 5313 572 5383 nis,
601 5313 722 5370 imo
746 5315 916 5372 etiam
947 5317 1138 5389 plures
1163 5319 1444 5374 Ambrosii
1470 5321 1656 5374 aetate.
1686 5317 1794 5373 Sed
1821 5309 1927 5372 hac
1953 5318 2022 5373 de
2049 5334 2110 5372 re
2135 5322 2339 5390 agetur
2367 5317 2426 5372 in
2454 5333 2602 5372 nova
2623 5315 2871 5370 editione
2903 5329 3144 5386 operum
3173 5313 3348 5368 sancti
3373 5312 3677 5384 Ambrosii,
3705 5329 3840 5387 quas

463 5401 630 5457 modo
645 5420 782 5460 cura
796 5408 854 5461 et
870 5407 1052 5462 studio
1071 5413 1398 5464 nostrorum
1417 5407 1521 5463 sub
1545 5407 1705 5480 prelo
1725 5409 2000 5464 versatur.
2025 5407 2276 5479 Denique
2303 5407 2363 5462 in
2379 5407 2547 5462 tertio
2560 5404 2762 5462 Missali
2790 5403 3056 5472 occurrit,
3071 5419 3234 5458 num.
3253 5419 3385 5473 xvn,
3403 5403 3642 5458 verbum
3664 5409 3844 5460 trans-

461 5497 742 5562 formavit,
769 5495 866 5550 ubi
894 5495 1084 5568 agitur
1107 5499 1177 5554 de
1203 5498 1566 5554 conversione
1593 5498 1756 5570 panis
1783 5503 1840 5554 et
1865 5497 1984 5552 vini
2001 5497 2064 5552 in
2088 5497 2296 5552 Christi
2321 5513 2524 5570 corpus
2551 5498 2608 5551 et
2627 5493 2966 5566 sanguinem
2995 5512 3009 5549 :
3034 5499 3091 5548 et
3115 5493 3174 5548 in
3203 5492 3406 5548 Missali
3427 5493 3616 5565 primo
3633 5497 3842 5565 quater

463 5585 745 5659 reperitur
761 5587 1096 5642 vocabulum
1123 5591 1619 5658 transformationis
1643 5589 1704 5644 in
1725 5589 1924 5644 eodem
1949 5591 2313 5661 argumento,
2336 5587 2487 5659 quod
2503 5585 2838 5641 vocabulum
2861 5583 3062 5640 formae
3091 5582 3518 5638 conversionem
3535 5581 3842 5653 signiﬁcat.

541 5734 625 5789 10.
659 5733 722 5788 In
748 5732 948 5790 eodem
973 5749 1104 5789 vero
1129 5733 1330 5790 Missali
1355 5734 1890 5808 Gothicogallicano,
1923 5735 2072 5809 quod
2094 5734 2281 5808 primo
2309 5735 2429 5790 loco
2445 5735 2710 5801 habetur,
2736 5732 3042 5806 praeclarus
3065 5731 3133 5787 de
3167 5729 3437 5786 sacriﬁcio
3466 5729 3656 5786 missa:
3679 5729 3842 5785 locus

464 5825 566 5889 est,
593 5837 800 5895 nempe
831 5839 992 5878 num.
1019 5839 1219 5880 Lxxvm
1243 5823 1303 5879 in
1330 5824 1746 5880 Contestatione
1773 5825 1960 5880 missae
1989 5823 2368 5880 dominicalis:
2394 5827 2628 5895 Dignum
2657 5827 2709 5879 et
2721 5823 2931 5894 justum
2957 5825 3052 5885 est,
3086 5821 3395 5884 invisibilis,
3413 5819 3840 5883 inzstimabilis,

467 5911 714 5969 immense
741 5917 899 5981 Deus,
927 5919 979 5973 et
1014 5918 1178 5975 Pater
1204 5917 1422 5974 Domini
1457 5917 1631 5976 nostri
1665 5919 1787 5974 Iesu
1817 5917 2038 5977 Christi.
2069 5918 2176 5986 Qui
2205 5919 2440 5989 formam
2481 5917 2736 5986 sacriﬁcii
2761 5916 3016 5987 perennis
3044 5915 3352 5985 instituens,
3390 5912 3620 5968 hostium
3647 5925 3702 5968 se
3739 5911 3849 5968 tibi
