4054 6188
238 357 334 416 221
1342 357 1427 411 DE
1468 355 1777 412 LITURGIA
1815 354 2186 411 GALLICANA
2225 353 2424 412 LIBER
2462 356 2550 415 Ill.
3501 351 3602 404 222

227 471 470 542 primum
497 469 708 531 obtulit,
735 469 786 522 et
809 469 1016 538 primus
1041 463 1222 522 docuit
1245 465 1446 535 oﬂ’erri.
1475 465 1556 522 Ex
1591 463 1798 537 quibus
1843 463 2230 536 intelligimus,
2272 464 2423 538 quod
2463 464 2711 523 maxime
2751 465 3084 536 notandum,
3116 465 3405 523 Christum
3432 461 3595 520 insti-

227 559 443 614 tuendo
471 558 808 615 sacriﬁcium
836 556 1087 628 corporis
1111 561 1167 611 et
1191 554 1484 627 sanguinis
1505 555 1613 623 sui,
1647 571 1704 610 se
1729 554 1972 610 hostiam
1999 556 2110 610 Deo
2137 555 2284 610 Patri
2309 555 2564 627 primum
2589 561 2724 612 tunc
2750 557 3034 625 obtulisse,
3063 574 3195 613 cum
3222 573 3347 613 eam
3374 555 3595 628 primus

231 649 427 704 docuit
450 650 662 706 oﬂ‘erri.
693 649 885 720 Itaque
909 648 1031 702 haec
1057 645 1164 700 fuit
1188 649 1317 700 ante
1345 661 1522 700 annos
1548 646 1700 701 mille
1727 646 2011 717 majorum
2035 649 2361 700 nostrorum
2387 647 2694 717 persuasio,
2740 647 3024 703 Christum
3069 648 3314 719 seipsum
3356 645 3504 703 Patri
3541 645 3600 701 in

228 739 586 795 Eucharistia
611 739 898 806 obtulisse,
922 754 1052 792 cum
1080 735 1236 790 illam
1261 734 1524 792 instituit.
1563 737 1698 802 Huic
1726 735 2079 808 persuasioni
2106 735 2409 789 conformis
2433 740 2518 790 est
2545 737 2755 791 sanctio
2782 737 3005 792 concilii
3029 737 3341 793 Tridentini
3391 737 3451 792 in
3491 753 3601 792 ses-

226 830 404 884 sionis
429 834 501 885 22
527 830 708 901 capite
742 834 760 884 t
791 845 805 883 :
837 829 1089 884 Dominus
1113 830 1380 881 noster....
1409 826 1734 881 sacerdotem
1767 824 1947 898 181
1984 826 2272 881 secundum
2299 825 2539 880 ordinem
2579 827 2958 882 Melchisedech
2995 843 3048 882 se
3082 829 3139 880 in
3179 831 3434 882 aeternum
3474 841 3598 881 con-

221 923 479 975 stitutum
508 921 810 982 declarans,
843 932 1034 987 corpus
1060 921 1110 971 et
1136 917 1451 985 sanguinem
1475 931 1631 971 suum
1654 917 1751 971 sub
1777 917 2048 985 speciebus
2072 917 2232 985 panis
2251 919 2303 969 et
2325 916 2442 969 vini
2467 918 2570 970 Deo
2596 917 2754 970 Patri
2791 917 3015 985 obtulit;
3059 933 3125 970 ac
3160 917 3256 970 sub
3290 916 3600 972 earumdem

222 1026 410 1065 rerum
439 1010 714 1078 symbolis,
745 1008 1020 1077 apostolis,
1049 1021 1178 1076 quos
1207 1010 1332 1061 tunc
1356 1007 1483 1060 novi
1501 1007 1825 1061 Testamenti
1849 1005 2146 1060 sacerdotes
2169 1005 2544 1067 constituebat,
2574 1009 2635 1059 ut
2679 1009 2942 1059 sumerent
2981 1006 3246 1071 tradidit;
3289 1010 3340 1060 et
3377 1007 3594 1067 eisdem,

222 1116 518 1170 eorumque
545 1102 604 1154 in
631 1098 930 1154 sacerdotio
951 1097 1332 1151 successoribus
1354 1099 1416 1149 ut
1443 1095 1693 1165 oﬂ’errent
1710 1097 1969 1166 praecepit
1996 1110 2097 1164 per
2123 1095 2232 1148 haec
2255 1094 2439 1156 verba,
2469 1098 2576 1148 etc.
2621 1095 2739 1148 Huc
2777 1110 2893 1148 non
2929 1094 3111 1149 refero
3135 1094 3340 1148 similia
3367 1096 3597 1150 Patrum

219 1192 367 1259 loca,
399 1207 521 1245 imo
548 1193 843 1244 contentus
867 1187 1106 1242 Leandri
1129 1184 1468 1256 Hispalensis
1496 1185 1743 1256 episcopi
1769 1185 2114 1252 testimonio,
2145 1183 2296 1254 quod
2323 1200 2438 1238 non
2468 1183 2627 1238 facile
2656 1183 2831 1238 cuivis
2853 1190 3128 1251 occurrat,
3157 1188 3353 1256 utpote
3379 1185 3439 1239 in
3477 1184 3597 1240 loco

217 1280 392 1351 quasi
415 1280 740 1351 peregrino,
771 1293 978 1348 nempe
1003 1275 1062 1329 in
1089 1275 1302 1346 regulae
1319 1275 1440 1344 ejus
1463 1290 1585 1345 cap.
1605 1279 1658 1343 7,
1680 1273 1778 1328 ubi
1807 1274 1876 1328 de
1908 1272 2198 1328 sacriﬁciis
2227 1271 2430 1327 veteris
2459 1273 2600 1344 legis
2627 1273 2807 1328 obiter
2830 1289 3005 1344 agens
3028 1290 3041 1328 :
3069 1293 3097 1325 «
3121 1273 3397 1328 Sacriﬁcia
3420 1278 3591 1343 certe,

215 1369 432 1440 inquit,
461 1369 667 1423 idcirco
693 1367 975 1440 pecudum
1000 1365 1324 1432 litabantur,
1355 1363 1488 1436 quia
1513 1380 1712 1419 verum
1737 1363 2091 1430 sacriﬁcium,
2113 1363 2221 1418 hoc
2241 1367 2324 1417 est
2343 1362 2548 1417 Christi
2568 1379 2770 1434 corpus
2787 1367 2846 1418 et
2864 1363 3221 1435 sanguinem,
3246 1363 3584 1434 ﬁgurabant.

217 1458 394 1512 Venit
419 1457 651 1525 Veritas,
675 1459 886 1512 umbra
910 1455 1197 1523 discessit;
1227 1454 1380 1509 venit
1402 1470 1603 1509 verum
1634 1453 1999 1520 Sacriﬁcium,
2029 1457 2085 1507 et
2110 1452 2340 1508 cessavit
2369 1453 2553 1508 hostia
2580 1453 2935 1529 pecudum.»
2962 1453 3117 1522 Quod
3140 1452 3457 1523 manifeste,
3479 1469 3596 1508 non

217 1549 287 1604 de
318 1547 596 1602 sacriﬁcio
623 1547 823 1614 crucis,
853 1546 951 1602 sed
976 1545 1044 1601 de
1074 1543 1346 1602 sacriﬁcio
1377 1543 1565 1598 missae
1593 1541 2033 1615 intelligendum
2061 1547 2165 1600 est.

295 1723 394 1772 tl.
427 1718 612 1774 Redeo
638 1718 708 1772 ad
737 1717 950 1774 Missale
975 1716 1296 1786 Gothicum,
1329 1715 1480 1788 quod
1506 1731 1576 1771 ex
1600 1715 1782 1770 tribus
1807 1715 2062 1787 primum
2088 1715 2276 1770 locum
2309 1716 2546 1772 obtinet.
2577 1716 2778 1788 Incipit
2796 1718 2864 1772 ab
2882 1717 3153 1788 oratione,
3176 1734 3305 1790 qum
3334 1715 3596 1772 Collectio

215 1813 350 1878 post
382 1807 609 1862 nomina
636 1807 858 1876 dicitur,
886 1806 1244 1879 pertinetque
1269 1805 1340 1860 ad
1371 1804 1622 1860 ofﬁcium
1643 1806 1827 1860 missae
1847 1821 1949 1876 pro
1972 1805 2171 1876 Vigilia
2191 1805 2398 1860 Natalis
2422 1805 2665 1874 Domini,
2689 1807 2841 1877 quod
2861 1807 3113 1863 ofﬁcium
3132 1807 3300 1863 tertio
3319 1807 3443 1863 loco
3472 1810 3595 1862 erat

216 1898 297 1958 (ut
329 1897 726 1968 prtemisimus)
757 1897 816 1951 in
842 1897 1041 1952 Codice
1063 1914 1166 1952 ms.
1189 1896 1450 1952 Collectio
1468 1898 1596 1950 Post
1623 1895 1859 1950 Nomina
1885 1894 2178 1949 dicebatur
2205 1899 2331 1965 post
2357 1895 2746 1950 recitationem
2776 1897 3074 1952 nominum
3101 1914 3297 1952 eorum
3324 1915 3428 1969 pro
3457 1897 3588 1968 qui-

214 1987 322 2040 bus
361 1985 698 2041 sacriﬁcium
723 1986 1082 2041 otI'erebatur.
1114 1987 1306 2040 Fiebat
1338 1989 1530 2040 autem
1558 1985 1725 2039 simul
1755 1984 2216 2039 commemoratio
2255 1989 2372 2039 tam
2412 1985 2672 2040 vivorum
2717 2003 2887 2058 quam
2926 1993 3299 2043 mortuorum.
3343 1989 3499 2043 Unde
3532 1988 3593 2043 in

215 2076 342 2146 νἱὸνὶ
355 2076 446 2130 liis
473 2076 798 2148 Epiphaniae
823 2075 1080 2131 Collectio
1112 2078 1238 2130 Post
1264 2074 1500 2129 Nomina
1527 2074 1604 2128 sic
1630 2074 1798 2128 habet
1825 2091 1837 2128 :
1867 2077 2180 2130 Praesentem
2207 2076 2390 2144 itaque
2416 2076 2736 2130 oblationem
2764 2079 2843 2130 ita
2873 2078 3114 2140 illabere,
3142 2082 3204 2132 ut
3224 2078 3486 2135 medelam
3505 2081 3589 2134 vi-

213 2167 496 2228 rentibus,
523 2166 787 2233 defunctis
814 2169 1048 2236 requiem
1068 2169 1317 2236 pravstet;
1347 2169 1397 2219 et
1423 2180 1648 2234 quorum
1677 2165 1849 2218 texuit
1873 2166 2117 2218 recitatio
2140 2166 2423 2233 praemissa
2451 2169 2666 2228 sortem,
2694 2168 2834 2221 inter
2858 2167 3042 2222 electos
3067 2167 3258 2237 jubeas
3275 2185 3591 2239 aggregare.

216 2256 288 2307 De
322 2254 423 2309 his
449 2260 634 2310 actum
659 2259 742 2310 est
763 2255 1021 2326 superius
1047 2256 1105 2309 in
1132 2255 1229 2309 lib.
1264 2273 1301 2324 ι,
1332 2271 1453 2325 cap.
1485 2258 1536 2321 5,
1566 2269 1730 2308 num.
1768 2256 1849 2320 lO,
1880 2253 1976 2306 ubi
2002 2253 2349 2321 notavimus,
2381 2253 2554 2308 etiam
2581 2256 2686 2310 hoc
2715 2257 2836 2311 loco
2863 2261 3185 2312 sanctorum
3205 2258 3408 2313 factam
3426 2258 3593 2314 fuisse

215 2345 844 2399 commemorationem.
873 2346 940 2398 Et
968 2344 1026 2399 id
1049 2344 1280 2415 quidem
1310 2344 1378 2398 de
1407 2342 1744 2397 Mozarabico
1772 2341 1886 2396 ritu
1900 2347 2168 2411 _constat;
2201 2348 2258 2397 at
2285 2342 2342 2396 in
2372 2343 2650 2398 Gallicano
2671 2345 2824 2400 haud
2845 2346 2923 2400 ita
2939 2362 3199 2418 expressa
3219 2347 3459 2403 habetur
3473 2349 3596 2402 haec

216 2439 553 2488 sanctorum
582 2434 1117 2506 commemoratio,1
1134 2433 1260 2507 82
1286 2434 1394 2489 nisi
1417 2433 1725 2488 admodum
1753 2432 2050 2504 generalis.
2074 2434 2337 2488 Attamen
2355 2433 2413 2488 in
2437 2435 2758 2505 fragmento
2782 2436 3204 2509 diptychorum,
3228 2438 3381 2509 quod
3403 2453 3468 2493 eo
3485 2438 3594 2494 loci

217 2539 287 2577 ex
319 2523 526 2578 Codice
557 2525 900 2596 Regulamm
932 2525 1296 2595 protulimus,
1329 2522 1632 2594 singularis
1658 2539 1854 2577 eorum
1883 2523 2159 2577 memoria
2181 2524 2442 2578 occurrit.
2465 2525 2756 2596 Ejusmodi
2776 2527 3042 2598 diptycha
3061 2527 3132 2581 ad
3148 2544 3316 2582 usum
3336 2528 3594 2585 Ecclesiae

217 2613 572 2668 Arelatensis
596 2619 815 2670 exstant
839 2614 898 2669 in
924 2619 1080 2669 tomo
1107 2631 1164 2669 ιιι
1195 2613 1610 2668 Analectorum.
1639 2612 1917 2684 Diptycha
1932 2612 2054 2665 hmo
2073 2611 2132 2666 in
2151 2613 2414 2667 omnibus
2437 2613 2695 2668 Ecclesiis
2718 2615 2913 2670 usitata
2933 2621 3120 2685 erant;
3145 2616 3241 2670 sed
3260 2616 3320 2671 in
3342 2618 3595 2672 Romana

217 2701 274 2755 in
300 2703 535 2758 Canone
561 2708 802 2772 tantum,
832 2709 896 2758 ut
919 2704 1109 2772 modo,
1139 2703 1371 2757 nomina
1400 2703 1806 2768 recitabantur,
1837 2702 2094 2755 vivorum
2120 2702 2350 2772 quidem
2375 2707 2526 2771 ante,
2557 2710 2913 2758 mortuorum
2937 2721 3068 2760 vero
3085 2709 3211 2776 post
3229 2707 3594 2761 consecratio-

218 2807 385 2860 nem;
419 2797 480 2846 at
508 2793 565 2846 in
590 2793 868 2848 Gallicano
894 2799 948 2848 et
972 2792 1312 2847 Mozarabico
1335 2791 1522 2845 statim
1543 2796 1666 2861 post
1685 2790 2046 2844 oblationem.
2070 2791 2228 2844 Hunc
2251 2790 2424 2844 ritum
2452 2791 2771 2861 improbare
2790 2793 3010 2847 videtur
3026 2793 3383 2848 Innocentius
3401 2810 3550 2866 papa
3573 2797 3592 2849 ι

218 2879 274 2933 in
302 2881 548 2952 epistola
570 2883 636 2936 ad
667 2884 1004 2952 Decentiem,
1037 2897 1157 2954 cap.
1186 2887 1238 2951 2,
1270 2880 1368 2936 ubi
1393 2881 1598 2934 rectius
1624 2885 1784 2950 putat
1823 2879 2054 2933 nomina
2081 2879 2302 2934 recitari
2343 2900 2369 2928 ‹‹
2397 2879 2548 2934 inter
2586 2897 2739 2935 sacra
2769 2882 3054 2952 mysteria,
3083 2904 3110 2931 »
3145 2883 3202 2937 id
3227 2888 3313 2937 est
3341 2882 3409 2952 (si
3445 2883 3590 2938 bene

217 2970 404 3040 capio)
437 2969 497 3024 in
522 2971 641 3042 ipso
669 2973 912 3040 Canone,
942 2988 1113 3043 quam
1148 2993 1174 3020 ‹‹
1201 2972 1350 3025 inter
1378 2970 1488 3024 alia
1513 2986 1640 3040 qua:
1669 2968 1938 3040 praemitti
1962 2989 1989 3016 »
2021 2968 2221 3023 solent.
2247 2968 2425 3023 Verba
2453 2971 2576 3040 ejus
2602 2971 2828 3041 integra
2853 2972 2964 3026 huc
2985 2972 3194 3026 referre
3214 2972 3377 3042 juvat
3409 2988 3422 3026 :
3459 2993 3486 3020 ‹‹
3516 2973 3590 3026 De

217 3061 553 3116 nominibus
579 3079 710 3117 vero
740 3062 1056 3131 recitandis,
1085 3066 1390 3132 antequam
1419 3076 1610 3130 preces
1636 3059 1892 3112 sacerdos
1916 3058 2100 3126 faciat,
2129 3062 2298 3129 atque
2325 3075 2524 3114 eorum
2552 3058 2881 3127 oblationes,
2910 3076 3160 3132 quorum
3185 3061 3415 3115 nomina
3443 3060 3586 3115 reci-

218 3150 395 3204 tanda
425 3157 572 3219 sunt,
603 3169 703 3206 sua
730 3152 981 3206 oratione
1008 3151 1384 3218 commendet,
1418 3165 1589 3220 quam
1615 3148 1967 3219 superﬂuum
1999 3147 2089 3216 sit,
2117 3152 2174 3202 et
2202 3147 2320 3218 ipse
2350 3164 2454 3219 pro
2483 3153 2580 3203 tua
2608 3149 2911 3220 prudentia
2931 3149 3321 3222 recognoscis:
3346 3155 3410 3205 ut
3429 3151 3591 3221 cujus

218 3239 474 3294 hostiam
498 3241 740 3296 necdum
771 3243 882 3296 Deo
910 3241 1127 3309 offeras,
1157 3240 1277 3311 ejus
1305 3243 1435 3293 ante
1464 3255 1674 3292 nomen
1704 3238 1972 3293 insinues.
2002 3237 2264 3301 Quamvis
2291 3237 2371 3291 illi
2398 3237 2756 3309 incognitum
2784 3239 2854 3294 sit
2879 3240 3041 3295 nihil.
3070 3241 3228 3294 Prius
3255 3256 3392 3312 ergo
3432 3240 3586 3295 obla-

219 3333 407 3386 tiones
437 3335 564 3385 sunt
586 3329 1072 3398 commendandae,
1099 3347 1162 3383 ac
1187 3334 1323 3384 tunc
1349 3345 1546 3383 eorum
1576 3328 1825 3397 nomina,
1854 3343 2100 3400 quorum
2124 3331 2257 3382 sunt
2285 3326 2615 3396 oblationes,
2646 3327 2936 3395 edicenda,
2984 3334 3049 3384 ut
3082 3329 3232 3385 inter
3267 3347 3424 3385 sacra
3459 3348 3586 3402 my-

219 3421 394 3475 steria
426 3419 810 3487 nominentur,
841 3435 955 3475 non
984 3419 1134 3476 inter
1155 3419 1263 3474 alia
1303 3435 1430 3491 qua:
1471 3422 1601 3474 ante
1639 3417 2062 3491 prmmittimus,
2108 3421 2172 3470 ut
2211 3415 2347 3488 ipsis
2385 3416 2665 3487 mysteriis
2713 3417 2861 3471 viam
2899 3417 3105 3473 futuris
3149 3418 3412 3490 precibus
3449 3436 3584 3492 ape-

220 3526 464 3565 namus.
493 3533 520 3559 η

295 3688 382 3738 t2.
417 3683 492 3737 De
518 3681 605 3736 his
631 3681 910 3752 diptychis
936 3684 1113 3736 exstat
1140 3679 1416 3751 Sigebaldi
1445 3679 1758 3750 Anglorum
1787 3677 1937 3748 regis
1963 3674 2194 3747 epistola
2221 3674 2292 3729 ad
2321 3674 2671 3731 Bonifacium
2689 3677 2992 3748 prmsulem
3008 3679 3426 3751 Moguntinum,
3454 3699 3584 3755 quas

220 3780 304 3829 est
329 3776 390 3829 in
401 3781 482 3828 ter
509 3771 888 3826 Bonifacianas
909 3770 1103 3825 ordine
1129 3771 1216 3838 49,
1245 3770 1302 3823 in
1329 3786 1442 3842 qua
1468 3769 1590 3823 haec
1619 3768 1862 3839 legimus
1887 3765 1956 3820 ad
1983 3764 2336 3836 propositum
2367 3780 2380 3818 :
2416 3785 2444 3813 «
2472 3765 2677 3821 Notum
2703 3767 2774 3822 sit
2801 3766 2904 3822 tibi
2931 3768 3083 3840 quod
3111 3785 3180 3824 ex
3206 3786 3282 3826 θον
3318 3774 3581 3845 tempore

221 3881 436 3919 nomen
454 3868 617 3917 tuum
627 3860 974 3933 adscriptum
989 3860 1331 3926 habuissem,
1355 3875 1486 3914 cum
1508 3859 1806 3913 missarum
1819 3857 2093 3912 solemnia
2113 3854 2478 3927 celebrarem,
2505 3855 2673 3912 simul
2697 3874 2826 3912 cum
2843 3859 3170 3915 nominibus
3191 3861 3586 3934 episcoporum

222 3959 568 4020 nostrorum,
599 3975 625 4001 ››
656 3956 786 4021 ete.,
817 3951 910 4005 ubi
929 3950 1110 4006 obiter
1134 3955 1266 4004 nota
1293 3949 1526 4004 verbum
1551 3949 1888 4010 celebrarem,
1914 3962 2026 4017 quo
2046 3961 2146 3999 rex
2169 3943 2372 3999 utitur.
2402 3945 2573 4018 Cujus
2598 3947 2682 4002 rei
2711 3948 2970 4021 exempla
2996 3950 3292 4006 retulimus
3318 3951 3378 4007 in
3414 3951 3511 4008 lib.
3542 3970 3582 4024 1,

221 4062 347 4116 cap.
378 4047 432 4109 6,
462 4059 621 4097 num.
652 4047 704 4097 5.
737 4045 910 4097 Porro
937 4041 1055 4095 haec
1079 4040 1376 4094 nominum
1405 4038 1656 4094 recitatio
1682 4038 1742 4092 in
1768 4035 2010 4092 Ecclesia
2037 4035 2228 4090 Grteca
2254 4033 2424 4090 ﬁebat
2449 4052 2551 4107 per
2576 4037 2895 4109 diaconum,
2918 4039 3070 4111 apud
3091 4040 3312 4096 Latinos
3333 4057 3437 4112 per
3460 4042 3586 4097 sub-

221 4136 550 4203 diaconum,
576 4138 642 4188 ut
667 4137 823 4202 patet
848 4148 916 4186 ex
941 4131 1205 4185 Folcuino
1232 4129 1514 4185 monacho
1547 4128 1595 4201 1
1611 4127 1738 4202 83
1767 4126 2065 4182 Laubiensi
2094 4125 2154 4180 in
2179 4125 2440 4181 Chronici
2461 4127 2786 4183 Laubiensis
2806 4147 2927 4202 cap.
2957 4135 2989 4186 7
3020 4148 3033 4186 :
3064 4151 3091 4180 «
3112 4130 3262 4186 Dixit
3280 4133 3451 4187 etiam
3472 4132 3587 4204 epi-

220 4241 426 4297 scopus
453 4239 623 4294 supra
648 4221 968 4277 nominatus
998 4220 1225 4290 (scilicet
1247 4220 1524 4274 Adalbero
1558 4217 1909 4287 Rhemensis)
1938 4217 2420 4288 praedecessorum
2447 4233 2680 4272 suorum
2707 4219 2932 4275 ductam
2958 4236 3138 4293 usque
3163 4221 3234 4276 ad
3260 4239 3317 4276 se
3344 4235 3582 4276 consue-

220 4315 487 4368 tudinem
535 4318 599 4367 ut
624 4313 774 4367 inter
799 4310 1098 4365 missarum
1125 4311 1415 4379 solemnia,
1446 4310 1504 4364 in
1532 4325 1596 4364 ea
1625 4307 1856 4380 speciali
1883 4306 2423 4362 commemoratione
2471 4307 2887 4379 defunctorum,
2935 4327 3062 4382 quae
3107 4327 3279 4382 supra
3319 4310 3584 4382 diptycha

218 4404 448 4470 dicitur,
483 4406 537 4456 et
569 4401 626 4455 in
670 4400 1082 4455 consecratione
1120 4399 1394 4454 Dominici
1434 4398 1684 4470 corporis
1723 4396 2047 4452 solemniter
2088 4395 2312 4467 agitur;
2343 4396 2593 4467 quotidie
2620 4398 2680 4451 in
2718 4415 2916 4454 aurem
2957 4398 3290 4470 presbyteri,
3315 4399 3584 4455 recitante

220 4495 460 4547 silenter
495 4491 854 4559 subdiacono,
888 4489 1144 4544 omnium
1184 4489 1362 4560 ipsius
1389 4488 1533 4543 sedis
1559 4487 1790 4542 nomina
1821 4486 2028 4558 scripto
2059 4484 2371 4539 recitentur
2398 4485 2813 4556 episcoporum.
2849 4509 2876 4536 ››
2922 4489 3160 4543 Nomina
3189 4489 3310 4544 haec
3331 4489 3584 4560 catalogo

222 4582 502 4652 inscripta
531 4584 690 4636 erant
719 4603 745 4629 «
773 4580 873 4652 qui
900 4596 1054 4634 sacro
1080 4579 1242 4633 altari
1272 4583 1524 4650 tempore
1551 4576 1806 4632 sacriﬁcii
1836 4575 2342 4646 superponebatur,
2369 4596 2396 4622 »
2427 4590 2497 4629 ex
2524 4574 2727 4629 litteris
2753 4575 3029 4633 societatis
3055 4577 3208 4635 initae
3236 4579 3386 4635 inter
3414 4596 3582 4635 cano-

223 4672 389 4726 nicos
412 4670 813 4725 Laudunenses
840 4674 895 4725 et
921 4669 1224 4724 monachos
1251 4669 1630 4739 Remigianos.
1655 4667 1907 4738 Denique
1927 4665 1983 4719 id
2011 4680 2192 4736 genus
2211 4663 2475 4734 diptycha
2503 4667 2666 4718 erant
2686 4664 2744 4718 in
2771 4681 2878 4720 usu
2903 4683 3085 4738 usque
3110 4669 3182 4724 ad
3207 4670 3476 4725 saeculum
3505 4686 3582 4738 x1,

223 4766 288 4813 ut
316 4777 387 4814 ex
418 4760 701 4831 Micrologi
730 4776 852 4831 cap.
887 4763 949 4813 t3
980 4763 1036 4813 et
1064 4774 1134 4813 ex
1159 4757 1354 4812 Leonis
1383 4757 1652 4812 Ostiensis
1677 4755 1774 4810 lib.
1798 4771 1858 4822 ιι,
1886 4770 2010 4824 cap.
2041 4756 2127 4822 73,
2157 4751 2520 4806 manifestum
2548 4757 2651 4808 est.
2680 4755 3056 4826 Hermannus,
3089 4759 3295 4814 saeculo
3323 4762 3582 4832 sequenti

221 4850 380 4920 apud
398 4851 713 4904 Tornacum
732 4849 907 4903 sancti
928 4847 1148 4903 Martini
1169 4847 1498 4916 monachus,
1522 4847 1675 4901 hunc
1705 4845 1880 4900 ritum
1897 4861 1996 4898 suo
2015 4847 2269 4912 tempore
2286 4842 2344 4896 in
2366 4843 2794 4899 desuetudinem
2814 4846 3014 4902 abiisse
3043 4847 3226 4903 innuit
3251 4849 3341 4904 his
3368 4849 3580 4904 verbis:

228 4962 252 4986 α
286 4941 402 4993 Mos
439 4939 750 5010 antiquitus
785 4939 1072 4993 institutus
1109 4940 1242 4992 tunc
1279 4937 1550 5007 temporis
1583 4935 1910 4992 servabatur
1949 4932 2006 4986 in
2035 4931 2312 5001 Ecclesiis,
2340 4935 2406 4986 ut
2445 4932 2678 4988 nomina
2710 4935 2952 4991 fratrum
2987 4937 3581 5008 circumadjacentium

222 5028 616 5094 ecclesiarum,
643 5027 848 5100 quibus
887 5043 945 5082 se
985 5031 1208 5081 mutuas
1245 5026 1521 5080 orationes
1561 5025 1787 5092 debere,
1827 5023 1914 5077 vel
1942 5021 2267 5076 societatem
2296 5022 2619 5092 promisisse
2646 5030 2936 5093 noverant,
2969 5043 3140 5098 super
3169 5032 3586 5082 sacrosanctum

221 5119 403 5172 altare
418 5118 626 5188 scripta
649 5122 997 5188 ponerentur
1026 5134 1039 5170 :
1061 5119 1338 5188 quatenus
1363 5115 1619 5170 sacerdos
1646 5115 1877 5169 missam
1902 5111 2258 5166 cantantibus
2286 5111 2625 5167 nominatim
2652 5114 2930 5185 recitaret,
2963 5132 3093 5170 cum
3117 5117 3188 5171 ad
3212 5117 3371 5172 illum
3399 5117 3587 5172 locum

224 5207 472 5262 venisset
499 5223 511 5260 :
543 5209 822 5273 Memento,
852 5209 1090 5268 Domine,
1116 5206 1452 5274 famulorum
1477 5205 1918 5272 famula-rumque
1954 5205 2190 5263 tuarum,
2223 5204 2320 5270 qui
2350 5217 2444 5257 nos
2468 5209 2852 5272 praecesserunt
2884 5219 3004 5259 cum
3029 5209 3182 5276 signo
3205 5207 3352 5275 ﬁdei,
3382 5213 3433 5263 et
3455 5208 3584 5263 dor-

222 5299 406 5350 miunt
439 5298 498 5350 in
527 5311 710 5351 somno
745 5299 913 5367 pacis.
953 5297 1107 5350 Tunc
1145 5294 1298 5349 enim
1334 5311 1481 5349 unus
1521 5293 1912 5349 ministrorum
1950 5291 2141 5345 altaris
2177 5290 2229 5345 ei
2260 5291 2646 5363 propinquans
2670 5293 3050 5363 praesentabat
3076 5295 3380 5353 recitanda.
3411 5318 3439 5347 »
3470 5299 3586 5352 lmo

223 5385 490 5440 minister
514 5384 633 5457 ipse
662 5385 950 5454 recitabat,
990 5390 1053 5439 ut
1077 5401 1210 5439 mox
1239 5384 1502 5439 vidimus.
1536 5381 1775 5438 Consule
1805 5378 2178 5436 eruditissimi
2203 5379 2400 5452 Cangii
2429 5379 2868 5437 observationes.

305 5550 389 5603 t3.
411 5548 600 5618 Itaque
621 5548 748 5618 post
761 5547 922 5618 panis
949 5551 1005 5603 et
1034 5545 1149 5601 vini
1183 5545 1526 5602 oblationem
1558 5544 1619 5598 in
1646 5543 1856 5599 Ordine
1882 5541 2161 5597 Gallicano
2188 5541 2444 5596 vivorum
2465 5544 2521 5596 et
2550 5546 2906 5600 mortuorum
2927 5547 3160 5604 nomina
3184 5551 3584 5620 recitabantur,

223 5654 291 5691 ex
323 5636 488 5692 dictis
516 5653 530 5690 :
563 5637 660 5692 sed
701 5636 881 5708 qualis
909 5640 1054 5692 esset
1078 5636 1239 5708 panis
1279 5636 1518 5702 oblatus,
1549 5649 1665 5690 non
1703 5633 1834 5688 satis
1859 5630 2253 5702 explicuimus.
2286 5631 2650 5688 Eucharistiae
2677 5635 3009 5706 particulam
3034 5638 3104 5693 ad
3131 5637 3589 5695 communionem

223 5728 281 5780 in
322 5724 517 5800 184
568 5741 772 5780 manus
799 5725 985 5781 datam
1017 5725 1188 5782 fuisse
1213 5726 1369 5782 testis
1396 5730 1479 5780 est
1502 5723 1804 5796 Gregorius
1829 5721 1890 5776 in
1917 5719 2171 5775 Historia:
2198 5719 2295 5776 lib.
2324 5737 2379 5790 x,
2411 5737 2532 5794 cap.
2563 5725 2616 5793 8,
2644 5739 2707 5779 ac
2734 5727 2972 5798 proinde
3000 5743 3070 5782 ex
3096 5725 3297 5799 majori
3323 5741 3468 5796 pane
3496 5726 3590 5783 de-

225 5821 502 5886 cerptam.
531 5814 746 5871 Seeculo
768 5832 820 5869 1x
842 5816 900 5870 in
925 5816 1098 5871 Gallia
1124 5834 1245 5872 mos
1266 5819 1406 5884 erat,
1428 5819 1488 5869 ut
1511 5813 1673 5886 panis
1699 5813 1791 5869 ille
1821 5811 1971 5866 intra
1995 5810 2213 5865 ferrum
2242 5809 2586 5866 oblatorium
2616 5814 2924 5883 (Udalricus
2941 5816 3388 5870 characteratum
3410 5819 3588 5890 vocat)

225 5910 586 5975 coqueretur,
621 5909 682 5959 ut
708 5921 773 5960 ex
802 5904 946 5960 libro
974 5906 1041 5960 de
1069 5905 1340 5962 Miraculis
1380 5903 1551 5960 sancti
1579 5899 1992 5972 Wandregisili,
2026 5898 2261 5970 aliisque
2288 5900 2649 5972 probavimus
2677 5901 2734 5956 in
2762 5904 2858 5962 lib.
2889 5904 2957 5958 de
2982 5906 3191 5973 Αιγωο
3220 5920 3342 5975 cap.
3373 5905 3404 5959 8
3425 5904 3592 5964 Panis
