4032 6180
413 293 515 358 223
743 301 1076 360 APPENDIX
1115 303 1200 357 Al)
1237 305 1456 357 OI’ERA
1495 302 1726 356 SANCTI
1763 302 2005 370 GEBMAE

2177 301 2525 360 .RISIENSIS.
2567 303 2654 358 DE
2693 302 2952 358 LITURG.
2993 305 3141 360 GAL.
3184 305 3308 361 LIB.
3347 305 3436 362 III.
3669 307 3769 364 22ιὲ

409 411 622 470 rotulas
652 412 736 468 Iso
763 411 939 469 sancti
975 411 1114 468 Galli
1149 411 1460 467 monachus
1487 411 1736 484 appellat
1770 411 1984 468 oblatas
2007 411 2128 466 illas
2154 427 2280 483 quae
2308 411 2453 466 circa
2489 415 2686 484 pectus
2724 413 2902 468 sancti
2928 413 3186 470 0thmari
3213 415 3418 472 saeculo
3445 433 3501 473 IX
3529 423 3771 490 reperta

411 509 544 560 sunt
568 505 756 560 illaesac
790 523 804 559 :
833 505 1024 578 quales
1054 503 1260 558 scilicet
1286 502 1356 558 in‘
1372 503 1594 558 tumulo
1622 503 2020 558 defunctorum
2047 503 2402 558 sacerdotum
2429 504 2639 576 apponi
2665 521 2788 558 mos
2815 508 2953 574 erat,
2986 508 3126 560 teste
3157 523 3438 578 anonymo
3473 509 3678 580 aequali
3711 509 3774 564 in

408 594 509 650 lib.
543 613 598 650 1v
633 597 702 651 de
730 597 852 651 Vita
893 595 1070 649 sancti
1109 592 1402 649 Cuthberti
1432 593 1678 664 episcopi
1719 593 2207 660 Lindisfarnensis,
2237 593 2338 665 qui
2377 615 2404 643 ς(
2435 599 2551 648 toto
2579 610 2812 665 corpore
2837 595 3038 663 lavato,
3067 596 3247 667 capite
3275 597 3498 652 sudario
3525 598 3771 653 circum-

411 684 558 756 dato,
589 687 790 741 oblatis
818 701 986 756 super
1011 687 1271 738 sanctum
1299 687 1496 754 pectus
1521 683 1737 755 positis,
1769 685 2102 740 vestimenta
2127 683 2490 738 sacerdotalia
2533 685 2785 754 indutus,
2816 707 2842 734 ››
2900 685 2960 738 in
2985 685 3242 757 sepulcro
3267 686 3490 758 lapideo
3517 688 3777 759 sepultus

412 783 514 833 est.
537 778 744 831 Praeter
769 777 891 830 haec
915 773 1060 828 nihil
1086 775 1154 829 de
1181 790 1322 845 pane
1353 773 1723 828 eucharistico
1749 774 1808 828 in
1834 774 2023 828 Galliis
2041 790 2145 846 per
2165 790 2232 830 ea
2251 777 2506 844 tempora
2531 773 2782 829 adhibito
2811 775 3107 844 succurrit,
3131 775 3240 830 nisi
3257 777 3406 848 quod
3423 777 3778 832 nobilissima

411 866 668 937 quendam
697 868 974 934 matrona,
997 865 1228 918 nomine
1256 863 1666 932 Ermentrudis,
1696 863 1944 918 basilica:
1974 863 2152 918 sancti
2180 862 2491 918 Sinsuriani
2518 862 2961 933 (Simfurianum,
2986 881 3086 919 seu
3113 865 3590 938 Symphorianum
3613 867 3782 922 intel-

409 955 542 1026 ligo)
562 955 684 1009 sitze
701 955 760 1008 in
783 971 929 1026 pago
950 953 1238 1020 Meldensi,
1262 954 1524 1024 quaedam
1548 955 1719 1026 legat,
1748 955 1948 1009 «unde
1970 955 2042 1008 ad
2063 955 2245 1025 ipsam
2271 952 2560 1008 basilicam
2579 953 2762 1008 oblata
2786 953 3037 1024 quotidie
3057 955 3444 1010 ministretur:
3473 976 3499 1008 ι)
3523 957 3780 1029 itemque

410 1044 480 1098 ad
506 1044 815 1099 oratorium
842 1045 1108 1099 Latiniaci
1133 1044 1194 1098 in
1221 1043 1420 1100 eodem
1446 1060 1593 1115 pago
1627 1043 1799 1114 (quod
1837 1043 2184 1098 Latiniacum
2221 1043 2293 1098 ad
2334 1041 2642 1097 discrimen
2675 1042 2905 1098 alterius
2935 1042 3156 1098 Siccum
3184 1043 3518 1115 appellatur)
3550 1045 3780 1100 vineam

411 1133 526 1200 dat,
549 1134 698 1188 unde
723 1134 934 1190 ibidem
953 1135 1148 1190 Oblata
1173 1137 1450 1188 occurrat.
1473 1155 1501 1182 »
1526 1133 1684 1198 Quod
1707 1132 1966 1189 similiter
1987 1134 2056 1188 de
2075 1134 2183 1187 alia
2207 1132 2371 1188 vinea
2391 1132 2461 1187 ad
2480 1149 2649 1186 usum
2671 1132 2914 1188 ecclesiae
2941 1133 3116 1188 sancti
3145 1134 3543 1205 Symphoriani
3573 1135 3782 1190 consti-

410 1222 539 1278 tuit.
572 1223 897 1295 Signantius
921 1241 1054 1280 vero
1083 1241 1310 1280 servum
1337 1223 1642 1295 quemdam
1671 1223 2044 1292 manumittit,
2078 1239 2142 1278 ea
2168 1221 2507 1290 conditione,
2545 1243 2572 1270 ι(
2601 1225 2666 1276 ut
2695 1221 2851 1292 ligna
2890 1227 3114 1278 tantum
3143 1223 3214 1276 ad
3243 1224 3426 1278 oblata
3453 1224 3782 1280 faciendum

411 1312 730 1368 ministrare
765 1319 1048 1385 procuret.
1083 1337 1110 1364 ››
1145 1316 1254 1369 Hoc
1295 1317 1696 1370 testamentum
1732 1313 2174 1384 autographum,
2215 1313 2313 1368 sed
2349 1311 2636 1380 mutilum,
2682 1311 3004 1366 invenimus
3047 1312 3108 1366 in
3146 1313 3371 1367 archivo
3413 1314 3776 1384 Dionysiano,

411 1403 686 1474 scriptum
709 1403 771 1457 in
795 1404 989 1459 charta
1015 1419 1116 1459 seu
1141 1421 1355 1475 papyro
1382 1403 1708 1474 .Egyptiaca
1741 1420 1754 1456 :
1788 1420 1900 1474 qua
1925 1403 1986 1456 in
2016 1403 2210 1456 charta
2237 1406 2492 1456 exaratus
2520 1407 2639 1456 erat
2663 1401 2756 1456 ille
2789 1401 3090 1472 Augustini
3115 1402 3323 1469 Codex,
3351 1419 3521 1473 quem
3549 1403 3780 1458 Ruricio

413 1491 796 1547 Lemovicensi
835 1493 1094 1564 episcopo
1131 1494 1410 1548 submittit
1446 1493 1768 1547 Turentius.
1801 1513 1828 1540 «
1855 1492 2190 1547 Chartaceus
2225 1491 2369 1546 liber
2398 1495 2501 1558 est,
2529 1491 2734 1562 inquit,
2765 1495 2821 1545 et
2857 1491 2926 1546 ad
2951 1491 3244 1546 ferendam
3277 1491 3545 1561 injuriam
3571 1508 3784 1562 parum

413 1578 593 1649 fortis,
623 1582 756 1652 quia
791 1583 954 1638 citius
981 1583 1194 1651 charta,
1230 1583 1373 1637 sicut
1397 1581 1591 1648 nostis,
1621 1585 1896 1636 vetustate
1925 1581 2297 1636 consumitur.
2327 1601 2355 1630 »
2387 1580 2626 1651 Insignis
2656 1581 2726 1634 de
2751 1581 2944 1634 charta
2977 1580 3302 1652 .Egyptiaca
3333 1581 3516 1649 locus;
3555 1581 3653 1634 sed
3684 1580 3780 1635 in-

414 1669 650 1740 signior,
675 1676 731 1726 et
749 1673 820 1726 ad
845 1673 1167 1727 institutum
1197 1672 1246 1743 1
1262 1671 1386 1744 85
1417 1677 1672 1726 nostrum
1703 1671 2074 1741 opportunior
2107 1671 2251 1726 alter
2283 1687 2352 1726 ex
2379 1674 2713 1725 testamento
2741 1671 3130 1724 Ermentrudis
3150 1687 3163 1723 :
3185 1687 3254 1725 ex
3279 1686 3393 1741 quo
3419 1670 3780 1740 intelligitur,

416 1765 674 1830 tempore
713 1761 1100 1832 Merovingicaa
1144 1761 1351 1831 stirpis,
1391 1777 1596 1830 panem
1645 1759 1902 1814 sacriﬁcii
1943 1761 2212 1832 peculiari
2251 1760 2456 1830 studio,
2495 1764 2561 1814 ut
2597 1761 2787 1815 Patres
2826 1759 3049 1814 concilii
3089 1776 3144 1813 1v
3187 1760 3454 1824 Toletani,
3495 1775 3706 1816 canone
3747 1763 3782 1814 6

415 1851 688 1918 statuunt,
719 1849 870 1920 apud
895 1849 1075 1904 Gallos
1104 1849 1482 1920 compositum
1521 1849 1716 1904 fuisse.

491 1986 576 2038 14.
617 1985 698 2038 Ad
734 1985 943 2040 oblatas
974 1987 1332 2058 excipiendas
1357 1985 1694 2041 inserviebat
1723 1981 2073 2040 offerto‘rium
2093 2003 2109 2054 ;
2133 1985 2320 2041 colum
2351 2001 2479 2040 vero
2507 2001 2608 2040 seu
2635 1985 2968 2040 colatorium
2997 1985 3067 2040 ad
3096 1985 3293 2040 vinum
3322 1987 3781 2058 expurgandum.

415 2071 712 2128 Offertoria
741 2091 868 2129 vasa
895 2081 1056 2130 erant
1081 2093 1112 2130 a
1141 2076 1358 2147 patenis
1387 2075 1672 2145 distincta,
1701 2075 1758 2130 in
1787 2093 1914 2147 quae,
1938 2075 2186 2146 populus
2214 2092 2422 2146 panem
2448 2077 2700 2130 oblatum
2737 2075 2808 2130 ad
2848 2076 3019 2129 altare
3056 2075 3370 2147 deponebat
3399 2093 3411 2130 :
3440 2093 3565 2147 quae
3590 2078 3784 2148 primo

415 2163 588 2217 solida
617 2169 808 2233 erant;
849 2165 1052 2221 deinde
1089 2166 1255 2235 linea,
1287 2182 1388 2220 seu
1429 2165 1656 2232 sericea,
1685 2169 1784 2219 aut
1808 2181 1878 2220 ex
1907 2165 2160 2236 qualibet
2201 2165 2368 2219 simili
2410 2166 2663 2220 materia.
2695 2167 2882 2220 Unum
2927 2181 3182 2235 aureum,
3211 2165 3318 2220 alia
3347 2171 3614 2238 argentea
3651 2184 3784 2222 me—

415 2257 598 2308 morat
631 2258 789 2308 vetus
825 2255 1140 2310 Chronicon
1166 2256 1590 2310 Fontanellense
1621 2255 1682 2308 in
1709 2272 1829 2325 cap.
1866 2258 1951 2323 16,
1981 2254 2076 2308 ubi
2104 2255 2172 2308 de
2201 2255 2472 2325 Ansegiso
2500 2255 2701 2309 abbate
2735 2273 2747 2309 :
2786 2275 2812 2302 ‹‹
2841 2253 3200 2309 Offertorium
3227 2271 3466 2310 aureum
3508 2273 3636 2310 cum
3673 2275 3782 2328 pa-

414 2344 546 2396 tena
571 2359 670 2397 sua
694 2361 866 2399 aurea
891 2361 1062 2416 opere
1089 2345 1356 2400 mirabili.
1387 2366 1414 2394 »
1447 2346 1513 2398 Et
1537 2344 1686 2398 infra
1715 2361 1727 2398 :
1758 2343 2482 2414 Offertorium-argenteum
2510 2343 2764 2414 ejusdem
2789 2342 2996 2412 calicis,
3025 2343 3239 2398 habens
3267 2343 3516 2415 efﬁgiem
3551 2345 3782 2400 miriﬁci

417 2432 630 2502 operis;
673 2433 782 2488 alia
823 2435 1106 2490 oﬂ‘ertoria
1145 2439 1414 2506 argentea
1456 2451 1588 2489 eum
1625 2435 1842 2506 patenis
1881 2435 2165 2504 argenteis
2207 2435 2557 2489 eorumdem.
2600 2433 2756 2488 Unde
2799 2437 2954 2504 patat
2991 2433 3344 2488 offert-orium
3391 2450 3521 2488 cum
3557 2436 3784 2505 patenis

417 2521 588 2576 fuisse
625 2523 811 2578 calicis
849 2527 1244 2596 appendicem,
1281 2529 1548 2597 patenam
1576 2541 1709 2579 vero
1748 2523 2036 2578 offertorii.
2078 2523 2290 2579 Similia
2339 2525 2462 2578 loca
2497 2523 2648 2594 apud
2683 2522 2998 2577 Hariulfum
3035 2523 3096 2576 in
3133 2522 3394 2577 Chronici
3432 2523 3786 2578 Centulensis

419 2610 518 2664 lib.
553 2629 611 2679 η,
643 2629 742 2685 cap
771 2617 853 2684 10,
885 2620 942 2670 et
969 2616 1120 2686 apud
1147 2616 1432 2670 Ardonem
1457 2615 1518 2669 in
1545 2615 1690 2670 libro
1719 2615 1786 2668 de
1813 2615 1934 2668 Vita
1965 2613 2250 2668 Benedicti
2278 2613 2632 2680 Anianensis,
2661 2627 2824 2667 num.
2852 2615 2941 2681 25,
2971 2627 3096 2683 quae
3126 2629 3257 2666 cum
3282 2612 3404 2666 aliis
3429 2613 3602 2667 habes
3628 2613 3792 2684 apud

418 2699 715 2772 Cangium,
745 2703 1058 2776 itidemque
1085 2706 1238 2759 varia
1267 2705 1590 2760 testimonia
1616 2705 1684 2758 de
1711 2703 2009 2759 oﬁ'ertoriis
2037 2702 2202 2757 lineis
2231 2708 2287 2757 et
2316 2703 2561 2758 sericeis.
2593 2704 2784 2773 Itaque
2809 2701 3158 2756 olfertorium
3187 2703 3258 2756 ad
3293 2703 3649 2773 excipiendas
3675 2720 3787 2774 pa—

417 2788 506 2842 nis
531 2789 760 2863 oblatas,
788 2798 994 2865 patena
1017 2795 1088 2849 ad
1117 2795 1342 2849 easdem
1368 2795 1772 2849 consecrandas
1798 2793 2193 2848 adhibebatur.
2215 2793 2330 2846 Nisi
2359 2793 2528 2860 dicas,
2550 2792 2610 2845 in
2630 2796 2834 2862 patena
2861 2791 3167 2861 repositam
3191 2791 3360 2846 fuisse
3387 2791 3626 2846 hostiam
3653 2809 3791 2863 quae

419 2882 692 2936 sacerdoti
726 2883 1017 2953 signanter
1054 2885 1318 2955 deputata
1354 2889 1492 2953 erat,
1523 2885 1658 2938 alias
1693 2884 1754 2938 in
1797 2883 2079 2940 offertorio
2120 2883 2190 2937 ad
2230 2883 2691 2937 communionem
2719 2880 2994 2936 ﬁdelium.
3029 2883 3089 2935 In
3115 2881 3411 2936 offertoriis
3439 2899 3568 2936 vero
3594 2881 3788 2950 lineis,

420 2985 545 3037 quae
571 2971 758 3024 solidis
783 2979 1193 3043 successerunt,
1223 2974 1652 3044 excipiebantur
1674 2973 1873 3028 itidem
1900 2974 2100 3027 oblatas
2130 2989 2142 3026 :
2177 2973 2464 3043 simulque
2491 2971 2632 3026 calix
2660 2976 2716 3026 et
2741 2975 2969 3042 patena,
3001 2971 3139 3026 dum
3165 2971 3440 3026 sacerdoti
3464 2971 3786 3026 offereban-

425 3058 533 3122 tur,
561 3056 762 3112 iisdem
789 3059 1084 3115 oifertoriis
1103 3062 1551 3116 involvebantur.
1585 3062 1642 3116 ld
1671 3061 1840 3116 etiam
1875 3079 2026 3116 nunc
2055 3063 2116 3116 in
2140 3077 2268 3129 usu,
2297 3065 2362 3116 ut
2403 3067 2608 3133 patena
2633 3062 2753 3116 velo
2782 3061 3044 3115 obvoluta
3073 3065 3330 3116 teneatur
3354 3079 3386 3115 a
3411 3061 3794 3131 subdiacono,

421 3143 654 3199 diacono
680 3147 1040 3220 porrigenda,
1071 3155 1127 3206 et
1159 3151 1216 3204 in
1245 3151 1582 3222 quibusdam
1623 3150 1881 3206 Ecelesiis
1909 3151 2070 3218 calix,
2101 3151 2215 3206 imo
2245 3151 2415 3207 etiam
2443 3152 2709 3223 ampullae
2735 3167 2864 3206 cum
2895 3151 3029 3205 velis
3054 3151 3124 3206 ad
3153 3151 3326 3207 altare
3351 3151 3693 3218 deferantur,
3717 3155 3792 3206 ut

421 3232 482 3286 in
521 3234 848 3291 Bhemensi.

495 3361 685 3436 186
723 3369 808 3420 15.
849 3367 1066 3437 Colum,
1100 3384 1200 3422 seu
1235 3368 1586 3438 colatorium,
1613 3368 1819 3422 vasculi
1845 3383 1942 3422 seu
1969 3368 2276 3424 cochlearis
2307 3385 2486 3440 genus
2515 3371 2658 3437 erat,
2682 3367 3028 3423 tenuissimis
3057 3383 3121 3421 ac
3149 3365 3525 3421 subtilissimis
3547 3365 3789 3420 forami-

419 3451 588 3506 nibus
624 3454 684 3508 in
723 3455 836 3510 imo
863 3457 1038 3512 fundo
1078 3458 1366 3528 perforati,
1403 3475 1508 3529 per
1542 3458 1694 3530 quod
1721 3457 1916 3512 vinum
1943 3474 2011 3512 cx
2037 3458 2243 3512 amulis
2269 3475 2366 3513 seu
2396 3457 2662 3528 ampullis
2689 3458 2746 3511 in
2776 3458 3092 3528 subjectum
3112 3456 3342 3510 calicem
3365 3455 3786 3510 effundebatur.

423 3541 482 3595 Id
509 3543 636 3597 usui
661 3550 782 3600 erat
804 3545 864 3600 in
891 3547 1120 3602 ecclesia
1147 3549 1396 3604 Romana
1417 3549 1538 3618 jam
1569 3547 1700 3602 inde
1729 3565 1763 3601 a
1800 3549 2004 3602 saeculo
2029 3565 2083 3603 v.
2115 3549 2254 3602 Nam
2282 3549 2475 3602 charta
2502 3547 2844 3602 Cornutiana
2871 3550 3150 3601 memorat
3181 3567 3208 3594 ‹‹
3233 3546 3523 3600 hamulam
3560 3545 3788 3599 oblato-

418 3634 584 3702 riam,
617 3634 824 3704 colum,
847 3636 1394 3706 thymiamaterium.
1439 3659 1466 3686 »
1513 3640 1600 3692 An
1639 3637 1808 3692 etiam
1853 3639 2004 3708 apud
2048 3639 2227 3692 Gallos
2263 3643 2392 3692 ante
2419 3641 2712 3708 receptum
2737 3637 2913 3692 ritum
2941 3637 3264 3691 Romanum
3289 3635 3460 3690 fuerit
3481 3635 3784 3704 usitatum,

419 3723 700 3778 incertum
733 3741 746 3777 :
777 3725 1056 3795 siquidem
1081 3727 1296 3780 nullam
1326 3727 1394 3781 de
1421 3727 1540 3780 colo
1566 3743 1664 3781 seu
1695 3728 1962 3782 colatorio
1991 3728 2340 3783 mentionem
2371 3728 2594 3798 reperio
2618 3727 2772 3798 apud
2795 3726 3058 3797 antiquos
3083 3731 3307 3780 nostros
3333 3724 3650 3795 scriptores,
3673 3724 3788 3778 Ca-

421 3812 526 3866 roli
552 3813 738 3884 Magni
762 3817 925 3868 aetate
953 3814 1291 3884 superiores,
1324 3816 1476 3886 quod
1503 3816 1672 3870 etiam
1697 3817 1766 3872 de
1793 3817 2080 3872 offertorio
2119 3817 2442 3872 dicendum.
2475 3819 2548 3872 De
2583 3817 2770 3871 fistula
2809 3817 2980 3870 etiam
3018 3833 3116 3872 seu
3145 3816 3376 3882 calamo,
3407 3831 3522 3887 quo
3551 3814 3792 3884 sanguis

418 3902 622 3958 Christi
648 3901 1032 3972 hauriebatur,
1063 3920 1180 3957 non
1203 3903 1390 3958 minor
1409 3904 1726 3960 difﬁcultas.
1749 3907 1884 3970 Quae
1909 3906 2100 3960 omnia
2125 3907 2186 3962 in
2213 3906 2506 3962 Gallicanis
2541 3905 2786 3962 ecclesiis
2811 3905 3064 3960 saltema
3081 3905 3282 3962 szeculo
3309 3923 3366 3960 1x
3385 3903 3586 3960 usitata
3607 3902 3792 3958 fuisse

422 3995 656 4066 constat,
685 3992 920 4047 fortasse
945 3993 1208 4064 exemplo
1236 3993 1483 4048 ecclesia
1509 3995 1802 4050 Romanae.

497 4130 578 4182 16.
612 4128 780 4182 Multa
806 4128 1086 4198 siquidem
1112 4146 1242 4184 cum
1267 4130 1380 4184 ritu
1406 4132 1660 4185 Romano
1689 4131 1749 4186 in
1777 4131 2124 4188 Gallicanum
2149 4131 2367 4187 invecta
2393 4135 2542 4187 sunt.
2577 4133 2735 4188 Unde
2751 4149 2941 4204 cappae
2957 4133 3231 4187 Romanae
3253 4129 3313 4185 in
3335 4129 3594 4185 Chronici
3621 4129 3788 4184 Fon-

419 4215 748 4271 tanellensis
769 4233 890 4288 cap.
929 4221 1012 4286 I6,
1041 4218 1137 4272 ubi
1167 4218 1336 4274 etiam
1365 4219 1670 4292 Ansegisus
1695 4221 1868 4275 abbas
1892 4243 1918 4270 ‹‹
1948 4221 2124 4276 altare
2151 4221 2211 4275 in
2238 4222 2452 4276 honore
2485 4225 2776 4294 perpetuae
2802 4222 3036 4294 virginis
3063 4219 3247 4276 Mariae
3279 4219 3647 4290 (perhibetur)
3671 4219 3790 4274 de-

418 4321 637 4360 corasse
663 4305 855 4360 tabula
880 4305 1089 4378 lignea,
1119 4325 1290 4379 quam
1319 4309 1663 4380 imaginibus
1689 4310 1973 4382 argenteis
2003 4311 2234 4366 diversis
2262 4313 2569 4382 cooperuit.
2600 4332 2628 4360 ››
2661 4313 2814 4367 Idem
2843 4313 2902 4366 in
2933 4310 3268 4365 Flaviacensi
3295 4308 3634 4364 monasterio
3664 4327 3694 4356 ‹‹
3726 4309 3796 4365 in

417 4394 632 4450 honore
677 4399 882 4450 sanctae
917 4397 1202 4452 Trinitatis
1244 4397 1533 4452 basilicam
1568 4399 1882 4467 aediﬁcavit,
1912 4405 2040 4455 ante
2075 4401 2234 4471 cujus
2276 4418 2454 4471 aram,
2485 4401 2736 4456 tabulam
2763 4400 3047 4472 argenteis
3083 4398 3428 4470 imaginibus
3456 4399 3795 4452 decoratam

417 4484 722 4552 collocavit,
745 4486 961 4556 ipsique
985 4503 1098 4540 arae
1126 4503 1352 4542 crucem
1373 4492 1706 4560 argenteam
1731 4489 2022 4561 imposuit,
2045 4490 2476 4561 universamque
2503 4491 2788 4545 basilicam
2819 4490 2984 4544 variis
3011 4489 3244 4560 picturis
3270 4487 3517 4543 decorari
3539 4486 3734 4557 jussit.
3757 4509 3792 4538 ››

417 4575 558 4626 Ante
587 4589 718 4628 eum
743 4575 916 4630 Uvido
940 4577 1110 4631 abbas
1135 4578 1546 4633 Fontanellensi
1575 4579 1832 4635 Ecclesiae
1867 4601 1894 4628 «
1931 4580 2149 4634 tabulas
2189 4581 2484 4635 fabricatas
2517 4586 2647 4636 ante
2685 4581 2885 4635 altaria
2925 4583 3050 4634 octo
3079 4600 3105 4628 »
3135 4579 3426 4633 concessit.
3457 4575 3802 4648 Antiquitus

417 4661 628 4731 quippe
656 4663 804 4732 apud
833 4669 1106 4719 nostrates
1129 4667 1313 4721 Gallos
1345 4684 1462 4722 non
1486 4669 1701 4738 altaria,
1735 4669 1830 4724 sed
1867 4669 2109 4740 parietes
2150 4669 2388 4741 picturae
2417 4670 2772 4724 decorabant.
2801 4670 2974 4740 Cujus
3001 4668 3080 4724 rei
3116 4671 3457 4739 argumenta
3481 4665 3798 4721 retulimus

417 4750 478 4804 in
513 4751 609 4804 lib.
649 4767 687 4820 I,
727 4767 850 4822 cap.
891 4755 945 4806 8.
989 4754 1216 4808 Accedit
1259 4755 1410 4810 aliud
1448 4773 1518 4812 ex
1561 4759 1774 4812 Ruricii
1817 4759 2228 4813 Lemovicensis
2273 4759 2509 4830 cpistola
2539 4761 2623 4829 14,
2657 4759 2752 4815 lib.
2779 4775 2838 4828 II,
2867 4757 2966 4830 qui
2993 4757 3281 4812 Cerauniae
3303 4755 3478 4811 nobili
3503 4760 3802 4811 matronae

415 4837 692 4910 pictorem
733 4840 956 4910 direxit,
989 4847 1052 4897 ut
1079 4843 1372 4914 cujusdam
1411 4845 1654 4900 basilicae
1701 4869 1729 4896 «
1771 4849 2011 4918 parietes
2049 4849 2219 4902 variis
2245 4851 2498 4904 colorum
2529 4850 2670 4905 fucis
2697 4849 3051 4921 depingeret.
3085 4869 3112 4897 ››
3143 4847 3409 4918 Apposite
3437 4845 3802 4900 Fortunatus

417 4927 478 4982 in
503 4928 602 4984 lib.
630 4947 671 4998 1,
699 4929 950 4986 carmine
981 4933 1064 5001 13,
1095 4933 1164 4986 de
1181 4932 1413 4988 basilica
1442 4936 1618 4990 sancti
1649 4937 1903 5008 EutrOpii
1931 4938 2291 4993 Santonensis
2325 4954 2338 4992 :

1076 5081 1123 5155 1
1297 5092 1524 5159 sumpsit
1547 5093 1828 5159 imagineas
1851 5095 2023 5159 paries
2051 5094 2310 5159 imitando,
2330 5095 2520 5159 ﬁguras

1344 5155 1466 5214 Quae
1494 5155 1677 5221 neque‘
1691 5161 1832 5208 tecta
1851 5155 2022 5222 prius,
2051 5157 2164 5208 hinc
2191 5158 2349 5208 modo
2369 5155 2516 5222 picta
2538 5157 2703 5208 nitent

489 5306 576 5357 17.
603 5303 779 5357 Porro
807 5319 923 5382 non
949 5304 1140 5362 minus
1167 5307 1387 5380 prolixa
1413 5311 1534 5364 erat
1559 5309 1813 5365 Romana
1842 5308 2032 5379 missa,
2061 5327 2233 5382 quam
2261 5311 2563 5365 Gallicana.
2589 5310 2726 5362 Nam
2748 5307 3040 5375 unam,vel
3067 5305 3207 5362 duas
3229 5305 3396 5360 horas
3427 5301 3701 5374 exigebat
3715 5305 3806 5360 ad

415 5377 1070 5465 Gallicammﬂaasarius,
1101 5377 1186 5452 exi
1201 5398 1398 5468 dictis;
1431 5416 1496 5453 ac
1521 5401 1690 5470 paulo
1717 5399 1988 5471 prolixius
2015 5377 2287 5471 temporis
2316 5401 2563 5472 spatium
2589 5399 2893 5454 adhibebat
2921 5395 3246 5468 Gregorius,
3275 5395 3435 5465 cujus
3460 5393 3582 5447 haec
3611 5391 3814 5449 verba

413 5481 474 5535 in
499 5481 598 5536 lib.
633 5497 746 5550 VIII,
787 5484 1020 5552 epistola
1047 5489 1114 5540 35
1159 5503 1170 5540 :
1219 5505 1246 5538 «
1275 5489 1412 5541 Ecce
1439 5487 1590 5542 enim
1611 5488 1734 5558 jam
1760 5488 2054 5543 biennium
2083 5505 2227 5559 pene
2258 5491 2539 5562 expletur,
2568 5505 2680 5561 quo
2704 5489 2909 5543 lectulo
2938 5493 3137 5542 teneor
3161 5502 3173 5538 :
3204 5484 3488 5554 tantisque
3509 5481 3812 5552 podagrae

416 5570 703 5624 doloribus
730 5571 973 5643 afﬂigor,
1002 5577 1062 5628 ut
1088 5575 1180 5629 vix
1209 5575 1270 5628 in
1291 5575 1490 5630 diebus
1519 5576 1674 5632 festis
1699 5593 1878 5649 usque
1903 5579 1973 5633 ad
1999 5578 2270 5632 horarum
2306 5581 2481 5634 trium
2523 5579 2769 5652 spatium
2807 5592 3040 5649 surgere
3077 5575 3316 5642 valeam,
3347 5572 3652 5626 missarum
3691 5589 3810 5628 so-

417 5658 628 5712 lemnia
653 5660 955 5715 celebrare.
983 5683 1009 5710 ››
1043 5664 1122 5716 Ita
1145 5663 1238 5716 ille
1265 5662 1336 5716 ad
1363 5664 1662 5736 Eulogium
1692 5666 2020 5737 episcopum
2051 5667 2518 5724 Alexandrinum.
2541 5669 2716 5740 Hujus
2744 5664 3083 5740 prolixitatis
3107 5664 3318 5736 partim
3344 5677 3504 5716 causa
3530 5663 3650 5716 erat
3677 5661 3814 5716 ho-

418 5747 704 5802 miliarum
728 5764 883 5816 usus,
911 5766 1036 5820 quae
1067 5750 1236 5804 etiam
1257 5751 1451 5805 Romae
1471 5755 1660 5808 statim
1687 5759 1812 5825 post
1836 5755 2202 5828 Evangelium
2226 5756 2296 5811 ad
2316 5759 2546 5815 missam
2573 5759 2804 5830 ﬁebant,
2825 5759 2999 5830 prout
3025 5757 3264 5812 testatur
3289 5751 3442 5808 idem
3479 5749 3820 5822 Gregorius

419 5836 652 5906 Magnus
681 5835 740 5890 in
763 5835 1087 5908 praefatione
1115 5839 1184 5892 ad
1212 5837 1480 5894 Homilies
1509 5843 1610 5898 XL.
1645 5843 1753 5899 Sed
1779 5844 1902 5900 haec
1928 5849 2086 5902 extra
2113 5845 2324 5904 locum.
