4054 6188
829 598 1736 740 MISSALE
1885 596 3027 807 GOTHICUM

1398 995 2484 1078 GOTHICOGALLICANUM.

404 1286 492 1340 III.
525 1301 672 1342 oano
713 1302 886 1343 mssa:
924 1303 978 1346 IN
1017 1304 1216 1345 VIGILIA
1255 1305 1476 1347 smus
1517 1305 1728 1347 bonum.
1896 1308 1954 1380 Α
2529 1289 2684 1380 -Ροεξ
2705 1286 3026 1352 mysterium.

683 1389 933 1440 Collectio
969 1391 995 1420 ι
1044 1394 1164 1455 post
1210 1391 1441 1442 nomina,
1896 1371 1954 1380 ”
2051 1375 2179 1429 Haec
2225 1373 2482 1443 facimus,
2529 1373 2763 1429 Domine
2799 1377 2986 1428 sancte
3017 1375 3192 1450 ‘Pater
3227 1371 3607 1444 omnipotens,

315 1469 371 1542 1
389 1470 515 1545 88
541 1473 709 1530 Grata
737 1474 839 1529 tibi
867 1475 957 1548 sit,
987 1477 1242 1547 Domine,
1273 1494 1621 1550 (Ιιιαεειιωιιε,
1650 1479 1877 1534 hodier-
1980 1470 2192 1522 aaterne
2218 1469 2383 1537 Deus,
2413 1472 2919 1522 commemorantes
2947 1472 3006 1522 et
3033 1466 3382 1522 celebrantes
3405 1465 3614 1521 Passio-

234 1580 332 1618 ηαξ
362 1566 682 1622 festivitatis
718 1568 960 1639 oblatio;
997 1573 1082 1640 ut,
1110 1575 1208 1626 tua
1241 1571 1420 1644 gratia
1455 1571 1728 1644 largiente
1736 1615 1750 1644 ,
1778 1589 1881 1646 per
1979 1576 2113 1616 nem
2144 1561 2302 1616 unici
2348 1561 2470 1615 Filii
2513 1561 2598 1616 tui
2622 1563 2754 1616 Jesu
2791 1561 2997 1616 Christi
3029 1560 3257 1616 Domini
3283 1559 3482 1615 nostri.
3509 1560 3615 1624 Qui

233 1657 369 1712 hec
392 1664 741 1716 sacrosancta
760 1663 1104 1719 commercia
1129 1663 1187 1718 in
1217 1663 1370 1720 illius
1387 1665 1746 1721 inveniamur
1761 1666 1877 1722 for-
1979 1659 2170 1710 tecum
2197 1654 2335 1710 ViVit
2369 1659 2426 1710 et
2469 1659 2670 1726 regnat
2694 1671 2825 1710 cum
2863 1653 3076 1726 Spiritu
3111 1659 3302 1710 saneto
3325 1653 3385 1710 in
3411 1652 3616 1708 mana

234 1769 357 1820 ma,
387 1753 446 1808 in
475 1770 590 1826 quo
617 1759 807 1810 tecum
850 1761 935 1812 est
970 1760 1162 1812 nostra
1200 1759 1534 1814 substantia.
1585 1759 1882 1830 Spiritibus
1980 1749 2344 1804 εεθουΙΟΓιΠηο

235 1862 473 1918 quoque
517 1863 780 1902 carorum
839 1854 1166 1905 nostrorum
1209 1851 1416 1923 tribue,
1446 1857 1512 1908 ut
1551 1852 1882 1908 mortalibus
2384 1851 2515 1900 Ante
2542 1849 2830 1900 orationem
2867 1847 3210 1900 Dominicam-

233 1941 525 2012 segregati
562 1941 818 2012 coetibus,
845 1943 1048 1999 litteris
1081 1950 1414 2000 mereantur
1449 1946 1723 2002 conscribi
1767 1963 1879 2001 cae-
2054 1934 2148 1988 Hi5
2171 1934 2430 2006 PPBCibllS
2458 1939 2534 2006 te,
2567 1936 2713 1991 Deus
2749 1938 2912 1991 Pater
2937 1934 3313 2006 omnipotens,
3343 1933 3614 2005 depreca-

228 2032 494 2088 lestibus.
525 2035 733 2090 Praesta
758 2052 862 2110 per
886 2037 1187 2094 Dominum
1205 2043 1466 2094 nostrum
1489 2041 1680 2096 Jesum
1701 2040 1881 2096 Chris-
1981 2044 2132 2098 mur,
2156 2028 2360 2100 quibus
2379 2045 2481 2084 nos
2500 2029 2770 2084 Dominus
2788 2034 2981 2086 noster
2996 2031 3022 2084 J
3027 2045 3154 2084 esus
3173 2027 3428 2084 Christus
3446 2027 3617 2082 Filius

235 2131 370 2182 tum
399 2127 610 2182 Filium
637 2133 826 2198 tuum,
853 2130 951 2202 qui
975 2135 1165 2187 tecum
1192 2131 1302 2190 νίν,
1335 2133 1488 2188 dom,
1981 2127 2114 2177 tuus
2137 2137 2297 2178 orare
2326 2121 2618 2195 prmcepit,
2650 2123 2839 2179 dicens
2869 2141 2882 2178 :
2913 2125 3076 2178 Pater
3108 2126 3325 2179 noster.

781 2237 1032 2289 Collectio
1061 2238 1126 2289 ad
1155 2253 1360 2303 pacem.
2384 2225 2506 2274 Post
2539 2224 2828 2275 orationem
2862 2223 3206 2282 Dominicam.

311 2319 397 2374 Da
437 2319 622 2391 nobis,
660 2338 1007 2394 quaesumus,
1051 2323 1301 2395 Domine,
1331 2329 1394 2380 ut
1433 2324 1576 2380 sicut
1601 2324 1884 2380 adoranda
2055 2319 2254 2374 Libera
2280 2335 2384 2374 nos
2409 2336 2444 2373 a
2469 2319 2637 2390 malO,
2662 2318 3020 2390 omnipotens
3045 2319 3210 2388 Deus,
3241 2321 3299 2372 et
3322 2315 3538 2372 οιιεῐοάί
3558 2314 3617 2380 in

239 2411 370 2467 Filii
393 2413 479 2468 tui
507 2415 763 2470 natalitia
787 2416 1141 2484 celebraturi,
1170 2417 1241 2472 ab
1264 2417 1550 2473 hodiernis
1577 2417 1784 2490 vigiliis
1823 2417 1883 2472 in
1981 2411 2152 2467 bono.
2181 2413 2398 2468 Evacua
2426 2429 2530 2468 nos
2560 2413 2723 2484 vitiis,
2752 2417 2808 2468 et
2831 2412 2986 2484 reple
3015 2410 3350 2481 virtutibus;
3383 2414 3442 2465 et
3468 2409 3616 2464 bona

239 2506 596 2564 confessione
635 2509 718 2564 tui
766 2511 1014 2566 nominis
1051 2511 1468 2584 prmi/emimus;
1497 2512 1575 2567 sic
1601 2512 1723 2583 ejus
1752 2527 1881 2566 mu-
1983 2505 2147 2560 nobis
2174 2509 2286 2560 tam
2316 2507 2617 2578 praesentia
2644 2524 2818 2580 quam
2844 2501 3057 2562 aeterna
3082 2505 3346 2561 concede.
3376 2505 3483 2559 Per
3508 2503 3616 2558 DO-

238 2616 384 2656 nere
441 2603 730 2674 capiamus
786 2605 1222 2677 sempiternum.
1258 2607 1326 2660 Et
1363 2605 1608 2676 dirigere
1647 2605 1883 2675 dignare
1983 2600 2206 2654 minum
2232 2605 2492 2656 nostrum
2520 2602 2713 2656 Jesum
2739 2601 2944 2656 Filium
2972 2605 3159 2655 tuum.

239 2695 520 2766 angelum
545 2697 719 2768 pacis,
749 2698 848 2770 qui
873 2700 1062 2754 oscula
1084 2703 1278 2755 nostra
1295 2699 1454 2771 puris
1473 2698 1732 2754 sensibus
1756 2697 1883 2752 inli-
1902 2687 1958 2758 B
2535 2701 2837 2753 Benedictio
2862 2700 3062 2766 populi.

241 2793 383 2860 gata
408 2797 706 2848 connectat
736 2811 750 2848 :
778 2809 993 2865 nosque
1015 2793 1112 2848 tibi
1140 2793 1210 2848 ab
1237 2792 1502 2848 omnibus
1522 2797 1884 2864 peccatorum
1923 2796 1928 2801 ‘
2053 2787 2218 2857 Deus,
2246 2786 2343 2858 qui
2370 2786 2678 2842 adventum
2705 2791 2820 2842 tuae
2866 2784 3172 2856 majestatis
3219 2799 3326 2856 per
3349 2783 3619 2855 angelum

241 2883 486 2937 maculis
535 2891 877 2958 expurgatos
910 2886 1202 2959 adjungat.
1242 2889 1349 2942 Per
1391 2891 1736 2942 coaeternum
1781 2885 1881 2940 tibi
1983 2880 2358 2951 Gabrihelem,
2386 2879 2548 2953 prius
2574 2897 2747 2952 quam
2782 2879 3172 2950 descenderes,
3201 2877 3468 2934 nuntiare
3491 2877 3616 2948 jus-

237 2975 440 3030 Jesum
467 2977 754 3034 Christum
781 2978 988 3034 Filium
1017 2984 1183 3035 tuum
1205 2980 1511 3036 Dominum
1530 2984 1812 3036 nostrum.
1984 2973 2124 3030 sisti.
2152 2977 2353 3030 Amen.

808 3078 1100 3130 Immolatio
1125 3079 1325 3131 missae.
2054 3068 2161 3134 Qui
2184 3067 2302 3124 sine
2323 3067 2485 3122 initio
2510 3067 2891 3140 sempiternus
2913 3083 2992 3138 es,
3020 3071 3198 3122 terras
3219 3065 3506 3122 illustrare
3521 3081 3625 3138 per

318 3161 569 3234 Dignum
589 3167 646 3218 et
663 3163 886 3234 justum
915 3169 1018 3220 est.
1046 3166 1187 3220 Vere
1215 3165 1456 3237 dignum
1482 3171 1540 3222 et
1555 3165 1778 3237 justum
1805 3169 1888 3221 est
1987 3162 2305 3244 Virginem,
2373 3165 2583 3218 tartara
2635 3161 2822 3218 lavare
2872 3160 3120 3234 dignasti
3192 3176 3298 3231 per
3373 3175 3621 3216 crucem.

242 3271 358 3312 nos
388 3255 488 3310 tibi
530 3256 737 3328 gratias
773 3274 964 3329 agere,
993 3259 1228 3314 Domine
1259 3265 1470 3330 sancte,
1500 3261 1665 3316 Pater
1701 3259 1884 3315 omni-
1988 3259 2190 3312 Amen.

243 3347 474 3417 potens,
502 3351 715 3401 aeterne
739 3347 908 3414 Deus,
937 3347 1178 3402 amanda
1219 3348 1424 3420 pietas,
1453 3349 1750 3404 tremenda
1774 3347 1886 3404 vir-
2059 3353 2288 3419 Praesta,
2316 3354 2382 3404 ut
2407 3349 2500 3404 hic
2528 3349 2774 3421 populus
2793 3352 2926 3403 tuus
2950 3347 3010 3402 in
3029 3347 3328 3420 praeceptis
3354 3346 3622 3403 obedien~

244 3444 366 3506 tus,
389 3439 705 3494 veneranda
723 3441 1005 3512 majestas.
1027 3441 1134 3506 Qui
1154 3442 1298 3497 hanc
1320 3447 1546 3498 noctem
1570 3448 1886 3514 venturam,
1989 3449 2075 3500 ter
2097 3443 2413 3514 ambulans,
2438 3443 2583 3498 sicut
2607 3446 2691 3498 est
2715 3445 2908 3513 partus
2931 3441 3179 3512 Virginis
3199 3440 3522 3512 singularis,
3545 3440 3626 3496 ita

248 3537 374 3588 toto
392 3531 951 3604 orbelvenerandam,
983 3535 1250 3590 caelorum
1278 3536 1677 3607 gratulatione,
1701 3541 1758 3592 et
1783 3541 1890 3592 ter—
1990 3537 2072 3593 eis
2108 3535 2568 3592 benedictionum
2605 3539 2832 3590 tuarum
2861 3534 2978 3590 veri
3001 3533 3234 3589 luminis
3260 3532 3507 3589 imbrem
3531 3534 3622 3589 in-

250 3642 453 3682 rarum
486 3627 968 3697 remuneratione,
1001 3629 1256 3700 angelica
1291 3629 1634 3685 exultatione
1667 3627 1886 3685 ditasti:
1989 3630 2214 3686 fundas.
2244 3633 2446 3685 Amen.

250 3724 322 3775 ut
361 3725 626 3776 nascente
679 3720 738 3775 in
777 3737 947 3776 carne
990 3722 1226 3778 Domino
1264 3727 1456 3777 nostro
1501 3724 1629 3777 Jesu
1667 3721 1890 3778 Christo
2062 3725 2132 3779 Et
2181 3723 2564 3780 tentationum
2621 3721 2874 3790 insidias,
2909 3721 2998 3776 vel
3036 3721 3262 3778 aculeos
3306 3723 3623 3794 tentatoris,

252 3813 396 3869 Filio
427 3819 545 3884 tuo,
575 3813 867 3886 superiora
905 3815 1118 3886 pariter
1149 3821 1206 3871 et
1241 3813 1512 3870 inferiora
1555 3815 1890 3886 gauderent.
1993 3817 2338 3892 spiritalibus
2370 3815 2543 3872 armis
2583 3815 2878 3886 accinctos,
2906 3815 3213 3871 adversarii
3254 3819 3625 3885 tentamenta,

251 3908 454 3980 Aspice
481 3925 636 3963 nunc
663 3908 944 3963 familiam
981 3909 1085 3964 tibi
1123 3909 1462 3982 supplicem,
1489 3926 1760 3965 conserva
1789 3926 1890 3980 po-
1993 3915 2052 3968 et
2073 3911 2366 3984 praesentis
2392 3910 2520 3966 vita:
2541 3909 2853 3966 inlecebras
2881 3909 2941 3965 in
2965 3914 3065 3965 tuo
3090 3909 3324 3966 nomine
3348 3911 3516 3966 facias
3540 3927 3630 3966 su.

190 4035 201 4042 -
252 4002 458 4075 pulum
483 4001 594 4056 tuis
617 4002 878 4058 laudibus
903 4008 1349 4075 personnantem
1364 4021 1382 4073 ;
1427 4007 1484 4059 et
1517 4009 1891 4076 superventu-
1917 4057 1965 4078 Α
1993 4022 2212 4078 perare.
2259 4008 2460 4061 Amen.

253 4057 336 4150 rae
365 4095 394 4136 ι’
446 4096 627 4150 noctis
659 4093 850 4168 189
895 4057 1236 4154 solemnitati
1263 4097 1341 4153 ita
1364 4057 1678 4170 ’pervigi‘les
1699 4098 1890 4168 redde,
1913 4057 1968 4133 Ο
1993 4057 2025 4078 r
2065 4101 2132 4156 Et
2183 4099 2384 4172 primae
2433 4098 2760 4166 nativitatis,
2802 4098 3142 4154 etsecunda:
3181 4098 3632 4170 regenerationis

253 4194 322 4243 ut
345 4189 584 4244 sinceris
613 4189 900 4244 mentibus
927 4188 1151 4245 Domini
1167 4191 1343 4246 nostri
1363 4191 1654 4264 percipere
1681 4209 1894 4248 merea-
1993 4197 2294 4250 Auctorem
2321 4209 2490 4249 suum
2513 4192 2690 4248 sciant
2719 4207 2839 4248 esse
2879 4192 3029 4262 quod
3063 4195 3264 4246 natum
3292 4195 3377 4247 est
3408 4208 3422 4246 :
3455 4207 3628 4264 seque

253 4298 391 4337 mur
433 4283 686 4338 Natalem
722 4288 1047 4340 venturum.
1079 4285 1139 4338 In
1175 4301 1288 4356 quo
1327 4285 1624 4341 invisibilis
1663 4304 1731 4342 ex
1760 4286 1892 4342 sub-
1993 4288 2097 4345 tibi
2121 4288 2444 4359 intelligant
2469 4287 2672 4342 debere
2694 4285 2846 4358 quod
2877 4289 3135 4340 sanctum
3153 4289 3258 4339 est.
3284 4288 3486 4340 Amen.

254 4376 464 4431 stantia
492 4381 610 4447 tua,
643 4376 877 4432 visibilis
911 4395 1016 4451 per
1045 4394 1272 4434 carnem
1307 4379 1572 4452 apparuit
1606 4379 1664 4434 in
1702 4385 1898 4436 nostra
2064 4383 2226 4448 Quod
2262 4383 2382 4454 ipse
2422 4384 2689 4452 praestare
2729 4378 2980 4450 digneris
3021 4394 3034 4432 :
3071 4377 3172 4450 qui
3212 4394 3345 4432 cum
3372 4380 3535 4434 Patre
3573 4383 3632 4434 et

251 4475 561 4542 tecumque
587 4487 758 4542 unus,
803 4489 918 4528 non
961 4477 1218 4544 tempore
1256 4473 1499 4544 genitus,
1541 4489 1657 4528 non
1691 4477 1898 4529 natura
1997 4477 2206 4549 Spiritu
2231 4479 2422 4530 sancto
2449 4474 2586 4529 vivis
2617 4478 2674 4529 et
2699 4489 2820 4544 reg.

253 4563 514 4631 inferior,
545 4563 614 4619 ad
657 4581 763 4619 nos
799 4565 953 4622 venit
980 4583 1050 4622 ex
1087 4576 1343 4640 tempore
1383 4571 1570 4622 natus.
1607 4568 1714 4622 Per
1735 4566 1898 4638 cujus
2519 4577 2640 4626 Post
2665 4572 3110 4625 communionem.

253 4656 614 4713 nativitatem
664 4657 1019 4732 indulgentia
1069 4661 1376 4716 criminum
1431 4660 1789 4731 conceditur,
1843 4667 1899 4717 et
2070 4661 2262 4737 180
2285 4661 2507 4718 Caelesti
2541 4660 2664 4717 cibo
2682 4663 2934 4732 potuque
2954 4658 3228 4730 roborati,
3258 4661 3634 4734 omnipotenti

255 4751 598 4806 resurrectio
635 4768 754 4806 non
789 4757 1056 4824 negatur.
1090 4753 1285 4809 Merito
1313 4755 1504 4826 itaque
1531 4753 1715 4809 omnis
1743 4759 1898 4810 terra
1995 4760 2108 4814 Deo
2133 4757 2329 4812 laudes
2372 4761 2427 4811 et
2468 4755 2695 4828 gratias,
2724 4754 2926 4809 fratres
2965 4753 3260 4827 carissimi,
3299 4755 3631 4826 referamus,

257 4843 460 4898 adorat
485 4848 558 4914 te,
588 4849 646 4900 et
670 4846 972 4902 conﬁtetur
996 4847 1122 4902 tibi.
1151 4847 1259 4904 Sed
1284 4852 1342 4903 et
1369 4847 1494 4902 caeli
1519 4848 1811 4919 cazlorum,
1842 4852 1898 4904 et
1996 4855 2309 4925 poscentes,
2341 4855 2406 4905 ut
2429 4866 2552 4918 nos,
2583 4864 2724 4921 quos
2753 4847 2956 4920 dignos
2981 4847 3181 4904 habuit
3206 4849 3635 4921 participatione

258 4937 534 5009 angelicae
577 4943 883 5010 potestates
921 4957 1038 4996 non
1084 4944 1302 4998 cessant
1337 4941 1566 4998 laudare
1605 4942 1852 5000 dicentes
1880 4959 1893 4998 :
1999 4945 2250 5018 corporis
2270 4949 2329 5000 et
2351 4942 2644 5016 sanguinis
2668 4941 2892 4997 Domini
2919 4941 3096 4997 nostri
3115 4943 3246 4998 Iesu
3263 4942 3472 4998 Christi
3495 4944 3632 5000 Uni-

259 5030 517 5103 Sanctus,
547 5032 802 5105 Sanctus,
833 5034 1088 5091 Sanctus.
2001 5039 2180 5112 geniti
2207 5040 2314 5110 sui,
2343 5038 2545 5110 dignos
2579 5036 2749 5092 etiam
2780 5035 2988 5092 caelesti
3018 5036 3474 5093 remuneratione
3500 5055 3633 5110 per.

731 5140 978 5194 Collectio
1015 5146 1136 5207 post
1186 5142 1430 5194 Sanctus.
1999 5139 2242 5190 censeat.
2271 5134 2379 5189 Per
2409 5131 2598 5204 ipsum
2625 5131 2934 5186 Dominum
2970 5133 3231 5185 nostrum
3255 5131 3446 5188 Iesum
3470 5133 3633 5189 Chri-

239 5217 284 5262 ’ί
337 5223 477 5280 Vere
514 5225 780 5297 Sanctus,
832 5243 962 5283 vere
1015 5229 1347 5285 benedictus
1397 5228 1664 5284 Dominus
1705 5231 1901 5284 noster
1999 5233 2149 5285 stum
2179 5227 2382 5284 Filium
2411 5243 2598 5282 suum.

263 5318 423 5374 Iesus
460 5319 717 5376 Christus
761 5321 932 5376 Filius
970 5325 1123 5392 tuus,
1162 5339 1401 5379 manens
1427 5323 1486 5376 in
1511 5323 1680 5392 caelis,
1710 5322 1898 5378 mani-
2541 5317 2792 5370 Collectio
2840 5316 3090 5382 sequitur.

265 5412 502 5469 testatus
525 5413 585 5468 in
615 5414 783 5470 terris
813 5427 856 5472 ο.
890 5417 1010 5488 Ipse
1037 5417 1191 5472 enim
1215 5417 1398 5490 pridie
1427 5433 1600 5488 quam
1627 5420 1740 5488 pat.
1919 5436 1980 5509 D
2070 5408 2228 5473 Ουοά
2263 5422 2360 5461 ore
2406 5403 2770 5478 διιῐῐιΡδίωυεν
2817 5403 3084 5474 nomine:
3126 5406 3415 5464 mentibus
3447 5405 3634 5480 capia‘

335 5568 359 5596 ο
402 5557 642 5632 ΔΠείθετιιιιιιι
690 5555 782 5632 hic
831 5555 888 5613 in
937 5559 1110 5632 missa
1164 5559 1392 5632 vigiliae
1417 5557 1624 5632 Natalis
1682 5557 1903 5632 Domini
2005 5551 2248 5632 Domini,
2279 5565 2452 5632 quem
2471 5548 2704 5632 titulum
2730 5547 2968 5630 proinde
3001 5548 3447 5632 supplevi'mus.‘

268 5627 530 5684 Praefatio
545 5645 645 5684 seu
667 5629 986 5685 adhortatio
1006 5631 1077 5686 ad
1103 5618 1330 5686 missam
1353 5631 1457 5685 rite
1483 5629 1902 5697 celebrandam,
2049 5636 2098 5700 _°
2157 5618 2520 5700 ΒΓΘῩῖεδίῐηιιδ
2563 5618 2854 5700 Οεξζὶοῐῖηίιὲ
2893 5618 3158 5700 “Duillii?
3185 5620 3378 5700 ,miSSis,
3409 5618 3637 5700 Gallica-

267 5705 323 5775 et_
351 5701 619 5756 Collectio
641 5705 778 5756 ante
799 5701 1124 5775 Epistolam,
1155 5708 1218 5760 ut
1245 5720 1314 5760 ex
1342 5702 1467 5757 aliis
1495 5699 1678 5756 missis
1702 5691 1907 5757 intellil
2005 5694 2113 5766 nia,
2155 5693 2340 5775 Yarius
2377 5709 2490 5775 ij0_
2523 5691 2691 5775 Vfll‘iis
2733 5691 2951 5758 diebUS,
2989 5695 3056 5747 ut
3083 5691 3329 5746 dilimus
3363 5691 3422 5745 in
3459 5691 3560 5748 lib.
3595 5708 3634 5770 ι³

271 5772 481 5846 gitur.“
784 5845 789 5846 ί
843 5764 862 5773 ’
1111 5764 1122 5775 ’
1519 5845 1524 5846 γ
1838 5843 1874 5846 __
2005 5764 2128 5840 cap.
2157 5768 2210 5837 5,
2241 5764 2403 5822 num.
2435 5764 2498 5822 14
2525 5768 2582 5820 et
2608 5779 2768 5838 seqq.

339 5844 368 5886 δ
418 5843 559 5902 Hinc
583 5849 743 5920 patet
778 5845 926 5902 hanc
967 5846 1194 5904 missam
1237 5861 1358 5903 esse
1384 5847 1453 5902 de
1478 5843 1672 5918 vigilia
1699 5843 1908 5902 Natalis
