4032 6180
453 277 554 330 2‘27

1245 273 1574 329 APPENDIX
1612 272 1699 326 AD
1735 271 1956 326 OPERA
1993 269 2227 325 SANCTI
2264 271 2561 326 GERMANI
2602 261 3026 334 PARISIENSIS.

3703 273 3810 323 2'28

448 399 576 439 mus
603 398 618 437 :
651 385 708 436 et
733 381 802 438 de
830 395 1069 439 munere
1094 379 1407 451 temporali,
1439 379 1536 434 ﬁat
1561 377 1722 434 nobis
1761 377 2081 434 remedium
2102 391 2160 461 Α
2179 394 2305 433 mus
2329 378 2626 449 praeceptis
2649 377 2790 448 ejus,
2821 377 3028 449 quibns
3052 391 3154 430 nos
3180 375 3403 430 edocuit
3441 375 3512 430 ad
3544 375 3812 432 salutem.

453 476 884 549 sempiternum.

451 586 538 640 IV.
581 599 726 641 oaoo
775 598 946 639 MISSIE
997 586 1020 607 '
1067 597 1121 635 IN
1159 596 1246 634 me
1285 596 1616 636 NATIVITATIS
1657 595 1846 636 comm
1889 594 2080 634 nosrm

997 580 1020 607 '
1067 597 1121 635 IN
1159 596 1246 634 me
1285 596 1616 636 NATIVITATIS
1657 595 1846 636 comm

1068 665 1192 706 JESU
1233 667 1466 708 CHRISTI.

887 744 1136 794 Collectio
1189 747 1307 807 post
1351 744 1642 809 prophetia.

522 829 689 882 Ortus
717 842 775 880 es
803 825 965 878 nobis
991 841 1156 880 verus
1183 825 1274 879 Sol
1293 825 1550 896 justitiaz,
1567 826 1698 879 Jesu
1714 823 1954 878 Christe.
1981 825 2080 877 Ve-

447 921 581 977 nisti
610 920 678 974 de
715 919 849 973 caelo
891 918 1128 972 humani
1175 918 1397 990 generis
1425 919 1793 989 Redemptor.
1841 917 2080 972 Erexisti

449 1013 613 1068 nobis
641 1028 819 1066 cornu
847 1012 1067 1081 salutis;
1097 1015 1153 1066 et
1189 1012 1322 1066 celsi
1354 1011 1628 1067 Genitoris
1669 1010 1857 1066 Proles
1883 1027 2080 1082 perpe-

447 1111 562 1173 tua,
598 1106 821 1178 genitus
851 1105 910 1159 in
941 1106 1109 1160 domo
1140 1105 1310 1160 David
1337 1110 1569 1176 propter
1606 1104 1924 1176 priscorum
1959 1120 2080 1157 ora-

448 1201 574 1254 cula
610 1203 825 1270 vatum,
867 1198 1160 1270 prOpriam
1197 1199 1389 1254 volens
1421 1199 1704 1254 absolvere
1747 1199 1991 1270 plebem,
2023 1202 2079 1252 et

447 1293 650 1350 vetusti
665 1292 915 1347 criminis
935 1292 1120 1347 delere
1142 1291 1604 1364 chirographum,
1620 1297 1684 1348 ut
1700 1298 1928 1347 internae
1951 1291 2076 1345 vitae

445 1389 725 1460 panderes
757 1386 1139 1458 triumphum.
1179 1387 1416 1458 Ideoque
1455 1403 1608 1441 nunc
1643 1390 1699 1441 te
1726 1402 2073 1458 quiesumus,

448 1488 511 1536 ut
535 1483 595 1536 in
611 1480 1010 1536 misericordiae
1034 1485 1150 1535 tua:
1173 1479 1382 1535 viscera
1401 1480 1606 1535 nostris
1631 1497 1900 1552 appareas
1919 1496 2077 1534 men-

447 1576 617 1644 tibus,
639 1576 787 1629 salus
803 1579 1033 1644 aeterna,
1059 1579 1114 1630 et
1133 1591 1254 1644 nos,
1279 1574 1570 1646 eripiendo
1586 1573 1655 1628 ab
1675 1573 1869 1645 iniquo
1890 1573 2072 1642 hoste,

436 1668 674 1740 justitim
731 1669 971 1722 cultores
1031 1667 1258 1735 efﬁcias,
1303 1667 1572 1739 omnique
1631 1666 1830 1721 mortis
1887 1683 2074 1720 errore

2180 473 2389 526 Prxesta
2431 488 2535 543 per
2577 471 2882 525 Dominum
2907 477 3166 526 nostrum
3193 471 3383 525 Jesum
3401 469 3690 525 Christum
3717 471 3813 524 Fi-

2179 565 2322 620 lium
2347 569 2510 620 tuum
2541 583 2554 620 :
2586 565 2685 636 qui
2711 569 2919 620 tecum.

2661 658 2911 726 Collectio
2937 659 3056 722 post
3083 657 3314 708 nomina.

2251 743 2514 816 Suscipe,
2565 761 2912 815 quazsumus,
2975 744 3210 797 Domine
3259 745 3418 812 Jesu,
3449 743 3816 814 omnipotens

2181 838 2348 906 Deus,
2381 837 2716 892 sacriﬁcium
2743 837 2926 892 laudis
2958 837 3230 906 oblatum,
3258 836 3410 907 quod
3449 853 3554 908 pro
3585 841 3682 890 tua
3711 837 3816 890 ho-

2181 931 2377 985 dierna
2411 930 2792 984 lncarnatione
2813 947 2846 984 a
2871 931 3032 984 nobis
3059 929 3314 998 offertur,
3344 935 3400 984 et
3423 946 3526 1000 per
3564 947 3696 984 eum
3727 930 3812 984 sic

2179 1025 2514 1095 propitiatus
2552 1025 2761 1094 adesto,
2791 1028 2854 1077 ut
2882 1023 3274 1095 superstitibus
3309 1022 3502 1092 vitam,
3531 1023 3817 1078 defunctis

2178 1119 2432 1190 requiem
2454 1118 2670 1172 tribuas
2698 1118 3122 1188 sempiternam.
3151 1117 3386 1172 Nomina
3407 1134 3656 1188 quorum
3679 1121 3816 1171 sunt

2179 1212 2502 1266 recitatione
2551 1212 2860 1282 complexa,
2901 1209 3067 1266 scribi
3123 1210 3322 1282 jubeas
3355 1211 3416 1264 in
3459 1211 3810 1278 aeternitate;

2177 1323 2280 1377 pro
2307 1306 2513 1379 quibus
2541 1305 2850 1377 apparuisti
2879 1304 2936 1358 in
2964 1322 3151 1376 carne,
3187 1305 3441 1360 Salvator
3459 1304 3682 1372 mundi,
3707 1304 3814 1374 qui

2178 1417 2307 1456 cum
2333 1404 2611 1456 coeeterno
2639 1402 2801 1455 Patre
2829 1399 2966 1453 vivis
2998 1404 3054 1454 et
3077 1415 3200 1471 reg.

2677 1502 2925 1552 Collectio
2966 1501 3031 1551 ad
3073 1515 3273 1566 pacem.

2244 1588 2609 1660 Omnipotens
2643 1588 2983 1660 sempiteme
3033 1589 3198 1654 Deus,
3231 1586 3330 1658 qui
3352 1586 3503 1640 hunc
3533 1585 3683 1640 diem
3713 1587 3808 1639 ln-

2175 1682 2515 1737 carnationis
2567 1687 2716 1752 tuaz,
2757 1687 2813 1736 et
2851 1685 3078 1752 partum
3123 1681 3302 1736 beatae
3338 1679 3523 1736 Mariae
3563 1678 3812 1750 Virginis

445 1767 654 1833 spreto,
685 1761 834 1832 pacis
859 1761 1005 1815 viam
1026 1765 1179 1815 recto
1205 1761 1407 1816 itinere
1430 1760 1774 1832 gradientes,
1805 1760 1907 1815 tibi
1925 1765 2074 1814 recte
2095 1770 2150 1841 B
2173 1776 2530 1846 consecrati,
2563 1776 2775 1848 quique
2814 1775 3146 1830 discordiam
3183 1777 3460 1828 vetustam
3495 1789 3596 1844 per
3621 1778 3809 1827 trans-

443 1855 652 1910 servire
677 1854 974 1926 possimus,
1005 1853 1252 1910 Salvator
1278 1853 1496 1909 mundi.
1527 1855 1633 1918 Qui
1663 1871 1792 1908 cum
1829 1855 1992 1908 Patre
2019 1857 2076 1908 et

444 1948 654 2019 Spiritu
697 1951 890 2003 sancto
937 1947 1095 2014 vivis,
1149 1946 1456 2003 dominaris
1499 1951 1554 2003 et
1592 1963 1796 2019 regnas
1837 1947 1981 2002 Deus
2015 1946 2072 2000 in

445 2042 648 2097 saecula
679 2043 1036 2097 saeculorum.

892 2133 1143 2184 Collectio
1177 2138 1294 2199 post
1329 2147 1541 2198 precem
1575 2138 1619 2182 b.

515 2216 750 2286 Exaudi,
784 2214 1037 2286 Domine,
1070 2216 1346 2270 familiam
1373 2215 1473 2270 tibi
1500 2215 1759 2284 dicatam,
1790 2221 1845 2270 et
1875 2216 1934 2270 in
1959 2223 2070 2272 tuae

440 2309 698 2365 Ecclesiae
727 2309 944 2381 gremio
971 2309 1029 2363 in
1061 2310 1165 2364 hac
1198 2309 1474 2364 hodierna
1521 2308 1892 2364 sollemnitate
1918 2311 2069 2366 Nati-

437 2403 624 2458 vitatis
663 2407 775 2458 tua:
825 2407 1249 2474 congregatam,
1290 2407 1355 2457 ut
1399 2402 1593 2457 laudes
1637 2407 1760 2457 tuas
1803 2411 2068 2474 exponat.

436 2497 640 2553 Tribue
669 2497 900 2568 captivis
929 2496 1403 2568 redemptionem,
1425 2496 1585 2550 caecis
1609 2495 1814 2566 visum,
1838 2513 2072 2568 peccan-

435 2592 585 2647 tibus
621 2590 1032 2660 remissionem,
1068 2589 1204 2661 quia
1249 2594 1312 2644 tu
1349 2589 1549 2644 venisti
1587 2593 1652 2644 ut
1685 2591 1862 2645 salvos
1896 2591 2069 2646 facias

435 2701 557 2740 nos.
585 2684 782 2756 Aspice
804 2685 872 2739 de
893 2685 1031 2738 caelo
1051 2688 1241 2738 sancto
1257 2689 1374 2753 tuo,
1405 2689 1461 2739 et
1493 2684 1767 2739 inlumina
1793 2687 2066 2757 populum

434 2783 619 2848 tuum,
651 2793 897 2850 quorum
926 2777 1150 2832 animus
1177 2778 1235 2832 in
1265 2783 1320 2831 te
1351 2778 1520 2849 plena
1559 2779 1860 2852 devotione
1889 2780 2065 2834 confi-

433 2871 535 2941 dit,
564 2872 812 2928 Salvator
837 2871 1058 2927 mundi.
1087 2871 1195 2936 Qui
1229 2872 1387 2926 vivis.

1015 2973 1252 3022 Praefatio
1291 2974 1476 3024 missre.

501 3053 926 3109 Sacrosanctum
951 3053 1128 3108 beatae
1160 3054 1468 3108 Nativitatis
1495 3054 1666 3122 diem,
1699 3054 1760 3108 in
1799 3071 1912 3126 quo
1937 3073 2062 3111 nas-

429 3151 588 3203 cente
633 3146 893 3214 Domino,
924 3146 1215 3218 virginalis
1253 3148 1400 3202 uteri
1439 3165 1642 3202 arcana
1685 3149 1869 3204 laxata
1905 3153 2056 3220 sunt,
2081 3136 2134 3210 C

427 3243 1008 3313 incorruptorumque
1049 3240 1384 3312 genitalium
1414 3242 1655 3313 pondus,
1689 3243 1881 3297 saeculi
1907 3243 2056 3298 leva-

425 3351 558 3390 men
589 3335 834 3391 effusum
859 3339 960 3402 est,
993 3333 1137 3389 sicut
1164 3335 1554 3406 exoptavimus
1593 3336 1753 3404 votis,
1783 3337 1860 3391 ita
1889 3353 2054 3393 vene-

423 3445 618 3485 remur
647 3433 703 3484 et
739 3428 978 3502 gaudiis.
1003 3429 1099 3482 Hic
1119 3445 1366 3500 namque
1387 3433 1544 3484 ortus
1574 3429 1664 3484 die
1689 3430 2052 3502 splendidior,

423 3523 546 3580 luce
577 3523 958 3579 coruscantior
1001 3527 1102 3578 est.
1143 3524 1202 3577 In
1233 3523 1342 3578 hoc
1381 3523 1829 3595 omnipotentem
1855 3525 2052 3594 Deum,

421 3618 522 3690 qui
537 3623 822 3672 terrenam
843 3615 1220 3688 fragilemque
1241 3617 1535 3672 materiam
1557 3615 1606 3688 1
1623 3615 1737 3689 91
1771 3634 1936 3672 causa
1960 3635 2057 3673 no-

422 3715 553 3765 stra:
597 3709 1001 3781 redemptionis
1049 3710 1384 3782 adsumpsit,
1437 3711 1638 3764 fratres
1683 3711 2049 3780 dilectissimi,

418 3803 696 3874 supplices
742 3803 1130 3874 deprecemur,
1169 3803 1254 3858 uti
1299 3819 1420 3872 nos,
1460 3819 1604 3874 quos
1644 3809 1772 3858 ortu
1805 3805 2052 3875 corporis

417 3896 678 3963 visitavit,
711 3895 971 3950 societate
1009 3895 1444 3951 conversationis
1489 3897 1732 3962 edocuit,
1769 3903 2051 3969 praecepto

417 3988 828 4062 praedicationis
853 3988 1114 4056 instituit,
1137 3989 1530 4059 degustatione
1563 3991 1760 4044 mortis
1787 3991 2046 4062 redemit,

415 4081 849 4154 participatione
891 4081 1086 4136 mortis
1121 4083 1415 4153 amplexus
1453 4089 1557 4152 est,
1601 4083 1776 4138 divini
1809 4085 2049 4156 Spiritus

415 4175 698 4232 infusione
741 4175 959 4244 ditavit,
997 4175 1100 4229 sub
1125 4181 1416 4260 perpetua
1441 4175 1733 4233 devotione
1774 4179 2050 4235 custodiat

417 4275 476 4326 et
496 4271 558 4326 in
583 4270 672 4325 his
699 4269 848 4326 beati
880 4269 1187 4325 famulatus
1231 4269 1430 4325 studiis
1469 4287 1804 4342 permanere
1841 4289 2043 4328 conce-

413 4363 527 4420 dat.
556 4365 662 4430 Qui
687 4380 818 4420 cum
847 4367 1004 4436 patre
1035 4367 1090 4419 et
1123 4363 1341 4436 Spiritu
1381 4369 1574 4420 sancto
1600 4365 1736 4420 vivit
1761 4371 1818 4422 et
1843 4373 2046 4440 regnat

415 4458 562 4512 Deus
584 4458 644 4513 in
672 4457 878 4513 saecula
908 4458 1268 4514 saeculorum.

972 4561 1220 4611 Collectio
1246 4561 1494 4626 sequitur.

485 4639 654 4706 Deus,
684 4639 784 4712 qui
823 4637 974 4695 dives
1013 4655 1072 4695 es
1105 4638 1164 4696 in
1197 4641 1600 4712 misericordia,
1640 4657 1751 4716 qua
1789 4648 2040 4700 mortuos

410 4751 513 4792 nos
547 4734 809 4806 peccatis,
838 4733 1230 4789 conviviﬁcasti
1257 4735 1478 4792 Christo
1507 4735 1648 4792 Filio
1677 4743 1794 4808 tuo,
1831 4742 1896 4792 ut
1922 4739 2038 4794 for-

410 4845 566 4886 mam
587 4827 729 4884 servi
751 4827 1048 4898 acciperet,
1075 4829 1174 4899 qui
1191 4829 1382 4882 omnia
1400 4830 1682 4900 formavit,
1707 4837 1770 4886 ut
1797 4831 1894 4903 qui
1923 4835 2042 4888 erat

407 4925 466 4979 in
509 4923 713 4978 deitate
760 4925 1130 4994 generaretur
1165 4921 1224 4975 in
1261 4939 1448 4992 carne,
1478 4929 1542 4978 ut
1576 4924 1956 4981 involveretur
1979 4927 2036 4982 in

407 5018 611 5089 pannis
631 5017 729 5088 qui
750 5015 1093 5071 adorabatur
1117 5016 1176 5070 in
1201 5016 1396 5082 stellis,
1424 5023 1490 5072 ut
1510 5018 1725 5088 jaceret
1753 5019 1812 5073 in
1839 5037 2040 5092 praese~

402 5109 500 5183 pio
526 5111 624 5182 qui
643 5110 920 5182 regnabat
945 5109 1004 5164 in
1031 5109 1168 5164 caelo
1195 5129 1208 5166 :
1243 5110 1636 5167 invocantibus
1656 5111 1821 5168 nobis
1838 5130 2038 5170 aurem

406 5203 712 5276 majestatis
737 5209 852 5258 tuae
889 5203 1228 5275 propitiatus
1263 5205 1650 5274 adcommoda,
1683 5207 1900 5262 donans
1927 5209 2036 5264 hoc

405 5314 508 5369 per
537 5297 881 5352 inetl‘abilem
919 5302 1032 5352 tute
1075 5298 1476 5355 misericordiae
1503 5299 1815 5370 caritatem,
1845 5306 1912 5356 ut
1937 5303 2034 5373 qui

405 5389 726 5446 exultamus
749 5391 818 5446 de
847 5391 1144 5447 Nativitate
1175 5393 1296 5448 Filii
1321 5394 1426 5464 tui,
1467 5395 1566 5466 qui
1593 5393 1680 5450 vel
1710 5409 1778 5449 ex
1805 5395 2034 5466 Virgine

398 5489 584 5555 natus,
614 5483 704 5538 vel
733 5499 802 5539 ex
837 5483 1050 5556 Spiritu
1089 5491 1282 5541 sancto
1309 5492 1679 5560 regeneratus
1705 5493 1805 5557 est,
1833 5505 2030 5560 parea-

472 5595 828 5670 ‘AHic‘unica
862 5597 1034 5670 missa
1058 5598 1118 5652 in
1158 5597 1338 5654 Natali
1374 5597 1630 5670 Domini;
1669 5601 1834 5656 unica
1863 5601 2032 5657 etiam

399 5667 461 5746 in
496 5668 848 5746 Lectionario
883 5669 1182 5736 Gallicana,
1211 5673 1422 5742 preter
1459 5667 1692 5728 missam
1731 5672 1800 5728 de
1843 5672 2032 5746 vigilia

403 5737 578 5812 ipsius
588 5740 830 5812 Natalis.

471 5809 498 5849 ι)
549 5809 609 5866 ld
638 5815 720 5866 est
755 5815 881 5883 post
906 5809 1188 5882 hymnum
1218 5808 1392 5867 trium
1415 5827 1746 5888 puerorum,
1776 5831 1945 5890 quem
1971 5816 2030 5872 in

2177 1870 2521 1942 gressionem
2560 1869 2703 1940 ligni
2733 1868 2936 1924 veteris
2975 1885 3109 1924 cum
3147 1868 3364 1939 angelis
3399 1872 3455 1921 et
3479 1867 3812 1922 hominibus

2173 1979 2276 2035 per
2303 1963 2709 2022 lncarnationis
2733 1963 3092 2034 mysterium,
3119 1963 3262 2034 lapis
3291 1961 3579 2034 angularis
3599 1961 3808 2032 junxi-

2173 2057 2266 2128 sti,
2296 2057 2364 2112 da
2395 2057 2622 2111 familiae
2649 2061 2764 2111 tuae
2793 2057 2852 2112 in
2881 2057 2984 2111 hac
3010 2056 3327 2112 celebritate
3352 2055 3584 2125 laetitiae,
3611 2059 3677 2109 ut
3703 2056 3812 2126 qui

2172 2155 2228 2206 te
2263 2156 2578 2206 consortem
2617 2151 2676 2205 in
2717 2151 2899 2206 carnis
2937 2149 3360 2222 propinquitate
3405 2150 3702 2216 laetantur,
3731 2148 3808 2204 ad

2173 2261 2527 2299 summorum
2554 2245 2760 2300 civium
2789 2244 3086 2311 unitatem,
3110 2259 3280 2314 super
3304 2259 3444 2314 quos
3471 2259 3671 2314 corpus
3698 2243 3806 2298 ad-

2172 2344 2464 2411 sumptum
2485 2339 2737 2406 evexisti,
2767 2339 3182 2410 perducantur;
3212 2343 3268 2392 et
3299 2337 3448 2391 inter
3472 2336 3810 2408 semetipsos

2113 2469 2118 2474 -
2171 2449 2274 2504 per
2299 2437 2534 2488 externa
2559 2433 2851 2503 complexa
2884 2433 3222 2503 jungantur,
3255 2435 3320 2486 ut
3345 2431 3524 2502 jurgii
3553 2447 3666 2485 non
3694 2449 3804 2502 pa-

2169 2531 2284 2582 teat
2309 2527 2665 2598 interruptio,
2698 2526 2798 2598 qui
2827 2529 2880 2581 te
2905 2530 3196 2580 auctorem
3231 2525 3479 2594 gaudent
3503 2525 3564 2579 in
3583 2541 3681 2578 sua
3699 2542 3802 2580 na-

2169 2625 2316 2676 tura-
2338 2637 2442 2692 per
2485 2621 2666 2675 carnis
2703 2621 2918 2675 venisse
2966 2619 3422 2674 contubernium.
3463 2619 3616 2683 Quod
3677 2619 3807 2690 ipse

2167 2719 2440 2786 praestare
2466 2713 2736 2786 digneris,
2767 2713 2864 2784 qui
2891 2729 3022 2768 cum
3047 2715 3206 2770 Patre
3225 2717 3300 2768 et.

2731 2815 3018 2865 lmmolatio
3053 2814 3238 2864 missae.

2239 2904 2377 2958 Vere
2420 2901 2658 2973 dignum
2697 2907 2753 2956 et
2785 2902 3007 2972 justum
3045 2906 3146 2970 est,
3189 2917 3418 2972 aequum
3461 2904 3518 2954 et
3553 2899 3807 2955 salutare

2165 3001 2268 3063 est,
2305 3013 2406 3050 nos
2449 2995 2550 3049 tibi
2588 2996 2796 3066 gratias
2834 3011 3003 3065 agere
3027 3037 3040 3064 ,
3091 2994 3328 3048 Domine
3375 2997 3581 3064 sancte,
3629 2995 3809 3048 Pater

2164 3090 2539 3160 omnipotens,
2569 3095 2778 3144 aeterne
2815 3090 2983 3158 Deus,
3019 3085 3208 3160 192
3237 3088 3372 3160 quia
3401 3087 3566 3142 hodie
3593 3087 3798 3142 Domi-

2159 3200 2268 3238 nus
2295 3187 2486 3238 noster
2510 3183 2662 3238 Jesus
2691 3183 2948 3238 Christus
2975 3182 3239 3254 dignatus
3265 3185 3348 3237 est
3373 3181 3594 3236 visitare
3615 3197 3798 3236 mun-

2159 3277 2316 3332 dum.
2359 3277 2629 3331 Processit
2662 3277 2730 3331 de
2771 3276 3012 3331 sacrario
3068 3275 3316 3348 corporis
3361 3275 3671 3346 virginalis,
3737 3281 3800 3331 et

2158 3371 2442 3426 descendit
2468 3370 2673 3442 pietate
2701 3370 2770 3424 de
2795 3369 2962 3424 caelis.
2991 3369 3328 3424 Cecinerunt
3356 3369 3563 3440 angeli,
3596 3370 3794 3425 Gloria

2154 3467 2213 3520 in
2233 3467 2469 3528 excelsis,
2496 3481 2625 3518 cum
2657 3463 2981 3518 humanitas
3022 3463 3222 3518 claruit
3249 3462 3564 3519 Salvatoris.
3588 3463 3799 3518 Omnis

2155 3558 2398 3630 denique
2423 3558 2588 3612 turba
2613 3557 2898 3612 exultabat
2934 3557 3288 3628 angelorum,
3318 3557 3452 3628 quia
3481 3561 3632 3611 terra
3671 3555 3790 3612 Re-

2157 3669 2286 3724 gem
2329 3652 2574 3724 suscepit
2610 3655 2908 3705 aeternum.
2950 3651 3120 3705 Maria
3151 3651 3313 3705 beata
3354 3651 3497 3705 facta
3525 3655 3608 3705 est
3629 3655 3788 3706 tem-

2151 3747 2314 3817 plum
2359 3746 2693 3818 pretiosum,
2745 3749 2977 3816 portans
3037 3743 3344 3799 Dominum
3395 3743 3791 3800 dominorum.

2152 3840 2354 3895 Genuit
2381 3840 2535 3894 enim
2562 3855 2667 3910 pro
2706 3838 2913 3893 nostris
2952 3837 3170 3892 delictis
3215 3838 3391 3892 vitam
3429 3838 3791 3909 praeclaram,

2150 3938 2214 3988 ut
2253 3949 2405 3987 mors
2451 3933 2757 4004 pelleretur
2798 3947 3008 3986 amara.
3051 3931 3146 3986 [lla
3181 3931 3330 3986 enim
3377 3931 3605 4000 viscera,
3651 3949 3794 4003 quae

2149 4027 2400 4081 humana
2441 4043 2555 4081 non
2589 4031 2860 4081 noverant
2899 4026 3140 4094 macula,
3175 4025 3356 4080 Deum
3385 4029 3612 4098 portare
3655 4042 3790 4081 me-
3825 4017 3828 4020 ’

2147 4125 2406 4176 ruerunt.
2445 4121 2616 4174 Natus
2658 4121 2738 4174 est
2773 4119 2832 4173 in
2873 4119 3106 4188 mundo,
3148 4118 3246 4190 qui
3287 4136 3512 4191 semper
3549 4119 3686 4174 vixit
3731 4127 3792 4176 et

2147 4214 2279 4269 vivit
2315 4214 2374 4268 in
2414 4213 2570 4282 caelo,
2611 4215 2767 4268 Jesus
2809 4213 3059 4268 Christus
3087 4212 3271 4280 Filius
3309 4218 3457 4282 tuus,
3507 4215 3790 4270 Dominus

2145 4311 2354 4362 noster.
2399 4309 2505 4362 Per
2547 4322 2720 4380 quem
2773 4306 3126 4377 majestatem
3177 4311 3336 4361 tuam
3385 4307 3616 4363 laudant
3667 4325 3784 4364 an-

2147 4401 2280 4473 geli.

2767 4469 2886 4520 Post
2910 4471 3146 4520 Sanctus.

2063 4515 2122 4587 D
2212 4557 2396 4612 Gloria
2427 4553 2486 4611 in
2530 4556 2761 4612 excelsis
2788 4557 2921 4626 Deo,
2951 4562 3007 4612 et
3034 4557 3094 4611 in
3119 4561 3274 4612 terra
3298 4574 3404 4629 pax
3437 4557 3782 4614 hominibus

2139 4651 2302 4706 home
2365 4651 2687 4720 voluntatis,
2743 4650 2876 4722 quia
2935 4650 3406 4723 adpropinquavit
3455 4651 3790 4723 redemptio

2139 4749 2354 4799 nostra.
2390 4744 2553 4798 Venit
2576 4744 2809 4816 antiqua
2829 4745 3139 4815 expectatio
3158 4745 3412 4816 gentium
3431 4762 3448 4814 ;
3470 4745 3626 4800 adest
3639 4761 3792 4815 pro-

2139 4837 2310 4892 missa
2355 4838 2691 4893 resurrectio
2731 4841 3090 4892 mortuorum
3123 4853 3136 4891 :
3171 4837 3406 4910 jamque
3465 4837 3792 4910 praefulget.

2139 4936 2350 4986 aeterna
2368 4931 2678 5001 expectatio
2697 4931 3012 4998 beatorum,
3032 4947 3136 5001 per
3153 4931 3441 4986 Christum
3463 4931 3788 4989 Dominum

2137 5029 2413 5081 nostrum.
2440 5024 2544 5088 Qui
2571 5024 2752 5096 pridie
2781 5041 2954 5096 quam
2990 5041 3094 5096 pro
3135 5013 3332 5080 nostra
3375 5024 3634 5080 omnium
3661 5028 3786 5084 sal.

2763 5123 2886 5171 Post
2921 5127 3140 5173 secreta.

2207 5207 2518 5276 Credimus,
2567 5203 2826 5278 Domine,
2869 5207 3176 5264 adventum
3227 5215 3412 5278 tuum,
3461 5209 3788 5268 recolimus

2135 5303 2451 5357 Passionem
2478 5305 2654 5356 tuam.
2673 5302 2887 5372 Corpus
2907 5305 3072 5356 tuum
3091 5303 3152 5357 in
3171 5309 3530 5374 peccatorum
3551 5309 3790 5362 nostro-

2135 5413 2264 5450 rum
2280 5395 2610 5452 remissione
2629 5395 2978 5451 confractum
2988 5407 3030 5465 0;
3057 5397 3295 5468 Sanguis
3309 5403 3534 5454 sanctus
3553 5403 3688 5454 tuus
3709 5400 3790 5458 in

2133 5491 2380 5561 pretium
2411 5493 2618 5544 nostrae
2655 5490 3060 5562 redemptionis
3096 5491 3304 5546 effusus
3339 5497 3453 5562 est;
3487 5491 3586 5564 qui
3631 5508 3790 5551 cum

2133 5601 2302 5657 missa
2329 5602 2537 5658 Natalis
2563 5599 2787 5659 Domini
2811 5609 2936 5676 post
2965 5605 3272 5677 Epistolam
3292 5605 3566 5662 usitatum
3589 5605 3790 5666 fuisse

2133 5673 2350 5730 dictum
2376 5679 2460 5730 est
2485 5674 2546 5729 in
2574 5674 2677 5730 lib.
2703 5693 2763 5730 ιι.

2171 5689 2350 5729 10mm
2376 5689 2460 5730 est
2485 5691 2546 5729 1n
2574 5689 2677 5731 llD.
2703 5693 2763 5730 ll.

2202 5757 2224 5786 ε
2259 5745 2386 5822 Haec
2411 5745 2584 5822 verba
2611 5746 2871 5802 videntur
2894 5747 3250 5822 alludereiad
3292 5748 3585 5822 antiquam
3625 5767 3788 5808 con-

2131 5816 2454 5873 secrationis
2478 5817 2742 5890 formam,
2771 5835 2898 5898 quac
2935 5819 2996 5876 in
3037 5819 3246 5878 Ordine
3287 5816 3678 5892 Ambrosiam,
3712 5835 3792 5884 et
